2970 4152
997 390 1074 435 DE
1108 389 1500 438 ELEEMOSYNA
1534 391 1751 437 SERMO.
2345 394 2430 441 551

327 484 595 549 implemus.
622 483 760 530 Unde
793 494 840 531 et
866 484 1048 532 Veritas
1076 500 1226 547 quum
1248 483 1309 530 de
1336 485 1663 532 misericordia
1686 495 1823 532 caute
1851 485 2121 534 exhibenda
2141 486 2435 550 loqueretur,

328 563 444 611 dixit
459 566 501 611 ¹:
529 584 553 609 α
572 564 812 611 Attendite
846 581 908 611 ne
937 564 1170 627 justitiam
1198 573 1409 615 vestram
1431 565 1620 612 *faciatis
1650 582 1815 613 coram
1845 566 2141 614 hominibus.
2160 586 2186 612 »
2225 570 2283 614 Et
2313 569 2441 615 Psal-

327 643 492 690 mista²
516 661 528 689 ε
561 662 584 688 «
608 643 862 706 Dispersit,
888 643 1022 690 dedit
1041 642 1355 707 pauperibus,
1381 643 1565 706 justitia
1594 644 1694 707 ejus
1715 655 1879 692 manet
1900 646 1949 692 in
1971 646 2196 693 saeculum
2220 647 2393 693 saeculi.
2415 667 2438 691 »

326 724 410 768 Est
430 722 559 768 enim
573 722 771 785 justitia,
791 738 897 785 quae
911 722 1169 785 unicuique
1187 721 1347 768 reddit
1367 723 1501 786 quod
1517 740 1658 769 suum
1680 734 1768 770 est.
1793 727 1956 781 Quum
1977 735 2138 772 autem
2153 725 2444 790 pauperibus

326 816 413 848 sua
446 801 737 849 restituimus
751 837 762 859 ,
796 801 1003 848 maxima
1035 811 1105 848 est
1136 800 1411 848 adhibenda
1444 801 1667 849 discretio
1681 839 1692 860 ,
1718 819 1779 849 ne
1802 803 1979 850 scilicet
2000 805 2134 868 quod
2157 805 2347 852 alterius
2374 815 2446 852 est

326 878 462 927 alteri
491 880 682 940 demuS,
715 890 797 927 aut
830 881 908 927 cui
935 882 1085 943 magis
1113 881 1369 941 debemus,
1399 882 1558 929 minus
1581 882 1768 929 demus·
1794 887 1877 930 Est
1900 885 2029 931 enim
2046 885 2270 932 discretio
2293 895 2444 932 mater

327 959 546 1006 omnium
567 959 814 1006 virtutum.
848 960 949 1006 Etsi
970 970 1097 1007 recte
1121 961 1317 1018 offeras,
1342 961 1428 1008 sed
1450 978 1550 1008 non
1573 971 1701 1008 recte
1723 962 1927 1021 dividas,
1951 965 2176 1028 peccasti.
2201 968 2259 1012 Et
2282 965 2443 1011 omnia

326 1036 400 1084 lex
421 1037 672 1084 immunda
693 1048 855 1085 censet
869 1038 1111 1098 animalia,
1129 1055 1236 1103 quae
1256 1056 1356 1086 non
1373 1041 1636 1099 ruminant,
1662 1050 1709 1086 et
1731 1058 1833 1087 non
1850 1041 2044 1088 findunt
2063 1043 2309 1105 ungulam.
2338 1046 2443 1089 Non

326 1115 749 1164 enim-infidelibus
766 1117 1047 1181 deneganda
1070 1128 1141 1166 est
1162 1119 1506 1179 misericordia,
1522 1119 1608 1166 sed
1630 1120 1834 1167 maxime
1858 1120 2078 1168 fidelihus
2100 1122 2441 1187 impendenda.

326 1197 463 1242 Juxta
495 1195 629 1259 quod
655 1197 885 1260 scriptum
912 1199 1029 1244 est³:
1050 1217 1074 1242 «
1095 1198 1296 1245 Maxime
1328 1208 1490 1245 autem
1522 1198 1585 1246 ad
1615 1198 1906 1246 domesticos
1941 1199 2076 1259 fidei,
2099 1220 2122 1245 υ
2154 1202 2193 1247 si
2226 1211 2360 1248 tanta
2387 1203 2447 1248 sit.

260 1272 263 1275 ’
325 1273 520 1338 largitas·
546 1276 680 1340 stipis
711 1276 1026 1340 porrigendae.
1067 1277 1161 1324 Sed
1197 1277 1449 1342 Apostolus
1484 1278 1627 1325 docet
1660 1278 1931 1326 faciendam
1959 1280 2156 1343 quidem
2188 1281 2251 1327 ad
2278 1298 2447 1328 omnes

327 1352 697 1418 eleemosynam,
723 1355 808 1402 sed
829 1356 1035 1403 maxime
1063 1356 1124 1403 ad
1147 1356 1438 1403 domesticos
1461 1356 1590 1404 fidei.
1619 1360 1689 1403 De
1711 1357 1886 1421 quibus
1908 1368 1956 1404 et
1977 1358 2194 1405 Salvator
2215 1359 2447 1423 loqueba-

326 1434 460 1480 tur‘:
481 1436 655 1491 «Quos
689 1435 922 1500 recipiant
956 1435 1004 1482 in
1038 1445 1221 1483 aeterna.
1250 1435 1619 1483 tabernacula.»
1657 1436 1751 1483 Sed
1784 1437 1909 1484 inter
1943 1438 2087 1484 etiam
2121 1438 2250 1502 ipsos
2285 1437 2448 1485 fideles

327 1528 559 1577 pauperes
582 1514 731 1562 multa
756 1524 829 1562 est
849 1514 1117 1563 differentia
1131 1552 1142 1573 ,
1181 1532 1334 1579 quum
1363 1515 1442 1562 alii
1471 1532 1705 1580 pauperes
1733 1516 1903 1563 mundi
1924 1518 2019 1564 sint
2041 1518 2343 1577 necessitate,
2371 1518 2449 1565 alii

327 1607 560 1656 pauperes
597 1592 685 1639 Dei
717 1593 916 1657 propria
934 1593 1203 1652 voluntate;
1234 1594 1295 1640 de
1328 1594 1503 1658 quibus
1531 1595 1761 1642 dicitur⁵:
1789 1597 1961 1643 «Beati
1990 1612 2223 1661 pauperes
2252 1597 2444 1661 spiritu,

329 1672 559 1734 quoniam
586 1672 803 1736 ipsorum
828 1682 899 1720 est
926 1689 1128 1736 regnum
1149 1673 1399 1721 coelorum.
1420 1693 1444 1719 υ
1476 1674 1622 1731 Quod
1649 1684 1697 1721 et
1718 1675 1972 1739 praedictus
2003 1675 2175 1723 doctor
2197 1676 2447 1739 diligenter

329 1750 597 1809 attendens,
622 1762 972 1816 consequenter
989 1753 1161 1816 adjecit
1181 1771 1191 1800 :
1216 1773 1239 1798 «
1258 1754 1485 1817 Nunquid
1503 1764 1550 1801 et
1567 1755 1644 1801 isti
1660 1771 1893 1819 pauperes
1906 1793 1917 1814 ,
1942 1756 2069 1802 inter
2094 1774 2305 1820 quorum
2326 1772 2446 1821 pan-

329 1846 419 1877 nos
452 1840 501 1878 et
533 1831 791 1895 ingluviem
824 1833 1041 1898 corporis
1071 1833 1277 1897 flagrans
1309 1833 1460 1881 libido
1491 1834 1796 1893 dominatur,
1833 1846 2036 1900 possunt
2066 1836 2245 1883 habere
2273 1846 2448 1883 aeterna

329 1908 659 1971 tabernacula,
687 1913 770 1975 qui
798 1929 889 1959 nec
916 1914 1164 1977 praesentia
1187 1913 1436 1978 possident
1463 1930 1553 1961 nec
1578 1913 1762 1962 futura?
1785 1917 1891 1961 Non
1916 1915 2045 1962 enim
2068 1915 2306 1979 simplices
2328 1931 2447 1978 pau-

330 2000 494 2052 peres,
523 1989 609 2037 sed
638 2007 872 2055 pauperes
902 1992 1070 2056 spiritu
1097 1992 1225 2039 beati
1248 1992 1572 2057 appellantur,
1598 1993 1649 2040 id
1671 2003 1742 2040 est
1763 2003 1815 2040 ut
1837 1994 1883 2041 ei
1905 1992 2083 2040 tribuat
2103 1993 2186 2057 qui
2214 1992 2448 2040 erubescit

330 2067 561 2132 accipere,
580 2078 628 2115 et
649 2086 801 2133 quum
822 2071 1058 2136 acceperit
1079 2071 1211 2120 dolet
1232 2082 1416 2119 metens
1437 2071 1664 2131 carnalia,
1681 2082 1728 2119 et
1743 2072 1986 2119 seminans
2006 2071 2283 2136 spiritualia.
2305 2090 2328 2115 »
2355 2072 2448 2118 Sed

329 2146 453 2194 inter
477 2148 607 2212 ipsos
629 2149 819 2208 iterum,
845 2151 929 2215 qui
950 2151 1038 2198 Dei
1059 2152 1220 2216 potius
1240 2168 1387 2216 quam
1409 2152 1580 2199 mundi
1601 2168 1834 2217 pauperes
1855 2161 1990 2211 sunt,
2017 2151 2254 2199 nonnulla
2271 2161 2343 2199 est
2365 2151 2451 2198 ‹lif-

330 2225 545 2287 ferentia,
566 2245 717 2292 quum
738 2229 817 2277 alii
838 2230 947 2295 plus
966 2242 1154 2295 egeant,
1180 2231 1258 2280 alii
1281 2233 1456 2280 minus,
1473 2232 1532 2278 Hi
1551 2232 1771 2296 quidem,
1797 2232 1881 2296 qui
1902 2231 2074 2279 saeculo
2098 2232 2294 2296 penitus
2309 2231 2448 2279 abre·

331 2306 605 2360 nuntiantes
627 2308 940 2372 apostolicam
967 2310 1213 2357 imitantur
1234 2310 1406 2369 vitam,
1430 2311 1639 2357 veriores
1667 2320 1779 2357 sunt
1800 2326 2033 2374 pauperes
2055 2319 2103 2356 et
2129 2313 2231 2356 Deo
2254 2310 2450 2374 propin·

332 2385 540 2447 quiores.
576 2387 671 2434 Sed
702 2397 815 2434 sunt
845 2388 987 2451 hujus
1021 2389 1328 2453 professionis
1356 2406 1456 2436 non
1491 2389 1799 2436 solummodo
1832 2389 1943 2448 viri,
1968 2388 2054 2435 sed
2075 2389 2220 2435 etiam
2242 2388 2445 2447 feminae,

332 2479 437 2527 quae
465 2481 618 2528 quum
651 2465 746 2516 sint
780 2466 1030 2529 fragilioris
1062 2483 1223 2523 sexus,
1255 2477 1303 2515 et
1332 2466 1830 2526 infirmiorisnaturae,
1856 2477 1990 2514 tanto
2019 2476 2089 2514 est
2112 2483 2278 2513 earum
2299 2467 2448 2514 virtus

333 2546 436 2591 Deo
459 2544 794 2609 acceptabilior
816 2556 959 2610 atque
981 2547 1252 2611 perfectior,
1277 2556 1460 2611 quanto
1482 2556 1553 2594 est
1574 2557 1740 2594 natura
1767 2546 2018 2606 infirmior,
2033 2547 2167 2609 juxta
2186 2546 2304 2593 illud
2326 2553 2448 2611 Apo·

334 2623 466 2670 stoli⁸
493 2642 502 2670 :
535 2627 695 2671 «Nam
719 2625 865 2672 virtus
888 2627 937 2672 in
961 2626 1237 2673 infirmitate
1259 2626 1517 2691 perficitur.
1544 2645 1566 2671 »

401 2709 502 2753 Istae
511 2723 679 2771 quum,
696 2708 895 2754 terrenis
909 2708 1141 2771 conjugiis
1151 2708 1225 2755 vel
1235 2707 1497 2755 carnalium
1508 2707 1809 2772 voluptatum
1826 2707 2058 2754 illecebris
2071 2707 2256 2772 spretis,
2267 2723 2446 2771 sponso

335 2786 592 2833 immortali
613 2803 663 2833 se
685 2787 931 2851 copulant,
956 2805 1142 2852 sponsae
1166 2788 1341 2834 summi
1363 2788 1485 2851 regis
1508 2787 1702 2846 effectae,
1725 2788 1943 2833 omnium
1965 2787 2064 2849 ejus
2087 2802 2334 2833 servorum
2353 2786 2450 2832 effi·

336 2866 525 2912 ciuntur
547 2866 771 2913 dominae.
798 2867 942 2924 Quod
964 2868 1213 2931 diligenter
1229 2867 1480 2915 attendens
1501 2867 1669 2914 beatus
1691 2868 2010 2931 Hieronymus
2034 2883 2183 2930 quum
2211 2867 2271 2913 ad
2302 2883 2447 2913 unam

336 2944 507 2992 harum
522 2962 806 3010 sponsarum
823 2947 1135 2994 Eustochium
1151 2947 1395 3007 scriberet,
1412 2948 1477 2994 ait
1488 2950 1501 2972 ⁷
1519 2966 1528 2994 :
1549 2967 1572 2992 «
1587 2951 1695 2994 Haec
1718 2947 1917 3006 idcirco,
1934 2947 2131 2993 domina
2148 2963 2254 2993 mea
2275 2948 2446 2993 Eusto-

336 3023 521 3084 chium,
553 3025 801 3073 dominam
823 3027 1001 3091 quippe
1023 3026 1178 3074 debeo
1201 3043 1374 3074 vocare
1395 3043 1623 3092 sponsam
1645 3026 1830 3073 domini
1860 3026 1970 3073 mei.
1993 3045 2015 3069 »
2049 3025 2192 3083 Quod
2220 3026 2258 3071 si
2288 3035 2447 3071 tantus

338 3105 554 3152 Ecclesiae
575 3106 746 3153 doctor
767 3107 996 3154 veraciter
1018 3106 1232 3172 profiteri
1255 3124 1355 3154 non
1378 3107 1584 3165 erubuit,
1604 3117 1652 3154 et
1669 3124 1754 3153 vos
1771 3123 1849 3153 eas
1872 3107 2092 3153 dominas
2105 3116 2282 3152 vestras
2305 3105 2446 3152 rebus

337 3185 449 3249 ipsis
471 3187 618 3249 magis
640 3203 786 3251 quam
807 3186 965 3234 verbis
995 3197 1413 3251 recognoscentes,
1446 3205 1507 3234 ne
1536 3186 1763 3233 differatis
1785 3202 1949 3232 earum
1973 3186 2144 3250 inopioe
2166 3185 2442 3239 subvenire,

383 3383 393 3401 ⁶
418 3384 548 3426 Manli„
574 3396 645 3429 cap.
675 3396 726 3427 vi,
756 3398 786 3420 v.
823 3389 852 3420 1.
882 3405 923 3412 —
948 3386 961 3404 '
984 3387 1101 3421 Psalm.
1124 3399 1176 3429 ni,
1205 3399 1235 3421 v.
1264 3389 1298 3422 9.
1322 3407 1365 3413 —
1421 3388 1574 3429 ‘Matth.‚
1592 3397 1665 3432 cap.
1690 3399 1722 3427 v,
1743 3398 1772 3420 v.
1792 3388 1823 3420 3.
1843 3385 1911 3411 —⁸
1931 3386 2073 3420 Corinth.
2098 3386 2151 3423 11,
2172 3397 2244 3429 cap.
2270 3396 2330 3425 κη,
2356 3395 2384 3416 ν.
2411 3385 2447 3417 9.

339 3439 352 3457 ³
371 3441 479 3475 Galat.
512 3453 585 3487 cap.
611 3454 658 3484 vu,
685 3454 716 3477 v.
748 3446 797 3477 ¹0.
811 3443 879 3469 —⁴
894 3445 989 3486 Luc„
1016 3455 1088 3489 cap.
1115 3456 1167 3479 xvi
1181 3471 1189 3486 ‚
1215 3456 1246 3479 v.
1272 3446 1307 3479 9.
1325 3464 1362 3470 -
1419 3464 1459 3470 -
1478 3445 1490 3462 '¹
1507 3445 1605 3488 Epist.
1622 3455 1717 3483 xvm,
1737 3444 1818 3485 opp.
1834 3442 1890 3482 lv,
1908 3450 1991 3486 pant.
2009 3443 2056 3481 ll,
2071 3453 2105 3485 p.
2119 3443 2171 3474 Ἦ.
