<?xml version="1.0" encoding="UTF-8"?>
<!DOCTYPE html PUBLIC "-//W3C//DTD XHTML 1.0 Transitional//EN"
    "http://www.w3.org/TR/xhtml1/DTD/xhtml1-transitional.dtd">
<html xmlns="http://www.w3.org/1999/xhtml" xml:lang="en" lang="en">
 <head>
  <title>
</title>
<meta http-equiv="Content-Type" content="text/html;charset=utf-8" />
  <meta name='ocr-system' content='tesseract 3.04.00' />
  <meta name='ocr-capabilities' content='ocr_page ocr_carea ocr_par ocr_line ocrx_word'/>
</head>
<body>
  <div class='ocr_page' id='page_1' title='image "./operahactenusseo01abeluoft_0341.png"; bbox 0 0 2970 4152; ppageno 0'>
   <div class='ocr_carea' id='block_1_1' title="bbox 399 491 1103 722">
    <p class='ocr_par' dir='ltr' id='par_1_1' title="bbox 399 491 968 540">
     <span class='ocr_line' id='line_1_1' title="bbox 399 491 968 540; baseline -0.004 -12"><span class='ocrx_word' id='word_1_1' title='bbox 399 491 608 529; x_wconf 82' lang='lat' dir='ltr'>Sacerdotis</span> <span class='ocrx_word' id='word_1_2' title='bbox 625 498 663 528; x_wconf 87' lang='lat' dir='ltr'><strong>et</strong></span> <span class='ocrx_word' id='word_1_3' title='bbox 679 492 778 540; x_wconf 87' lang='lat' dir='ltr'><strong>regis</strong></span> <span class='ocrx_word' id='word_1_4' title='bbox 795 491 968 539; x_wconf 89' lang='lat' dir='ltr'><strong>mysteria</strong></span> 
     </span>
    </p>

    <p class='ocr_par' dir='ltr' id='par_1_2' title="bbox 402 550 1103 722">
     <span class='ocr_line' id='line_1_2' title="bbox 402 550 1103 600; baseline -0.003 -12"><span class='ocrx_word' id='word_1_5' title='bbox 402 552 612 600; x_wconf 89' lang='lat' dir='ltr'><strong>Suscepisse</strong></span> <span class='ocrx_word' id='word_1_6' title='bbox 629 558 774 588; x_wconf 87' lang='lat' dir='ltr'><strong>constat</strong></span> <span class='ocrx_word' id='word_1_7' title='bbox 787 551 892 587; x_wconf 90' lang='lat' dir='ltr'><strong>hunc</strong></span> <span class='ocrx_word' id='word_1_8' title='bbox 906 564 927 587; x_wconf 90' lang='lat' dir='ltr'><strong>a</strong></span> <span class='ocrx_word' id='word_1_9' title='bbox 944 550 1103 596; x_wconf 84' lang='lat' dir='ltr'><strong>femina,</strong></span> 
     </span>
     <span class='ocr_line' id='line_1_3' title="bbox 446 613 976 661; baseline 0.002 -13"><span class='ocrx_word' id='word_1_10' title='bbox 446 613 493 648; x_wconf 89' lang='lat' dir='ltr'><strong>Et</strong></span> <span class='ocrx_word' id='word_1_11' title='bbox 511 613 577 661; x_wconf 90' lang='lat' dir='ltr'><strong>qui</strong></span> <span class='ocrx_word' id='word_1_12' title='bbox 595 624 682 648; x_wconf 90' lang='lat' dir='ltr'><strong>eum</strong></span> <span class='ocrx_word' id='word_1_13' title='bbox 701 623 813 648; x_wconf 84' lang='lat' dir='ltr'><strong>sexus</strong></span> <span class='ocrx_word' id='word_1_14' title='bbox 826 614 976 661; x_wconf 80' lang='lat' dir='ltr'><strong>peperit</strong></span> 
     </span>
     <span class='ocr_line' id='line_1_4' title="bbox 446 671 1034 722; baseline -0.002 -13"><span class='ocrx_word' id='word_1_15' title='bbox 446 673 681 709; x_wconf 85' lang='lat' dir='ltr'><strong>Sacramenta</strong></span> <span class='ocrx_word' id='word_1_16' title='bbox 699 684 850 722; x_wconf 87' lang='lat' dir='ltr'><strong>quoque</strong></span> <span class='ocrx_word' id='word_1_17' title='bbox 866 671 1034 708; x_wconf 88' lang='lat' dir='ltr'><strong>tradidit.</strong></span> 
     </span>
    </p>
   </div>
   <div class='ocr_carea' id='block_1_2' title="bbox 399 771 1050 1110">
    <p class='ocr_par' dir='ltr' id='par_1_3' title="bbox 401 771 1040 820">
     <span class='ocr_line' id='line_1_5' title="bbox 401 771 1040 820; baseline -0.002 -13"><span class='ocrx_word' id='word_1_18' title='bbox 401 772 448 808; x_wconf 89' lang='lat' dir='ltr'><strong>Et</strong></span> <span class='ocrx_word' id='word_1_19' title='bbox 464 771 608 820; x_wconf 91' lang='lat' dir='ltr'><strong>sepulto</strong></span> <span class='ocrx_word' id='word_1_20' title='bbox 625 771 747 809; x_wconf 86' lang='lat' dir='ltr'><strong>ferens</strong></span> <span class='ocrx_word' id='word_1_21' title='bbox 763 771 853 807; x_wconf 89' lang='lat' dir='ltr'><strong>hinc</strong></span> <span class='ocrx_word' id='word_1_22' title='bbox 876 778 1040 807; x_wconf 79' lang='lat' dir='ltr'><strong>aromata</strong></span> 
     </span>
    </p>

    <p class='ocr_par' dir='ltr' id='par_1_4' title="bbox 399 831 1042 882">
     <span class='ocr_line' id='line_1_6' title="bbox 399 831 1042 882; baseline -0.003 -12"><span class='ocrx_word' id='word_1_23' title='bbox 399 833 644 882; x_wconf 85' lang='lat' dir='ltr'><strong>Resurgentis</strong></span> <span class='ocrx_word' id='word_1_24' title='bbox 659 834 763 882; x_wconf 90' lang='lat' dir='ltr'><strong>prior</strong></span> <span class='ocrx_word' id='word_1_25' title='bbox 779 832 873 869; x_wconf 86' lang='lat' dir='ltr'><strong>vidit</strong></span> <span class='ocrx_word' id='word_1_26' title='bbox 887 831 1020 881; x_wconf 88' lang='lat' dir='ltr'><strong>gaudia</strong></span> <span class='ocrx_word' id='word_1_27' title='bbox 1031 860 1042 879; x_wconf 89' lang='lat'>‚</span> 
     </span>
    </p>

    <p class='ocr_par' dir='ltr' id='par_1_5' title="bbox 402 888 1021 941">
     <span class='ocr_line' id='line_1_7' title="bbox 402 888 1021 941; baseline -0.003 -11"><span class='ocrx_word' id='word_1_28' title='bbox 402 894 449 930; x_wconf 91' lang='lat' dir='ltr'><strong>Et</strong></span> <span class='ocrx_word' id='word_1_29' title='bbox 464 905 509 930; x_wconf 84' lang='lat' dir='ltr'><strong>ex</strong></span> <span class='ocrx_word' id='word_1_30' title='bbox 527 893 635 941; x_wconf 91' lang='lat' dir='ltr'><strong>culpa</strong></span> <span class='ocrx_word' id='word_1_31' title='bbox 651 892 723 929; x_wconf 88' lang='lat' dir='ltr'><strong>vile</strong></span> <span class='ocrx_word' id='word_1_32' title='bbox 741 895 858 941; x_wconf 85' lang='lat' dir='ltr'><strong>magis</strong></span> <span class='ocrx_word' id='word_1_33' title='bbox 876 888 1021 929; x_wconf 83' lang='lat' dir='ltr'><strong>femina</strong></span> 
     </span>
    </p>

    <p class='ocr_par' dir='ltr' id='par_1_6' title="bbox 399 952 1050 1063">
     <span class='ocr_line' id='line_1_8' title="bbox 399 952 1050 1001; baseline -0.003 -12"><span class='ocrx_word' id='word_1_34' title='bbox 399 954 445 989; x_wconf 88' lang='lat' dir='ltr'><strong>In</strong></span> <span class='ocrx_word' id='word_1_35' title='bbox 461 953 531 989; x_wconf 86' lang='lat' dir='ltr'><strong>hac</strong></span> <span class='ocrx_word' id='word_1_36' title='bbox 547 964 677 989; x_wconf 88' lang='lat' dir='ltr'><strong>omnes</strong></span> <span class='ocrx_word' id='word_1_37' title='bbox 694 953 892 990; x_wconf 84' lang='lat' dir='ltr'><strong>antecessit</strong></span> <span class='ocrx_word' id='word_1_38' title='bbox 911 952 1029 1001; x_wconf 87' lang='lat' dir='ltr'><strong>gratia</strong></span> <span class='ocrx_word' id='word_1_39' title='bbox 1040 980 1050 997; x_wconf 92' lang='lat'><strong>,</strong></span> 
     </span>
     <span class='ocr_line' id='line_1_9' title="bbox 446 1011 954 1063; baseline -0.002 -14"><span class='ocrx_word' id='word_1_40' title='bbox 446 1013 500 1050; x_wconf 89' lang='lat' dir='ltr'><strong>Ut</strong></span> <span class='ocrx_word' id='word_1_41' title='bbox 514 1020 637 1062; x_wconf 87' lang='lat' dir='ltr'><strong>pateat</strong></span> <span class='ocrx_word' id='word_1_42' title='bbox 657 1020 798 1063; x_wconf 87' lang='lat' dir='ltr'><strong>quanto</strong></span> <span class='ocrx_word' id='word_1_43' title='bbox 817 1011 954 1062; x_wconf 85' lang='lat' dir='ltr'><strong>gaudio</strong></span> 
     </span>
    </p>

    <p class='ocr_par' dir='ltr' id='par_1_7' title="bbox 402 1073 969 1110">
     <span class='ocr_line' id='line_1_10' title="bbox 402 1073 969 1110; baseline -0.002 -1"><span class='ocrx_word' id='word_1_44' title='bbox 402 1079 405 1083; x_wconf 82' lang='lat'>&#39;</span> <span class='ocrx_word' id='word_1_45' title='bbox 445 1074 684 1109; x_wconf 77' lang='lat' dir='ltr'><strong>Peccaniium</strong></span> <span class='ocrx_word' id='word_1_46' title='bbox 704 1074 752 1110; x_wconf 88' lang='lat' dir='ltr'><strong>sit</strong></span> <span class='ocrx_word' id='word_1_47' title='bbox 767 1073 969 1110; x_wconf 83' lang='lat' dir='ltr'><strong>conversio.</strong></span> 
     </span>
    </p>
   </div>
   <div class='ocr_carea' id='block_1_3' title="bbox 824 1194 906 1231">
    <p class='ocr_par' dir='ltr' id='par_1_8' title="bbox 824 1194 906 1231">
     <span class='ocr_line' id='line_1_11' title="bbox 824 1194 906 1231; baseline 0 -1"><span class='ocrx_word' id='word_1_48' title='bbox 824 1194 906 1231; x_wconf 92' lang='lat' dir='ltr'><strong>XC.</strong></span> 
     </span>
    </p>
   </div>
   <div class='ocr_carea' id='block_1_4' title="bbox 399 1300 1226 1649">
    <p class='ocr_par' dir='ltr' id='par_1_9' title="bbox 401 1300 1226 1351">
     <span class='ocr_line' id='line_1_12' title="bbox 401 1300 1226 1351; baseline -0.006 -13"><span class='ocrx_word' id='word_1_49' title='bbox 401 1302 541 1351; x_wconf 88' lang='lat' dir='ltr'><strong>Sponsa</strong></span> <span class='ocrx_word' id='word_1_50' title='bbox 559 1301 720 1347; x_wconf 86' lang='lat' dir='ltr'><strong>Christi,</strong></span> <span class='ocrx_word' id='word_1_51' title='bbox 739 1307 817 1336; x_wconf 89' lang='lat' dir='ltr'><strong>tam</strong></span> <span class='ocrx_word' id='word_1_52' title='bbox 830 1300 940 1348; x_wconf 83' lang='lat' dir='ltr'><strong>virgo</strong></span> <span class='ocrx_word' id='word_1_53' title='bbox 955 1311 1067 1348; x_wconf 89' lang='lat' dir='ltr'><strong>quam</strong></span> <span class='ocrx_word' id='word_1_54' title='bbox 1085 1305 1204 1335; x_wconf 86' lang='lat' dir='ltr'><strong>mater</strong></span> <span class='ocrx_word' id='word_1_55' title='bbox 1215 1324 1226 1342; x_wconf 65' lang='lat'><em>5</em></span> 
     </span>
    </p>

    <p class='ocr_par' dir='ltr' id='par_1_10' title="bbox 401 1358 1113 1410">
     <span class='ocr_line' id='line_1_13' title="bbox 401 1358 1113 1410; baseline -0.004 -12"><span class='ocrx_word' id='word_1_56' title='bbox 401 1362 518 1410; x_wconf 83' lang='lat' dir='ltr'><strong>Cujus</strong></span> <span class='ocrx_word' id='word_1_57' title='bbox 532 1361 654 1410; x_wconf 89' lang='lat' dir='ltr'><strong>palma</strong></span> <span class='ocrx_word' id='word_1_58' title='bbox 670 1360 826 1398; x_wconf 84' lang='lat' dir='ltr'><strong>celebris</strong></span> <span class='ocrx_word' id='word_1_59' title='bbox 842 1359 920 1396; x_wconf 77' lang='lat' dir='ltr'><strong>haec</strong></span> <span class='ocrx_word' id='word_1_60' title='bbox 935 1358 1015 1396; x_wconf 88' lang='lat' dir='ltr'><strong>dies</strong></span> <span class='ocrx_word' id='word_1_61' title='bbox 1030 1366 1088 1395; x_wconf 87' lang='lat' dir='ltr'><strong>est</strong></span> <span class='ocrx_word' id='word_1_62' title='bbox 1102 1387 1113 1404; x_wconf 95' lang='lat'><strong>,</strong></span> 
     </span>
    </p>

    <p class='ocr_par' dir='ltr' id='par_1_11' title="bbox 399 1419 1204 1471">
     <span class='ocr_line' id='line_1_14' title="bbox 399 1419 1204 1471; baseline -0.002 -14"><span class='ocrx_word' id='word_1_63' title='bbox 399 1421 526 1458; x_wconf 87' lang='lat' dir='ltr'><strong>Palma</strong></span> <span class='ocrx_word' id='word_1_64' title='bbox 538 1421 675 1471; x_wconf 85' lang='lat' dir='ltr'>duplex</span> <span class='ocrx_word' id='word_1_65' title='bbox 691 1421 827 1465; x_wconf 77' lang='lat' dir='ltr'><strong>festum</strong></span> <span class='ocrx_word' id='word_1_66' title='bbox 844 1431 1003 1470; x_wconf 82' lang='lat' dir='ltr'><strong>praesens</strong></span> <span class='ocrx_word' id='word_1_67' title='bbox 1020 1419 1204 1469; x_wconf 83' lang='lat' dir='ltr'><strong>geminat,</strong></span> 
     </span>
    </p>

    <p class='ocr_par' dir='ltr' id='par_1_12' title="bbox 401 1481 1217 1649">
     <span class='ocr_line' id='line_1_15' title="bbox 401 1481 1217 1531; baseline -0.006 -12"><span class='ocrx_word' id='word_1_68' title='bbox 401 1481 523 1531; x_wconf 84' lang='lat' dir='ltr'><strong>Virgo</strong></span> <span class='ocrx_word' id='word_1_69' title='bbox 539 1494 688 1519; x_wconf 90' lang='lat' dir='ltr'><strong>carnem</strong></span> <span class='ocrx_word' id='word_1_70' title='bbox 700 1510 711 1528; x_wconf 96' lang='lat'>‚</span> <span class='ocrx_word' id='word_1_71' title='bbox 729 1489 871 1530; x_wconf 86' lang='lat' dir='ltr'><strong>martyr</strong></span> <span class='ocrx_word' id='word_1_72' title='bbox 886 1481 1034 1517; x_wconf 85' lang='lat' dir='ltr'><strong>hostem</strong></span> <span class='ocrx_word' id='word_1_73' title='bbox 1053 1485 1217 1528; x_wconf 86' lang='lat' dir='ltr'><strong>superat.</strong></span> 
     </span>
     <span class='ocr_line' id='line_1_16' title="bbox 448 1541 1046 1591; baseline -0.005 -12"><span class='ocrx_word' id='word_1_74' title='bbox 448 1543 548 1579; x_wconf 92' lang='lat' dir='ltr'><strong>Hinc</strong></span> <span class='ocrx_word' id='word_1_75' title='bbox 557 1543 682 1591; x_wconf 79' lang='lat' dir='ltr'><strong>igitur</strong></span> <span class='ocrx_word' id='word_1_76' title='bbox 699 1541 831 1591; x_wconf 86' lang='lat' dir='ltr'><strong>psalmi</strong></span> <span class='ocrx_word' id='word_1_77' title='bbox 850 1547 1026 1578; x_wconf 85' lang='lat' dir='ltr'><strong>resonent</strong></span> <span class='ocrx_word' id='word_1_78' title='bbox 1036 1568 1046 1585; x_wconf 95' lang='lat'><strong>,</strong></span> 
     </span>
     <span class='ocr_line' id='line_1_17' title="bbox 449 1602 1002 1649; baseline -0.007 -10"><span class='ocrx_word' id='word_1_79' title='bbox 449 1604 642 1639; x_wconf 89' lang='lat' dir='ltr'><strong>Lectiones</strong></span> <span class='ocrx_word' id='word_1_80' title='bbox 659 1602 747 1639; x_wconf 90' lang='lat' dir='ltr'><strong>inde</strong></span> <span class='ocrx_word' id='word_1_81' title='bbox 763 1607 1002 1649; x_wconf 75' lang='lat' dir='ltr'><strong>concrepent.</strong></span> 
     </span>
    </p>
   </div>
   <div class='ocr_carea' id='block_1_5' title="bbox 399 1700 1099 2052">
    <p class='ocr_par' dir='ltr' id='par_1_13' title="bbox 399 1700 1099 2052">
     <span class='ocr_line' id='line_1_18' title="bbox 401 1700 1099 1751; baseline -0.007 -11"><span class='ocrx_word' id='word_1_82' title='bbox 401 1705 488 1741; x_wconf 86' lang='lat' dir='ltr'><strong>Haec</strong></span> <span class='ocrx_word' id='word_1_83' title='bbox 504 1704 543 1739; x_wconf 83' lang='lat' dir='ltr'><strong>in</strong></span> <span class='ocrx_word' id='word_1_84' title='bbox 559 1704 647 1739; x_wconf 84' lang='lat' dir='ltr'><strong>viris</strong></span> <span class='ocrx_word' id='word_1_85' title='bbox 664 1702 800 1751; x_wconf 86' lang='lat' dir='ltr'><strong>duplex</strong></span> <span class='ocrx_word' id='word_1_86' title='bbox 818 1701 940 1750; x_wconf 90' lang='lat' dir='ltr'><strong>palma</strong></span> <span class='ocrx_word' id='word_1_87' title='bbox 958 1700 1099 1743; x_wconf 61' lang='lat' dir='ltr'><strong>rarior,</strong></span> 
     </span>
     <span class='ocr_line' id='line_1_19' title="bbox 399 1760 958 1803; baseline -0.005 -4"><span class='ocrx_word' id='word_1_88' title='bbox 399 1763 549 1799; x_wconf 85' lang='lat' dir='ltr'><strong>Eminet</strong></span> <span class='ocrx_word' id='word_1_89' title='bbox 566 1762 604 1797; x_wconf 89' lang='lat' dir='ltr'><strong>in</strong></span> <span class='ocrx_word' id='word_1_90' title='bbox 622 1762 771 1798; x_wconf 80' lang='lat' dir='ltr'><strong>feminis</strong></span> <span class='ocrx_word' id='word_1_91' title='bbox 787 1760 958 1803; x_wconf 88' lang='lat' dir='ltr'><strong>uberior;</strong></span> 
     </span>
     <span class='ocr_line' id='line_1_20' title="bbox 402 1819 1014 1864; baseline -0.007 -5"><span class='ocrx_word' id='word_1_92' title='bbox 402 1822 455 1859; x_wconf 87' lang='lat' dir='ltr'><strong>Ut</strong></span> <span class='ocrx_word' id='word_1_93' title='bbox 470 1834 576 1859; x_wconf 85' lang='lat' dir='ltr'><strong>sexus</strong></span> <span class='ocrx_word' id='word_1_94' title='bbox 591 1822 726 1858; x_wconf 86' lang='lat' dir='ltr'><strong>harum</strong></span> <span class='ocrx_word' id='word_1_95' title='bbox 743 1828 799 1857; x_wconf 90' lang='lat' dir='ltr'><strong>est</strong></span> <span class='ocrx_word' id='word_1_96' title='bbox 815 1819 1014 1864; x_wconf 87' lang='lat' dir='ltr'><strong>infirmior,</strong></span> 
     </span>
     <span class='ocr_line' id='line_1_21' title="bbox 402 1879 1015 1931; baseline -0.007 -12"><span class='ocrx_word' id='word_1_97' title='bbox 402 1882 462 1919; x_wconf 88' lang='lat' dir='ltr'><strong>Sic</strong></span> <span class='ocrx_word' id='word_1_98' title='bbox 476 1882 643 1931; x_wconf 87' lang='lat' dir='ltr'><strong>ipsarum</strong></span> <span class='ocrx_word' id='word_1_99' title='bbox 662 1882 778 1918; x_wconf 87' lang='lat' dir='ltr'><strong>virtus</strong></span> <span class='ocrx_word' id='word_1_100' title='bbox 794 1879 1015 1923; x_wconf 89' lang='lat' dir='ltr'><strong>mirabilior,</strong></span> 
     </span>
     <span class='ocr_line' id='line_1_22' title="bbox 450 1941 975 1991; baseline -0.004 -13"><span class='ocrx_word' id='word_1_101' title='bbox 450 1943 498 1978; x_wconf 85' lang='lat' dir='ltr'><strong>Et</strong></span> <span class='ocrx_word' id='word_1_102' title='bbox 514 1942 678 1991; x_wconf 90' lang='lat' dir='ltr'><strong>ipsarum</strong></span> <span class='ocrx_word' id='word_1_103' title='bbox 697 1948 803 1978; x_wconf 87' lang='lat' dir='ltr'><strong>tanto</strong></span> <span class='ocrx_word' id='word_1_104' title='bbox 821 1941 975 1990; x_wconf 86' lang='lat' dir='ltr'><strong>gratior,</strong></span> 
     </span>
     <span class='ocr_line' id='line_1_23' title="bbox 451 2001 965 2052; baseline -0.006 -13"><span class='ocrx_word' id='word_1_105' title='bbox 451 2003 508 2039; x_wconf 87' lang='lat' dir='ltr'><strong>Sit</strong></span> <span class='ocrx_word' id='word_1_106' title='bbox 522 2003 646 2039; x_wconf 88' lang='lat' dir='ltr'><strong>hostia</strong></span> <span class='ocrx_word' id='word_1_107' title='bbox 662 2008 803 2052; x_wconf 90' lang='lat' dir='ltr'><strong>quanto</strong></span> <span class='ocrx_word' id='word_1_108' title='bbox 821 2001 965 2050; x_wconf 84' lang='lat' dir='ltr'><strong>purior.</strong></span> 
     </span>
    </p>
   </div>
   <div class='ocr_carea' id='block_1_6' title="bbox 403 2101 1123 2452">
    <p class='ocr_par' dir='ltr' id='par_1_14' title="bbox 403 2101 1123 2332">
     <span class='ocr_line' id='line_1_24' title="bbox 405 2101 1123 2151; baseline -0.007 -12"><span class='ocrx_word' id='word_1_109' title='bbox 405 2104 558 2151; x_wconf 86' lang='lat' dir='ltr'><strong>Integra</strong></span> <span class='ocrx_word' id='word_1_110' title='bbox 575 2108 651 2139; x_wconf 88' lang='lat' dir='ltr'><strong>tam</strong></span> <span class='ocrx_word' id='word_1_111' title='bbox 667 2101 803 2150; x_wconf 87' lang='lat' dir='ltr'><strong>spiritu</strong></span> <span class='ocrx_word' id='word_1_112' title='bbox 817 2112 930 2150; x_wconf 89' lang='lat' dir='ltr'><strong>quam</strong></span> <span class='ocrx_word' id='word_1_113' title='bbox 946 2111 1123 2148; x_wconf 86' lang='lat' dir='ltr'><strong>corpore,</strong></span> 
     </span>
     <span class='ocr_line' id='line_1_25' title="bbox 403 2159 1112 2208; baseline -0.006 -9"><span class='ocrx_word' id='word_1_114' title='bbox 403 2163 671 2199; x_wconf 82' lang='lat' dir='ltr'><strong>Holocaustum</strong></span> <span class='ocrx_word' id='word_1_115' title='bbox 688 2173 817 2198; x_wconf 85' lang='lat' dir='ltr'><strong>verum</strong></span> <span class='ocrx_word' id='word_1_116' title='bbox 835 2160 877 2197; x_wconf 89' lang='lat' dir='ltr'><strong>fit</strong></span> <span class='ocrx_word' id='word_1_117' title='bbox 893 2172 939 2197; x_wconf 82' lang='lat' dir='ltr'><strong>ex</strong></span> <span class='ocrx_word' id='word_1_118' title='bbox 955 2159 1112 2208; x_wconf 82' lang='lat' dir='ltr'><strong>virgine.</strong></span> 
     </span>
     <span class='ocr_line' id='line_1_26' title="bbox 403 2202 1064 2270; baseline -0.006 -10"><span class='ocrx_word' id='word_1_119' title='bbox 403 2223 463 2261; x_wconf 87' lang='lat' dir='ltr'><strong>Ad</strong></span> <span class='ocrx_word' id='word_1_120' title='bbox 480 2202 683 2260; x_wconf 60' lang='lat' dir='ltr'><strong>incensum=</strong></span> <span class='ocrx_word' id='word_1_121' title='bbox 689 2222 804 2270; x_wconf 84' lang='lat' dir='ltr'><strong>hujus</strong></span> <span class='ocrx_word' id='word_1_122' title='bbox 822 2221 920 2258; x_wconf 87' lang='lat' dir='ltr'><strong>refer</strong></span> <span class='ocrx_word' id='word_1_123' title='bbox 935 2220 1064 2257; x_wconf 83' lang='lat' dir='ltr'><strong>hostiae</strong></span> 
     </span>
     <span class='ocr_line' id='line_1_27' title="bbox 403 2280 1023 2332; baseline -0.005 -13"><span class='ocrx_word' id='word_1_124' title='bbox 403 2283 510 2319; x_wconf 87' lang='lat' dir='ltr'><strong>Rusae</strong></span> <span class='ocrx_word' id='word_1_125' title='bbox 526 2290 656 2332; x_wconf 89' lang='lat' dir='ltr'><strong>typum</strong></span> <span class='ocrx_word' id='word_1_126' title='bbox 672 2289 711 2319; x_wconf 91' lang='lat' dir='ltr'><strong>et</strong></span> <span class='ocrx_word' id='word_1_127' title='bbox 728 2281 870 2319; x_wconf 81' lang='lat' dir='ltr'><strong>teuellae</strong></span> <span class='ocrx_word' id='word_1_128' title='bbox 888 2280 1023 2317; x_wconf 73' lang='lat' dir='ltr'><strong>vitulae.</strong></span> 
     </span>
    </p>

    <p class='ocr_par' dir='ltr' id='par_1_15' title="bbox 451 2341 1029 2388">
     <span class='ocr_line' id='line_1_28' title="bbox 451 2341 1029 2388; baseline -0.005 -9"><span class='ocrx_word' id='word_1_129' title='bbox 451 2343 532 2379; x_wconf 89' lang='lat' dir='ltr'><strong>Illic</strong></span> <span class='ocrx_word' id='word_1_130' title='bbox 548 2343 700 2388; x_wconf 84' lang='lat' dir='ltr'><strong>umbra,</strong></span> <span class='ocrx_word' id='word_1_131' title='bbox 719 2341 784 2378; x_wconf 91' lang='lat' dir='ltr'><strong>sed</strong></span> <span class='ocrx_word' id='word_1_132' title='bbox 801 2341 863 2378; x_wconf 93' lang='lat' dir='ltr'><strong>hic</strong></span> <span class='ocrx_word' id='word_1_133' title='bbox 877 2341 1029 2384; x_wconf 82' lang='lat' dir='ltr'><strong>veritas,</strong></span> 
     </span>
    </p>

    <p class='ocr_par' dir='ltr' id='par_1_16' title="bbox 453 2401 1002 2452">
     <span class='ocr_line' id='line_1_29' title="bbox 453 2401 1002 2452; baseline -0.007 -13"><span class='ocrx_word' id='word_1_134' title='bbox 453 2403 490 2439; x_wconf 90' lang='lat' dir='ltr'><strong>Si</strong></span> <span class='ocrx_word' id='word_1_135' title='bbox 509 2414 567 2439; x_wconf 86' lang='lat' dir='ltr'><strong>res</strong></span> <span class='ocrx_word' id='word_1_136' title='bbox 583 2403 699 2452; x_wconf 86' lang='lat' dir='ltr'><strong>signis</strong></span> <span class='ocrx_word' id='word_1_137' title='bbox 713 2402 808 2439; x_wconf 89' lang='lat' dir='ltr'><strong>bene</strong></span> <span class='ocrx_word' id='word_1_138' title='bbox 824 2401 1002 2438; x_wconf 86' lang='lat' dir='ltr'><strong>conseras.</strong></span> 
     </span>
    </p>
   </div>
   <div class='ocr_carea' id='block_1_7' title="bbox 402 2501 1200 2787">
    <p class='ocr_par' dir='ltr' id='par_1_17' title="bbox 407 2501 1124 2549">
     <span class='ocr_line' id='line_1_30' title="bbox 407 2501 1124 2549; baseline -0.006 -10"><span class='ocrx_word' id='word_1_139' title='bbox 407 2504 498 2549; x_wconf 85' lang='lat' dir='ltr'><strong>Quae</strong></span> <span class='ocrx_word' id='word_1_140' title='bbox 514 2513 579 2538; x_wconf 90' lang='lat' dir='ltr'><strong>cor</strong></span> <span class='ocrx_word' id='word_1_141' title='bbox 595 2501 675 2536; x_wconf 91' lang='lat' dir='ltr'><strong>Deo</strong></span> <span class='ocrx_word' id='word_1_142' title='bbox 693 2512 760 2549; x_wconf 88' lang='lat' dir='ltr'><strong>per</strong></span> <span class='ocrx_word' id='word_1_143' title='bbox 776 2512 814 2536; x_wconf 89' lang='lat' dir='ltr'><strong>se</strong></span> <span class='ocrx_word' id='word_1_144' title='bbox 830 2506 1124 2543; x_wconf 83' lang='lat' dir='ltr'><strong>consecraverat,</strong></span> 
     </span>
    </p>

    <p class='ocr_par' dir='ltr' id='par_1_18' title="bbox 404 2558 1200 2608">
     <span class='ocr_line' id='line_1_31' title="bbox 404 2558 1200 2608; baseline -0.006 -9"><span class='ocrx_word' id='word_1_145' title='bbox 404 2564 478 2600; x_wconf 91' lang='lat' dir='ltr'><strong>Per</strong></span> <span class='ocrx_word' id='word_1_146' title='bbox 492 2561 664 2598; x_wconf 85' lang='lat' dir='ltr'><strong>lictorem</strong></span> <span class='ocrx_word' id='word_1_147' title='bbox 681 2572 782 2597; x_wconf 91' lang='lat' dir='ltr'><strong>nunc</strong></span> <span class='ocrx_word' id='word_1_148' title='bbox 800 2567 838 2596; x_wconf 89' lang='lat' dir='ltr'><strong>et</strong></span> <span class='ocrx_word' id='word_1_149' title='bbox 857 2571 992 2608; x_wconf 86' lang='lat' dir='ltr'><strong>corpus</strong></span> <span class='ocrx_word' id='word_1_150' title='bbox 1009 2558 1200 2603; x_wconf 49' lang='lat' dir='ltr'><strong>immolar,</strong></span> 
     </span>
    </p>

    <p class='ocr_par' dir='ltr' id='par_1_19' title="bbox 405 2620 1092 2670">
     <span class='ocr_line' id='line_1_32' title="bbox 405 2620 1092 2670; baseline -0.009 -9"><span class='ocrx_word' id='word_1_151' title='bbox 405 2624 650 2661; x_wconf 86' lang='lat' dir='ltr'><strong>Consecratus</strong></span> <span class='ocrx_word' id='word_1_152' title='bbox 668 2622 747 2658; x_wconf 91' lang='lat' dir='ltr'><strong>Deo</strong></span> <span class='ocrx_word' id='word_1_153' title='bbox 765 2621 931 2670; x_wconf 88' lang='lat' dir='ltr'><strong>primum</strong></span> <span class='ocrx_word' id='word_1_154' title='bbox 945 2620 1092 2657; x_wconf 90' lang='lat' dir='ltr'><strong>animus</strong></span> 
     </span>
    </p>

    <p class='ocr_par' dir='ltr' id='par_1_20' title="bbox 402 2679 1073 2787">
     <span class='ocr_line' id='line_1_33' title="bbox 402 2679 1073 2731; baseline -0.004 -10"><span class='ocrx_word' id='word_1_155' title='bbox 402 2685 511 2721; x_wconf 86' lang='lat' dir='ltr'><strong>Hosti</strong></span> <span class='ocrx_word' id='word_1_156' title='bbox 528 2694 663 2731; x_wconf 88' lang='lat' dir='ltr'><strong>corpus</strong></span> <span class='ocrx_word' id='word_1_157' title='bbox 679 2682 832 2730; x_wconf 80' lang='lat' dir='ltr'><strong>exponit</strong></span> <span class='ocrx_word' id='word_1_158' title='bbox 845 2679 1073 2729; x_wconf 81' lang='lat' dir='ltr'><strong>intrepidus.</strong></span> 
     </span>
     <span class='ocr_line' id='line_1_34' title="bbox 447 2742 842 2787; baseline -0.008 -7"><span class='ocrx_word' id='word_1_159' title='bbox 447 2743 589 2781; x_wconf 84' lang='lat' dir='ltr'><strong>Christi</strong></span> <span class='ocrx_word' id='word_1_160' title='bbox 609 2742 742 2787; x_wconf 87' lang='lat' dir='ltr'><strong>decus,</strong></span> <span class='ocrx_word' id='word_1_161' title='bbox 769 2749 842 2778; x_wconf 84' lang='lat' dir='ltr'><strong>etc.</strong></span> 
     </span>
    </p>
   </div>
   <div class='ocr_carea' id='block_1_8' title="bbox 817 2866 918 2903">
    <p class='ocr_par' dir='ltr' id='par_1_21' title="bbox 817 2866 918 2903">
     <span class='ocr_line' id='line_1_35' title="bbox 817 2866 918 2903; baseline -0.01 -1"><span class='ocrx_word' id='word_1_162' title='bbox 817 2866 918 2903; x_wconf 89' lang='lat' dir='ltr'><strong>XCI.</strong></span> 
     </span>
    </p>
   </div>
   <div class='ocr_carea' id='block_1_9' title="bbox 398 2970 1146 3319">
    <p class='ocr_par' dir='ltr' id='par_1_22' title="bbox 398 2970 1146 3319">
     <span class='ocr_line' id='line_1_36' title="bbox 402 2970 1146 3029; baseline -0.001 -12"><span class='ocrx_word' id='word_1_163' title='bbox 402 2970 528 3029; x_wconf 83' lang='lat' dir='ltr'><strong>Quum</strong></span> <span class='ocrx_word' id='word_1_164' title='bbox 549 2982 589 3017; x_wconf 89' lang='lat' dir='ltr'><strong>in</strong></span> <span class='ocrx_word' id='word_1_165' title='bbox 605 2981 739 3016; x_wconf 87' lang='lat' dir='ltr'><strong>sanctis</strong></span> <span class='ocrx_word' id='word_1_166' title='bbox 756 2980 855 3016; x_wconf 88' lang='lat' dir='ltr'><strong>Deus</strong></span> <span class='ocrx_word' id='word_1_167' title='bbox 873 2980 921 3016; x_wconf 92' lang='lat' dir='ltr'><strong>sit</strong></span> <span class='ocrx_word' id='word_1_168' title='bbox 938 2979 1123 3017; x_wconf 88' lang='lat' dir='ltr'><strong>mirabilis</strong></span> <span class='ocrx_word' id='word_1_169' title='bbox 1135 3009 1146 3026; x_wconf 89' lang='lat'><strong>,</strong></span> 
     </span>
     <span class='ocr_line' id='line_1_37' title="bbox 398 3040 1042 3078; baseline -0.003 0"><span class='ocrx_word' id='word_1_170' title='bbox 398 3041 596 3078; x_wconf 87' lang='lat' dir='ltr'><strong>Praeminet</strong></span> <span class='ocrx_word' id='word_1_171' title='bbox 613 3041 652 3076; x_wconf 90' lang='lat' dir='ltr'><strong>in</strong></span> <span class='ocrx_word' id='word_1_172' title='bbox 670 3040 848 3076; x_wconf 82' lang='lat' dir='ltr'><strong>meritum</strong></span> <span class='ocrx_word' id='word_1_173' title='bbox 865 3040 1042 3076; x_wconf 86' lang='lat' dir='ltr'><strong>victoriis.</strong></span> 
     </span>
     <span class='ocr_line' id='line_1_38' title="bbox 400 3100 1082 3151; baseline -0.003 -13"><span class='ocrx_word' id='word_1_174' title='bbox 400 3101 472 3138; x_wconf 89' lang='lat' dir='ltr'><strong>Sed</strong></span> <span class='ocrx_word' id='word_1_175' title='bbox 488 3113 606 3151; x_wconf 88' lang='lat' dir='ltr'><strong>quum</strong></span> <span class='ocrx_word' id='word_1_176' title='bbox 623 3100 689 3136; x_wconf 92' lang='lat' dir='ltr'><strong>dat</strong></span> <span class='ocrx_word' id='word_1_177' title='bbox 707 3100 855 3136; x_wconf 83' lang='lat' dir='ltr'><strong>seminis</strong></span> <span class='ocrx_word' id='word_1_178' title='bbox 873 3100 1082 3145; x_wconf 87' lang='lat' dir='ltr'><strong>victoriam,</strong></span> 
     </span>
     <span class='ocr_line' id='line_1_39' title="bbox 399 3160 1132 3210; baseline -0.001 -12"><span class='ocrx_word' id='word_1_179' title='bbox 399 3162 495 3208; x_wconf 87' lang='lat' dir='ltr'><strong>Quis</strong></span> <span class='ocrx_word' id='word_1_180' title='bbox 510 3173 586 3198; x_wconf 89' lang='lat' dir='ltr'><strong>non</strong></span> <span class='ocrx_word' id='word_1_181' title='bbox 602 3161 747 3197; x_wconf 90' lang='lat' dir='ltr'><strong>cunctis</strong></span> <span class='ocrx_word' id='word_1_182' title='bbox 762 3160 932 3209; x_wconf 82' lang='lat' dir='ltr'><strong>praeferat</strong></span> <span class='ocrx_word' id='word_1_183' title='bbox 950 3161 1132 3210; x_wconf 80' lang='lat' dir='ltr'><strong>gratiam?</strong></span> 
     </span>
     <span class='ocr_line' id='line_1_40' title="bbox 447 3221 901 3270; baseline -0.002 -12"><span class='ocrx_word' id='word_1_184' title='bbox 447 3221 502 3258; x_wconf 86' lang='lat' dir='ltr'><strong>Ut</strong></span> <span class='ocrx_word' id='word_1_185' title='bbox 520 3234 625 3258; x_wconf 82' lang='lat' dir='ltr'><strong>sexus</strong></span> <span class='ocrx_word' id='word_1_186' title='bbox 642 3228 698 3258; x_wconf 89' lang='lat' dir='ltr'><strong>est</strong></span> <span class='ocrx_word' id='word_1_187' title='bbox 714 3221 901 3270; x_wconf 86' lang='lat' dir='ltr'><strong>fragilior,</strong></span> 
     </span>
     <span class='ocr_line' id='line_1_41' title="bbox 447 3281 966 3319; baseline -0.002 0"><span class='ocrx_word' id='word_1_188' title='bbox 447 3283 530 3319; x_wconf 85' lang='lat' dir='ltr'><strong>Hoc</strong></span> <span class='ocrx_word' id='word_1_189' title='bbox 547 3283 596 3319; x_wconf 90' lang='lat' dir='ltr'><strong>sit</strong></span> <span class='ocrx_word' id='word_1_190' title='bbox 611 3282 728 3318; x_wconf 85' lang='lat' dir='ltr'><strong>virtus</strong></span> <span class='ocrx_word' id='word_1_191' title='bbox 744 3281 966 3318; x_wconf 87' lang='lat' dir='ltr'><strong>mirabilior.</strong></span> 
     </span>
    </p>
   </div>
   <div class='ocr_carea' id='block_1_10' title="bbox 402 3381 1042 3491">
    <p class='ocr_par' dir='ltr' id='par_1_23' title="bbox 402 3381 1042 3491">
     <span class='ocr_line' id='line_1_42' title="bbox 402 3381 1037 3430; baseline 0 -13"><span class='ocrx_word' id='word_1_192' title='bbox 402 3381 592 3430; x_wconf 82' lang='lat' dir='ltr'><strong>Exquisita</strong></span> <span class='ocrx_word' id='word_1_193' title='bbox 609 3387 885 3418; x_wconf 87' lang='lat' dir='ltr'><strong>tormentorum</strong></span> <span class='ocrx_word' id='word_1_194' title='bbox 902 3392 1037 3429; x_wconf 84' lang='lat' dir='ltr'><strong>genera</strong></span> 
     </span>
     <span class='ocr_line' id='line_1_43' title="bbox 402 3441 1042 3491; baseline -0.003 -13"><span class='ocrx_word' id='word_1_195' title='bbox 402 3441 642 3478; x_wconf 88' lang='lat' dir='ltr'><strong>Feminarum</strong></span> <span class='ocrx_word' id='word_1_196' title='bbox 658 3447 808 3491; x_wconf 90' lang='lat' dir='ltr'><strong>superat</strong></span> <span class='ocrx_word' id='word_1_197' title='bbox 824 3442 1042 3479; x_wconf 79' lang='lat' dir='ltr'><strong>constantia.</strong></span> 
     </span>
    </p>
   </div>
   <div class='ocr_carea' id='block_1_11' title="bbox 1266 383 1550 442">
    <p class='ocr_par' dir='ltr' id='par_1_24' title="bbox 1266 383 1550 442">
     <span class='ocr_line' id='line_1_44' title="bbox 1266 383 1550 442; baseline -0.004 -2"><span class='ocrx_word' id='word_1_198' title='bbox 1266 383 1550 442; x_wconf 64' lang='lat' dir='ltr'><strong>CARMINA.</strong></span> 
     </span>
    </p>
   </div>
   <div class='ocr_carea' id='block_1_12' title="bbox 1485 486 2163 531">
    <p class='ocr_par' dir='ltr' id='par_1_25' title="bbox 1485 486 2163 531">
     <span class='ocr_line' id='line_1_45' title="bbox 1485 486 2163 531; baseline -0.003 -7"><span class='ocrx_word' id='word_1_199' title='bbox 1485 490 1563 524; x_wconf 84' lang='lat' dir='ltr'><strong>Aut</strong></span> <span class='ocrx_word' id='word_1_200' title='bbox 1579 489 1736 524; x_wconf 86' lang='lat' dir='ltr'><strong>istarum</strong></span> <span class='ocrx_word' id='word_1_201' title='bbox 1753 489 1871 525; x_wconf 88' lang='lat' dir='ltr'><strong>virtus</strong></span> <span class='ocrx_word' id='word_1_202' title='bbox 1887 494 1946 524; x_wconf 89' lang='lat' dir='ltr'><strong>est</strong></span> <span class='ocrx_word' id='word_1_203' title='bbox 1962 486 2163 531; x_wconf 85' lang='lat' dir='ltr'><strong>mirabilis,</strong></span> 
     </span>
    </p>
   </div>
   <div class='ocr_carea' id='block_1_13' title="bbox 1448 546 2184 598">
    <p class='ocr_par' dir='ltr' id='par_1_26' title="bbox 1448 546 2184 598">
     <span class='ocr_line' id='line_1_46' title="bbox 1448 546 2184 598; baseline -0.001 -14"><span class='ocrx_word' id='word_1_204' title='bbox 1448 578 1452 579; x_wconf 17' lang='grc' dir='ltr'><em>γ</em></span> <span class='ocrx_word' id='word_1_205' title='bbox 1488 549 1566 584; x_wconf 88' lang='lat' dir='ltr'><strong>Aut</strong></span> <span class='ocrx_word' id='word_1_206' title='bbox 1581 560 1744 597; x_wconf 84' lang='lat' dir='ltr'><strong>agonum</strong></span> <span class='ocrx_word' id='word_1_207' title='bbox 1761 549 2026 598; x_wconf 86' lang='lat' dir='ltr'><strong>horum·poena</strong></span> <span class='ocrx_word' id='word_1_208' title='bbox 2045 546 2184 591; x_wconf 68' lang='lat' dir='ltr'><strong>facilis-3</strong></span> 
     </span>
    </p>
   </div>
   <div class='ocr_carea' id='block_1_14' title="bbox 1534 608 2095 718">
    <p class='ocr_par' dir='ltr' id='par_1_27' title="bbox 1534 608 2095 718">
     <span class='ocr_line' id='line_1_47' title="bbox 1535 608 2095 659; baseline 0 -15"><span class='ocrx_word' id='word_1_209' title='bbox 1535 608 1609 644; x_wconf 91' lang='lat' dir='ltr'><strong>Sed</strong></span> <span class='ocrx_word' id='word_1_210' title='bbox 1625 616 1828 659; x_wconf 89' lang='lat' dir='ltr'><strong>utrumque</strong></span> <span class='ocrx_word' id='word_1_211' title='bbox 1845 610 1923 657; x_wconf 85' lang='lat' dir='ltr'><strong>geri</strong></span> <span class='ocrx_word' id='word_1_212' title='bbox 1941 609 2073 646; x_wconf 88' lang='lat' dir='ltr'><strong>melius</strong></span> <span class='ocrx_word' id='word_1_213' title='bbox 2086 637 2095 653; x_wconf 96' lang='lat'><strong>,</strong></span> 
     </span>
     <span class='ocr_line' id='line_1_48' title="bbox 1534 669 2080 718; baseline 0.002 -14"><span class='ocrx_word' id='word_1_214' title='bbox 1534 669 1763 718; x_wconf 85' lang='lat' dir='ltr'><strong>Disponente</strong></span> <span class='ocrx_word' id='word_1_215' title='bbox 1780 669 1859 706; x_wconf 91' lang='lat' dir='ltr'><strong>Deo</strong></span> <span class='ocrx_word' id='word_1_216' title='bbox 1878 669 2080 706; x_wconf 89' lang='lat' dir='ltr'><strong>credimus.</strong></span> 
     </span>
    </p>
   </div>
   <div class='ocr_carea' id='block_1_15' title="bbox 1486 779 2239 1132">
    <p class='ocr_par' dir='ltr' id='par_1_28' title="bbox 1488 779 2179 832">
     <span class='ocr_line' id='line_1_49' title="bbox 1488 779 2179 832; baseline -0.004 -13"><span class='ocrx_word' id='word_1_217' title='bbox 1488 780 1623 819; x_wconf 84' lang='lat' dir='ltr'><strong>Valida</strong></span> <span class='ocrx_word' id='word_1_218' title='bbox 1640 788 1714 827; x_wconf 91' lang='lat' dir='ltr'><strong>est,</strong></span> <span class='ocrx_word' id='word_1_219' title='bbox 1734 782 1830 818; x_wconf 90' lang='lat' dir='ltr'><strong>sicut</strong></span> <span class='ocrx_word' id='word_1_220' title='bbox 1846 793 1947 817; x_wconf 87' lang='lat' dir='ltr'><strong>mors</strong></span> <span class='ocrx_word' id='word_1_221' title='bbox 1958 809 1967 826; x_wconf 91' lang='lat'>‚</span> <span class='ocrx_word' id='word_1_222' title='bbox 1985 779 2137 817; x_wconf 85' lang='lat' dir='ltr'><strong>dilectio</strong></span> <span class='ocrx_word' id='word_1_223' title='bbox 2151 808 2160 825; x_wconf 84' lang='lat'><strong>,</strong></span> <span class='ocrx_word' id='word_1_224' title='bbox 2175 828 2179 832; x_wconf 26' lang='lat'>⁵</span> 
     </span>
    </p>

    <p class='ocr_par' dir='ltr' id='par_1_29' title="bbox 1488 830 2101 891">
     <span class='ocr_line' id='line_1_50' title="bbox 1488 830 2101 891; baseline -0.003 -14"><span class='ocrx_word' id='word_1_225' title='bbox 1488 830 1690 878; x_wconf 74' lang='lat' dir='ltr'><strong>Nec&#39;istius</strong></span> <span class='ocrx_word' id='word_1_226' title='bbox 1708 842 1806 891; x_wconf 84' lang='lat' dir='ltr'><strong>ignis</strong></span> <span class='ocrx_word' id='word_1_227' title='bbox 1821 848 1876 878; x_wconf 87' lang='lat' dir='ltr'><strong>est</strong></span> <span class='ocrx_word' id='word_1_228' title='bbox 1892 842 2083 878; x_wconf 77' lang='lat' dir='ltr'><strong>extinctio.</strong></span> <span class='ocrx_word' id='word_1_229' title='bbox 2100 871 2101 874; x_wconf 73' lang='grc'>,</span> 
     </span>
    </p>

    <p class='ocr_par' dir='ltr' id='par_1_30' title="bbox 1486 901 2239 950">
     <span class='ocr_line' id='line_1_51' title="bbox 1486 901 2239 950; baseline -0.001 -12"><span class='ocrx_word' id='word_1_230' title='bbox 1486 903 1601 950; x_wconf 83' lang='lat' dir='ltr'><strong>Aquae</strong></span> <span class='ocrx_word' id='word_1_231' title='bbox 1620 901 1744 938; x_wconf 82' lang='lat' dir='ltr'><strong>multae</strong></span> <span class='ocrx_word' id='word_1_232' title='bbox 1762 914 1837 938; x_wconf 91' lang='lat' dir='ltr'><strong>uon</strong></span> <span class='ocrx_word' id='word_1_233' title='bbox 1853 908 2008 950; x_wconf 90' lang='lat' dir='ltr'><strong>possunt</strong></span> <span class='ocrx_word' id='word_1_234' title='bbox 2022 902 2239 950; x_wconf 75' lang='lat' dir='ltr'><strong>extinguere</strong></span> 
     </span>
    </p>

    <p class='ocr_par' dir='ltr' id='par_1_31' title="bbox 1487 961 2211 1132">
     <span class='ocr_line' id='line_1_52' title="bbox 1487 961 2153 1008; baseline 0.002 -10"><span class='ocrx_word' id='word_1_235' title='bbox 1487 962 1661 998; x_wconf 88' lang='lat' dir='ltr'><strong>Caritatis</strong></span> <span class='ocrx_word' id='word_1_236' title='bbox 1680 961 1867 998; x_wconf 89' lang='lat' dir='ltr'><strong>flammam</strong></span> <span class='ocrx_word' id='word_1_237' title='bbox 1885 962 2153 1008; x_wconf 81' lang='lat' dir='ltr'><strong>invictissimae3</strong></span> 
     </span>
     <span class='ocr_line' id='line_1_53' title="bbox 1535 1023 2211 1072; baseline 0 -14"><span class='ocrx_word' id='word_1_238' title='bbox 1535 1023 1613 1059; x_wconf 91' lang='lat' dir='ltr'><strong>Nec</strong></span> <span class='ocrx_word' id='word_1_239' title='bbox 1630 1030 1686 1059; x_wconf 88' lang='lat' dir='ltr'><strong>est</strong></span> <span class='ocrx_word' id='word_1_240' title='bbox 1705 1035 1868 1072; x_wconf 90' lang='lat' dir='ltr'><strong>unquam</strong></span> <span class='ocrx_word' id='word_1_241' title='bbox 1887 1035 1972 1059; x_wconf 88' lang='lat' dir='ltr'><strong>cum</strong></span> <span class='ocrx_word' id='word_1_242' title='bbox 1990 1023 2061 1059; x_wconf 88' lang='lat' dir='ltr'><strong>hac</strong></span> <span class='ocrx_word' id='word_1_243' title='bbox 2078 1023 2211 1059; x_wconf 88' lang='lat' dir='ltr'><strong>debilis</strong></span> 
     </span>
     <span class='ocr_line' id='line_1_54' title="bbox 1536 1083 2192 1132; baseline -0.003 -12"><span class='ocrx_word' id='word_1_244' title='bbox 1536 1083 1650 1120; x_wconf 78' lang='lat' dir='ltr'><strong>Sexus</strong></span> <span class='ocrx_word' id='word_1_245' title='bbox 1660 1112 1670 1130; x_wconf 92' lang='lat'><strong>,</strong></span> <span class='ocrx_word' id='word_1_246' title='bbox 1689 1090 2021 1132; x_wconf 87' lang='lat' dir='ltr'><strong>quantumcunque</strong></span> <span class='ocrx_word' id='word_1_247' title='bbox 2037 1083 2192 1131; x_wconf 81' lang='lat' dir='ltr'><strong>fragilis.</strong></span> 
     </span>
    </p>
   </div>
   <div class='ocr_carea' id='block_1_16' title="bbox 1489 1194 2229 1488">
    <p class='ocr_par' dir='ltr' id='par_1_32' title="bbox 1490 1194 2204 1243">
     <span class='ocr_line' id='line_1_55' title="bbox 1490 1194 2204 1243; baseline 0.003 -13"><span class='ocrx_word' id='word_1_248' title='bbox 1490 1194 1592 1242; x_wconf 86' lang='lat' dir='ltr'><strong>Quid</strong></span> <span class='ocrx_word' id='word_1_249' title='bbox 1609 1194 1753 1231; x_wconf 88' lang='lat' dir='ltr'><strong>barbati</strong></span> <span class='ocrx_word' id='word_1_250' title='bbox 1772 1195 1911 1231; x_wconf 85' lang='lat' dir='ltr'><strong>dicturi</strong></span> <span class='ocrx_word' id='word_1_251' title='bbox 1929 1203 2017 1232; x_wconf 89' lang='lat' dir='ltr'><strong>sunt</strong></span> <span class='ocrx_word' id='word_1_252' title='bbox 2030 1196 2204 1243; x_wconf 85' lang='lat' dir='ltr'><strong>juvenes,</strong></span> 
     </span>
    </p>

    <p class='ocr_par' dir='ltr' id='par_1_33' title="bbox 1489 1255 2229 1305">
     <span class='ocr_line' id='line_1_56' title="bbox 1489 1255 2229 1305; baseline 0 -14"><span class='ocrx_word' id='word_1_253' title='bbox 1489 1255 1661 1292; x_wconf 88' lang='lat' dir='ltr'><strong>Delicatae</strong></span> <span class='ocrx_word' id='word_1_254' title='bbox 1675 1267 1793 1305; x_wconf 90' lang='lat' dir='ltr'><strong>quum</strong></span> <span class='ocrx_word' id='word_1_255' title='bbox 1811 1256 1888 1292; x_wconf 85' lang='lat' dir='ltr'><strong>haec</strong></span> <span class='ocrx_word' id='word_1_256' title='bbox 1906 1255 2026 1292; x_wconf 88' lang='lat' dir='ltr'><strong>ferant</strong></span> <span class='ocrx_word' id='word_1_257' title='bbox 2043 1255 2229 1305; x_wconf 85' lang='lat' dir='ltr'><strong>virgines?</strong></span> 
     </span>
    </p>

    <p class='ocr_par' dir='ltr' id='par_1_34' title="bbox 1490 1316 2138 1362">
     <span class='ocr_line' id='line_1_57' title="bbox 1490 1316 2138 1362; baseline 0.002 -10"><span class='ocrx_word' id='word_1_258' title='bbox 1490 1316 1693 1353; x_wconf 87' lang='lat' dir='ltr'><strong>Erubescat</strong></span> <span class='ocrx_word' id='word_1_259' title='bbox 1709 1316 1756 1352; x_wconf 91' lang='lat' dir='ltr'><strong>ad</strong></span> <span class='ocrx_word' id='word_1_260' title='bbox 1773 1316 1851 1353; x_wconf 83' lang='lat' dir='ltr'><strong>haec</strong></span> <span class='ocrx_word' id='word_1_261' title='bbox 1869 1328 1975 1353; x_wconf 86' lang='lat' dir='ltr'><strong>sexus</strong></span> <span class='ocrx_word' id='word_1_262' title='bbox 1994 1316 2138 1362; x_wconf 86' lang='lat' dir='ltr'><strong>fortior,</strong></span> 
     </span>
    </p>

    <p class='ocr_par' dir='ltr' id='par_1_35' title="bbox 1490 1376 2074 1488">
     <span class='ocr_line' id='line_1_58' title="bbox 1490 1376 2074 1414; baseline 0.002 -1"><span class='ocrx_word' id='word_1_263' title='bbox 1490 1376 1565 1414; x_wconf 88' lang='lat' dir='ltr'><strong>Ubi</strong></span> <span class='ocrx_word' id='word_1_264' title='bbox 1582 1383 1685 1413; x_wconf 87' lang='lat' dir='ltr'><strong>tanta</strong></span> <span class='ocrx_word' id='word_1_265' title='bbox 1702 1378 1860 1414; x_wconf 84' lang='lat' dir='ltr'><strong>sustinet</strong></span> <span class='ocrx_word' id='word_1_266' title='bbox 1876 1377 2074 1414; x_wconf 86' lang='lat' dir='ltr'><strong>infirmior.</strong></span> 
     </span>
     <span class='ocr_line' id='line_1_59' title="bbox 1535 1436 1918 1488; baseline 0 -14"><span class='ocrx_word' id='word_1_267' title='bbox 1535 1437 1679 1475; x_wconf 87' lang='lat' dir='ltr'><strong>Christi</strong></span> <span class='ocrx_word' id='word_1_268' title='bbox 1696 1436 1810 1482; x_wconf 87' lang='lat' dir='ltr'><strong>decus</strong></span> <span class='ocrx_word' id='word_1_269' title='bbox 1819 1445 1918 1488; x_wconf 65' lang='lat' dir='ltr'><strong>,‚etc.</strong></span> 
     </span>
    </p>
   </div>
   <div class='ocr_carea' id='block_1_17' title="bbox 1891 1591 2012 1628">
    <p class='ocr_par' dir='ltr' id='par_1_36' title="bbox 1891 1591 2012 1628">
     <span class='ocr_line' id='line_1_60' title="bbox 1891 1591 2012 1628; baseline 0 -1"><span class='ocrx_word' id='word_1_270' title='bbox 1891 1591 2012 1628; x_wconf 88' lang='lat' dir='ltr'><strong>XCII.</strong></span> 
     </span>
    </p>
   </div>
   <div class='ocr_carea' id='block_1_18' title="bbox 1490 1735 2251 2089">
    <p class='ocr_par' dir='ltr' id='par_1_37' title="bbox 1490 1735 2251 2089">
     <span class='ocr_line' id='line_1_61' title="bbox 1491 1735 2178 1785; baseline 0.001 -13"><span class='ocrx_word' id='word_1_271' title='bbox 1491 1737 1643 1783; x_wconf 87' lang='lat' dir='ltr'><strong>Quanto</strong></span> <span class='ocrx_word' id='word_1_272' title='bbox 1661 1748 1794 1785; x_wconf 88' lang='lat' dir='ltr'><strong>sponso</strong></span> <span class='ocrx_word' id='word_1_273' title='bbox 1812 1735 1931 1773; x_wconf 86' lang='lat' dir='ltr'><strong>fidelis</strong></span> <span class='ocrx_word' id='word_1_274' title='bbox 1948 1736 2024 1773; x_wconf 83' lang='lat' dir='ltr'><strong>haec</strong></span> <span class='ocrx_word' id='word_1_275' title='bbox 2043 1737 2157 1773; x_wconf 83' lang='lat' dir='ltr'><strong>suerit</strong></span> <span class='ocrx_word' id='word_1_276' title='bbox 2169 1766 2178 1781; x_wconf 91' lang='lat'><strong>,</strong></span> 
     </span>
     <span class='ocr_line' id='line_1_62' title="bbox 1492 1797 2213 1847; baseline 0.001 -14"><span class='ocrx_word' id='word_1_277' title='bbox 1492 1797 1586 1834; x_wconf 92' lang='lat' dir='ltr'><strong>Tam</strong></span> <span class='ocrx_word' id='word_1_278' title='bbox 1603 1797 1718 1846; x_wconf 91' lang='lat' dir='ltr'><strong>ipsius</strong></span> <span class='ocrx_word' id='word_1_279' title='bbox 1735 1798 1808 1834; x_wconf 86' lang='lat' dir='ltr'><strong>vita</strong></span> <span class='ocrx_word' id='word_1_280' title='bbox 1825 1810 1938 1847; x_wconf 90' lang='lat' dir='ltr'><strong>quam</strong></span> <span class='ocrx_word' id='word_1_281' title='bbox 1955 1810 2056 1835; x_wconf 87' lang='lat' dir='ltr'><strong>mors</strong></span> <span class='ocrx_word' id='word_1_282' title='bbox 2072 1798 2213 1835; x_wconf 89' lang='lat' dir='ltr'><strong>docuit.</strong></span> 
     </span>
     <span class='ocr_line' id='line_1_63' title="bbox 1490 1857 2165 1906; baseline 0.001 -12"><span class='ocrx_word' id='word_1_283' title='bbox 1490 1857 1558 1894; x_wconf 91' lang='lat' dir='ltr'><strong>Illa</strong></span> <span class='ocrx_word' id='word_1_284' title='bbox 1573 1869 1708 1906; x_wconf 88' lang='lat' dir='ltr'><strong>corpus</strong></span> <span class='ocrx_word' id='word_1_285' title='bbox 1724 1858 1914 1906; x_wconf 86' lang='lat' dir='ltr'><strong>integrum</strong></span> <span class='ocrx_word' id='word_1_286' title='bbox 1933 1858 2143 1895; x_wconf 89' lang='lat' dir='ltr'><strong>custodiens</strong></span> <span class='ocrx_word' id='word_1_287' title='bbox 2155 1887 2165 1903; x_wconf 89' lang='lat'><strong>,</strong></span> 
     </span>
     <span class='ocr_line' id='line_1_64' title="bbox 1491 1917 2181 1966; baseline 0 -11"><span class='ocrx_word' id='word_1_288' title='bbox 1491 1919 1578 1955; x_wconf 70' lang='lat' dir='ltr'><strong>Haec</strong></span> <span class='ocrx_word' id='word_1_289' title='bbox 1595 1917 1712 1966; x_wconf 89' lang='lat' dir='ltr'><strong>ipsius</strong></span> <span class='ocrx_word' id='word_1_290' title='bbox 1725 1917 1984 1955; x_wconf 89' lang='lat' dir='ltr'><strong>holocaustum</strong></span> <span class='ocrx_word' id='word_1_291' title='bbox 2002 1918 2159 1955; x_wconf 84' lang='lat' dir='ltr'><strong>offerens</strong></span> <span class='ocrx_word' id='word_1_292' title='bbox 2171 1947 2181 1963; x_wconf 97' lang='lat'><strong>,</strong></span> 
     </span>
     <span class='ocr_line' id='line_1_65' title="bbox 1538 1979 2211 2029; baseline -0.001 -12"><span class='ocrx_word' id='word_1_293' title='bbox 1538 1979 1661 2028; x_wconf 88' lang='lat' dir='ltr'><strong>Virgo</strong></span> <span class='ocrx_word' id='word_1_294' title='bbox 1676 1991 1828 2027; x_wconf 79' lang='lat' dir='ltr'><strong>sponsa,</strong></span> <span class='ocrx_word' id='word_1_295' title='bbox 1847 1980 1951 2029; x_wconf 85' lang='lat' dir='ltr'><strong>virgo</strong></span> <span class='ocrx_word' id='word_1_296' title='bbox 1970 1992 2124 2029; x_wconf 87' lang='lat' dir='ltr'><strong>sponsus</strong></span> <span class='ocrx_word' id='word_1_297' title='bbox 2142 1988 2211 2025; x_wconf 87' lang='lat' dir='ltr'><strong>est,</strong></span> 
     </span>
     <span class='ocr_line' id='line_1_66' title="bbox 1538 2039 2251 2089; baseline 0 -14"><span class='ocrx_word' id='word_1_298' title='bbox 1538 2039 1682 2088; x_wconf 85' lang='lat' dir='ltr'><strong>Sponsa</strong></span> <span class='ocrx_word' id='word_1_299' title='bbox 1697 2046 1828 2085; x_wconf 88' lang='lat' dir='ltr'><strong>mater,</strong></span> <span class='ocrx_word' id='word_1_300' title='bbox 1848 2053 2004 2089; x_wconf 88' lang='lat' dir='ltr'><strong>sponsus</strong></span> <span class='ocrx_word' id='word_1_301' title='bbox 2023 2049 2165 2089; x_wconf 88' lang='lat' dir='ltr'><strong>martyr</strong></span> <span class='ocrx_word' id='word_1_302' title='bbox 2185 2049 2251 2078; x_wconf 88' lang='lat' dir='ltr'><strong>est.</strong></span> 
     </span>
    </p>
   </div>
   <div class='ocr_carea' id='block_1_19' title="bbox 1491 2147 2246 2488">
    <p class='ocr_par' dir='ltr' id='par_1_38' title="bbox 1491 2147 2227 2198">
     <span class='ocr_line' id='line_1_67' title="bbox 1491 2147 2227 2198; baseline 0.003 -14"><span class='ocrx_word' id='word_1_303' title='bbox 1491 2147 1621 2184; x_wconf 88' lang='lat' dir='ltr'><strong>Talem</strong></span> <span class='ocrx_word' id='word_1_304' title='bbox 1636 2159 1813 2197; x_wconf 92' lang='lat' dir='ltr'><strong>sponsum</strong></span> <span class='ocrx_word' id='word_1_305' title='bbox 1829 2148 1911 2185; x_wconf 84' lang='lat' dir='ltr'><strong>talis</strong></span> <span class='ocrx_word' id='word_1_306' title='bbox 1928 2161 2060 2198; x_wconf 89' lang='lat' dir='ltr'><strong>sponsa</strong></span> <span class='ocrx_word' id='word_1_307' title='bbox 2077 2149 2205 2186; x_wconf 84' lang='lat' dir='ltr'><strong>decuit</strong></span> <span class='ocrx_word' id='word_1_308' title='bbox 2217 2178 2227 2193; x_wconf 86' lang='lat'><strong>,</strong></span> 
     </span>
    </p>

    <p class='ocr_par' dir='ltr' id='par_1_39' title="bbox 1491 2209 2171 2260">
     <span class='ocr_line' id='line_1_68' title="bbox 1491 2209 2171 2260; baseline 0.004 -16"><span class='ocrx_word' id='word_1_309' title='bbox 1491 2209 1583 2256; x_wconf 86' lang='lat' dir='ltr'><strong>Quae</strong></span> <span class='ocrx_word' id='word_1_310' title='bbox 1599 2215 1725 2246; x_wconf 73' lang='lat' dir='ltr'><strong>secuta</strong></span> <span class='ocrx_word' id='word_1_311' title='bbox 1742 2209 1808 2254; x_wconf 84' lang='lat' dir='ltr'><strong>sit,</strong></span> <span class='ocrx_word' id='word_1_312' title='bbox 1825 2221 2049 2260; x_wconf 83' lang='lat' dir='ltr'><strong>quocunque</strong></span> <span class='ocrx_word' id='word_1_313' title='bbox 2067 2210 2171 2255; x_wconf 85' lang='lat' dir='ltr'><strong>ierit,</strong></span> 
     </span>
    </p>

    <p class='ocr_par' dir='ltr' id='par_1_40' title="bbox 1491 2269 2246 2316">
     <span class='ocr_line' id='line_1_69' title="bbox 1491 2269 2246 2316; baseline 0.001 -11"><span class='ocrx_word' id='word_1_314' title='bbox 1491 2270 1597 2316; x_wconf 88' lang='lat' dir='ltr'><strong>Quos</strong></span> <span class='ocrx_word' id='word_1_315' title='bbox 1611 2281 1680 2306; x_wconf 89' lang='lat' dir='ltr'><strong>nec</strong></span> <span class='ocrx_word' id='word_1_316' title='bbox 1695 2281 1803 2306; x_wconf 81' lang='lat' dir='ltr'><strong>sacrae</strong></span> <span class='ocrx_word' id='word_1_317' title='bbox 1820 2270 1940 2306; x_wconf 88' lang='lat' dir='ltr'><strong>carnis</strong></span> <span class='ocrx_word' id='word_1_318' title='bbox 1956 2269 2069 2307; x_wconf 93' lang='lat' dir='ltr'><strong>decor</strong></span> <span class='ocrx_word' id='word_1_319' title='bbox 2086 2269 2246 2314; x_wconf 87' lang='lat' dir='ltr'><strong>dividat,</strong></span> 
     </span>
    </p>

    <p class='ocr_par' dir='ltr' id='par_1_41' title="bbox 1492 2329 2197 2488">
     <span class='ocr_line' id='line_1_70' title="bbox 1492 2329 2177 2380; baseline 0.001 -14"><span class='ocrx_word' id='word_1_320' title='bbox 1492 2330 1570 2366; x_wconf 88' lang='lat' dir='ltr'><strong>Nec</strong></span> <span class='ocrx_word' id='word_1_321' title='bbox 1587 2330 1626 2366; x_wconf 91' lang='lat' dir='ltr'><strong>in</strong></span> <span class='ocrx_word' id='word_1_322' title='bbox 1643 2337 1763 2367; x_wconf 88' lang='lat' dir='ltr'><strong>morte</strong></span> <span class='ocrx_word' id='word_1_323' title='bbox 1781 2329 1907 2379; x_wconf 87' lang='lat' dir='ltr'><strong>dispar</strong></span> <span class='ocrx_word' id='word_1_324' title='bbox 1921 2343 2026 2367; x_wconf 87' lang='lat' dir='ltr'><strong>amor</strong></span> <span class='ocrx_word' id='word_1_325' title='bbox 2043 2338 2177 2380; x_wconf 86' lang='lat' dir='ltr'><strong>pateat.</strong></span> 
     </span>
     <span class='ocr_line' id='line_1_71' title="bbox 1539 2389 2197 2440; baseline 0.003 -14"><span class='ocrx_word' id='word_1_326' title='bbox 1539 2389 1827 2440; x_wconf 86' lang='lat' dir='ltr'><strong>Subsequuntur</strong></span> <span class='ocrx_word' id='word_1_327' title='bbox 1844 2403 2021 2439; x_wconf 89' lang='lat' dir='ltr'><strong>sponsum</strong></span> <span class='ocrx_word' id='word_1_328' title='bbox 2038 2399 2174 2428; x_wconf 83' lang='lat' dir='ltr'><strong>caeterae</strong></span> <span class='ocrx_word' id='word_1_329' title='bbox 2189 2408 2197 2435; x_wconf 89' lang='lat'>;</span> 
     </span>
     <span class='ocr_line' id='line_1_72' title="bbox 1537 2450 2038 2488; baseline 0.004 -2"><span class='ocrx_word' id='word_1_330' title='bbox 1537 2450 1624 2487; x_wconf 87' lang='lat' dir='ltr'><strong>Haec</strong></span> <span class='ocrx_word' id='word_1_331' title='bbox 1642 2450 1783 2487; x_wconf 90' lang='lat' dir='ltr'><strong>incedit</strong></span> <span class='ocrx_word' id='word_1_332' title='bbox 1801 2451 1896 2488; x_wconf 84' lang='lat' dir='ltr'><strong>victo</strong></span> <span class='ocrx_word' id='word_1_333' title='bbox 1911 2451 2038 2488; x_wconf 89' lang='lat' dir='ltr'><strong>latere.</strong></span> 
     </span>
    </p>
   </div>
   <div class='ocr_carea' id='block_1_20' title="bbox 1490 2557 2202 2606">
    <p class='ocr_par' dir='ltr' id='par_1_42' title="bbox 1490 2557 2202 2606">
     <span class='ocr_line' id='line_1_73' title="bbox 1490 2557 2202 2606; baseline 0.003 -14"><span class='ocrx_word' id='word_1_334' title='bbox 1490 2557 1539 2593; x_wconf 87' lang='lat' dir='ltr'><strong>Et</strong></span> <span class='ocrx_word' id='word_1_335' title='bbox 1554 2557 1683 2605; x_wconf 85' lang='lat' dir='ltr'><strong>regina</strong></span> <span class='ocrx_word' id='word_1_336' title='bbox 1700 2557 1825 2605; x_wconf 86' lang='lat' dir='ltr'><strong>sponsi</strong></span> <span class='ocrx_word' id='word_1_337' title='bbox 1843 2564 1975 2594; x_wconf 88' lang='lat' dir='ltr'><strong>tenens</strong></span> <span class='ocrx_word' id='word_1_338' title='bbox 1992 2557 2202 2606; x_wconf 83' lang='lat' dir='ltr'><strong>dexteram,</strong></span> 
     </span>
    </p>
   </div>
   <div class='ocr_carea' id='block_1_21' title="bbox 1490 2617 2282 2666">
    <p class='ocr_par' dir='ltr' id='par_1_43' title="bbox 1490 2617 2282 2666">
     <span class='ocr_line' id='line_1_74' title="bbox 1490 2617 2282 2666; baseline 0 -11"><span class='ocrx_word' id='word_1_339' title='bbox 1490 2617 1786 2666; x_wconf 85' lang='lat' dir='ltr'><strong>Subsequentem</strong></span> <span class='ocrx_word' id='word_1_340' title='bbox 1803 2617 1953 2654; x_wconf 84' lang='lat' dir='ltr'><strong>turbam</strong></span> <span class='ocrx_word' id='word_1_341' title='bbox 1971 2617 2084 2655; x_wconf 84' lang='lat' dir='ltr'><strong>habet</strong></span> <span class='ocrx_word' id='word_1_342' title='bbox 2102 2625 2282 2655; x_wconf 78' lang='lat' dir='ltr'><strong>caeteram.</strong></span> 
     </span>
    </p>
   </div>
   <div class='ocr_carea' id='block_1_22' title="bbox 1490 2676 2239 2908">
    <p class='ocr_par' dir='ltr' id='par_1_44' title="bbox 1490 2676 2052 2725">
     <span class='ocr_line' id='line_1_75' title="bbox 1490 2676 2052 2725; baseline -0.002 -10"><span class='ocrx_word' id='word_1_343' title='bbox 1490 2678 1537 2715; x_wconf 88' lang='lat' dir='ltr'><strong>In</strong></span> <span class='ocrx_word' id='word_1_344' title='bbox 1553 2677 1688 2714; x_wconf 85' lang='lat' dir='ltr'><strong>vestitu</strong></span> <span class='ocrx_word' id='word_1_345' title='bbox 1705 2676 1883 2714; x_wconf 85' lang='lat' dir='ltr'><strong>deaurato</strong></span> <span class='ocrx_word' id='word_1_346' title='bbox 1898 2677 2052 2725; x_wconf 88' lang='lat' dir='ltr'><strong>renitet,</strong></span> 
     </span>
    </p>

    <p class='ocr_par' dir='ltr' id='par_1_45' title="bbox 1492 2737 2239 2908">
     <span class='ocr_line' id='line_1_76' title="bbox 1492 2737 2239 2788; baseline 0 -13"><span class='ocrx_word' id='word_1_347' title='bbox 1492 2739 1538 2775; x_wconf 90' lang='lat' dir='ltr'><strong>Et</strong></span> <span class='ocrx_word' id='word_1_348' title='bbox 1553 2749 1633 2788; x_wconf 85' lang='lat' dir='ltr'><strong>quae</strong></span> <span class='ocrx_word' id='word_1_349' title='bbox 1651 2750 1804 2775; x_wconf 86' lang='lat' dir='ltr'><strong>coronas</strong></span> <span class='ocrx_word' id='word_1_350' title='bbox 1821 2737 2049 2786; x_wconf 85' lang='lat' dir='ltr'><strong>supradictas</strong></span> <span class='ocrx_word' id='word_1_351' title='bbox 2065 2739 2239 2788; x_wconf 84' lang='lat' dir='ltr'><strong>possidet.</strong></span> 
     </span>
     <span class='ocr_line' id='line_1_77' title="bbox 1535 2799 2146 2847; baseline -0.002 -11"><span class='ocrx_word' id='word_1_352' title='bbox 1535 2799 1760 2836; x_wconf 85' lang='lat' dir='ltr'><strong>Caeterarum</strong></span> <span class='ocrx_word' id='word_1_353' title='bbox 1779 2799 1852 2835; x_wconf 88' lang='lat' dir='ltr'><strong>hoc</strong></span> <span class='ocrx_word' id='word_1_354' title='bbox 1870 2806 1926 2835; x_wconf 88' lang='lat' dir='ltr'><strong>est</strong></span> <span class='ocrx_word' id='word_1_355' title='bbox 1941 2799 2124 2847; x_wconf 89' lang='lat' dir='ltr'><strong>optimum</strong></span> <span class='ocrx_word' id='word_1_356' title='bbox 2136 2829 2146 2844; x_wconf 92' lang='lat'><strong>,</strong></span> 
     </span>
     <span class='ocr_line' id='line_1_78' title="bbox 1538 2859 2113 2908; baseline 0 -13"><span class='ocrx_word' id='word_1_357' title='bbox 1538 2860 1802 2908; x_wconf 80' lang='lat' dir='ltr'><strong>Incorruptum</strong></span> <span class='ocrx_word' id='word_1_358' title='bbox 1819 2866 1875 2895; x_wconf 88' lang='lat' dir='ltr'><strong>est</strong></span> <span class='ocrx_word' id='word_1_359' title='bbox 1890 2866 1928 2895; x_wconf 90' lang='lat' dir='ltr'><strong>et</strong></span> <span class='ocrx_word' id='word_1_360' title='bbox 1945 2859 2113 2896; x_wconf 90' lang='lat' dir='ltr'><strong>rutilum.</strong></span> 
     </span>
    </p>
   </div>
   <div class='ocr_carea' id='block_1_23' title="bbox 1487 2966 2221 3317">
    <p class='ocr_par' dir='ltr' id='par_1_46' title="bbox 1487 2966 2221 3317">
     <span class='ocr_line' id='line_1_79' title="bbox 1489 2966 2133 3010; baseline 0 -8"><span class='ocrx_word' id='word_1_361' title='bbox 1489 2967 1637 3002; x_wconf 87' lang='lat' dir='ltr'><strong>Sertum</strong></span> <span class='ocrx_word' id='word_1_362' title='bbox 1655 2966 1767 3010; x_wconf 85' lang='lat' dir='ltr'><strong>rosis,</strong></span> <span class='ocrx_word' id='word_1_363' title='bbox 1788 2966 1973 3001; x_wconf 79' lang='lat' dir='ltr'><strong>intextum</strong></span> <span class='ocrx_word' id='word_1_364' title='bbox 1991 2973 2028 3002; x_wconf 85' lang='lat' dir='ltr'><strong>et</strong></span> <span class='ocrx_word' id='word_1_365' title='bbox 2046 2966 2133 3002; x_wconf 88' lang='lat' dir='ltr'><strong>liliis</strong></span> 
     </span>
     <span class='ocr_line' id='line_1_80' title="bbox 1487 3023 2186 3075; baseline -0.001 -12"><span class='ocrx_word' id='word_1_366' title='bbox 1487 3023 1585 3064; x_wconf 88' lang='lat' dir='ltr'><strong>Sunt</strong></span> <span class='ocrx_word' id='word_1_367' title='bbox 1599 3026 1745 3075; x_wconf 88' lang='lat' dir='ltr'><strong>insigne</strong></span> <span class='ocrx_word' id='word_1_368' title='bbox 1763 3026 1936 3075; x_wconf 85' lang='lat' dir='ltr'><strong>martyris</strong></span> <span class='ocrx_word' id='word_1_369' title='bbox 1953 3033 1992 3063; x_wconf 88' lang='lat' dir='ltr'><strong>et</strong></span> <span class='ocrx_word' id='word_1_370' title='bbox 2013 3026 2186 3074; x_wconf 87' lang='lat' dir='ltr'><strong>virginis,</strong></span> 
     </span>
     <span class='ocr_line' id='line_1_81' title="bbox 1488 3085 2171 3125; baseline 0.001 -2"><span class='ocrx_word' id='word_1_371' title='bbox 1488 3087 1533 3123; x_wconf 91' lang='lat' dir='ltr'><strong>In</strong></span> <span class='ocrx_word' id='word_1_372' title='bbox 1555 3085 1709 3123; x_wconf 89' lang='lat' dir='ltr'><strong>odorem</strong></span> <span class='ocrx_word' id='word_1_373' title='bbox 1726 3086 1880 3123; x_wconf 83' lang='lat' dir='ltr'><strong>Christo</strong></span> <span class='ocrx_word' id='word_1_374' title='bbox 1899 3087 2171 3125; x_wconf 77' lang='lat' dir='ltr'><strong>suavissimum.</strong></span> 
     </span>
     <span class='ocr_line' id='line_1_82' title="bbox 1488 3147 2221 3195; baseline 0.001 -11"><span class='ocrx_word' id='word_1_375' title='bbox 1488 3148 1631 3195; x_wconf 75' lang='lat' dir='ltr'><strong>Max-tyr</strong></span> <span class='ocrx_word' id='word_1_376' title='bbox 1649 3158 1788 3192; x_wconf 89' lang='lat' dir='ltr'><strong>rosam,</strong></span> <span class='ocrx_word' id='word_1_377' title='bbox 1808 3147 1913 3195; x_wconf 85' lang='lat' dir='ltr'><strong>virgo</strong></span> <span class='ocrx_word' id='word_1_378' title='bbox 1928 3147 2072 3195; x_wconf 81' lang='lat' dir='ltr'><strong>profert</strong></span> <span class='ocrx_word' id='word_1_379' title='bbox 2086 3147 2221 3185; x_wconf 89' lang='lat' dir='ltr'><strong>lilium.</strong></span> 
     </span>
     <span class='ocr_line' id='line_1_83' title="bbox 1537 3206 2063 3256; baseline 0 -13"><span class='ocrx_word' id='word_1_380' title='bbox 1537 3207 1762 3244; x_wconf 89' lang='lat' dir='ltr'><strong>Indumenta</strong></span> <span class='ocrx_word' id='word_1_381' title='bbox 1777 3206 1868 3243; x_wconf 84' lang='lat' dir='ltr'><strong>dant</strong></span> <span class='ocrx_word' id='word_1_382' title='bbox 1884 3206 2063 3256; x_wconf 86' lang='lat' dir='ltr'><strong>insignia,</strong></span> 
     </span>
     <span class='ocr_line' id='line_1_84' title="bbox 1537 3267 2178 3317; baseline 0.002 -12"><span class='ocrx_word' id='word_1_383' title='bbox 1537 3267 1683 3305; x_wconf 89' lang='lat' dir='ltr'><strong>Cadens</strong></span> <span class='ocrx_word' id='word_1_384' title='bbox 1700 3267 1848 3315; x_wconf 88' lang='lat' dir='ltr'><strong>byssus,</strong></span> <span class='ocrx_word' id='word_1_385' title='bbox 1869 3268 1981 3304; x_wconf 91' lang='lat' dir='ltr'><strong>rubra</strong></span> <span class='ocrx_word' id='word_1_386' title='bbox 1998 3281 2178 3317; x_wconf 89' lang='lat' dir='ltr'><strong>purpura.</strong></span> 
     </span>
    </p>
   </div>
   <div class='ocr_carea' id='block_1_24' title="bbox 1489 3377 2235 3430">
    <p class='ocr_par' dir='ltr' id='par_1_47' title="bbox 1489 3377 2235 3430">
     <span class='ocr_line' id='line_1_85' title="bbox 1489 3377 2235 3430; baseline 0 -12"><span class='ocrx_word' id='word_1_387' title='bbox 1489 3381 1642 3418; x_wconf 88' lang='lat' dir='ltr'><strong>Pulchri</strong></span> <span class='ocrx_word' id='word_1_388' title='bbox 1663 3393 1809 3430; x_wconf 89' lang='lat' dir='ltr'><strong>gressus</strong></span> <span class='ocrx_word' id='word_1_389' title='bbox 1823 3381 1903 3429; x_wconf 88' lang='lat' dir='ltr'><strong>ejus</strong></span> <span class='ocrx_word' id='word_1_390' title='bbox 1923 3382 2064 3418; x_wconf 88' lang='lat' dir='ltr'><strong>suntin</strong></span> <span class='ocrx_word' id='word_1_391' title='bbox 2084 3377 2235 3427; x_wconf 84' lang='lat' dir='ltr'><strong>calceis,</strong></span> 
     </span>
    </p>
   </div>
   <div class='ocr_carea' id='block_1_25' title="bbox 1490 3441 2277 3490">
    <p class='ocr_par' dir='ltr' id='par_1_48' title="bbox 1490 3441 2277 3490">
     <span class='ocr_line' id='line_1_86' title="bbox 1490 3441 2277 3490; baseline 0.001 -12"><span class='ocrx_word' id='word_1_392' title='bbox 1490 3443 1595 3489; x_wconf 88' lang='lat' dir='ltr'><strong>Quos</strong></span> <span class='ocrx_word' id='word_1_393' title='bbox 1612 3449 1650 3478; x_wconf 92' lang='lat' dir='ltr'><strong>et</strong></span> <span class='ocrx_word' id='word_1_394' title='bbox 1668 3453 1824 3490; x_wconf 83' lang='lat' dir='ltr'><strong>sponsus</strong></span> <span class='ocrx_word' id='word_1_395' title='bbox 1841 3441 2038 3478; x_wconf 90' lang='lat' dir='ltr'><strong>conlaudat</strong></span> <span class='ocrx_word' id='word_1_396' title='bbox 2057 3443 2096 3479; x_wconf 93' lang='lat' dir='ltr'><strong>in</strong></span> <span class='ocrx_word' id='word_1_397' title='bbox 2115 3444 2277 3479; x_wconf 52' lang='lat' dir='ltr'><strong>canticisv</strong></span> 
     </span>
    </p>
   </div>
   <div class='ocr_carea' id='block_1_26' title="bbox 2377 391 2473 438">
    <p class='ocr_par' dir='ltr' id='par_1_49' title="bbox 2377 391 2473 438">
     <span class='ocr_line' id='line_1_87' title="bbox 2377 391 2473 438; baseline 0 -1"><span class='ocrx_word' id='word_1_398' title='bbox 2377 391 2473 438; x_wconf 82' lang='lat'><strong>327</strong></span> 
     </span>
    </p>
   </div>
  </div>
 </body>
</html>
