2970 4152
1212 413 1528 461 EPISTOLAE.
2333 415 2349 458 4
2362 414 2422 459 25

318 511 455 558 Unde
471 510 714 558 Matthaeus
728 546 740 570 ,
753 525 905 574 quum
920 508 983 556 de
1008 523 1058 555 se
1074 508 1250 572 pariter
1263 517 1310 555 et
1325 507 1501 554 caeteris
1524 505 1774 552 retulisset¹
1798 524 1808 551 :
1836 523 1860 549 «
1880 508 2010 551 Tunc
2026 503 2244 569 discipuli
2262 520 2428 551 omnes

317 591 480 638 relicto
513 605 572 637 eo
607 590 851 654 fugerunt,
882 607 908 633 »
935 587 1333 653 perseverantiam
1373 585 1683 651 postmodum
1713 586 1962 650 supposuit
2003 585 2284 643 mulierum,
2326 602 2430 649 quae

316 671 406 736 ipsi
423 671 565 718 etiam
583 670 809 718 crucifixo
825 679 1058 734 quantum
1080 667 1447 733 permittebatur
1468 664 1760 713 assistebant.
1794 685 1816 711 α
1840 669 1987 712 Erant
2001 703 2013 726 ,
2041 686 2064 710 »
2085 666 2288 730 inquit²,
2321 686 2343 711 «
2365 666 2429 712 ibi

318 751 538 798 mulieres
555 751 714 799 multae
737 767 764 796 a
788 749 952 814 longe,
974 766 1079 813 quae
1103 759 1274 796 secutae
1298 749 1483 795 fuerant
1501 750 1660 794 Jesum
1685 763 1711 793 a
1736 747 1926 794 Galilaea
1941 784 1953 806 ,
1982 748 2299 794 ministrantes
2324 749 2382 795 ei.
2405 768 2426 791 »

317 833 446 888 Quas
480 831 687 894 denique
720 830 867 894 ipsius
891 845 1085 893 quoque
1110 828 1327 894 sepulcro
1364 827 1671 874 immobiliter
1700 827 1993 874 adhaerentes
2021 828 2150 875 idem
2183 828 2433 892 diligenter

318 910 600 974 evangelista
626 909 872 969 describit,
894 909 1056 955 dicens
1078 910 1093 934 ⁸
1114 927 1123 954 :
1152 928 1176 953 «
1200 911 1347 955 Erant
1369 918 1529 955 autem
1554 908 1698 955 Maria
1722 907 2019 970 Magdalene,
2056 917 2102 954 et
2120 908 2264 955 altera
2288 910 2433 955 Maria

318 989 536 1037 sedentes
574 999 741 1036 contra
775 988 1064 1054 sepulcrum.
1092 1007 1116 1032 »
1143 990 1214 1036 De
1247 988 1420 1052 quibus
1445 988 1584 1034 etiam
1612 986 1888 1034 mulieribus
1922 990 2108 1034 Marcus
2142 1004 2434 1035 commemo-

318 1084 426 1116 rans
468 1068 532 1115 ait
549 1069 564 1092 ¹*
589 1087 600 1114 z
629 1070 823 1115 «Erant
855 1077 1015 1114 autem
1048 1077 1095 1114 et
1127 1067 1349 1115 mulieres
1395 1067 1456 1114 de
1501 1067 1642 1131 longe
1680 1067 1980 1132 aspicientes,
2014 1068 2138 1114 inter
2181 1084 2298 1131 quas
2333 1080 2433 1115 erat

318 1148 618 1212 Magdalene,
641 1158 687 1195 et
704 1149 851 1194 Maria
875 1146 1039 1194 Jacohi
1061 1147 1285 1207 minoriS,
1314 1157 1362 1194 et
1382 1146 1558 1212 Joseph
1581 1156 1749 1205 mater,
1772 1156 1819 1193 et
1833 1146 2036 1193 Salome.
2066 1149 2125 1193 Et
2146 1163 2293 1210 quum
2315 1158 2435 1195 esset

319 1228 367 1274 in
392 1229 571 1276 Galilea
588 1228 908 1293 sequebantur
926 1244 1038 1275 eum
1051 1263 1063 1286 ,
1086 1237 1132 1274 et
1151 1226 1482 1274 ministrabant
1506 1227 1571 1284 ei,
1593 1236 1641 1274 et
1663 1226 1764 1293 aliae
1780 1226 1938 1274 multae
1960 1243 2065 1291 quae
2089 1226 2228 1273 simul
2247 1243 2355 1272 cum
2376 1244 2433 1274 eo

318 1309 631 1357 ascenderant
654 1309 1049 1372 Hierosolymam.
1084 1327 1107 1353 »
1136 1309 1326 1355 Stetisse
1350 1318 1509 1355 autem
1523 1308 1657 1371 juxta
1674 1324 1863 1355 crucem
1879 1345 1891 1367 ,
1920 1318 1967 1355 et
1984 1307 2208 1355 crucifixo
2227 1325 2276 1355 se
2296 1309 2434 1355 etiam

319 1389 517 1436 astitisse
559 1392 792 1448 Joannes,
814 1389 898 1454 qui
936 1389 1068 1454 prius
1109 1389 1375 1453 aufugerat,
1403 1398 1590 1447 narrat;
1614 1387 1699 1435 sed
1739 1389 2139 1453 perseverantiam
2169 1388 2407 1452 praemittit
2427 1392 2439 1413 ⁵

319 1469 572 1517 mulierum
586 1506 598 1529 ,
625 1471 760 1535 quasi
783 1486 948 1517 earum
973 1469 1192 1534 exemplo
1219 1470 1454 1517 animatus
1478 1479 1599 1516 esset
1622 1486 1677 1516 ac
1701 1479 1966 1516 revocatus.
1998 1488 2020 1513 «
2044 1468 2240 1516 Stabant
2257 1505 2268 1527 ,
2292 1487 2314 1512 »
2357 1469 2436 1515 in-

319 1550 422 1612 quit
436 1551 466 1608 Β,
498 1570 522 1595 «
546 1550 678 1613 juxta
703 1567 893 1598 crucem
923 1553 1032 1596 Jesu
1063 1559 1214 1597 mater
1239 1549 1362 1613 ejus,
1391 1559 1438 1597 et
1462 1566 1601 1596 soror
1624 1550 1788 1596 matris
1813 1549 1914 1612 ejus
1945 1550 2089 1596 Maria
2114 1548 2360 1614 Cleophae,
2391 1559 2437 1595 et

320 1630 466 1676 Maria
481 1629 772 1693 Magdalene.
787 1633 948 1687 Quum
961 1629 1154 1676 vidisset
1168 1645 1281 1693 ergo
1296 1632 1429 1676 Jesus
1447 1639 1649 1676 matrem
1666 1665 1678 1688 ‚
1696 1639 1743 1676 et
1755 1628 2043 1693 discipulum
2057 1638 2282 1688 stantem,
2301 1638 2389 1675 etc.
2410 1648 2432 1672 »

320 1711 452 1756 Hanc
470 1719 629 1757 autem
655 1720 926 1757 sanctarum
948 1709 1264 1756 constantiam
1293 1709 1569 1769 mulierum,
1596 1719 1643 1756 et
1669 1709 2012 1775 discipulorum
2036 1709 2273 1756 defectum
2297 1708 2438 1772 longe

320 1799 429 1836 ante
446 1788 612 1836 beatus
630 1790 721 1837 Job
737 1791 786 1836 in
806 1805 1011 1854 persona
1026 1790 1221 1836 Domini
1240 1790 1544 1855 prophetavit
1556 1792 1586 1850 ⁷,
1603 1790 1766 1837 dicens
1781 1793 1795 1815 ⁸
1815 1808 1825 1836 :
1850 1809 1874 1835 «
1893 1790 2008 1837 Pelli
2020 1807 2136 1837 meae
2146 1791 2438 1855 consumptis

319 1868 540 1916 carnibus
569 1868 765 1916 adhaesit
801 1885 855 1915 os
890 1884 1078 1927 meum,
1108 1878 1155 1915 et
1179 1868 1403 1915 derelicta
1441 1879 1552 1915 sunt
1581 1869 1918 1915 tantummodo
1955 1868 2079 1916 labia
2117 1870 2241 1916 circa
2274 1869 2440 1916 dentes

319 1964 470 1996 meos.
509 1967 532 1994 >2
564 1952 617 1996 ln
643 1965 749 1996 osse
774 1950 975 2014 quippe,
1004 1948 1138 2013 quod
1162 1964 1353 1996 carnem
1387 1958 1434 1996 et
1462 1948 1634 2014 pellem
1667 1946 1898 1996 sustentat
1925 1959 1973 1996 et
2003 1958 2179 2013 gestat,
2212 1948 2439 1996 fortitudo

319 2037 390 2074 est
406 2029 638 2094 corporis.
652 2031 705 2075 ln
720 2045 922 2093 corpore
939 2028 1082 2093 igitur
1096 2027 1294 2088 Christi,
1317 2028 1450 2093 quod
1469 2038 1539 2076 est
1558 2028 1765 2076 Ecclesia
1778 2065 1790 2088 ,
1813 2045 1868 2075 os
1883 2029 2028 2094 ipsius
2049 2028 2166 2075 dixit
2178 2028 2439 2075 christianae

321 2106 432 2155 fidei
456 2108 622 2156 stabile
647 2108 1035 2167 fundamentum,
1064 2108 1162 2155 sive
1186 2108 1344 2155 fervor
1371 2108 1450 2156 ille
1467 2108 1732 2166 charitatis,
1768 2109 1830 2156 de
1856 2125 1954 2173 quo
1979 2109 2165 2156 canitur
2180 2112 2223 2156 ⁹:
2251 2129 2274 2154 κ
2298 2111 2438 2173 Aquae

321 2186 479 2235 multae
496 2204 595 2235 non
614 2198 842 2254 poterunt
860 2190 1134 2253 extinguere
1158 2188 1454 2237 charitatem.
1474 2208 1499 2234 »
1524 2192 1595 2237 De
1614 2206 1712 2254 quo
1736 2200 1783 2237 et
1802 2190 2055 2254 Apostolus
2069 2193 2096 2216 ¹⁰
2118 2209 2127 2237 :
2156 2209 2180 2235 α
2195 2191 2369 2238 Omnia
2381 2226 2393 2249 ‚
2412 2210 2435 2234 »

320 2265 494 2330 inquit,
527 2287 549 2313 α
583 2267 767 2326 suffert,
790 2268 953 2315 omnia
977 2267 1154 2326 credit,
1184 2268 1348 2315 omnia
1371 2278 1555 2333 sperat,
1578 2270 1742 2316 omnia
1773 2270 1987 2317 sustinet.
2013 2271 2177 2316 »Caro
2201 2280 2359 2317 autem
2390 2269 2438 2316 in

320 2363 523 2412 corpore
541 2365 652 2413 pars
681 2349 880 2396 interior
898 2359 993 2408 est,
1023 2359 1070 2395 et
1096 2348 1231 2413 pellis
1262 2349 1483 2396 exterior.
1515 2350 1729 2414 Apostoli
1753 2366 1867 2413 ergo
1895 2351 2108 2396 interiori
2138 2351 2306 2398 animae
2332 2349 2438 2397 cibo

320 2427 624 2491 praedicando
642 2429 944 2477 intendentes
957 2465 969 2489 ,
994 2439 1042 2476 et
1059 2429 1280 2476 mulieres
1300 2430 1516 2495 corporis
1531 2431 1794 2478 necessaria
1811 2441 2145 2496 procurantes,
2166 2433 2297 2479 carni
2312 2447 2440 2478 com-

321 2518 548 2572 parantur
570 2519 616 2556 et
633 2509 761 2574 pelli.
790 2512 952 2567 Quum
980 2511 1140 2575 itaque
1158 2527 1324 2558 carnes
1348 2521 1761 2570 consumerentur,
1791 2527 1845 2558 os
1868 2511 2040 2558 Christi
2071 2511 2266 2559 adhaesit
2291 2511 2401 2577 pelli
2424 2531 2435 2570 ;

321 2588 432 2651 quia
451 2588 776 2636 scandalizatis
803 2589 851 2636 in
889 2590 1108 2655 passione
1141 2590 1337 2637 Domini
1355 2590 1608 2655 apostolis,
1637 2600 1684 2638 et
1708 2590 1769 2638 de
1798 2601 1953 2638 morte
1976 2591 2123 2655 ipsius
2147 2591 2406 2657 desperatis
2424 2628 2436 2650 ,

321 2677 593 2715 sanctarum
635 2668 829 2716 devotio
860 2669 1143 2716 feminarum
1170 2670 1371 2734 perstitit
1414 2670 1698 2730 immobilis,
1728 2680 1775 2718 et
1811 2670 1871 2717 ab
1901 2687 2008 2718 osse
2038 2671 2210 2719 Christi
2244 2673 2439 2720 minime

321 2749 542 2808 recessit;
571 2749 683 2812 quia
712 2748 850 2807 fidei,
878 2748 954 2796 vel
987 2749 1114 2815 spei,
1141 2749 1218 2797 vel
1244 2749 1483 2797 charitatis
1508 2751 1822 2798 constantiam
1859 2752 2095 2798 intantum
2131 2752 2350 2812 retinuit,
2389 2763 2439 2799 ut

322 2844 411 2876 nec
429 2845 457 2875 a
481 2838 672 2876 mortuo
702 2839 862 2877 mente
898 2829 1282 2894 disjungerentur
1311 2840 1393 2878 aut
1428 2847 1647 2896 corpore.
1680 2820 1801 2878 Sunt
1824 2841 1873 2878 et
1894 2831 1983 2878 viri
2007 2831 2281 2879 naturaliter
2294 2834 2318 2857 ¹¹
2342 2842 2437 2879 tam

323 2917 482 2955 mente
497 2924 644 2973 quam
663 2924 868 2972 corpore
893 2908 1080 2956 feminis
1104 2908 1339 2957 fortiores.
1365 2910 1504 2958 Unde
1529 2920 1577 2958 et
1594 2911 1764 2958 merito
1780 2927 1867 2976 per
1884 2927 2099 2970 carnem,
2122 2927 2227 2975 quae
2244 2912 2441 2958 vicinior

322 2997 391 3035 est
415 2988 531 3047 ossi,
561 2987 705 3034 virilis
729 2997 928 3046 natura;
956 3004 1042 3052 per
1059 2987 1234 3053 pellem
1258 2988 1502 3036 muliebris
1526 2989 1775 3037 infirmitas
1806 2989 2094 3054 designatur.
2125 2991 2220 3055 Ipsi
2248 3007 2440 3055 quoque

323 3068 554 3134 apostoli,
588 3083 797 3132 quorum
822 3077 892 3115 est
915 3067 1313 3132 reprehendendo
1358 3069 1517 3135 lapsus
1545 3069 1748 3117 aliorum
1775 3069 2021 3129 mordere,
2051 3069 2217 3117 dentes
2246 3072 2440 3118 Domini

325 3148 563 3196 dicuntur.
581 3146 766 3205 Quibus
785 3147 1122 3195 tantummodo
1133 3148 1276 3208 labia,
1290 3148 1341 3195 id
1353 3159 1423 3197 est
1434 3148 1596 3209 verba,
1619 3150 1778 3214 potius
1796 3165 1940 3213 quam
1959 3149 2079 3196 facta
2096 3162 2435 3211 remanserant,

322 3244 473 3293 quum
515 3228 615 3291 jam
657 3227 892 3292 desperati
927 3226 988 3274 de
1018 3227 1206 3276 Christo
1243 3229 1391 3293 magis
1423 3229 1752 3293 loquerentur,
1792 3245 1938 3294 quam
1971 3245 2060 3294 pro
2103 3229 2292 3278 Christo
2322 3232 2438 3296 quid

370 3378 379 3396 ¹
400 3378 529 3418 Matth„
555 3388 628 3422 cap.
650 3388 750 3418 xxvi,
777 3388 808 3411 v.
838 3378 891 3410 56.
917 3396 954 3402 —
978 3376 990 3394 ¹
1014 3376 1112 3419 ibid„
1140 3388 1215 3423 cap.
1246 3390 1334 3413 xxvu
1348 3404 1358 3420 ‚
1405 3379 1415 3396 ‘¹
1431 3380 1594 3413 Proedixic
1615 3379 1710 3412 mis.
1724 3398 1765 3404 -
1778 3378 1791 3397 ⁸
1805 3379 1891 3419 Job,
1911 3390 1987 3424 cap.
2003 3392 2078 3421 xix,
2096 3392 2125 3414 v.
2143 3383 2198 3415 20.
2212 3397 2256 3407 —-
2271 3381 2283 3399 ⁹
2299 3383 2438 3420 Guntia,

324 3446 352 3468 vv
369 3435 422 3468 55.
435 3452 476 3458 —
491 3434 504 3452 ³
523 3433 625 3475 thid„
639 3445 672 3467 v.
689 3436 743 3467 61.
758 3451 804 3459 —
819 3433 833 3451 ⁴
849 3434 966 3475 Marc..
983 3445 1058 3478 cap.
1072 3445 1129 3476 xv,
1145 3446 1177 3469 v.
1193 3435 1357 3479 40e141.
1402 3446 1477 3479 cap.
1502 3447 1576 3475 vui,
1601 3446 1630 3467 v.
1657 3438 1692 3469 7.
1716 3454 1753 3460 -
1771 3435 1802 3453 ‘⁰
1819 3436 1966 3470 Corinth.
1982 3438 2017 3476 l,
2036 3447 2111 3481 cap.
2130 3448 2206 3477 xm,
2222 3449 2252 3471 v.
2268 3439 2300 3472 7.
2318 3456 2353 3462 —-
2370 3438 2396 3456 ¹¹
2412 3441 2436 3471 A

326 3510 365 3515 —
383 3490 396 3508 ⁸
414 3491 543 3523 Missam
553 3491 640 3532 facit
662 3489 758 3523 Rus,
770 3507 815 3514 —
828 3489 842 3507 ⁰
855 3490 966 3531 Joan„
990 3500 1063 3533 cap.
1091 3501 1166 3533 xix,
1194 3502 1224 3524 v.
1243 3493 1299 3525 25.
1319 3509 1360 3515 —
1404 3499 1523 3524 natura
1546 3491 1640 3524 RMS.
