2970 4152
874 598 1438 719 AVNDREAE
1497 551 2326 733 QUERGETANT
2379 630 2437 661 =

1111 819 1114 822 ’
1364 820 1850 885 TURQNENSLS,

767 1188 1259 1255 AofflsromAM
1296 1209 1778 1257 GALAMITATUM
1817 1209 2012 1279 PETm
2052 1178 2426 1289 AsAELA‘Rm.

1074 1582 1142 1623 (Ea
1158 1593 1230 1626 quae
1247 1583 1488 1618 emendavimus
1507 1591 1562 1618 aut
1580 1584 1763 1619 addidimus
1781 1585 1875 1619 uncis
1892 1583 2133 1625 includuntur.)

1417 1733 1513 1769 Nota
1538 1736 1574 1779 I,
1602 1747 1687 1783 pag.
1715 1739 1751 1771 1.

586 1828 764 1875 Magistri
782 1826 899 1863 Petri.
917 1825 1038 1862 —Sic
1059 1826 1202 1874 aliquot
1221 1827 1464 1874 manuscripti
1494 1826 1640 1863 codices
1666 1840 1759 1877 quos
1786 1827 1957 1863 vidimus.
1982 1827 2058 1863 Nec
2086 1827 2240 1863 omnino
2268 1827 2361 1862 male
2388 1838 2471 1863 meo
2492 1826 2650 1874 judicio.

539 1889 647 1934 Nam,
661 1895 706 1924 ut
720 1887 945 1925 Guillelmus
962 1889 1128 1936 Nangius
1146 1888 1214 1932 ait,
1236 1894 1366 1924 auctor
1382 1888 1464 1924 hic:
1483 1904 1500 1921 «
1520 1890 1698 1937 Magister
1712 1891 1752 1926 in
1770 1889 1963 1926 dialectica
1976 1889 2132 1937 insignis
2149 1895 2186 1924 et
2201 1888 2464 1925 celeberrimus
2479 1904 2496 1922 »
2513 1888 2649 1926 extitit.

540 1951 652 1986 Unde
670 1957 708 1987 et
725 1951 873 1997 Petrus,
891 1950 1003 1986 abbas
1020 1950 1264 1986 cluniacensis
1275 1978 1285 1995 ,
1307 1949 1353 1986 de
1371 1962 1416 1986 eo
1433 1950 1589 1999 loquens
1605 1952 1644 1987 in
1661 1951 1816 2000 epistola
1833 1952 1887 1988 ad
1898 1953 2160 1989 Innocentium
2174 1963 2312 1998 papam
2325 1967 2334 1985 .·
2356 1964 2373 1983 α
2395 1951 2571 1999 Magister
2585 1950 2653 1986 Pe-

540 2020 634 2058 trus,
649 2028 666 2045 »
679 2012 815 2061 inquit,
827 2027 844 2045 «
858 2012 1045 2060 sapientiae
1056 2018 1193 2057 vestrae,
1209 2018 1252 2047 ut
1268 2011 1394 2058 credo,
1407 2013 1549 2060 optime
1563 2020 1674 2049 notus
1683 2041 1693 2059 ,
1710 2026 1832 2062 nuper
1846 2026 1867 2049 e
1879 2014 2035 2050 Francia
2052 2014 2213 2058 veniens,
2227 2025 2294 2062 per
2305 2013 2524 2050 Cluniacum
2538 2019 2655 2048 trans—

542 2076 637 2110 itum
651 2075 750 2110 fecit.
767 2090 784 2108 »
803 2075 898 2111 Item
916 2075 953 2110 in
973 2072 1127 2121 epistola
1143 2073 1198 2109 ad
1211 2073 1422 2110 Heloissam
1439 2075 1630 2111 Parae-leti
1643 2075 1900 2111 abbatissam.-
1920 2090 1937 2107 «
1957 2076 2069 2111 Mitto
2086 2076 2216 2121 etiam,
2238 2076 2335 2111 sicut
2353 2073 2554 2118 mandatis,
2574 2085 2652 2110 ma·

544 2137 647 2183 gistri
672 2137 775 2173 Petri
803 2135 1072 2172 absolutionem
1098 2136 1138 2171 in
1166 2136 1294 2171 charta
1327 2136 1503 2184 scriptam
1528 2143 1566 2172 et
1595 2137 1806 2185 sigillatam.
1824 2152 1841 2170 n
1859 2137 1906 2173 Et
1923 2137 2180 2186 necrologium
2212 2144 2316 2173 vetus
2345 2132 2504 2173 ec'clesiae
2528 2136 2651 2173 Sancti

544 2198 710 2235 Victoris
727 2198 938 2247 parisiensis
957 2214 964 2234 ι
989 2213 1007 2231 α
1025 2210 1060 2234 xi
1078 2197 1153 2234 kal.
1182 2197 1269 2234 maii
1292 2197 1387 2234 obiit
1407 2199 1583 2246 magister
1602 2199 1735 2236 Petrus
1748 2227 1758 2245 ‚
1778 2207 1849 2237 etc.
1872 2215 1889 2233 »
1910 2200 2081 2248 Itemque
2101 2198 2352 2247 paracletense
2370 2198 2622 2235 calendarium
2642 2213 2650 2232 :

545 2276 560 2292 «
578 2273 644 2295 v111
667 2260 739 2297 kal.
754 2260 900 2307 januar.
919 2260 1013 2297 obiit
1029 2260 1165 2297 Petrus
1184 2260 1426 2296 cluniacensis
1453 2260 1582 2307 abbas,
1611 2262 1718 2309 cujus
1744 2273 1920 2298 concessu
1944 2261 2059 2298 habet
2084 2261 2237 2298 ecclesia
2259 2268 2384 2298 nostra
2411 2272 2546 2309 corpus
2569 2267 2654 2296 ma·-‘

543 2323 647 2369 gistri
665 2323 781 2358 nostri
799 2323 917 2359 Petri.
934 2338 951 2355 »

1421 2399 1517 2435 Nota
1543 2400 1602 2447 II,
1630 2412 1710 2448 pag.
1739 2404 1772 2436 11.

587 2491 801 2527 Abaelardi.
813 2491 943 2527 —Sed
955 2490 1002 2526 de
1014 2491 1086 2526 hoc
1102 2490 1182 2538 ejus
1199 2497 1448 2538 cognomento
1461 2503 1538 2527 non
1548 2491 1644 2527 bene
1661 2491 1731 2527 sibi
1750 2498 1922 2527 constant
1939 2498 2091 2528 veteres.
2105 2491 2253 2527 Etenim
2266 2498 2413 2526 sanctus
2431 2489 2651 2533 Bernardus,

540 2555 645 2591 Otho
670 2553 935 2601 Frisingensis,
965 2552 1190 2597 Gaufridus,
1222 2551 1410 2588 Robertus
1438 2552 1794 2598 Autissiodorensis,
1826 2560 1865 2589 et
1891 2553 1977 2597 alii,
2012 2552 2266 2590 Abailardum
2295 2553 2509 2596 nominant,
2543 2564 2655 2601 quem

541 2623 670 2652 auctor
685 2614 854 2651 chronici
872 2614 1241 2662 archiepiscoporum
1257 2615 1521 2651 senonensium
1538 2615 1825 2660 Abaulardum,
1846 2615 2046 2651 canonicus
2063 2614 2275 2651 turonensis
2292 2626 2497 2662 anonymus
2514 2614 2656 2650 Abaie-

542 2678 708 2723 lardum,
734 2678 960 2715 Vincentius
979 2676 1207 2712 Belvacensis
1222 2676 1462 2713 Abelardum
1486 2676 1630 2713 dicunt.
1651 2677 1729 2714 Nec
1748 2676 1867 2724 major
1884 2678 1998 2713 etiam
2017 2677 2117 2713 inter
2134 2677 2334 2724 scriptores
2351 2675 2501 2724 gallicos
2522 2687 2655 2712 conve—

541 2741 692 2776 nientia.
718 2738 912 2788 Siquidem
938 2739 1099 2775 Joannes
1127 2738 1356 2786 Clopinellus
1382 2738 1670 2786 Magdunensis,
1699 2739 1877 2787 Philippo
1904 2739 2068 2776 Pulchro
2091 2739 2172 2787 regi
2195 2745 2420 2783 coaetaneus,
2442 2738 2657 2786 Abayelart

541 2802 719 2850 appellat,
746 2813 859 2850 quem
887 2799 980 2836 alter
1008 2800 1174 2835 incertus
1199 2806 1309 2848 poeta
1333 2799 1400 2848 qui
1428 2799 1577 2847 scripsit
1603 2812 1702 2835 anno
1729 2801 1835 2844 ⁴377,
1862 2800 2047 2843 Abulart,
2073 2806 2111 2835 et
2137 2798 2388 2835 calendarium
2407 2799 2654 2849 paracleteum

544 2864 714 2911 gallicum
727 2892 736 2908 ,
758 2863 964 2899 Abaalarz.
988 2862 1065 2898 Nos
1085 2862 1157 2897 hac
1180 2862 1356 2897 varietate
1374 2873 1451 2897 non
1467 2861 1638 2897 obstante
1650 2890 1661 2909 ,
1678 2861 1878 2898 lectionem
1898 2861 2140 2910 antiquorum
2159 2861 2330 2897 codicum
2356 2861 2600 2905 retinuimus,
2620 2869 2657 2897 et

542 2938 627 2962 cum
648 2925 852 2962 (inillclmo
882 2924 1047 2972 Nangio,
1076 2925 1219 2960 Joanne
1244 2923 1423 2959 canonico
1450 2922 1612 2971 regulari
1631 2923 1756 2959 Sancti
1778 2923 1963 2968 Victoris,
1983 2935 2025 2958 ac
2042 2921 2266 2971 quibusdam
2284 2922 2385 2967 aliis,
2406 2921 2655 2960 Abaelardum

542 2988 762 3023 vocavimus.
796 2987 1005 3035 [Hactenus
1036 2986 1205 3022 Andreas
1235 2986 1504 3032 QuercetanuS.
1537 2985 1674 3021 Noster
1707 2985 1862 3034 quidem
1891 2986 1969 3033 ipse
1998 2986 2038 3021 in
2073 2985 2249 3034 operibus
2281 2986 2356 3022 suis
2384 2997 2421 3021 se
2450 2985 2618 3021 nominat
2644 3001 2651 3019 z

544 3064 560 3080 c<
581 3050 661 3085 Hoc
685 3049 904 3084 vocabulum
927 3047 1139 3085 Abaelardus
1166 3047 1320 3085 mihi....
1350 3046 1571 3083 collocatum
1599 3054 1667 3083 est.
1692 3063 1709 3081 »
1733 3047 1832 3085 Vide
1866 3047 2058 3096 ouvrages
2082 3047 2221 3084 ine'dits
2249 3046 2465 3086 d’Abe'lard
2475 3075 2484 3092 ,
2513 3059 2548 3094 p.
2570 3048 2653 3085 2⁴2.

546 3127 643 3147 .....
682 3112 735 3147 Ut
773 3111 1006 3156 Abaelardus,
1039 3110 1141 3160 quod
1172 3110 1268 3147 mihi
1299 3111 1365 3146 uni
1404 3110 1528 3146 adhuc
1563 3111 1762 3146 convenire
1802 3111 1976 3146 arbitror.
2008 3126 2025 3143 υ
2056 3111 2179 3156 Ibid.,
2212 3124 2251 3159 p.
2291 3111 2372 3148 480.
2410 3109 2655 3158 Cognominis

542 3181 666 3210 autem
698 3174 880 3222 originem
914 3175 965 3209 sic
998 3174 1113 3210 tradit
1145 3182 1275 3211 auctor
1309 3185 1535 3221 anonymus,
1568 3185 1627 3221 ap.
1659 3174 1770 3210 Bern.
1805 3174 1875 3209 Pez
1921 3174 2035 3210 Thes.
2068 3173 2253 3212 Anccdot.
2290 3175 2448 3218 noviss„
2483 3174 2656 3219 Augustae

542 3236 848 3281 vindelicorum,
874 3238 960 3275 ⁴72⁴
979 3263 991 3284 ,
1020 3237 1159 3283 in-fol.,
1193 3245 1224 3274 t.
1256 3238 1337 3283 III,
1370 3237 1531 3273 Dis-sert.
1561 3236 1732 3285 Isagog„
1762 3249 1798 3285 p.
1828 3249 1901 3273 xxu
1925 3252 1932 3272 :
1960 3251 1978 3271 «ι
1997 3237 2151 3283 Petrus,
2177 3237 2243 3286 qui
2271 3235 2496 3280 Abelardus,
2523 3248 2543 3271 a
2576 3234 2655 3283 ple-

541 3301 665 3348 risque
683 3299 896 3335 Baiolardus
914 3299 1064 3344 dicitur,
1086 3301 1235 3336 natione
1257 3300 1455 3349 Anglicus,
1486 3300 1652 3348 primum
1675 3300 1922 3347 grammaticae
1940 3307 1979 3336 et
1996 3299 2215 3344 dialecticae,
2246 3299 2336 3335 hinc
2365 3298 2548 3334 divinitati
2569 3310 2655 3345 ope-

543 3374 619 3397 ram
649 3361 764 3397 dedit.
794 3361 865 3397 Sed
893 3374 1010 3410 quum
1037 3370 1132 3397 esset
1158 3362 1418 3398 inaestimandae
1446 3361 1687 3406 subtilitatis,
1711 3361 1885 3398 inauditae
1911 3363 2120 3407 memorias,
2148 3361 2361 3410 capacitatis
2387 3372 2498 3408 supra
2523 3359 2656 3395 huma-

544 3436 631 3458 num
664 3423 834 3468 modum,
869 3424 1017 3461 auditor
1042 3424 1242 3472 aliquando
1274 3425 1441 3473 magistri
1461 3424 1607 3469 Roscii,
1626 3425 1739 3472 coepit
1760 3436 1845 3460 eum
1873 3437 1959 3460 cum
1978 3424 2267 3461 exfestucatione
2292 3422 2452 3472 quadam
2480 3433 2654 3459 sensuum
