2970 4152
479 483 601 529 Quem
619 483 784 530 primum
800 483 860 518 his
877 482 1055 531 praebuit,

480 542 614 578 Victus
631 555 696 579 rex
710 543 886 579 occubuit
901 558 909 587 ;

481 602 584 638 Talis
599 610 654 638 est
670 602 802 640 electio

549 663 716 708 Derisui,

482 722 583 759 Talis
600 724 826 759 consecratio

550 783 659 821 Vatis
675 783 838 832 magui'.

479 865 703 902 Insultantes
718 865 897 914 inquiunt
917 880 923 898 :

480 940 498 958 ιι
512 925 606 961 Ecce
622 924 670 961 de
684 937 760 974 quo
778 925 949 973 garriunt
964 952 973 968 ‚

479 984 650 1032 Qualiter
664 985 735 1021 hos
750 984 917 1033 perdidit

549 1045 650 1081 Deus
668 1057 847 1090 summus,

478 1103 578 1140 Dum
595 1116 615 1139 a
632 1104 760 1140 multis
776 1104 913 1140 occidit

501 1163 684 1199 Dominus
702 1170 921 1212 prostratus.
941 1179 957 1196 η

454 1243 542 1280 Saul
560 1255 691 1292 regum
707 1243 926 1288 fortissime,

454 1304 588 1343 Virtus
607 1304 742 1341 invicta
759 1305 928 1342 Jonathae
941 1334 951 1351 ‚

453 1364 530 1410 Qui
544 1377 607 1401 vos
624 1366 756 1414 nequit
772 1365 919 1402 vincere
929 1394 938 1410 ,

450 1425 659 1462 Permissus
674 1432 731 1462 est
746 1425 930 1465 occidere.

452 1507 569 1552 Quasi
588 1519 663 1543 non
682 1513 779 1543 esset
797 1507 896 1544 oleo·

448 1566 697 1603 Consecratus
713 1567 922 1613 dominico,

452 1625 620 1663 Scelestae
636 1639 767 1664 manus
784 1626 907 1676 gladio

450 1687 472 1722 J
475 1687 654 1735 ugulatur
670 1688 711 1724 in
727 1688 866 1736 praelio.

448 1767 539 1805 Plus
554 1768 669 1806 fratre
686 1770 782 1806 mihi
797 1772 957 1808 Jonatha
966 1799 977 1816 ,

451 1829 496 1864 In
514 1841 588 1865 una
603 1842 751 1867 mecum
768 1832 909 1877 anima,

451 1890 543 1936 Quae
560 1897 709 1938 peccata
720 1918 729 1936 ,
750 1903 830 1940 quae
847 1892 1000 1939 scelera,

450 1949 587 1986 Nostra
605 1951 797 1988 sciderunt
816 1953 971 1989 viscera!

447 2029 626 2078 Expertes
643 2039 787 2069 montes
804 2033 965 2079 Gelboe,

448 2089 561 2126 Roris
580 2091 660 2128 sitis
677 2099 715 2129 et
735 2092 865 2141 pluviae
878 2122 887 2139 ‚

446 2149 524 2186 Nec
543 2163 720 2199 agrorum
738 2153 912 2201 primitiae

448 2210 590 2247 Vestrae
607 2220 832 2249 succurrunt
851 2213 991 2252 incolae.

468 2292 555 2341 Vae,
575 2305 624 2329 vae
643 2293 710 2330 tibi
723 2323 733 2340 ‚
755 2294 902 2331 madida

471 2351 600 2389 Tellus
616 2353 713 2390 caede
731 2355 852 2404 regia!

470 2413 596 2459 Quare
614 2420 670 2458 te,
691 2415 742 2450 mi
757 2415 935 2460 Jonatha,

472 2471 606 2507 Manus
625 2473 754 2510 stravit
773 2474 918 2523 impia?

471 2552 545 2588 Ubi
564 2553 737 2589 Christus
753 2555 904 2591 Domini
920 2584 930 2600 ,

469 2613 657 2662 Israelque
675 2613 823 2663 inclyti,

470 2673 592 2709 Morte
609 2673 810 2710 miserabili

469 2733 565 2770 Sunt
583 2745 670 2770 cum
689 2734 763 2770 suis
781 2734 919 2783 perditi
934 2736 949 2770 P

468 2814 529 2850 Tu
547 2813 641 2850 mihi
659 2827 778 2859 nunc,
797 2815 955 2852 Jonatha
968 2844 978 2862 ,

467 2874 630 2911 Flendus
649 2887 760 2924 super
778 2876 921 2922 omnia,

467 2935 571 2971 Inter
587 2942 722 2972 cuncta
742 2936 877 2985 gaudia

465 2995 601 3044 Perpes
617 2996 691 3032 erit
707 2995 883 3046 lacryma.

463 3068 657 3117 Planctus,
675 3069 766 3107 Sion
783 3069 883 3115 miae,

463 3128 583 3177 Super
599 3129 688 3167 Saul
706 3131 860 3175 sumite,

463 3189 583 3239 Largo
602 3190 708 3238 cujus
726 3202 882 3227 munere

464 3250 543 3288 Vos
560 3250 743 3288 ornabant
761 3263 949 3300 purpurae.

391 3355 400 3374 ¹
427 3356 540 3392 Greith
552 3371 561 3391 ε

575 3437 648 3463 Talis
662 3442 702 3464 est
711 3438 808 3465 electio
821 3438 925 3465 derisui

575 3486 648 3513 Talis
660 3487 827 3514 consecratio
839 3487 907 3514 vatis
921 3487 1027 3522 magni.

1274 383 1559 432 CARMINA.

1564 478 1667 514 Heu!
1689 490 1756 515 cur
1774 477 1929 513 consilio

1564 539 1746 588 Aequievi
1764 538 1944 586 pessimo,

1567 600 1620 636 Ut
1638 599 1709 636 tibi
1728 598 1900 648 praesidio

1565 661 1651 697 Non
1671 671 1787 696 essem
1805 659 1844 695 in
1863 658 2019 707 praelio?

1566 746 1640 783 Vel
1659 746 1849 781 confossus
1866 745 2006 793 pariter

1565 805 1728 842 Morirer
1745 804 1918 849 feliciter,

1563 866 1712 912 Quum,
1730 863 1833 914 quod
1851 875 1955 899 amor
1971 863 2082 899 faciat
2098 891 2107 908 ,

1562 924 1683 972 Majus
1700 924 1774 960 hoc
1792 934 1869 959 non
1885 923 2034 959 habeat.

1567 1018 1615 1054 Et
1632 1030 1693 1054 me
1709 1024 1794 1066 post
1809 1024 1846 1053 te
1861 1017 1983 1053 vivere

1569 1078 1668 1114 Mori
1685 1077 1733 1114 sit
1747 1077 1912 1123 assidue,

1567 1139 1646 1176 Nec
1665 1138 1711 1175 ad
1727 1138 1841 1175 vitam
1856 1138 1979 1174 anima

1570 1199 1665 1236 Satis
1685 1205 1742 1235 est
1758 1197 1928 1235 dimidia.

1567 1293 1700 1330 Vieem
1717 1293 1887 1329 amicitiae

1566 1352 1639 1391 Vel
1657 1365 1768 1389 unam
1786 1365 1846 1389 me
1861 1351 2039 1398 reddere,

1567 1412 1779 1462 Oportebat
1795 1420 1964 1461 tempore

1565 1474 1724 1512 Summae
1739 1479 1830 1511 tunc
1845 1473 2043 1522 angustiae3

1565 1571 1767 1621 Triumphi
1786 1572 2006 1621 participem

1564 1633 1637 1671 Vel
1655 1632 1770 1670 ruinae
1786 1632 1962 1669 comitem
1974 1660 1984 1677 ‚

1565 1693 1619 1730 Ut
1636 1700 1673 1730 te
1690 1693 1746 1730 vel
1762 1693 1947 1742 eriperem

1564 1753 1638 1790 Vel
1655 1760 1779 1790 tecum
1796 1752 2055 1789 occumberem
2069 1780 2078 1798 ‚

1567 1849 1695 1887 Vitam
1717 1860 1786 1897 pro
1801 1855 1838 1884 te
1856 1848 1988 1884 finiens
2002 1876 2011 1893 ,

1564 1910 1687 1957 Quam
1708 1909 1852 1946 salvasti
1868 1909 2006 1946 totiens
2017 1934 2028 1951 ‚

1563 1970 1617 2007 Ut
1635 1977 1674 2007 et
1691 1981 1792 2006 mors
1807 1980 1876 2005 nos
1889 1969 2069 2018 jungeret

1563 2030 1683 2079 Magis
1700 2041 1814 2079 quam
1833 2029 2078 2078 disjungeret.

1562 2124 1727 2162 Infausta
1743 2125 1896 2161 victoria

1561 2185 1709 2222 Potitus
1725 2186 1878 2228 interea.

1563 2247 1685 2293 Quam
1704 2257 1812 2291 vana,
1831 2257 1944 2296 quam
1962 2245 2087 2283 brevia

1560 2307 1634 2344 Hic
1649 2306 1798 2356 percepi
1816 2306 1968 2355 gaudia!

1561 2403 1684 2449 Quam
1703 2402 1780 2439 cito
1794 2401 2016 2439 durissimus

1560 2462 1626 2498 Est
1645 2462 1984 2506 semtumuntius,

1562 2522 1685 2568 Quem
1703 2522 1742 2557 in
1760 2533 1823 2557 sua
1840 2521 1990 2557 anima²

1560 2582 1698 2619 Locum
1715 2589 1771 2619 est
1787 2581 1982 2631 superbia!

1558 2681 1729 2718 Mortuos
1745 2693 1839 2731 quos
1855 2682 2004 2718 nuntiat

1557 2741 1661 2778 Illata
1682 2754 1782 2778 mors
1799 2749 1997 2791 aggregat,

1557 2802 1610 2838 Ut
1626 2802 1762 2839 doloris
1778 2803 1935 2839 nuntius

1557 2862 1703 2899 Doloris
1720 2863 1768 2900 sit
1787 2863 1920 2918 socius.

1555 2957 1613 2992 Do
1628 2957 1794 3006 quietem
1813 2955 1966 2992 fidibus:

1553 3016 1701 3055 Vellem
1718 3023 1762 3054 ut
1777 3023 1816 3053 et
1830 3016 2040 3065 planctibus

1553 3077 1615 3114 Sic
1632 3089 1777 3126 possem
1798 3078 1862 3113 et⁸
1882 3077 2047 3113 fletibus!

1553 3138 1664 3175 Caesis
1680 3137 1777 3186 pulsi
1795 3137 1966 3174 manibus
1978 3165 1988 3183 ,

1554 3197 1692 3235 Raucis
1707 3197 1860 3246 planctu
1878 3197 2028 3234 vocibus

1548 3257 1684 3294 Deficit
1701 3264 1740 3294 et
1756 3258 1922 3308 spiritus.

2385 381 2480 427 339

1431 3383 1475 3390 —-·
1487 3365 1501 3383 ¹
1514 3366 1627 3400 Greith
1641 3380 1649 3400 ε
1665 3377 1756 3408 quem
1772 3369 1805 3400 in
1819 3377 1911 3401 suam
1929 3371 2082 3402 animum.
2098 3386 2135 3393 -
2151 3368 2164 3386 ⁸
2179 3368 2291 3403 Greith
2305 3382 2313 3403 :
2326 3372 2373 3403 sic
2387 3380 2463 3410 pos-

1432 3433 1497 3455 sem
1513 3430 1548 3456 ut
1566 3433 1610 3456 et.
