2970 4152
1250 415 1565 462 APPEND¹X‚
1622 444 1625 446 -
1690 455 1709 475 A,
2375 409 2468 455 725

354 514 560 560 Ecclesiae
586 514 833 576 presbyteri
858 510 1097 559 cardinalis
1115 521 1160 557 et
1181 510 1451 570 cancellarii,
1474 527 1545 557 vn
1571 509 1653 557 cal.
1681 509 1914 567 februarii,
1942 506 2037 553 ind.
2065 523 2121 565 11,
2145 504 2468 551 incarnationis

354 595 607 649 Dominicae
623 611 742 640 anno
761 609 943 652 menn,
972 592 1259 656 pontificatus
1283 607 1391 637 vero
1415 591 1589 636 domini
1615 590 1835 636 Anastasii
1854 591 1920 634 IV
1943 604 2149 650 papae....

1364 739 1470 784 VII.

422 865 647 911 Adrianus
666 866 917 929 episcopuS,
945 882 1097 912 servus
1112 881 1344 912 servorum
1365 864 1476 922 Dei,
1500 863 1674 909 dilectis
1692 864 1738 908 in
1762 863 1942 908 Christo
1966 861 2141 908 filiabus
2163 860 2376 906 Heloissae
2396 860 2473 904 ab·

358 944 548 1002 batissae,
566 946 825 1008 caeterisque
839 946 887 990 in
901 945 1102 991 oratorio
1116 944 1268 991 Sancti
1284 944 1496 1007 Spiritus,
1513 942 1636 1006 quod
1652 943 1697 988 in
1713 960 1828 1006 pago
1838 942 2045 988 Trecensi
2061 941 2197 987 situm
2211 951 2295 998 est,
2311 939 2466 985 divino

360 1022 592 1070 famulatui
626 1026 912 1087 mancipatis,
939 1035 1025 1071 etc.
1048 1023 1126 1088 [ut
1144 1026 1195 1070 in
1211 1025 1451 1088 superiori
1463 1024 1667 1088 Eugenii
1681 1021 1873 1087 Epist.].
1898 1025 2017 1068 Loca
2036 1039 2145 1068 vero
2162 1022 2217 1067 de
2236 1021 2447 1067 Pomario
2461 1055 2473 1078 ,

359 1104 638 1168 Triagnello,
670 1105 901 1165 Leavalle,
934 1106 1149 1165 Neforto,
1179 1106 1331 1152 Sancti
1360 1104 1545 1163 Flaviti,
1580 1104 1960 1167 quemadmodum
1990 1103 2117 1150 vobis
2148 1101 2479 1149 rationabiliter

360 1200 568 1231 concessa
591 1196 720 1244 sunt,
747 1186 1014 1232 auctoritate
1037 1185 1165 1231 vobis
1193 1183 1438 1249 apostolica
1465 1183 1809 1242 confirmamus,
1833 1194 1919 1229 etc.
1954 1185 2125 1229 Datum
2144 1183 2373 1241 Laterani,
2397 1198 2479 1244 per

361 1279 544 1310 manum
571 1264 745 1311 Alberti
775 1266 916 1311 sancti
938 1265 1127 1311 Adriani
1156 1265 1334 1311 diaconi
1351 1263 1606 1319 cardinalis,
1629 1264 1771 1310 vicem
1790 1263 1963 1309 domini
1986 1262 2198 1309 Rollandi
2223 1272 2385 1308 sanctae
2408 1278 2480 1306 ro-

362 1361 504 1391 manae
528 1344 734 1392 Ecclesiae
759 1346 1007 1409 presbyteri
1029 1346 1268 1392 cardinalis
1284 1356 1329 1391 et
1354 1344 1607 1392 cancellarii
1629 1345 1848 1409 gerentis,
1869 1344 1951 1390 cal.
1982 1343 2249 1401 decembris,
2280 1342 2375 1387 ind.
2404 1359 2475 1399 XI,

362 1424 684 1473 incarnationis
711 1427 963 1473 Dominicae
994 1444 1115 1474 anno
1143 1443 1339 1487 MCLvu,
1375 1426 1664 1490 pontificatus
1694 1442 1803 1472 vero
1830 1425 2004 1471 domini
2029 1424 2216 1470 Adriani
2245 1440 2370 1486 papae
2393 1424 2476 1480 IV,

363 1522 484 1551 anno
511 1522 585 1552 ιιι.

1358 1607 1485 1652 VIII.

429 1730 654 1776 Adrianus
676 1732 928 1794 episcopus,
952 1748 1102 1778 servus
1126 1747 1355 1778 servorum
1381 1733 1484 1789 Dei,
1502 1729 1675 1778 dilectis
1700 1731 1746 1776 in
1771 1732 1951 1776 Christo
1975 1729 2150 1776 filiabus
2175 1729 2388 1774 Heloissae
2406 1728 2485 1773 ab·

366 1809 565 1868 batissae,
596 1811 854 1873 caeterisque
884 1811 1115 1857 sororibus
1146 1811 1378 1870 Paracliti,
1409 1811 1595 1857 salutem
1625 1822 1671 1864 et
1698 1810 1990 1876 apostolicam
2017 1810 2394 1856 benedictionem.
2430 1810 2488 1853 Et

367 1891 556 1951 injuncti
576 1891 706 1936 nobis
724 1908 749 1937 a
764 1894 863 1937 Deo
887 1892 1162 1955 apostolatus
1185 1893 1385 1938 officium
1405 1910 1486 1938 nos
1513 1892 1720 1955 impellit,
1741 1903 1786 1938 et
1810 1893 1940 1938 bonae
1962 1902 2119 1938 vestrae
2136 1890 2488 1938 conversationis

367 1969 484 2014 odor
495 1970 704 2016 hortatur
720 1971 851 2032 justis
874 1971 1251 2033 postulationibus
1269 1972 1427 2018 vestris
1448 1972 1693 2034 benignum
1713 1972 1933 2035 impertiri
1952 1987 2238 2027 consensum,
2255 1980 2299 2015 et
2317 1986 2415 2031 quae
2432 1970 2488 2014 ad

367 2049 606 2095 utilitatem
625 2060 667 2095 et
686 2051 882 2113 quietem
899 2062 1090 2097 vestram
1113 2052 1343 2113 pertinent
1366 2051 1525 2097 libenti
1545 2053 1696 2098 animo
1717 2052 1979 2114 adimplere.
2004 2054 2068 2096 Ea
2091 2060 2296 2114 propter,
2317 2049 2489 2095 dilectae

368 2130 414 2175 in
439 2131 640 2176 Domino
659 2131 786 2190 filiae,
815 2131 1045 2178 laboribus
1067 2133 1223 2178 vestris
1248 2132 1486 2195 providere
1502 2132 1724 2190 volentes,
1751 2131 1995 2194 sepeliendi
2023 2131 2140 2194 apud
2168 2131 2391 2176 abbatiam
2417 2147 2491 2176 vc-

368 2219 504 2255 stram
529 2220 624 2256 tum
646 2210 805 2257 fratres
827 2221 998 2267 vestros
1015 2212 1251 2274 proprium
1281 2229 1373 2257 non
1402 2212 1634 2271 habentes,
1662 2211 1848 2258 liberam
1872 2213 2017 2270 vobis,
2037 2223 2083 2258 et
2100 2212 2152 2257 iis
2171 2229 2271 2274 quae
2296 2222 2396 2273 post
2416 2229 2493 2256 vos

368 2291 686 2348 successerint,
716 2289 942 2336 licentiam
965 2292 1230 2337 auctoritate
1260 2292 1504 2354 apostolica
1529 2291 1828 2353 indulgemus.
1858 2291 1979 2337 Nulli
2004 2308 2111 2353 ergo
2135 2291 2322 2335 oninino
2348 2291 2492 2335 homi-

371 2386 479 2419 num
504 2369 633 2415 liceat
655 2370 772 2415 hanc
794 2370 1005 2432 paginam
1024 2380 1187 2417 nostrae
1203 2371 1539 2416 constitutionis
1566 2371 1828 2433 infringere,
1848 2369 1917 2415 vel
1938 2370 1978 2415 ei
1997 2386 2109 2416 ausu
2130 2371 2370 2416 temerario
2388 2387 2491 2416 con-

372 2458 441 2493 tra
455 2448 535 2494 ire.
554 2449 601 2493 Si
621 2449 720 2511 quis
738 2458 888 2494 autem
908 2449 995 2495 hoc
1015 2458 1281 2512 attemptare
1297 2449 1646 2512 praesumpserit,
1665 2449 2020 2512 indignationem
2038 2450 2362 2512 omnipotentis
2381 2451 2484 2503 Dei,

371 2537 416 2572 et
441 2527 675 2573 beatorum
706 2528 829 2573 Petri
860 2538 905 2574 et
934 2527 1061 2575 Pauli
1092 2528 1399 2591 apostolorum
1423 2529 1516 2591 ejus
1541 2546 1586 2575 se
1616 2529 1791 2575 noverit
1823 2529 2123 2575 incursurum.
2157 2530 2324 2574 Datum
2351 2532 2489 2575 Bene-

374 2607 512 2666 venti,
538 2607 601 2653 id.
624 2606 853 2653 februarii.

1391 2708 1472 2751 IX.

439 2830 662 2876 Adrianus
684 2831 936 2895 episcopus,
955 2824 1107 2880 servus
1129 2850 1360 2881 servorum
1380 2836 1484 2894 Dei,
1512 2835 1684 2881 dilectis
1699 2836 1745 2882 iu
1762 2837 1943 2882 Christo
1959 2836 2152 2894 filiabus,
2178 2836 2388 2883 Heloissae
2408 2837 2484 2882 ab·

376 2908 547 2955 batissae
571 2912 828 2958 monasterii
851 2912 908 2958 de
925 2896 1345 2978 Paffaclito'ejusque
1363 2915 1612 2974 sororibus,
1633 2915 1820 2963 salutem
1838 2927 1883 2962 et
1897 2916 2187 2979 apostolicam
2214 2916 2488 2963 benedictio-
2539 2957 2543 2962 ⁴

376 3006 495 3035 nem.
524 2990 747 3048 Quotiens
771 2991 987 3056 religiosae
1009 3012 1210 3057 personae
1234 3013 1260 3042 a
1277 2996 1407 3042 nobis
1430 2996 1533 3042 talia
1560 2997 1812 3060 postulant,
1837 3015 1935 3061 quae
1952 3015 1979 3044 a
1996 2998 2181 3043 rationis
2201 2998 2379 3044 tramite
2401 3014 2492 3044 non

376 3070 651 3130 discordant,
666 3071 722 3117 ad
738 3074 1077 3121 concedendum
1094 3076 1215 3138 quod
1232 3077 1400 3139 petitur
1416 3095 1508 3123 non
1527 3078 1741 3125 debemus
1757 3078 1962 3125 difficiles
1975 3079 2185 3124 inveniri.
2200 3080 2264 3124 Ea
2282 3089 2484 3141 propter,

377 3148 549 3195 dilectae
573 3149 620 3195 iu
646 3152 845 3198 Domino
864 3152 983 3211 filiae,
1003 3155 1160 3201 vestris
1178 3155 1309 3217 justis
1333 3156 1710 3218 postulationibus
1726 3167 1902 3220 gratum
1920 3157 2226 3220 impertientes
2242 3174 2485 3216 assensum,

377 3229 642 3275 auctoritate
666 3231 790 3277 vobis
814 3233 1060 3294 apostolica
1081 3234 1391 3293 concedimus,
1418 3246 1470 3282 ut
1490 3253 1567 3282 eos
1593 3237 1669 3299 qui
1699 3237 1755 3282 de
1780 3236 2065 3283 facultatibus
2083 3238 2174 3283 suis
2194 3236 2401 3283 Ecclesiae
2424 3254 2493 3283 ve-

378 3317 480 3353 strae
501 3320 627 3372 grata
649 3311 890 3358 conferunt
907 3312 1063 3360 solatia
1076 3314 1322 3373 charitatis,
1343 3316 1379 3362 si
1395 3315 1513 3361 forte
1530 3332 1621 3361 non
1641 3316 1828 3379 proprio
1854 3326 1997 3375 reatu,
2015 3316 2092 3362 sed
2117 3333 2200 3379 pro
2221 3315 2375 3363 alienis
2389 3328 2492 3362 sunt

379 3389 627 3435 excessibus
649 3389 894 3450 interdicti,
915 3391 1045 3439 liceat
1068 3394 1195 3439 vobis
1215 3394 1272 3440 ad
1295 3393 1570 3457 sepulturam
1595 3396 1811 3458 recipere,
1833 3406 1878 3442 et
1897 3396 2016 3458 ipsos
2042 3397 2088 3442 in
2108 3397 2329 3442 cimiterio
2347 3406 2492 3441 vestro

379 3484 482 3513 cum
503 3468 600 3515 aliis
620 3470 828 3518 fidelibus
850 3471 1086 3520 tumulare.
1115 3475 1283 3521 Datum
1305 3476 1534 3535 Laterani,
1561 3492 1630 3521 vu
1656 3475 1739 3521 cal.
1768 3475 2032 3521 decembris.
