2970 4152
1027 430 1087 478 lN
1121 429 1220 476 DIE
1254 428 1502 477 PASCHAE
1537 428 1755 475 SERMO.
2187 399 2189 401 ’
2356 426 2442 472 461

334 543 484 593 quum
508 527 558 573 in
581 525 660 573 illa
677 524 897 574 videlicet
923 524 1091 590 populi
1114 523 1418 584 liberatione,
1448 534 1495 571 et
1517 523 1730 571 hostium
1753 522 2082 570 submersione
2102 537 2203 569 non
2230 530 2328 568 tam
2348 538 2455 568 cor-

330 624 506 674 porum
527 607 727 655 salutem
748 604 1035 664 attenderet,
1058 621 1202 670 quam
1225 605 1493 651 animarum
1517 603 1707 668 figurari
1734 603 2052 668 prospiceret,
2072 618 2218 667 quam
2244 602 2456 667 quotidie

331 689 380 735 in
400 696 696 735 sacramento
715 686 1009 751 baptismatis
1027 685 1187 732 divina
1212 694 1437 750 operatur
1455 684 1617 748 gratia.
1645 686 1944 748 Tympanum
1968 693 2127 729 autem
2152 682 2283 747 quod
2309 699 2454 729 manu

329 766 566 831 gestabat,
607 765 1023 814 mortificationem
1064 765 1218 812 carnis
1257 764 1490 824 insinuat,
1529 780 1673 828 quam
1703 762 1910 811 habebat
1937 764 1986 809 in
2019 780 2189 828 opere,
2222 779 2319 827 quo
2356 763 2456 826 ejus

329 848 570 896 canticum
601 850 705 894 Deo
740 847 889 910 magis
920 856 1041 893 esset
1084 855 1349 911 acceptum.
1390 844 1529 892 Unde
1569 854 1616 892 et
1653 843 1898 891 Psalmista
1938 844 1987 889 in
2032 853 2260 908 tympano
2299 846 2455 891 Deum

327 926 523 974 laudare
562 943 652 973 nos
685 925 966 985 adhortans,
1004 926 1087 973 ait¹
1121 944 1130 971 ε
1162 945 1185 970 «
1213 924 1422 973 Laudate
1456 941 1567 972 eum
1598 924 1648 971 in
1687 934 1943 988 tympano,
1971 932 2060 970 etc.
2087 941 2109 966 »
2131 924 2262 988 Saepe
2296 933 2454 970 autem

327 1016 610 1072 tympanum
637 1007 686 1052 in
726 1023 809 1053 ore
841 1006 989 1070 magis
1021 1022 1164 1070 quam
1204 1006 1252 1052 in
1290 1021 1436 1052 manu
1469 1004 1731 1063 habemus,
1773 1020 1923 1068 quum
1954 1014 2226 1050 sanctorum
2260 1004 2457 1051 mortiti-

327 1087 566 1135 cationem
595 1087 750 1134 carnis
775 1087 839 1133 ita
863 1085 1198 1151 praedicamus,
1226 1095 1279 1132 ut
1297 1102 1403 1132 eam
1428 1102 1575 1150 opere
1599 1101 1700 1131 non
1730 1085 1984 1131 imitemur.
2011 1087 2161 1131 Tanto
2189 1084 2457 1149 diligentius

326 1168 483 1215 Mariae
507 1166 744 1215 canticum
770 1164 1068 1224 describitur,
1092 1174 1273 1228 quanto
1296 1165 1455 1229 ipsum
1479 1163 1699 1212 devotius
1721 1174 1766 1211 et
1789 1167 1892 1211 Deo
1918 1165 2093 1228 gratius
2122 1164 2264 1211 fuisse
2283 1164 2454 1211 intelli-

329 1247 469 1312 gitur.

393 1327 538 1387 Quod
557 1327 596 1374 si
615 1326 736 1374 Novi
754 1342 949 1391 quoque
964 1325 1251 1372 Testamenti
1269 1324 1571 1372 revolvamus
1589 1325 1776 1384 seriem,
1803 1335 1850 1372 et
1867 1324 1915 1371 in
1935 1324 2025 1372 hac
2050 1327 2194 1373 Maria
2210 1337 2256 1374 et
2280 1328 2456 1374 caeteris

326 1423 439 1455 cum
455 1423 511 1455 ea
527 1407 714 1454 feminis
733 1405 929 1453 alteram
946 1405 1160 1464 Mariam,
1181 1414 1354 1452 etcum
1370 1405 1473 1470 ipsa
1490 1404 1685 1452 devotas
1705 1405 1902 1452 feminas
1913 1441 1925 1464 ,
1946 1405 2119 1470 quibus
2134 1408 2343 1472 primum
2360 1409 2454 1454 Do-

327 1487 486 1535 minus
502 1503 597 1534 suae
615 1486 974 1534 resurrectionis
993 1484 1219 1549 gaudium
1239 1483 1469 1544 exhibuit,
1490 1494 1818 1550 competenter
1837 1485 2170 1550 intelligamus,
2194 1488 2456 1553 reperimus

326 1567 510 1633 singula
527 1567 602 1613 his
620 1567 962 1614 convenienter
986 1566 1152 1631 aptari.
1180 1564 1262 1612 Illa
1284 1565 1462 1631 quippe
1487 1565 1742 1631 prophetes
1762 1576 2072 1627 memoratur,
2092 1567 2191 1614 haec
2215 1569 2455 1633 apostolo-

327 1664 435 1695 rum
467 1647 685 1713 apostola
717 1646 905 1693 dicitur.
937 1646 1018 1693 1113
1046 1645 1296 1711 corporale
1326 1655 1607 1711 tympanum
1642 1647 1865 1712 sumpsit,
1894 1647 1995 1694 haec
2029 1648 2235 1713 spiritale
2270 1649 2452 1698 habuit.

327 1732 437 1788 Quo
462 1729 592 1776 enim
607 1728 708 1776 haec
727 1729 966 1776 viventem
983 1727 1247 1776 Dominum
1273 1726 1477 1791 amplius
1499 1726 1752 1786 dilexerat,
1776 1745 1919 1793 super
1947 1729 2047 1792 ejus
2073 1740 2226 1777 morte
2256 1731 2457 1796 amplius

326 1809 520 1868 afflicta,
543 1819 590 1856 et
606 1808 741 1873 quasi
760 1807 1041 1854 mortificata
1056 1807 1223 1854 fuerat.
1245 1806 1384 1854 Unde
1401 1817 1447 1854 et
1462 1807 1616 1872 prima
1635 1807 1696 1855 de
1714 1809 2061 1856 resurrectione
2078 1810 2454 1858 consolationem

327 1890 528 1949 meruit,
566 1906 671 1954 quae
702 1888 763 1935 de
795 1888 896 1952 ejus
926 1897 1081 1934 morte
1111 1886 1314 1952 amplius
1346 1888 1483 1934 anxia
1516 1898 1562 1935 et
1590 1897 1758 1935 moesta
1789 1888 1890 1935 fuit.
1930 1889 2267 1953 Apostolorum
2297 1902 2453 1939 autem

327 1970 544 2035 apostola
567 1970 693 2017 dicta
722 1979 813 2029 est,
842 1968 935 2016 hoc
966 1978 1036 2016 est
1064 1968 1330 2033 legatorum
1352 1968 1533 2032 legata:
1561 1969 1694 2033 quod
1727 1986 1833 2016 eam
1864 1971 2100 2017 Dominus
2129 1971 2191 2018 ad
2215 1973 2456 2037 apostolos

326 2050 536 2115 primum
562 2050 806 2109 direxerit,
834 2059 886 2096 ut
910 2049 977 2096 eis
1002 2049 1360 2096 resurrectionis
1392 2049 1617 2114 gaudium
1645 2051 1900 2097 nuntiaret.
1930 2051 2075 2098 Maria
2098 2051 2177 2099 illa
2201 2054 2377 2100 caeteris
2408 2056 2454 2101 in

325 2131 512 2178 cantico
531 2130 841 2196 praecinebat,
865 2139 911 2177 et
932 2129 1030 2177 haec
1049 2140 1159 2177 ante
1185 2129 1322 2187 alias,
1348 2129 1522 2194 gaudio
1548 2132 1906 2178 resurrectionis
1931 2132 2089 2197 primo
2113 2142 2183 2180 est
2207 2134 2381 2198 potita3
2412 2146 2458 2182 et

325 2209 426 2258 haec
442 2212 600 2276 prima
624 2209 893 2258 nuntiando
912 2210 1124 2275 praecinit
1143 2210 1276 2275 quod
1301 2211 1455 2277 prima
1482 2210 1680 2258 viderat.
1714 2214 1825 2259 Post
1845 2212 1997 2277 ipsam
2025 2230 2159 2273 ver0,
2182 2213 2243 2261 ad
2267 2225 2455 2262 caeteras

325 2289 525 2338 feminas
546 2290 641 2338 hoc
667 2290 894 2356 gaudium
925 2291 1285 2338 resurrectionis
1311 2291 1591 2356 priusquam
1618 2291 1678 2339 ad
1703 2292 1945 2357 apostolos
1976 2293 2048 2340 vel
2071 2294 2306 2359 quoslibet
2331 2296 2456 2342 viros

325 2373 556 2436 pervenit.
578 2375 707 2430 Quas
730 2372 871 2419 etiam
888 2371 1124 2418 Dominus
1141 2371 1202 2418 ad
1223 2372 1467 2437 apostolos
1486 2372 1694 2437 dirigens
1713 2373 1827 2420 ait’:
1854 2392 1878 2418 «
1895 2377 1978 2432 lle,
2000 2375 2213 2422 nuntiate
2238 2375 2456 2423 fratribus

327 2452 445 2499 meis
463 2462 515 2499 ut
540 2462 649 2500 eant
671 2452 720 2498 in
746 2451 1009 2508 Galilaeam,
1031 2461 1119 2498 etc.
1149 2471 1172 2495 »
1202 2451 1293 2498 Ubi
1318 2462 1633 2517 praeposterus
1655 2453 1849 2517 quidem
1877 2453 1999 2500 ordo
2024 2453 2208 2502 beatior
2232 2465 2278 2502 et
2302 2456 2455 2503 hono-

327 2532 521 2580 rabilior
547 2532 823 2598 pensandus
856 2543 943 2580 est.
977 2535 1028 2579 ln
1060 2533 1208 2580 veteri
1236 2533 1413 2598 quippe
1450 2533 1626 2598 pascha
1662 2534 1873 2599 praedicti
1909 2535 1996 2581 viri
2032 2536 2274 2600 primituS,
2312 2537 2453 2584 etiam

327 2613 636 2679 postmodum
664 2613 848 2660 feminae
872 2613 1097 2660 cecinisse
1121 2623 1466 2661 memorantur.
1491 2618 1544 2661 In
1570 2624 1736 2662 nostro
1755 2625 1913 2663 autem
1936 2616 2134 2681 pascha,
2157 2617 2251 2664 hoc
2277 2628 2346 2665 est
2369 2618 2454 2665 do-

327 2693 511 2741 minicae
544 2693 903 2741 resurrectionis
932 2692 1030 2752 die,
1060 2693 1267 2759 spiritale
1298 2694 1536 2741 canticum
1561 2695 1860 2743 exultationis
1884 2696 1945 2743 de
1973 2698 2269 2762 apparitione
2297 2715 2453 2745 resur-

328 2774 549 2822 rectionis
579 2774 710 2839 prius
741 2773 927 2821 feminae
959 2791 1105 2838 quam
1134 2775 1221 2821 viri
1248 2774 1431 2839 adeptae
1472 2786 1597 2822 sunt.
1637 2776 1814 2824 Pascha
1850 2787 2009 2824 autem
2040 2777 2282 2839 hebraice,
2304 2779 2454 2843 phase

327 2873 498 2920 graece,
536 2855 680 2902 latine
715 2857 941 2902 transitzw
978 2855 1166 2904 dicitur.
1208 2859 1260 2903 111
1298 2857 1446 2904 veteri
1481 2858 1658 2923 quippe
1695 2858 1900 2923 pascha,
1938 2860 2172 2907 Dominus
2203 2878 2290 2926 per
2313 2863 2454 2925 AEgy-

326 2946 464 3001 ptum
490 2936 722 2983 transiens
733 2937 762 2995 ³,
787 2936 1115 3000 primogenitis
1132 2937 1404 2996 interfectiS,
1428 2947 1474 2985 et
1499 2954 1585 3003 per
1610 2939 1861 2986 transitum
1880 2940 2023 2986 maris
2049 2939 2192 2987 Rubri
2219 2941 2453 3006 populum

326 3033 467 3063 suum
494 3015 722 3076 liberanS,
746 3016 806 3063 de
831 3016 1028 3063 nomine
1048 3017 1271 3065 transitus
1292 3017 1418 3065 hanc
1446 3018 1794 3066 solemnitatem
1820 3020 2072 3085 insignivit.
2103 3024 2310 3068 Praesens
2335 3039 2454 3086 quo-

326 3114 421 3161 que
448 3096 700 3144 dominicae
739 3097 1097 3144 resurrectionis
1127 3097 1228 3145 dies
1264 3115 1364 3144 non
1401 3099 1664 3164 incongrue
1690 3100 1868 3165 pascha
1902 3101 2089 3148 dicitur.
2132 3104 2236 3167 Ipsa
2275 3102 2453 3167 quippe

326 3176 592 3223 immutatio
616 3177 839 3224 humanae
860 3187 1038 3224 naturae
1057 3177 1118 3225 de
1141 3178 1426 3226 mortalitate
1445 3179 1506 3226 ad
1530 3179 1933 3227 immortalitatem
1949 3217 1960 3239 ,
1981 3181 2042 3228 de
2061 3181 2369 3246 corruptione
2392 3182 2452 3228 ad

326 3255 753 3321 incorruptionem,
770 3257 967 3322 quidam
983 3257 1031 3304 in
1048 3257 1235 3305 Christo
1255 3259 1484 3306 transitus·
1495 3269 1541 3306 et
1560 3269 1719 3307 motus
1735 3260 1836 3307 fuit.
1856 3261 2039 3308 Transit
2056 3261 2235 3328 quippe
2250 3261 2297 3306 in
2312 3259 2451 3308 aliam

327 3337 507 3397 statim,
530 3347 577 3385 et
591 3337 955 3402 quodammodo
977 3349 1214 3400 movetur,
1234 3340 1345 3404 quia
1363 3340 1411 3387 in
1429 3339 1560 3388 aliud
1581 3358 1726 3406 quam
1750 3343 1880 3407 prius
1903 3342 2075 3404 fuerat,
2103 3354 2446 3401 commutatur;

374 3519 384 3537 ‘
409 3520 527 3555 Psalm.
542 3531 597 3561 ct..
613 3532 643 3555 v.
658 3522 736 3556 4.-
753 3521 766 3539 ¹
782 3522 913 3564 Mauh.‚
931 3532 1005 3567 cap.
1024 3533 1125 3556 xxviu
1138 3547 1146 3563 ,
1165 3533 1196 3556 v.
1219 3523 1270 3557 10.
1289 3541 1331 3548 —
1349 3523 1362 3542 ⁸
1376 3524 1503 3563 Exod„
1519 3534 1593 3568 cap.
1611 3534 1670 3558 xn-
