2970 4152
444 571 1223 696 HELOISSAE
1321 571 2506 710 PARAGLITENSIS

1252 841 1698 895 PROBLEMATA

518 1044 694 1112 CUM
723 1043 929 1111 MAG.
958 1042 1223 1111 PETRI
1258 1042 1729 1113 ABAELARDI
1763 1040 2430 1110 SOLUTIONIBUS.

465 1470 656 1511 Consiliis
685 1470 886 1511 Abaelardi
919 1478 1140 1524 paruerunt
1164 1469 1686 1524 paraclitenses'Nirgines,
1707 1473 1748 1508 et
1766 1466 1901 1508 studio
1931 1478 2057 1507 sacrae
2085 1466 2299 1520 scripturae
2316 1465 2539 1508 adhibuere

411 1530 608 1580 animum.
638 1539 771 1587 Quum
804 1551 901 1579 vero
931 1539 1127 1579 nonnulla
1156 1538 1387 1592 legentibus
1417 1542 1707 1587 occurrerent,
1738 1548 1828 1590 quae
1860 1534 1924 1575 vel
1953 1534 2150 1585 obscura,
2185 1534 2247 1575 vel
2285 1547 2423 1575 secum
2459 1549 2536 1589 pu-

411 1607 578 1659 gnantia
594 1606 847 1655 viderentur,
863 1606 1041 1648 decrevit
1061 1606 1245 1648 Heloissa
1259 1619 1322 1657 ea,
1341 1606 1392 1647 de
1411 1605 1560 1660 quibus
1578 1610 1618 1646 et
1636 1605 1726 1658 ipsa
1744 1609 1785 1645 et
1804 1603 1977 1644 comites
1996 1602 2249 1653 dubitarent,
2270 1603 2435 1657 conjugi
2464 1616 2538 1644 suo

411 1675 654 1729 explicanda
682 1687 928 1729 proponere.
953 1677 999 1715 ln
1025 1674 1105 1715 hoc
1131 1674 1259 1727 igitur
1287 1674 1486 1728 opusculo
1514 1673 1692 1714 instituit
1720 1672 1969 1726 quaestiones
1994 1670 2264 1726 quadraginta
2288 1671 2340 1712 de
2369 1671 2538 1712 totidem

411 1755 618 1785 sacrorum
639 1742 831 1784 codicum
850 1743 954 1784 locis
971 1748 1012 1784 et
1031 1742 1083 1784 de
1104 1742 1347 1797 quibusdam
1366 1742 1620 1795 argumentis
1647 1753 1738 1795 quae
1769 1745 1868 1780 tunc
1892 1740 2053 1780 animos
2071 1739 2387 1780 commovebant
2410 1740 2538 1781 vehe-

410 1816 581 1862 menter,
603 1816 754 1852 nostrae
772 1823 870 1852 vero
889 1811 1019 1852 aetatis
1037 1811 1226 1851 homines
1240 1822 1498 1864 nequaquam
1515 1809 1749 1850 sollicitant.
1769 1808 2047 1857 Quaestionum
2068 1807 2264 1848 Heloissae
2282 1814 2322 1849 et
2338 1807 2539 1849 Abaelardi

410 1878 661 1920 solutionum
681 1879 823 1920 eadem
843 1879 928 1920 fere
951 1879 1055 1920 ratio
1076 1886 1139 1920 est
1156 1893 1166 1920 :
1190 1879 1450 1933 simplicitate
1473 1878 1583 1919 enim
1603 1878 1780 1930 ingenua
1796 1876 1946 1931 pariter
1967 1876 2322 1924 commendantur,
2344 1876 2412 1916 sed
2428 1877 2539 1918 leves

410 1953 505 1988 sunt
523 1947 782 2002 plerumque,
804 1948 859 1988 ita
881 1953 924 1988 ut
941 1948 1091 2001 legenti
1112 1960 1257 2002 parum
1278 1947 1458 1988 utilitatis
1477 1952 1547 1988 aut
1565 1945 1850 1986 oblectationis
1869 1944 2050 1986 afferant.

464 2017 594 2070 Supra
613 2016 794 2058 diximus
812 2017 947 2058 inesse
966 2018 1230 2058 Problemata
1248 2016 1290 2056 in
1311 2015 1462 2057 Codice
1479 2014 1688 2056 Victorino
1715 2021 1759 2054 n⁰
1777 2016 1880 2063 397;
1902 2012 2024 2067 hujus
2041 2012 2091 2054 ad
2115 2012 2236 2054 fidem
2257 2013 2537 2054 recensuimus

412 2090 566 2125 textum
587 2084 670 2138 jam
696 2085 738 2125 in
758 2085 890 2126 lucem
911 2084 1063 2127 editum
1077 2117 1088 2136 ,
1108 2085 1151 2126 in
1170 2098 1252 2139 quo
1272 2097 1402 2139 pauca
1421 2082 1618 2125 mutanda
1635 2082 1879 2124 invenimus.

654 2521 979 2572 EPlSTOLA
1017 2519 1364 2572 HELOISSAE
1402 2521 1489 2571 AD
1525 2520 1795 2571 PETRUM
1835 2517 2290 2570 ABAELARDUM.

475 2698 985 2761 BeatusHieronymus
1019 2706 1191 2744 sanctae
1220 2694 1450 2743 Marcellae
1478 2694 1689 2742 studium
1723 2710 1820 2759 quo
1847 2703 1946 2741 tota
1977 2690 2210 2749 fervebat,
2246 2691 2368 2737 circa
2405 2692 2532 2754 quae·

409 2777 584 2824 stiones
609 2793 849 2824 sacrarum
871 2777 1134 2824 litterarum
1168 2776 1372 2823 maxime
1395 2774 1765 2834 commendans,
1794 2790 1849 2821 ac
1883 2771 2191 2820 vehementer
2225 2769 2496 2835 approbans
2517 2806 2529 2830 ‚

410 2857 597 2921 quantis
621 2873 728 2904 eam
763 2874 906 2922 super
930 2857 1024 2904 hoc
1054 2857 1304 2922 praeconiis
1341 2855 1539 2903 laudum
1574 2855 1815 2914 extulerit,
1856 2863 2011 2901 vestra
2046 2850 2215 2898 melius
2251 2849 2530 2915 prudentia,

410 2954 555 3003 quam
587 2954 693 2985 mea
721 2937 994 3003 simplicitas
1023 2937 1173 2984 novit.
1214 2939 1285 2984 De
1309 2953 1403 3001 qua
1418 2972 1430 2996 ,
1454 2952 1604 3001 quum
1624 2937 1671 2982 in
1694 2934 1942 3000 epistolam
1969 2932 2097 2980 Pauli
2118 2930 2179 2978 ad
2198 2930 2385 2977 Galatas
2404 2947 2536 2978 com-

409 3018 668 3066 mentarios
701 3018 951 3077 scriberet,
980 3018 1043 3065 ita
1067 3018 1116 3064 in
1146 3019 1303 3083 primo
1336 3017 1553 3064 meminit
1577 3016 1700 3063 libro
1718 3019 1729 3041 ¹
1752 3036 1762 3063 :
1786 3036 1808 3060 «
1830 3015 1936 3062 Scio
1956 3011 2149 3078 quidem
2171 3010 2391 3057 ardorem
2413 3010 2530 3074 ejus,

409 3099 506 3146 scio
532 3097 677 3146 fidem
695 3135 707 3159 ‚
736 3114 882 3163 quam
907 3097 1148 3144 flammam
1180 3097 1354 3144 habeat
1386 3097 1434 3143 in
1469 3106 1687 3162 pectore,
1716 3100 1940 3161 superare
1971 3108 2162 3150 sexum,
2193 3089 2407 3137 oblivisci
2444 3089 2534 3137 ho-

411 3179 562 3226 mines
580 3189 627 3226 et
645 3179 920 3226 divinorum
944 3177 1244 3224 voluminum
1269 3187 1499 3242 tympano
1525 3192 1832 3240 concrepare,
1858 3172 2069 3220 Rubrum
2082 3171 2207 3218 hoc*
2230 3169 2386 3217 saeculi
2406 3170 2535 3235 pela-

411 3276 496 3324 gus
530 3259 846 3307 transfretare
870 3260 1007 3305 Certe
1026 3273 1177 3321 quum
1196 3258 1357 3304 Romae
1376 3273 1557 3316 essem,
1586 3270 1836 3319 nunquam
1867 3262 1965 3301 tam
1996 3252 2162 3299 festina
2192 3267 2270 3298 me
2302 3250 2447 3308 vidit,
2482 3261 2533 3297 ut

411 3339 472 3387 de
514 3341 766 3406 Scripturis
803 3338 981 3403 aliquid
1006 3338 1333 3401 interrogaret
1363 3340 1527 3401 Neque
1566 3351 1708 3394 vero,
1752 3350 1888 3381 more
1927 3332 2236 3399 pythagorico
2254 3366 2266 3390 ‚
2296 3330 2530 3395 quidquid

458 3533 466 3550 ‘
493 3532 634 3572 praefat„
658 3533 737 3574 Opp.
758 3539 782 3565 t.
799 3531 854 3573 lv,
875 3543 909 3575 p.
934 3534 965 3574 1,
981 3531 1046 3565 col.
1062 3532 1119 3563 22¹
1139 3531 1261 3564 et222.
1277 3548 1318 3555 —
1339 3529 1351 3547 ²
1371 3530 1474 3570 Hujtcs
1490 3528 1572 3561 Cod.
1593 3527 1675 3560 Vict.
1698 3527 1776 3560 39¹1.
