2970 4152
535 411 630 458 4¹12
1336 410 1506 457 PETRI
1542 413 1853 460 ABAELARD!

539 514 769 552 noverant
792 505 1037 551 suscitatos
1056 519 1182 564 esse,
1206 505 1340 568 quasi
1364 515 1580 553 mortuus
1605 524 1703 554 non
1728 518 1889 572 posset
1914 524 2158 571 resurgere
2176 518 2285 572 post
2309 508 2543 568 triduum,
2572 502 2669 572 qui'

537 585 906 648 quatriduanum
932 584 1235 631 suscitaverat
1256 587 1500 632 Lazarum.
1524 587 1667 650 Cujus
1693 588 1886 651 quidem
1913 587 2203 634 resuscitatio
2232 598 2364 635 tanto
2389 584 2656 651 diligentius

537 665 771 731 descripta
790 675 859 712 est
875 665 935 712 ab
954 665 1257 729 evangelista,
1278 675 1458 729 quanto
1477 666 1662 731 plenius
1683 679 1854 715 nostrae
1873 668 2032 715 salutis
2049 668 2261 716 continet
2278 658 2515 732 mysteria,
2536 684 2657 732 quos

536 747 748 811 quotidie
765 746 921 793 divina
943 746 1264 794 misericordia
1283 747 1482 807 feliciuS,
1509 758 1561 795 ut
1581 748 1801 806 diximus,
1823 748 2066 795 resuscitat
2084 765 2112 795 a
2130 759 2284 796 morte
2301 749 2491 807 animae,
2512 764 2656 812 quam

535 838 649 874 tunc
675 838 721 874 et
745 827 890 874 semel
914 831 1150 892 Lazarum·
1166 844 1192 874 a
1218 827 1433 892 corporis
1458 839 1627 875 morte.
1664 832 1865 875 Lazarus
1889 829 2094 894 quippe,
2125 839 2175 876 ut
2201 829 2429 888 diximus,
2454 828 2551 892 jam
2581 844 2654 875 se·

534 908 715 971 pultus,
745 918 791 955 et
813 907 1156 972 quatriduanus
1180 918 1421 967 mortuus,
1442 908 1573 954 illum
1598 908 1825 972 significat
1847 919 2143 974 peccatorem
2157 945 2169 969 ,
2191 910 2274 973 qui
2292 909 2433 974 longa
2455 898 2655 956 consue-

532 987 696 1035 tudine
720 989 900 1053 peccati
923 988 1112 1035 interim
1147 987 1356 1050 dejectus
1381 998 1450 1034 est
1474 989 1522 1034 in
1558 989 1878 1053 profundum,
1908 999 1960 1036 ut
1984 990 2033 1035 in
2057 989 2138 1036 illo
2161 989 2402 1054 profundo
2427 999 2652 1052 tanquam

531 1068 579 1113 in
605 1069 823 1134 sepulcro
846 1078 1084 1134 putrescat
1106 1069 1474 1133 quatriduanuS‚
1496 1086 1584 1116 nec
1613 1086 1662 1117 se
1689 1080 1874 1116 tantum
1898 1071 2158 1136 perimens,
2179 1087 2344 1117 verum
2368 1071 2509 1117 etiam
2537 1069 2653 1116 alios

532 1149 749 1214 exemplo
773 1147 906 1214 quasi
927 1149 1093 1197 foetore
1116 1150 1327 1213 quodam
1351 1167 1444 1197 suae
1467 1149 1730 1214 putredinis
1755 1167 2083 1216 corrumpens.
2115 1150 2252 1197 Unde
2275 1160 2321 1198 et
2344 1150 2468 1197 bene
2490 1149 2652 1197 foetere

530 1228 809 1293 describitur
832 1230 967 1294 quasi
989 1230 1347 1295 quatriduanus.
1374 1232 1591 1287 Quatuor
1612 1231 1740 1276 enim
1762 1231 1862 1278 dies
1887 1248 2008 1295 quos
2035 1232 2083 1277 in
2108 1240 2423 1277 monumento
2452 1229 2619 1276 habuit
2634 1267 2646 1289 ,

530 1311 880 1358 universitatem
917 1321 1221 1376 peccatorum
1262 1311 1557 1374 exprimunt,
1587 1310 1759 1374 quibus
1782 1312 1980 1376 quisque
2007 1312 2239 1376 pessimus
2273 1321 2342 1358 est
2379 1310 2645 1369 involutus,

530 1401 755 1455 tanquam
775 1392 822 1438 in
847 1392 927 1438 illo
951 1391 1192 1456 profundo
1227 1391 1451 1437 vitiorum
1480 1391 1715 1456 sepultus,
1743 1392 1804 1439 de
1836 1409 1933 1456 quo
1966 1393 2194 1458 scriptum
2223 1394 2316 1438 est¹
2341 1410 2350 1437 :
2382 1394 2651 1439 «Peccator

530 1488 678 1534 quum
702 1473 751 1519 in
773 1471 1066 1537 profundum
1089 1471 1313 1518 vitiorum
1338 1471 1543 1530 venerit,
1570 1481 1867 1531 contemnet,
1895 1491 1916 1515 »
1939 1473 2050 1536 quia
2074 1488 2224 1535 quum
2247 1471 2295 1517 in
2319 1470 2462 1534 longa
2483 1469 2650 1534 persti-

529 1552 636 1598 terit
652 1551 998 1598 consuetudine
1021 1550 1277 1616 peccandi,
1305 1567 1409 1614 quae
1426 1550 1526 1613 jam
1548 1551 1591 1597 ei
1614 1551 1734 1598 facta
1758 1561 1828 1598 est
1850 1553 1984 1616 quasi
2008 1551 2152 1598 altera
2172 1561 2361 1610 natura,
2385 1550 2515 1614 gravi
2532 1549 2649 1614 jugo

528 1630 684 1695 ipsum
719 1631 968 1696 deprimit,
1007 1630 1264 1677 salutiferas
1299 1629 1511 1676 fidelium
1544 1630 1895 1678 exhortationes
1930 1630 2004 1678 vel
2037 1630 2197 1678 divina
2222 1630 2403 1676 monita
2424 1645 2649 1694 respuens

529 1713 805 1759 contemnit.
832 1712 969 1759 Unde
990 1713 1080 1778 ipsi
1098 1712 1416 1758 necessarium
1435 1721 1531 1771 est,
1556 1722 1608 1758 ut
1626 1729 1715 1776 pro
1738 1712 1861 1759 illius
1885 1712 2202 1760 obstinatione
2219 1712 2411 1759 devotio
2436 1710 2647 1759 fidelium

526 1793 897 1859 intercedatfut
932 1795 1200 1841 interventu
1235 1808 1401 1840 eorum
1441 1792 1611 1839 divinae
1643 1794 1799 1858 gratiae
1829 1804 2099 1859 respectum
2128 1803 2420 1858 assequatur,
2454 1808 2551 1857 quo
2583 1791 2649 1838 illi

527 1875 814 1938 poenitentiae
837 1876 1037 1939 gemitus
1068 1875 1337 1940 inspiretur,
1365 1884 1412 1922 et
1434 1891 1692 1922 conversus
1714 1875 1934 1923 salvetur.
1964 1874 2102 1921 Unde
2127 1873 2250 1921 bene
2274 1889 2362 1939 pro
2390 1872 2531 1919 fratre
2565 1875 2661 1939 La·-

527 1970 636 2000 zaro
660 1956 873 2002 sanando
897 1972 1085 2003 sorores
1106 1955 1207 2019 ejus
1230 1955 1614 2015 intervenerunt,
1642 1955 1742 2019 ejus
1771 1955 2094 2002 infirmitatem
2115 1953 2325 2001 Domino
2357 1951 2643 1999 nuntiando.

528 2038 685 2093 Quem
707 2035 769 2082 ad
794 2035 1174 2083 subveniendum
1204 2035 1479 2094 invitanteS‚
1504 2036 1614 2082 satis
1631 2035 1725 2082 hoc
1748 2052 1849 2082 esse
1873 2044 2189 2095 consuerunt,
2216 2043 2270 2080 ut
2293 2033 2500 2079 Domino
2523 2049 2647 2084 nun-

524 2117 697 2163 tiarent
730 2117 868 2163 amici
900 2117 970 2163 sui
994 2126 1221 2174 mortem,
1255 2125 1301 2162 et
1330 2116 1575 2180 propriam
1605 2115 1666 2162 de
1694 2115 1965 2162 infirmitate
1991 2115 2144 2161 fratris
2175 2111 2535 2160 desolationem.
2572 2113 2648 2159 Sic

523 2198 653 2244 enim
677 2197 957 2245 mandantes
981 2196 1224 2244 dixerunt:
1254 2216 1276 2241 «
1301 2196 1506 2243 Domine
1523 2233 1534 2255 ,
1566 2213 1675 2243 ecce
1706 2213 1850 2260 quem
1884 2212 2015 2242 amas
2038 2193 2320 2241 infirmatur.
2343 2213 2366 2237 »
2394 2197 2489 2240 Nec
2513 2192 2648 2240 addi-

523 2278 729 2324 derunt:
756 2277 870 2324 Veni
899 2287 944 2324 et
978 2293 1090 2324 cura
1125 2293 1263 2335 eum3
1303 2292 1392 2322 nec
1428 2285 1524 2322 tam
1561 2275 1745 2322 orando
1778 2291 1921 2339 quam
1956 2273 2224 2322 nuntiando
2260 2272 2392 2337 quod
2424 2272 2648 2320 volebant

522 2357 896 2422 postulaverunt.
923 2358 1042 2404 Satis
1070 2357 1199 2404 enim
1232 2355 1540 2403 crediderunt
1568 2356 1778 2403 Domino
1807 2355 2026 2402 nuntiare
2055 2355 2338 2401 anxietatem
2372 2352 2511 2399 amici
2546 2353 2643 2412 sui,

523 2448 664 2502 atque
690 2455 848 2497 suam3
875 2447 1103 2501 tanquam
1126 2436 1243 2483 illud
1267 2436 1576 2501 proverbium
1593 2436 1891 2483 attendentes
1913 2454 1923 2481 :
1951 2435 2175 2482 «Amicus
2197 2444 2244 2481 et
2265 2433 2479 2481 medicus
2494 2434 2542 2480 in
2560 2450 2650 2480 ne-

527 2519 740 2565 cessitate
759 2517 1074 2583 probantur.»
1093 2517 1230 2564 Unde
1249 2518 1358 2564 satis
1373 2516 1991 2564 aestimaveruntamicitiam
2004 2515 2107 2562 fieri
2117 2531 2267 2579 quum
2278 2513 2467 2560 dicunt:
2491 2534 2513 2558 «
2531 2516 2651 2561 Ecce

528 2614 668 2661 quem
694 2614 838 2644 amas.
864 2616 885 2641 n
905 2600 1072 2661 Magna
1092 2595 1265 2644 fiducia
1282 2612 1445 2643 earum
1468 2597 1517 2642 in
1535 2596 1627 2643 hac
1647 2612 1730 2642 sua
1748 2596 1976 2660 petitione
1995 2594 2254 2660 plurimum
2274 2610 2363 2640 nos
2379 2593 2646 2652 confirmat,

528 2687 579 2723 ut
602 2677 719 2724 nihil
737 2678 1003 2725 haesitantes
1025 2693 1053 2723 a
1069 2676 1278 2723 Domino
1304 2676 1567 2723 necessaria
1591 2685 1865 2722 constanter
1886 2674 2198 2740 postulemus.
2217 2673 2542 2720 Interveniunt
2557 2690 2647 2738 pro

527 2759 717 2805 infirmo
744 2758 963 2806 nondum
996 2767 1212 2816 mortuO,
1239 2757 1350 2821 quia
1379 2757 1496 2803 vivis
1524 2756 1707 2816 adhuc,
1739 2773 1839 2803 non
1865 2755 2099 2802 defunctis
2123 2753 2403 2819 supplicatio
2434 2752 2647 2800 fidelium

527 2839 716 2903 proficit
746 2850 798 2886 ut
823 2838 1062 2886 salubrem
1084 2838 1411 2903 poenitentiam
1436 2837 1660 2884 habeant.
1767 2820 1774 2828 ’

475 2975 480 2982 ¹
595 2924 645 2967 ln
672 2921 815 2967 Maria
833 2930 880 2967 et
901 2918 1085 2966 Martha
1111 2918 1316 2965 universi
1338 2916 1503 2964 fideles
1525 2917 2015 2983 comprehenduntur,
2044 2927 2142 2963 tam
2162 2915 2539 2980 contemplativae
2563 2916 2648 2962 sci-

528 3000 635 3047 licet
654 3001 758 3047 vitae
780 3016 923 3064 quam
950 2999 1126 3047 activae.
1154 3001 1368 3056 Quarum
1394 2998 1632 3044 orationes
1650 2997 1768 3044 dum
1791 2996 1877 3044 sibi
1895 2997 2267 3061 conjunguntur,
2290 2995 2423 3042 facile
2441 3011 2530 3060 pro
2548 2994 2649 3041 aliis

531 3097 722 3145 quoque
738 3081 995 3145 impetrant
1013 3096 1117 3143 quae
1134 3078 1313 3125 illinon
1332 3088 1590 3124 merentur.
1610 3081 1667 3124 Et
1686 3077 1953 3124 notandum
1972 3077 2123 3142 quod,
2138 3076 2420 3123 adveniente
2437 3076 2646 3122 Domino

532 3161 829 3219 Bethaniam,
867 3160 1048 3207 Martha
1080 3161 1285 3206 occurrit
1309 3158 1391 3205 illi.
1424 3158 1569 3204 Maria
1603 3168 1763 3205 autem
1788 3157 1922 3204 domi
1945 3157 2155 3205 sedebat.
2186 3159 2252 3203 Ex
2276 3172 2374 3220 quo
2400 3154 2648 3219 diligenter

532 3245 792 3291 activorum
813 3253 859 3290 et
878 3242 1361 3307 contemplativorum
1380 3241 1472 3287 vita
1493 3240 1789 3287 describitur.
1806 3240 1952 3287 Activi
1968 3240 2144 3304 quippe
2163 3248 2289 3297 sunt,
2304 3237 2388 3302 qui
2399 3237 2522 3284 circa
2534 3254 2646 3302 pro-

532 3326 646 3372 ximi
670 3340 860 3371 causam
884 3323 1088 3369 maxime
1105 3322 1340 3387 occupati,
1363 3320 1643 3386 temporalia
1663 3320 1791 3368 bona
1816 3329 2099 3386 procurant,
2118 3327 2171 3365 ut
2191 3317 2400 3365 habeant
2421 3316 2551 3363 unde
2568 3317 2648 3363 tri—

577 3513 586 3530 ¹
615 3524 629 3540 ‹·
644 3510 765 3553 Impius
781 3519 877 3551 quum
894 3507 924 3540 in
944 3506 1136 3550 profundum
1155 3507 1277 3540 venerit
1294 3514 1502 3550 peecatorum
1515 3532 1523 3547 ,
1541 3511 1740 3539 contemnet.
1758 3517 1773 3533 r·
1796 3504 1928 3546 (Prov.‚
1945 3514 2017 3547 cap.
2035 3514 2112 3536 xvtn
2124 3528 2133 3543 ,
2150 3514 2179 3536 v.
2199 3501 2245 3544 3.)

2684 632 2732 690 3>
