2970 4152
749 423 917 470 PETRI
953 424 1265 471 ABAELARDI
1300 425 1374 470 ΕΤ
1408 424 1708 470 HELOISSAE
1741 422 2057 469 EPISTOLAE.
2422 422 2483 467 73

373 515 444 562 vel
464 514 627 563 audire
648 533 788 580 posse
813 517 1040 563 aestimem
1062 536 1073 562 :
1096 527 1229 563 tanto
1253 517 1445 564 dolores
1471 533 1603 563 meos
1621 516 1822 581 amplius
1840 524 2157 582 renovarunt,
2178 524 2357 577 quanto
2376 514 2480 559 dili·
2519 542 2523 548 ‹

370 597 552 657 gentius
582 596 789 661 singula¹
819 607 1152 661 expresserunt
1179 607 1225 643 et
1254 613 1312 643 eo
1343 597 1772 661 magisauxerunt,
1802 613 1899 660 quo
1935 596 1982 641 in
2011 605 2056 642 te
2086 594 2244 642 adhuc
2274 593 2479 658 pericula

368 690 577 723 cre-scere
600 677 820 736 retulisti;
853 687 903 723 ut
928 693 1097 724 omnes
1121 678 1296 742 pariter
1321 677 1383 724 de
1407 678 1503 724 vita
1533 687 1614 723 tua
1642 676 1891 740 desperare
1909 692 2164 739 cogamur,
2196 684 2242 722 et
2267 673 2481 738 quotidie

367 752 560 802 ultimos
582 755 687 802 illos
710 756 772 808 ‚de
790 773 908 803 nece
933 767 1014 803 tua
1032 773 1249 803 rumores
1270 756 1550 821 trepidantia
1574 765 1734 802 nostra
1761 756 1906 801 corda
1926 766 1971 802 et
1989 755 2266 820 palpitantia
2286 764 2479 819 pectora

359 844 630 898 expectent.
657 838 744 881 Per
769 836 926 899 ipsum
944 837 1123 899 itaque,
1145 837 1227 900 qui
1243 846 1289 883 te
1309 836 1398 883 sibi
1419 836 1576 883 adhuc
1600 850 1797 900 quoquo
1822 835 1967 881 modo
1993 836 2217 899 protegit,
2240 835 2479 881 Christum

366 899 692 974 obsecramus,
721 925 953 978 quatenus
982 916 1223 963 ancillulas
1242 917 1388 982 ipsius
1403 926 1450 963 et
1478 927 1582 963 tuas
1606 915 1810 962 crebris²
1830 915 1994 962 litteris
2022 915 2082 962 de
2106 915 2209 974 his,
2235 917 2282 961 in
2308 913 2479 979 quibus

363 992 521 1040 adhuc
551 995 749 1041 fluctuas
769 1031 781 1053 ‚
826 996 1104 1060 naufragiis³
1136 996 1396 1044 certificare
1427 997 1659 1061 digneris3
1699 1006 1750 1043 ut
1788 1012 1876 1042 nos
1914 995 2078 1042 saltem
2111 1013 2216 1059 quae
2248 995 2333 1042 tibi
2370 994 2478 1041 solae

364 1075 676 1122 remansimus
694 1112 706 1135 ,
736 1076 914 1123 doloris
937 1076 1011 1123 vel
1045 1077 1204 1140 gaudii
1231 1078 1508 1142 participes*
1533 1077 1725 1124 habeas.
1757 1076 1921 1123 Solent
1952 1077 2123 1123 etenim
2157 1075 2337 1122 dolenti
2362 1092 2479 1122 non-

363 1154 543 1202 nullam
565 1145 732 1203 afferre
749 1156 1127 1204 consolationem
1152 1158 1235 1221 qui
1260 1158 1547 1218 condolent,
1575 1169 1622 1205 et
1637 1156 1886 1222 quodlibet
1902 1174 2023 1204 onus
2050 1157 2262 1222 pluribus
2281 1157 2474 1222 imposi-

363 1243 462 1280 tu'm
482 1234 630 1282 levius
656 1237 911 1284 sustinetur
931 1274 942 1296 ,
966 1238 1064 1284 sive
1082 1237 1307 1285 defertur.
1340 1238 1484 1296 Quod
1502 1239 1539 1285 si
1564 1238 1810 1304 paululum
1830 1238 1930 1285 haec
1947 1249 2198 1304 tempestas
2214 1239 2443 1302 quieverit
2462 1275 2471 1296 ,

286 1328 294 1330 ·
361 1324 492 1361 tanto
517 1307 721 1380 amplius
740 1319 1033 1365 maturandae
1055 1329 1167 1365 sunt
1191 1318 1373 1378 litterae,
1397 1330 1577 1383 quanto
1604 1329 1715 1366 sunt
1735 1319 2043 1382 jucundiores
2069 1320 2249 1366 futurae.
2280 1323 2349 1366 De
2375 1321 2475 1384 qui—

359 1392 639 1459 buscunque
671 1408 831 1444 autem
873 1398 1010 1444 nobis
1044 1397 1221 1446 scribas
1241 1436 1252 1458 ,
1294 1416 1394 1445 non
1425 1416 1626 1464 parvum
1655 1399 1794 1446 nobis
1820 1400 2083 1447 remedium
2116 1400 2352 1458 confere53
2383 1399 2475 1445 hoc

359 1473 523 1521 saltem
551 1491 646 1522 uno
671 1477 804 1540 quod
828 1487 874 1524 te
907 1479 1056 1524 nostri
1084 1494 1348 1526 memorem
1376 1496 1477 1526 esse
1500 1479 1801 1528 monstrabis.
1829 1483 1984 1537 Quam
1999 1479 2223 1543 jucuudae
2250 1497 2360 1526 vero
2387 1481 2475 1526 sint

358 1552 622 1602 absentium
639 1555 802 1604 litterae
817 1560 830 1581 ⁵
847 1559 1129 1616 amicorum,
1152 1559 1250 1623 ipse
1267 1576 1356 1606 nos
1370 1560 1589 1625 exemplo
1605 1561 1802 1625 proprio
1822 1562 1999 1607 Seneca
2014 1560 2176 1620 docet,
2195 1561 2253 1607 ad
2269 1562 2475 1607 amicum

359 1632 590 1680 Lucilium
621 1636 832 1698 quodam
862 1637 968 1683 loco
1003 1638 1070 1684 sic
1100 1638 1337 1686 scribens⁶
1369 1657 1377 1684 :
1411 1659 1433 1683 «
1460 1640 1604 1698 Quod
1639 1640 1908 1704 frequenter
1940 1640 2057 1687 mihi
2084 1641 2272 1700 scribis,
2309 1643 2475 1705 gratias

357 1728 461 1775 ago.
485 1716 603 1761 Nam
623 1732 721 1778 quo
749 1734 847 1763 uno
867 1717 1014 1764 modo
1042 1729 1177 1782 potes
1196 1729 1242 1765 te
1264 1718 1376 1765 mihi
1398 1720 1624 1767 ostendis.
1656 1724 1907 1784 Nunquam
1934 1721 2182 1785 epistolam
2205 1731 2332 1768 tuam
2354 1723 2474 1769 acci-

356 1792 462 1855 pio,
485 1794 602 1856 quin
628 1796 849 1858 protinus
881 1814 974 1844 una
999 1798 1161 1843 simus.
1185 1798 1232 1844 Si
1261 1798 1488 1862 imagines
1514 1799 1652 1846 nobis
1677 1801 1938 1846 amicorum
1966 1799 2230 1846 absentium
2252 1802 2474 1864 jucundae

355 1883 489 1931 sunt,
519 1889 624 1936 quae
649 1876 930 1922 memoriam
957 1887 1215 1935 renovant,
1236 1887 1283 1923 et
1307 1878 1596 1925 desiderium
1618 1879 1838 1946 absentiae
1865 1880 1979 1927 falso
2000 1891 2141 1944 atque
2161 1882 2286 1928 inani
2308 1881 2472 1929 solatio

353 1952 540 2012 levant,
562 1965 743 2019 quanto
757 1956 1068 2019 jucundiores
1084 1967 1193 2004 sunt
1208 1957 1387 2016 litterae,
1408 1975 1513 2022 quae
1529 1951 1667 2005 amici
1684 1959 1890 2006 absentis
1907 1976 2039 2007 veras
2057 1971 2194 2007 notas
2211 1961 2470 2008 afferunt?»

354 2035 456 2080 Deo
481 2044 640 2082 autem
659 2036 829 2099 gratias
847 2072 859 2096 ,
880 2036 1013 2100 quod
1032 2036 1125 2083 hoc
1145 2037 1308 2084 saltem
1329 2037 1477 2085 modo
1495 2040 1791 2103 pra-sentiam
1812 2050 1942 2087 tuam
1964 2040 2102 2087 nobis
2129 2040 2326 2087 reddere
2346 2043 2472 2089 nulla

355 2112 529 2160 invidia
560 2114 853 2179 prohiberis,
898 2117 1027 2164 nulla
1063 2117 1340 2166 difficultate
1378 2119 1652 2184 piaepediris
1670 2156 1682 2180 ,
1722 2119 1850 2166 nulla
1870 2156 1881 2179 ,
1923 2119 2121 2167 obsecro
2143 2156 2154 2179 ,
2195 2121 2476 2186 negligentia

354 2192 619 2241 retarderis.
644 2196 876 2261 Scripsisti
895 2196 956 2244 ad
979 2198 1186 2245 amicum
1206 2198 1399 2263 prolixae
1422 2199 1798 2247 consolationem
1823 2199 2031 2265 epistolae
2051 2236 2063 2260 ,
2092 2211 2135 2247 et
2156 2218 2245 2266 pro
2271 2201 2477 2248 adversi-

353 2271 551 2320 tatibus⁷
567 2276 763 2339 quidem
789 2277 910 2337 suis,
936 2277 1020 2325 sed
1046 2278 1106 2325 dc
1134 2279 1239 2327 tuiS.
1266 2282 1395 2336 Quas
1422 2279 1638 2328 videlicet
1666 2291 1768 2328 tuas
1793 2280 2042 2346 diligenter
2065 2298 2470 2341 commemorans,

352 2369 501 2416 quum
526 2355 627 2418 ejus
651 2356 948 2405 intenderes⁸
966 2359 1309 2418 consolationi,
1340 2370 1512 2407 nostrae
1538 2361 1796 2426 plurimum
1821 2360 2071 2409 addidisti⁰
2088 2361 2368 2409 desolationi
2389 2399 2400 2422 ,
2432 2374 2475 2410 et

351 2432 465 2479 dum
485 2434 585 2497 ejus
602 2437 783 2484 mederi
798 2437 1071 2486 vulneribus
1084 2457 1299 2505 cuperes,
1320 2458 1445 2523 npva
1462 2442 1828 2506 quaedamnobis
1847 2442 2039 2490 vulnera
2052 2443 2231 2490 doloris
2247 2445 2468 2502 inflixisti,

349 2522 396 2558 et
421 2513 578 2576 priora
609 2517 791 2563 auxisti.
827 2520 947 2565 Sana
966 2554 978 2577 ,
1011 2518 1211 2566 obsecro
1232 2555 1244 2579 ,
1275 2521 1375 2585 ipse
1398 2538 1503 2585 quae
1529 2522 1702 2581 fecisti,
1732 2524 1813 2586 qui
1834 2539 1938 2586 quae
1958 2522 2034 2569 alii
2067 2523 2275 2570 fecerunt
2307 2541 2471 2571 curare

348 2594 532 2656 satagis.
564 2597 747 2643 Morem
771 2597 967 2660 quidem
993 2600 1146 2646 amico
1167 2610 1213 2647 et
1237 2602 1368 2648 socio
1394 2602 1599 2664 gessisti,
1622 2611 1669 2648 et
1701 2612 1796 2648 tani
1823 2603 2038 2649 amicitiae
2067 2620 2211 2666 quam
2238 2604 2470 2651 societatis

347 2671 562 2720 debitum
587 2676 879 2743 persolvisti3
903 2678 987 2725 sed
1006 2680 1183 2742 majore
1209 2691 1255 2727 te
1280 2680 1442 2728 debito
1468 2681 1606 2728 nobis
1626 2682 1901 2741 astrinxisti,
1921 2700 2039 2747 quas
2066 2700 2163 2729 non
2184 2694 2280 2730 tam
2297 2685 2469 2731 amicas

346 2768 491 2815 quam
509 2754 830 2815 amicissimas,
852 2774 949 2804 non
970 2768 1064 2805 tam
1086 2760 1236 2806 socias
1251 2777 1396 2824 quam
1416 2760 1533 2808 filias
1550 2762 1773 2809 convenit
1793 2763 2056 2822 nominari,
2081 2763 2152 2810 vel
2169 2763 2207 2810 si
2223 2763 2352 2827 quod
2369 2763 2469 2810 dul-

343 2832 443 2878 cius
457 2843 503 2880 et
515 2836 721 2883 sanctius
740 2836 1024 2884 vocabulum
1037 2842 1061 2863 ¹⁰
1071 2849 1228 2904 potest
1244 2841 1512 2904 excogitari.
1526 2844 1716 2898 Quanto
1734 2852 1890 2889 autem
1903 2841 2066 2889 debito
2084 2852 2128 2889 te
2145 2859 2251 2906 erga
2266 2860 2344 2889 eas
2354 2842 2469 2889 obli—

343 2913 539 2974 gaveris,
564 2931 662 2961 non
678 2919 982 2979 argumentis,
1006 2935 1103 2965 non
1122 2920 1404 2968 testimoniis
1432 2921 1635 2985 indiget,
1662 2932 1712 2969 ut
1732 2924 1863 2986 quasi
1881 2922 2079 2969 dubium
2099 2923 2461 2988 comprobetur:

344 3002 388 3038 et
408 2993 445 3039 si
466 3010 632 3042 omnes
649 3005 859 3054 taceant,
881 3014 954 3044 res
971 2998 1069 3062 ipsa
1089 2999 1276 3047 clamat.
1302 3001 1450 3064 Hujus
1467 3002 1645 3066 quippe
1659 3002 1747 3049 loci
1772 3012 1821 3049 tu
1841 3013 1943 3067 post
1970 3006 2123 3049 Deum
2143 3003 2272 3050 solus
2297 3021 2346 3051 es
2366 3005 2466 3051 fun—

344 3071 498 3132 dator,
513 3073 641 3121 solus
655 3074 796 3139 hujus
809 3078 1004 3124 oratorii
1021 3090 1340 3140 constructor,
1357 3081 1485 3128 solus
1497 3081 1639 3145 hujus
1652 3083 2030 3146 congregationis
2047 3081 2319 3130 aedificator.
2341 3084 2462 3131 Nihil

343 3150 421 3199 hic
439 3170 582 3218 super
601 3154 809 3216 alienum
831 3156 1070 3206 aedificasti
1090 3159 1471 3208 fundamentum.
1496 3165 1666 3208 Totum
1688 3162 1819 3226 quod
1838 3162 1915 3209 hic
1931 3173 2017 3221 est,
2041 3173 2118 3210 tua
2140 3165 2161 3187 ¹¹
2181 3165 2357 3211 creatio
2374 3176 2458 3212 est.

344 3232 560 3280 Solitudo
590 3234 689 3282 haec
716 3236 822 3283 feris
854 3247 1062 3297 tantum,
1092 3240 1189 3287 sive
1212 3240 1478 3289 latronibus
1503 3258 1698 3302 vacans,
1729 3241 1907 3289 nullam
1933 3242 2184 3290 hominum
2212 3244 2461 3291 habitatio-

390 3389 399 3406 ¹
425 3390 580 3426 lmen-itur
593 3396 762 3430 calumniis
780 3399 948 3430 teterrimis
968 3396 1062 3430 tntS.
1078 3415 1122 3423 -
1137 3397 1149 3415 ⁸
1171 3399 1381 3439 Frequentio-
1426 3403 1523 3433 versis
1539 3400 1633 3433 RMS.
1654 3417 1690 3423 -
1710 3399 1722 3417 ⁸
1740 3400 1892 3433 studeres
1911 3401 1977 3434 MS.
1996 3401 2090 3434 Δηὼ.
2109 3421 2145 3426 --—
2163 3401 2175 3418 ⁰
2192 3403 2346 3443 Adjecisci
2365 3402 2458 3435 RMS.

346 3447 431 3478 ribus
456 3446 550 3482 Rus.
564 3466 608 3476 —·
622 3449 635 3467 ³
649 3451 838 3494 Naufrayua
857 3449 892 3487 Ἐ-
916 3459 948 3485 et
972 3452 1039 3485 MS.
1066 3453 1160 3487 Amb.
1175 3472 1221 3480 —
1239 3453 1252 3471 ⁴
1282 3456 1382 3488 Foras
1427 3472 1468 3479 —
1486 3455 1515 3474 ¹⁰
1536 3456 1655 3489 Nomen
1674 3454 1768 3489 RMS.
1785 3474 1826 3482 —
1842 3456 1870 3474 ¹¹
1898 3458 1994 3490 Tuum
2013 3457 2095 3490 Rus

346 3501 438 3535 RMS.
455 3520 496 3526 —
512 3502 524 3519 ⁵
545 3505 700 3546 Epistoloe
721 3506 814 3541 Rus.
834 3526 873 3532 -
889 3507 902 3524 ⁸
917 3507 1022 3551 Epist.
1040 3519 1093 3543 ιι.
1111 3527 1151 3536 -
1168 3510 1179 3527 “’
1194 3511 1299 3544 Rebus
1317 3514 1380 3544 ad-

508 3573 518 3600 ι
1680 3605 1684 3609 .
2254 3575 2300 3612 10
