<?xml version="1.0" encoding="UTF-8"?>
<!DOCTYPE html PUBLIC "-//W3C//DTD XHTML 1.0 Transitional//EN"
    "http://www.w3.org/TR/xhtml1/DTD/xhtml1-transitional.dtd">
<html xmlns="http://www.w3.org/1999/xhtml" xml:lang="en" lang="en">
 <head>
  <title>
</title>
<meta http-equiv="Content-Type" content="text/html;charset=utf-8" />
  <meta name='ocr-system' content='tesseract 3.04.00' />
  <meta name='ocr-capabilities' content='ocr_page ocr_carea ocr_par ocr_line ocrx_word'/>
</head>
<body>
  <div class='ocr_page' id='page_1' title='image "./operahactenusseo01abeluoft_0562.png"; bbox 0 0 2970 4152; ppageno 0'>
   <div class='ocr_carea' id='block_1_1' title="bbox 530 393 1837 442">
    <p class='ocr_par' dir='ltr' id='par_1_1' title="bbox 530 393 1837 442">
     <span class='ocr_line' id='line_1_1' title="bbox 530 393 1837 442; baseline 0.005 -8"><span class='ocrx_word' id='word_1_1' title='bbox 530 398 622 442; x_wconf 69' lang='lat'>548</span> <span class='ocrx_word' id='word_1_2' title='bbox 1324 393 1494 439; x_wconf 86' lang='lat' dir='ltr'>PETRI</span> <span class='ocrx_word' id='word_1_3' title='bbox 1530 393 1837 440; x_wconf 79' lang='lat' dir='ltr'>ABAELARm</span> 
     </span>
    </p>
   </div>
   <div class='ocr_carea' id='block_1_2' title="bbox 526 487 2690 3262">
    <p class='ocr_par' dir='ltr' id='par_1_2' title="bbox 526 487 2690 2305">
     <span class='ocr_line' id='line_1_2' title="bbox 528 487 2640 550; baseline -0.002 -12"><span class='ocrx_word' id='word_1_4' title='bbox 528 493 613 538; x_wconf 89' lang='lat' dir='ltr'>ait¹</span> <span class='ocrx_word' id='word_1_5' title='bbox 644 510 655 537; x_wconf 75' lang='grc' dir='ltr'><strong><em>ε</em></strong></span> <span class='ocrx_word' id='word_1_6' title='bbox 683 493 870 536; x_wconf 88' lang='lat' dir='ltr'>«Amen</span> <span class='ocrx_word' id='word_1_7' title='bbox 904 489 1012 534; x_wconf 91' lang='lat' dir='ltr'>dico</span> <span class='ocrx_word' id='word_1_8' title='bbox 1044 487 1206 544; x_wconf 81' lang='lat' dir='ltr'>vobiS,</span> <span class='ocrx_word' id='word_1_9' title='bbox 1239 487 1371 550; x_wconf 91' lang='lat' dir='ltr'>quod</span> <span class='ocrx_word' id='word_1_10' title='bbox 1403 489 1487 533; x_wconf 92' lang='lat' dir='ltr'>uni</span> <span class='ocrx_word' id='word_1_11' title='bbox 1518 505 1574 535; x_wconf 92' lang='lat' dir='ltr'>ex</span> <span class='ocrx_word' id='word_1_12' title='bbox 1607 489 1817 534; x_wconf 88' lang='lat' dir='ltr'>minimis</span> <span class='ocrx_word' id='word_1_13' title='bbox 1849 488 1965 534; x_wconf 89' lang='lat' dir='ltr'>meis</span> <span class='ocrx_word' id='word_1_14' title='bbox 2004 487 2206 544; x_wconf 89' lang='lat' dir='ltr'>fecistis,</span> <span class='ocrx_word' id='word_1_15' title='bbox 2244 487 2362 533; x_wconf 89' lang='lat' dir='ltr'>mihi</span> <span class='ocrx_word' id='word_1_16' title='bbox 2396 487 2584 534; x_wconf 88' lang='lat' dir='ltr'>fecistis.</span> <span class='ocrx_word' id='word_1_17' title='bbox 2618 506 2640 530; x_wconf 77' lang='lat' dir='ltr'><em>n</em></span> 
     </span>
     <span class='ocr_line' id='line_1_3' title="bbox 526 566 2644 632; baseline -0.002 -15"><span class='ocrx_word' id='word_1_18' title='bbox 526 571 699 617; x_wconf 87' lang='lat' dir='ltr'>Divina</span> <span class='ocrx_word' id='word_1_19' title='bbox 722 579 880 616; x_wconf 88' lang='lat' dir='ltr'>autem</span> <span class='ocrx_word' id='word_1_20' title='bbox 905 568 1165 630; x_wconf 87' lang='lat' dir='ltr'>inspirante</span> <span class='ocrx_word' id='word_1_21' title='bbox 1188 567 1365 629; x_wconf 88' lang='lat' dir='ltr'>gratia,</span> <span class='ocrx_word' id='word_1_22' title='bbox 1398 577 1512 618; x_wconf 87' lang='lat' dir='ltr'>tunc</span> <span class='ocrx_word' id='word_1_23' title='bbox 1529 568 1658 632; x_wconf 89' lang='lat' dir='ltr'>apud</span> <span class='ocrx_word' id='word_1_24' title='bbox 1679 569 1942 614; x_wconf 90' lang='lat' dir='ltr'>Dominum</span> <span class='ocrx_word' id='word_1_25' title='bbox 1973 583 2113 613; x_wconf 91' lang='lat' dir='ltr'>suum</span> <span class='ocrx_word' id='word_1_26' title='bbox 2136 583 2185 613; x_wconf 89' lang='lat' dir='ltr'>se</span> <span class='ocrx_word' id='word_1_27' title='bbox 2211 566 2440 613; x_wconf 84' lang='lat' dir='ltr'>defamari</span> <span class='ocrx_word' id='word_1_28' title='bbox 2461 567 2644 613; x_wconf 85' lang='lat' dir='ltr'><strong>villicus</strong></span> 
     </span>
     <span class='ocr_line' id='line_1_4' title="bbox 528 643 2646 711; baseline -0.001 -15"><span class='ocrx_word' id='word_1_29' title='bbox 528 650 766 711; x_wconf 84' lang='lat' dir='ltr'>intelligit,</span> <span class='ocrx_word' id='word_1_30' title='bbox 799 647 931 711; x_wconf 91' lang='lat' dir='ltr'>quod</span> <span class='ocrx_word' id='word_1_31' title='bbox 957 663 1055 693; x_wconf 91' lang='lat' dir='ltr'>non</span> <span class='ocrx_word' id='word_1_32' title='bbox 1082 646 1301 698; x_wconf 86' lang='lat' dir='ltr'>videlicet</span> <span class='ocrx_word' id='word_1_33' title='bbox 1330 648 1524 693; x_wconf 89' lang='lat' dir='ltr'>Domini</span> <span class='ocrx_word' id='word_1_34' title='bbox 1549 643 1621 694; x_wconf 72' lang='lat' dir='ltr'>stii</span> <span class='ocrx_word' id='word_1_35' title='bbox 1650 647 1801 694; x_wconf 88' lang='lat' dir='ltr'>fidelis</span> <span class='ocrx_word' id='word_1_36' title='bbox 1825 647 2028 693; x_wconf 90' lang='lat' dir='ltr'>extiterit</span> <span class='ocrx_word' id='word_1_37' title='bbox 2054 646 2353 710; x_wconf 86' lang='lat' dir='ltr'>dispensator</span> <span class='ocrx_word' id='word_1_38' title='bbox 2376 656 2456 692; x_wconf 90' lang='lat' dir='ltr'>aut</span> <span class='ocrx_word' id='word_1_39' title='bbox 2478 662 2646 710; x_wconf 90' lang='lat' dir='ltr'>procu-</span> 
     </span>
     <span class='ocr_line' id='line_1_5' title="bbox 528 724 2645 790; baseline -0.002 -16"><span class='ocrx_word' id='word_1_40' title='bbox 528 739 674 785; x_wconf 88' lang='lat' dir='ltr'>rator,</span> <span class='ocrx_word' id='word_1_41' title='bbox 695 727 889 789; x_wconf 90' lang='lat' dir='ltr'>quando</span> <span class='ocrx_word' id='word_1_42' title='bbox 915 726 1120 790; x_wconf 89' lang='lat' dir='ltr'>peccatis</span> <span class='ocrx_word' id='word_1_43' title='bbox 1144 725 1411 772; x_wconf 80' lang='lat' dir='ltr'>obstinatiae</span> <span class='ocrx_word' id='word_1_44' title='bbox 1432 743 1543 785; x_wconf 84' lang='lat' dir='ltr'>suae,</span> <span class='ocrx_word' id='word_1_45' title='bbox 1562 737 1608 772; x_wconf 91' lang='lat' dir='ltr'>et</span> <span class='ocrx_word' id='word_1_46' title='bbox 1625 727 1847 784; x_wconf 80' lang='lat' dir='ltr'>avaritiae,</span> <span class='ocrx_word' id='word_1_47' title='bbox 1869 736 1916 772; x_wconf 88' lang='lat' dir='ltr'>et</span> <span class='ocrx_word' id='word_1_48' title='bbox 1938 725 2148 771; x_wconf 90' lang='lat' dir='ltr'>clamore</span> <span class='ocrx_word' id='word_1_49' title='bbox 2165 741 2448 789; x_wconf 89' lang='lat' dir='ltr'>pauperum,</span> <span class='ocrx_word' id='word_1_50' title='bbox 2471 724 2645 788; x_wconf 90' lang='lat' dir='ltr'>quibus</span> 
     </span>
     <span class='ocr_line' id='line_1_6' title="bbox 528 803 2643 869; baseline -0.001 -17"><span class='ocrx_word' id='word_1_51' title='bbox 528 807 798 864; x_wconf 87' lang='lat' dir='ltr'>subvenire,</span> <span class='ocrx_word' id='word_1_52' title='bbox 825 816 871 852; x_wconf 89' lang='lat' dir='ltr'>et</span> <span class='ocrx_word' id='word_1_53' title='bbox 893 821 978 851; x_wconf 90' lang='lat' dir='ltr'>sua</span> <span class='ocrx_word' id='word_1_54' title='bbox 1001 805 1090 851; x_wconf 90' lang='lat' dir='ltr'>illis</span> <span class='ocrx_word' id='word_1_55' title='bbox 1113 803 1314 852; x_wconf 84' lang='lat' dir='ltr'>reddere</span> <span class='ocrx_word' id='word_1_56' title='bbox 1335 805 1506 864; x_wconf 91' lang='lat' dir='ltr'>noluit,</span> <span class='ocrx_word' id='word_1_57' title='bbox 1533 822 1581 852; x_wconf 90' lang='lat' dir='ltr'>se</span> <span class='ocrx_word' id='word_1_58' title='bbox 1607 805 1736 869; x_wconf 89' lang='lat' dir='ltr'>apud</span> <span class='ocrx_word' id='word_1_59' title='bbox 1758 807 1914 851; x_wconf 88' lang='lat' dir='ltr'>Deum</span> <span class='ocrx_word' id='word_1_60' title='bbox 1937 805 2141 867; x_wconf 89' lang='lat' dir='ltr'>graviter</span> <span class='ocrx_word' id='word_1_61' title='bbox 2163 805 2374 851; x_wconf 91' lang='lat' dir='ltr'>accusari</span> <span class='ocrx_word' id='word_1_62' title='bbox 2396 805 2643 866; x_wconf 85' lang='lat' dir='ltr'>recogitat,</span> 
     </span>
     <span class='ocr_line' id='line_1_7' title="bbox 530 884 2647 948; baseline -0 -17"><span class='ocrx_word' id='word_1_63' title='bbox 530 897 575 932; x_wconf 89' lang='lat' dir='ltr'>et</span> <span class='ocrx_word' id='word_1_64' title='bbox 598 903 679 932; x_wconf 90' lang='lat' dir='ltr'>eos</span> <span class='ocrx_word' id='word_1_65' title='bbox 701 885 790 931; x_wconf 87' lang='lat' dir='ltr'>sibi</span> <span class='ocrx_word' id='word_1_66' title='bbox 812 885 1032 931; x_wconf 90' lang='lat' dir='ltr'>inimicos</span> <span class='ocrx_word' id='word_1_67' title='bbox 1063 885 1244 943; x_wconf 86' lang='lat' dir='ltr'>fecisse,</span> <span class='ocrx_word' id='word_1_68' title='bbox 1270 902 1391 948; x_wconf 93' lang='lat' dir='ltr'>quos</span> <span class='ocrx_word' id='word_1_69' title='bbox 1414 886 1594 932; x_wconf 90' lang='lat' dir='ltr'>amicos</span> <span class='ocrx_word' id='word_1_70' title='bbox 1616 885 1782 931; x_wconf 88' lang='lat' dir='ltr'>debuit</span> <span class='ocrx_word' id='word_1_71' title='bbox 1801 901 2119 948; x_wconf 89' lang='lat' dir='ltr'>comparasse.</span> <span class='ocrx_word' id='word_1_72' title='bbox 2147 884 2359 930; x_wconf 82' lang='lat' dir='ltr'>Attendit</span> <span class='ocrx_word' id='word_1_73' title='bbox 2381 885 2524 930; x_wconf 88' lang='lat' dir='ltr'>etiam</span> <span class='ocrx_word' id='word_1_74' title='bbox 2547 900 2596 930; x_wconf 86' lang='lat' dir='ltr'>se</span> <span class='ocrx_word' id='word_1_75' title='bbox 2619 900 2647 930; x_wconf 87' lang='lat' dir='ltr'>a</span> 
     </span>
     <span class='ocr_line' id='line_1_8' title="bbox 529 962 2645 1028; baseline -0.001 -18"><span class='ocrx_word' id='word_1_76' title='bbox 529 965 816 1010; x_wconf 81' lang='lat' dir='ltr'>villicatione</span> <span class='ocrx_word' id='word_1_77' title='bbox 842 964 1190 1011; x_wconf 89' lang='lat' dir='ltr'>removendum</span> <span class='ocrx_word' id='word_1_78' title='bbox 1219 981 1343 1023; x_wconf 91' lang='lat' dir='ltr'>esse,</span> <span class='ocrx_word' id='word_1_79' title='bbox 1375 982 1526 1028; x_wconf 90' lang='lat' dir='ltr'>quum</span> <span class='ocrx_word' id='word_1_80' title='bbox 1554 965 1652 1027; x_wconf 89' lang='lat' dir='ltr'>ejus</span> <span class='ocrx_word' id='word_1_81' title='bbox 1681 964 1917 1010; x_wconf 90' lang='lat' dir='ltr'>rationem</span> <span class='ocrx_word' id='word_1_82' title='bbox 1938 964 2148 1010; x_wconf 89' lang='lat' dir='ltr'>Domino</span> <span class='ocrx_word' id='word_1_83' title='bbox 2178 981 2277 1010; x_wconf 92' lang='lat' dir='ltr'>non</span> <span class='ocrx_word' id='word_1_84' title='bbox 2308 963 2510 1009; x_wconf 83' lang='lat' dir='ltr'>sufficiat</span> <span class='ocrx_word' id='word_1_85' title='bbox 2537 962 2645 1009; x_wconf 89' lang='lat' dir='ltr'>red-</span> 
     </span>
     <span class='ocr_line' id='line_1_9' title="bbox 530 1043 2647 1108; baseline -0.001 -18"><span class='ocrx_word' id='word_1_86' title='bbox 530 1045 666 1102; x_wconf 87' lang='lat' dir='ltr'>dere,</span> <span class='ocrx_word' id='word_1_87' title='bbox 702 1045 813 1107; x_wconf 86' lang='lat' dir='ltr'>quia</span> <span class='ocrx_word' id='word_1_88' title='bbox 844 1043 938 1090; x_wconf 91' lang='lat' dir='ltr'>hoc</span> <span class='ocrx_word' id='word_1_89' title='bbox 966 1045 1124 1108; x_wconf 91' lang='lat' dir='ltr'>ipsum</span> <span class='ocrx_word' id='word_1_90' title='bbox 1154 1054 1224 1091; x_wconf 87' lang='lat' dir='ltr'>est</span> <span class='ocrx_word' id='word_1_91' title='bbox 1246 1044 1584 1091; x_wconf 84' lang='lat' dir='ltr'>villicationem</span> <span class='ocrx_word' id='word_1_92' title='bbox 1619 1044 1858 1103; x_wconf 85' lang='lat' dir='ltr'>amittere,</span> <span class='ocrx_word' id='word_1_93' title='bbox 1901 1044 2109 1090; x_wconf 87' lang='lat' dir='ltr'>fructum</span> <span class='ocrx_word' id='word_1_94' title='bbox 2141 1044 2202 1090; x_wconf 93' lang='lat' dir='ltr'>de</span> <span class='ocrx_word' id='word_1_95' title='bbox 2235 1043 2647 1091; x_wconf 86' lang='lat' dir='ltr'>administratione</span> 
     </span>
     <span class='ocr_line' id='line_1_10' title="bbox 530 1121 2647 1187; baseline 0 -20"><span class='ocrx_word' id='word_1_96' title='bbox 530 1139 691 1168; x_wconf 89' lang='lat' dir='ltr'>rerum</span> <span class='ocrx_word' id='word_1_97' title='bbox 716 1133 1013 1169; x_wconf 88' lang='lat' dir='ltr'>terrenarum</span> <span class='ocrx_word' id='word_1_98' title='bbox 1035 1123 1165 1187; x_wconf 90' lang='lat' dir='ltr'>apud</span> <span class='ocrx_word' id='word_1_99' title='bbox 1187 1125 1341 1169; x_wconf 91' lang='lat' dir='ltr'>Deum</span> <span class='ocrx_word' id='word_1_100' title='bbox 1361 1139 1460 1169; x_wconf 92' lang='lat' dir='ltr'>non</span> <span class='ocrx_word' id='word_1_101' title='bbox 1485 1123 1721 1169; x_wconf 85' lang='lat' dir='ltr'>obtinere.</span> <span class='ocrx_word' id='word_1_102' title='bbox 1744 1125 1899 1179; x_wconf 90' lang='lat' dir='ltr'>Quem</span> <span class='ocrx_word' id='word_1_103' title='bbox 1915 1132 2050 1168; x_wconf 91' lang='lat' dir='ltr'>tanto</span> <span class='ocrx_word' id='word_1_104' title='bbox 2068 1122 2271 1187; x_wconf 88' lang='lat' dir='ltr'>amplius</span> <span class='ocrx_word' id='word_1_105' title='bbox 2286 1123 2487 1186; x_wconf 91' lang='lat' dir='ltr'>quisque</span> <span class='ocrx_word' id='word_1_106' title='bbox 2504 1121 2647 1168; x_wconf 88' lang='lat' dir='ltr'>debet</span> 
     </span>
     <span class='ocr_line' id='line_1_11' title="bbox 530 1201 2646 1266; baseline 0 -19"><span class='ocrx_word' id='word_1_107' title='bbox 530 1203 714 1260; x_wconf 90' lang='lat' dir='ltr'>timere,</span> <span class='ocrx_word' id='word_1_108' title='bbox 737 1212 783 1248; x_wconf 90' lang='lat' dir='ltr'>et</span> <span class='ocrx_word' id='word_1_109' title='bbox 800 1202 860 1248; x_wconf 92' lang='lat' dir='ltr'>de</span> <span class='ocrx_word' id='word_1_110' title='bbox 882 1202 1130 1250; x_wconf 89' lang='lat' dir='ltr'>reddenda</span> <span class='ocrx_word' id='word_1_111' title='bbox 1153 1203 1337 1249; x_wconf 92' lang='lat' dir='ltr'>ratione</span> <span class='ocrx_word' id='word_1_112' title='bbox 1360 1202 1604 1248; x_wconf 88' lang='lat' dir='ltr'>sollicitior</span> <span class='ocrx_word' id='word_1_113' title='bbox 1629 1218 1747 1261; x_wconf 86' lang='lat' dir='ltr'>esse,</span> <span class='ocrx_word' id='word_1_114' title='bbox 1773 1212 1955 1265; x_wconf 89' lang='lat' dir='ltr'>quanto</span> <span class='ocrx_word' id='word_1_115' title='bbox 1981 1201 2071 1248; x_wconf 85' lang='lat' dir='ltr'>sibi</span> <span class='ocrx_word' id='word_1_116' title='bbox 2093 1202 2154 1249; x_wconf 92' lang='lat' dir='ltr'>ab</span> <span class='ocrx_word' id='word_1_117' title='bbox 2172 1219 2230 1248; x_wconf 91' lang='lat' dir='ltr'>eo</span> <span class='ocrx_word' id='word_1_118' title='bbox 2253 1201 2390 1266; x_wconf 90' lang='lat' dir='ltr'>plura</span> <span class='ocrx_word' id='word_1_119' title='bbox 2412 1217 2646 1264; x_wconf 87' lang='lat' dir='ltr'>recogno-</span> 
     </span>
     <span class='ocr_line' id='line_1_12' title="bbox 531 1281 2646 1345; baseline 0 -18"><span class='ocrx_word' id='word_1_120' title='bbox 531 1282 617 1327; x_wconf 90' lang='lat' dir='ltr'>scit</span> <span class='ocrx_word' id='word_1_121' title='bbox 634 1282 889 1329; x_wconf 89' lang='lat' dir='ltr'>commissa</span> <span class='ocrx_word' id='word_1_122' title='bbox 915 1299 1032 1329; x_wconf 89' lang='lat' dir='ltr'>esse.</span> <span class='ocrx_word' id='word_1_123' title='bbox 1062 1285 1222 1340; x_wconf 89' lang='lat' dir='ltr'>Quum</span> <span class='ocrx_word' id='word_1_124' title='bbox 1244 1283 1373 1329; x_wconf 91' lang='lat' dir='ltr'>enim</span> <span class='ocrx_word' id='word_1_125' title='bbox 1393 1292 1626 1345; x_wconf 86' lang='lat' dir='ltr'>augentur</span> <span class='ocrx_word' id='word_1_126' title='bbox 1647 1282 1800 1342; x_wconf 91' lang='lat' dir='ltr'>dona,</span> <span class='ocrx_word' id='word_1_127' title='bbox 1828 1282 2036 1328; x_wconf 90' lang='lat' dir='ltr'>rationes</span> <span class='ocrx_word' id='word_1_128' title='bbox 2058 1282 2202 1328; x_wconf 90' lang='lat' dir='ltr'>etiam</span> <span class='ocrx_word' id='word_1_129' title='bbox 2233 1291 2453 1328; x_wconf 87' lang='lat' dir='ltr'>crescunt</span> <span class='ocrx_word' id='word_1_130' title='bbox 2484 1281 2646 1327; x_wconf 91' lang='lat' dir='ltr'>dono-</span> 
     </span>
     <span class='ocr_line' id='line_1_13' title="bbox 531 1358 2648 1426; baseline 0 -20"><span class='ocrx_word' id='word_1_131' title='bbox 531 1377 655 1407; x_wconf 90' lang='lat' dir='ltr'>rum.</span> <span class='ocrx_word' id='word_1_132' title='bbox 684 1361 827 1418; x_wconf 90' lang='lat' dir='ltr'>Quod</span> <span class='ocrx_word' id='word_1_133' title='bbox 850 1361 1046 1425; x_wconf 91' lang='lat' dir='ltr'>quidem</span> <span class='ocrx_word' id='word_1_134' title='bbox 1063 1361 1313 1409; x_wconf 88' lang='lat' dir='ltr'>attendens</span> <span class='ocrx_word' id='word_1_135' title='bbox 1330 1361 1514 1408; x_wconf 87' lang='lat' dir='ltr'>villicus</span> <span class='ocrx_word' id='word_1_136' title='bbox 1535 1361 1766 1426; x_wconf 89' lang='lat' dir='ltr'>providus</span> <span class='ocrx_word' id='word_1_137' title='bbox 1785 1371 1832 1407; x_wconf 94' lang='lat' dir='ltr'>et</span> <span class='ocrx_word' id='word_1_138' title='bbox 1853 1361 2083 1426; x_wconf 89' lang='lat' dir='ltr'>prudens,</span> <span class='ocrx_word' id='word_1_139' title='bbox 2109 1378 2254 1425; x_wconf 90' lang='lat' dir='ltr'>quem</span> <span class='ocrx_word' id='word_1_140' title='bbox 2279 1361 2515 1407; x_wconf 89' lang='lat' dir='ltr'>Dominus</span> <span class='ocrx_word' id='word_1_141' title='bbox 2536 1358 2648 1408; x_wconf 67' lang='lat' dir='ltr'>su&#39;us</span> 
     </span>
     <span class='ocr_line' id='line_1_14' title="bbox 532 1441 2647 1506; baseline -0 -19"><span class='ocrx_word' id='word_1_142' title='bbox 532 1441 692 1488; x_wconf 88' lang='lat' dir='ltr'>multis</span> <span class='ocrx_word' id='word_1_143' title='bbox 713 1442 1002 1505; x_wconf 80' lang='lat' dir='ltr'>praefecerat,</span> <span class='ocrx_word' id='word_1_144' title='bbox 1028 1452 1261 1506; x_wconf 84' lang='lat' dir='ltr'>praeparat</span> <span class='ocrx_word' id='word_1_145' title='bbox 1283 1441 1374 1488; x_wconf 91' lang='lat' dir='ltr'>sibi</span> <span class='ocrx_word' id='word_1_146' title='bbox 1396 1443 1593 1501; x_wconf 90' lang='lat' dir='ltr'>amicos,</span> <span class='ocrx_word' id='word_1_147' title='bbox 1612 1442 1695 1505; x_wconf 92' lang='lat' dir='ltr'>qui</span> <span class='ocrx_word' id='word_1_148' title='bbox 1717 1458 1767 1487; x_wconf 93' lang='lat' dir='ltr'>se</span> <span class='ocrx_word' id='word_1_149' title='bbox 1787 1457 1814 1487; x_wconf 91' lang='lat' dir='ltr'>a</span> <span class='ocrx_word' id='word_1_150' title='bbox 1836 1441 2046 1487; x_wconf 91' lang='lat' dir='ltr'>Domino</span> <span class='ocrx_word' id='word_1_151' title='bbox 2070 1441 2312 1487; x_wconf 86' lang='lat' dir='ltr'>exclusum</span> <span class='ocrx_word' id='word_1_152' title='bbox 2337 1441 2585 1504; x_wconf 87' lang='lat' dir='ltr'>recipiant.</span> <span class='ocrx_word' id='word_1_153' title='bbox 2611 1444 2647 1495; x_wconf 83' lang='lat' dir='ltr'>A</span> 
     </span>
     <span class='ocr_line' id='line_1_15' title="bbox 532 1521 2645 1587; baseline 0 -20"><span class='ocrx_word' id='word_1_154' title='bbox 532 1523 741 1568; x_wconf 90' lang='lat' dir='ltr'>Domino</span> <span class='ocrx_word' id='word_1_155' title='bbox 766 1540 815 1569; x_wconf 92' lang='lat' dir='ltr'>se</span> <span class='ocrx_word' id='word_1_156' title='bbox 832 1522 1182 1569; x_wconf 88' lang='lat' dir='ltr'>excludendum</span> <span class='ocrx_word' id='word_1_157' title='bbox 1202 1523 1402 1586; x_wconf 88' lang='lat' dir='ltr'>judicat,</span> <span class='ocrx_word' id='word_1_158' title='bbox 1422 1540 1573 1587; x_wconf 90' lang='lat' dir='ltr'>quum</span> <span class='ocrx_word' id='word_1_159' title='bbox 1590 1524 1640 1568; x_wconf 92' lang='lat' dir='ltr'>in</span> <span class='ocrx_word' id='word_1_160' title='bbox 1660 1540 1709 1569; x_wconf 90' lang='lat' dir='ltr'>se</span> <span class='ocrx_word' id='word_1_161' title='bbox 1728 1540 1828 1569; x_wconf 89' lang='lat' dir='ltr'>non</span> <span class='ocrx_word' id='word_1_162' title='bbox 1851 1523 2151 1585; x_wconf 86' lang='lat' dir='ltr'>recognoscit</span> <span class='ocrx_word' id='word_1_163' title='bbox 2168 1522 2297 1568; x_wconf 90' lang='lat' dir='ltr'>unde</span> <span class='ocrx_word' id='word_1_164' title='bbox 2322 1525 2422 1567; x_wconf 93' lang='lat' dir='ltr'>Deo</span> <span class='ocrx_word' id='word_1_165' title='bbox 2444 1521 2645 1585; x_wconf 88' lang='lat' dir='ltr'>placeat,</span> 
     </span>
     <span class='ocr_line' id='line_1_16' title="bbox 533 1600 2650 1665; baseline 0.001 -19"><span class='ocrx_word' id='word_1_166' title='bbox 533 1600 783 1646; x_wconf 89' lang='lat' dir='ltr'>attendens</span> <span class='ocrx_word' id='word_1_167' title='bbox 806 1617 952 1664; x_wconf 89' lang='lat' dir='ltr'>quam</span> <span class='ocrx_word' id='word_1_168' title='bbox 970 1601 1179 1647; x_wconf 89' lang='lat' dir='ltr'>terribile</span> <span class='ocrx_word' id='word_1_169' title='bbox 1203 1601 1321 1665; x_wconf 91' lang='lat' dir='ltr'>quid</span> <span class='ocrx_word' id='word_1_170' title='bbox 1340 1601 1401 1648; x_wconf 93' lang='lat' dir='ltr'>de</span> <span class='ocrx_word' id='word_1_171' title='bbox 1419 1602 1565 1648; x_wconf 91' lang='lat' dir='ltr'>divite</span> <span class='ocrx_word' id='word_1_172' title='bbox 1589 1603 1825 1648; x_wconf 90' lang='lat' dir='ltr'>Dominus</span> <span class='ocrx_word' id='word_1_173' title='bbox 1843 1602 1954 1648; x_wconf 91' lang='lat' dir='ltr'>alibi</span> <span class='ocrx_word' id='word_1_174' title='bbox 1968 1602 2116 1648; x_wconf 77' lang='lat' dir='ltr'>dicat²</span> <span class='ocrx_word' id='word_1_175' title='bbox 2134 1620 2144 1648; x_wconf 89' lang='lat'>:</span> <span class='ocrx_word' id='word_1_176' title='bbox 2163 1601 2396 1648; x_wconf 85' lang='lat' dir='ltr'>«Facilius</span> <span class='ocrx_word' id='word_1_177' title='bbox 2413 1611 2483 1648; x_wconf 91' lang='lat' dir='ltr'>est</span> <span class='ocrx_word' id='word_1_178' title='bbox 2498 1617 2650 1648; x_wconf 88' lang='lat' dir='ltr'>came-</span> 
     </span>
     <span class='ocr_line' id='line_1_17' title="bbox 531 1680 2690 1745; baseline 0.001 -20"><span class='ocrx_word' id='word_1_179' title='bbox 531 1680 631 1726; x_wconf 88' lang='lat' dir='ltr'>lum</span> <span class='ocrx_word' id='word_1_180' title='bbox 653 1681 829 1727; x_wconf 87' lang='lat' dir='ltr'>intrare</span> <span class='ocrx_word' id='word_1_181' title='bbox 848 1697 934 1744; x_wconf 92' lang='lat' dir='ltr'>per</span> <span class='ocrx_word' id='word_1_182' title='bbox 957 1680 1173 1727; x_wconf 88' lang='lat' dir='ltr'>foramen</span> <span class='ocrx_word' id='word_1_183' title='bbox 1197 1697 1326 1740; x_wconf 85' lang='lat' dir='ltr'>acus,</span> <span class='ocrx_word' id='word_1_184' title='bbox 1353 1698 1499 1745; x_wconf 88' lang='lat' dir='ltr'>quam</span> <span class='ocrx_word' id='word_1_185' title='bbox 1517 1681 1714 1728; x_wconf 91' lang='lat' dir='ltr'>divitem</span> <span class='ocrx_word' id='word_1_186' title='bbox 1729 1683 1779 1728; x_wconf 90' lang='lat' dir='ltr'>in</span> <span class='ocrx_word' id='word_1_187' title='bbox 1802 1699 2003 1745; x_wconf 90' lang='lat' dir='ltr'>regnum</span> <span class='ocrx_word' id='word_1_188' title='bbox 2019 1682 2267 1729; x_wconf 87' lang='lat' dir='ltr'>coelorum.</span> <span class='ocrx_word' id='word_1_189' title='bbox 2295 1701 2316 1724; x_wconf 71' lang='grc' dir='ltr'><strong><em>υ</em></strong></span> <span class='ocrx_word' id='word_1_190' title='bbox 2344 1685 2405 1728; x_wconf 91' lang='lat' dir='ltr'>Ut</span> <span class='ocrx_word' id='word_1_191' title='bbox 2420 1698 2536 1745; x_wconf 90' lang='lat' dir='ltr'>ergo</span> <span class='ocrx_word' id='word_1_192' title='bbox 2556 1680 2651 1728; x_wconf 89' lang='lat' dir='ltr'>illic</span> <span class='ocrx_word' id='word_1_193' title='bbox 2684 1744 2690 1745; x_wconf 12' lang='grc' dir='ltr'><strong><em>ἶ</em></strong></span> 
     </span>
     <span class='ocr_line' id='line_1_18' title="bbox 532 1760 2649 1826; baseline 0.001 -21"><span class='ocrx_word' id='word_1_194' title='bbox 532 1777 616 1823; x_wconf 86' lang='lat' dir='ltr'>per</span> <span class='ocrx_word' id='word_1_195' title='bbox 639 1760 756 1806; x_wconf 91' lang='lat' dir='ltr'>alios</span> <span class='ocrx_word' id='word_1_196' title='bbox 778 1761 1007 1818; x_wconf 89' lang='lat' dir='ltr'>introeat,</span> <span class='ocrx_word' id='word_1_197' title='bbox 1041 1761 1220 1807; x_wconf 90' lang='lat' dir='ltr'>amicos</span> <span class='ocrx_word' id='word_1_198' title='bbox 1249 1760 1339 1807; x_wconf 84' lang='lat' dir='ltr'>sibi</span> <span class='ocrx_word' id='word_1_199' title='bbox 1367 1761 1473 1807; x_wconf 91' lang='lat' dir='ltr'>illos</span> <span class='ocrx_word' id='word_1_200' title='bbox 1495 1772 1766 1826; x_wconf 88' lang='lat' dir='ltr'>comparat,</span> <span class='ocrx_word' id='word_1_201' title='bbox 1792 1779 2000 1826; x_wconf 90' lang='lat' dir='ltr'>quorum</span> <span class='ocrx_word' id='word_1_202' title='bbox 2027 1763 2184 1826; x_wconf 90' lang='lat' dir='ltr'>ipsum</span> <span class='ocrx_word' id='word_1_203' title='bbox 2207 1772 2277 1809; x_wconf 89' lang='lat' dir='ltr'>est</span> <span class='ocrx_word' id='word_1_204' title='bbox 2298 1779 2521 1825; x_wconf 88' lang='lat' dir='ltr'>regnum,</span> <span class='ocrx_word' id='word_1_205' title='bbox 2547 1761 2649 1825; x_wconf 90' lang='lat' dir='ltr'>ipsa</span> 
     </span>
     <span class='ocr_line' id='line_1_19' title="bbox 535 1840 2649 1906; baseline 0.001 -22"><span class='ocrx_word' id='word_1_206' title='bbox 535 1840 728 1886; x_wconf 88' lang='lat' dir='ltr'>veritate</span> <span class='ocrx_word' id='word_1_207' title='bbox 752 1841 818 1886; x_wconf 91' lang='lat' dir='ltr'>sic</span> <span class='ocrx_word' id='word_1_208' title='bbox 840 1842 1140 1886; x_wconf 75' lang='lat' dir='ltr'>attestante³z</span> <span class='ocrx_word' id='word_1_209' title='bbox 1163 1859 1185 1884; x_wconf 92' lang='lat'>«</span> <span class='ocrx_word' id='word_1_210' title='bbox 1209 1841 1337 1887; x_wconf 88' lang='lat' dir='ltr'>Beati</span> <span class='ocrx_word' id='word_1_211' title='bbox 1365 1857 1599 1905; x_wconf 88' lang='lat' dir='ltr'>pauperes</span> <span class='ocrx_word' id='word_1_212' title='bbox 1632 1842 1824 1906; x_wconf 88' lang='lat' dir='ltr'>spiritu,</span> <span class='ocrx_word' id='word_1_213' title='bbox 1850 1843 2081 1906; x_wconf 88' lang='lat' dir='ltr'>quoniam</span> <span class='ocrx_word' id='word_1_214' title='bbox 2108 1843 2322 1906; x_wconf 89' lang='lat' dir='ltr'>ipsorum</span> <span class='ocrx_word' id='word_1_215' title='bbox 2351 1851 2421 1889; x_wconf 89' lang='lat' dir='ltr'>est</span> <span class='ocrx_word' id='word_1_216' title='bbox 2447 1857 2649 1904; x_wconf 90' lang='lat' dir='ltr'>regnum</span> 
     </span>
     <span class='ocr_line' id='line_1_20' title="bbox 533 1919 2648 1983; baseline 0.001 -18"><span class='ocrx_word' id='word_1_217' title='bbox 533 1919 781 1965; x_wconf 87' lang='lat' dir='ltr'>coelorum.</span> <span class='ocrx_word' id='word_1_218' title='bbox 801 1938 824 1963; x_wconf 86' lang='lat'>»</span> <span class='ocrx_word' id='word_1_219' title='bbox 862 1920 944 1966; x_wconf 93' lang='lat' dir='ltr'>His</span> <span class='ocrx_word' id='word_1_220' title='bbox 978 1936 1091 1983; x_wconf 89' lang='lat' dir='ltr'>ergo</span> <span class='ocrx_word' id='word_1_221' title='bbox 1127 1921 1453 1967; x_wconf 86' lang='lat' dir='ltr'>communicat</span> <span class='ocrx_word' id='word_1_222' title='bbox 1481 1938 1566 1968; x_wconf 92' lang='lat' dir='ltr'>sua</span> <span class='ocrx_word' id='word_1_223' title='bbox 1591 1931 1780 1968; x_wconf 90' lang='lat' dir='ltr'>terrena</span> <span class='ocrx_word' id='word_1_224' title='bbox 1796 1959 1807 1979; x_wconf 87' lang='lat'>,</span> <span class='ocrx_word' id='word_1_225' title='bbox 1832 1931 1884 1967; x_wconf 92' lang='lat' dir='ltr'>ut</span> <span class='ocrx_word' id='word_1_226' title='bbox 1911 1921 1978 1967; x_wconf 92' lang='lat' dir='ltr'>illi</span> <span class='ocrx_word' id='word_1_227' title='bbox 2000 1939 2086 1969; x_wconf 88' lang='lat' dir='ltr'>sua</span> <span class='ocrx_word' id='word_1_228' title='bbox 2109 1923 2152 1968; x_wconf 90' lang='lat' dir='ltr'>ei</span> <span class='ocrx_word' id='word_1_229' title='bbox 2174 1922 2533 1968; x_wconf 87' lang='lat' dir='ltr'>communicent</span> <span class='ocrx_word' id='word_1_230' title='bbox 2553 1937 2648 1967; x_wconf 89' lang='lat' dir='ltr'>coe-</span> 
     </span>
     <span class='ocr_line' id='line_1_21' title="bbox 533 1998 2650 2065; baseline 0.001 -22"><span class='ocrx_word' id='word_1_231' title='bbox 533 1998 681 2044; x_wconf 89' lang='lat' dir='ltr'>lestia.</span> <span class='ocrx_word' id='word_1_232' title='bbox 710 1998 832 2044; x_wconf 86' lang='lat' dir='ltr'>Audi</span> <span class='ocrx_word' id='word_1_233' title='bbox 859 1998 1191 2058; x_wconf 90' lang='lat' dir='ltr'>Salomonem,</span> <span class='ocrx_word' id='word_1_234' title='bbox 1227 2009 1274 2046; x_wconf 85' lang='lat' dir='ltr'>et</span> <span class='ocrx_word' id='word_1_235' title='bbox 1305 1999 1474 2046; x_wconf 85' lang='lat' dir='ltr'>exaudi</span> <span class='ocrx_word' id='word_1_236' title='bbox 1501 2000 1608 2064; x_wconf 93' lang='lat' dir='ltr'>plus</span> <span class='ocrx_word' id='word_1_237' title='bbox 1636 2017 1783 2065; x_wconf 90' lang='lat' dir='ltr'>quam</span> <span class='ocrx_word' id='word_1_238' title='bbox 1814 2000 2146 2059; x_wconf 85' lang='lat' dir='ltr'>Salomonem,</span> <span class='ocrx_word' id='word_1_239' title='bbox 2173 2001 2310 2064; x_wconf 62' lang='lat' dir='ltr'>quia*</span> <span class='ocrx_word' id='word_1_240' title='bbox 2336 2019 2358 2044; x_wconf 88' lang='lat'>«</span> <span class='ocrx_word' id='word_1_241' title='bbox 2383 1999 2650 2063; x_wconf 89' lang='lat' dir='ltr'>redemptio</span> 
     </span>
     <span class='ocr_line' id='line_1_22' title="bbox 535 2078 2646 2144; baseline 0.001 -21"><span class='ocrx_word' id='word_1_242' title='bbox 535 2078 702 2124; x_wconf 86' lang='lat' dir='ltr'>animae</span> <span class='ocrx_word' id='word_1_243' title='bbox 722 2078 828 2136; x_wconf 90' lang='lat' dir='ltr'>viri,</span> <span class='ocrx_word' id='word_1_244' title='bbox 847 2078 1051 2142; x_wconf 85' lang='lat' dir='ltr'>propriae</span> <span class='ocrx_word' id='word_1_245' title='bbox 1075 2078 1265 2125; x_wconf 68' lang='lat' dir='ltr'>divitiae.</span> <span class='ocrx_word' id='word_1_246' title='bbox 1286 2098 1312 2123; x_wconf 85' lang='lat'>»</span> <span class='ocrx_word' id='word_1_247' title='bbox 1337 2082 1396 2125; x_wconf 90' lang='lat' dir='ltr'>Et</span> <span class='ocrx_word' id='word_1_248' title='bbox 1418 2080 1654 2126; x_wconf 92' lang='lat' dir='ltr'>Dominus</span> <span class='ocrx_word' id='word_1_249' title='bbox 1671 2081 1772 2144; x_wconf 87' lang='lat' dir='ltr'>ipse</span> <span class='ocrx_word' id='word_1_250' title='bbox 1788 2084 1920 2127; x_wconf 86' lang='lat' dir='ltr'>Jesus</span> <span class='ocrx_word' id='word_1_251' title='bbox 1937 2081 2150 2127; x_wconf 91' lang='lat' dir='ltr'>Christus</span> <span class='ocrx_word' id='word_1_252' title='bbox 2163 2083 2175 2105; x_wconf 81' lang='lat'>¹⁵</span> <span class='ocrx_word' id='word_1_253' title='bbox 2196 2098 2205 2126; x_wconf 93' lang='lat'>:</span> <span class='ocrx_word' id='word_1_254' title='bbox 2227 2099 2249 2124; x_wconf 89' lang='lat'>«</span> <span class='ocrx_word' id='word_1_255' title='bbox 2267 2082 2404 2137; x_wconf 89' lang='lat' dir='ltr'>Date,</span> <span class='ocrx_word' id='word_1_256' title='bbox 2426 2097 2449 2123; x_wconf 87' lang='lat'>»</span> <span class='ocrx_word' id='word_1_257' title='bbox 2474 2079 2646 2142; x_wconf 88' lang='lat' dir='ltr'>inquit,</span> 
     </span>
     <span class='ocr_line' id='line_1_23' title="bbox 540 2157 2652 2223; baseline 0.001 -21"><span class='ocrx_word' id='word_1_258' title='bbox 540 2179 563 2203; x_wconf 88' lang='lat'>«</span> <span class='ocrx_word' id='word_1_259' title='bbox 589 2169 635 2205; x_wconf 88' lang='lat' dir='ltr'>et</span> <span class='ocrx_word' id='word_1_260' title='bbox 658 2158 849 2205; x_wconf 90' lang='lat' dir='ltr'>dabitur</span> <span class='ocrx_word' id='word_1_261' title='bbox 865 2157 1019 2204; x_wconf 86' lang='lat' dir='ltr'>vobis.</span> <span class='ocrx_word' id='word_1_262' title='bbox 1046 2162 1165 2205; x_wconf 90' lang='lat' dir='ltr'>Date</span> <span class='ocrx_word' id='word_1_263' title='bbox 1188 2159 1558 2223; x_wconf 88' lang='lat' dir='ltr'>eleemosynam,</span> <span class='ocrx_word' id='word_1_264' title='bbox 1580 2170 1626 2206; x_wconf 87' lang='lat' dir='ltr'>et</span> <span class='ocrx_word' id='word_1_265' title='bbox 1649 2177 1758 2207; x_wconf 90' lang='lat' dir='ltr'>ecce</span> <span class='ocrx_word' id='word_1_266' title='bbox 1782 2161 1943 2207; x_wconf 90' lang='lat' dir='ltr'>omnia</span> <span class='ocrx_word' id='word_1_267' title='bbox 1967 2160 2149 2207; x_wconf 85' lang='lat' dir='ltr'>munda</span> <span class='ocrx_word' id='word_1_268' title='bbox 2166 2169 2276 2206; x_wconf 93' lang='lat' dir='ltr'>sunt</span> <span class='ocrx_word' id='word_1_269' title='bbox 2292 2158 2446 2217; x_wconf 88' lang='lat' dir='ltr'>vobis,</span> <span class='ocrx_word' id='word_1_270' title='bbox 2468 2177 2491 2201; x_wconf 74' lang='lat'>&gt;2</span> <span class='ocrx_word' id='word_1_271' title='bbox 2516 2158 2652 2222; x_wconf 81' lang='lat' dir='ltr'>quia⁶</span> 
     </span>
     <span class='ocr_line' id='line_1_24' title="bbox 539 2238 2290 2305; baseline 0.001 -24"><span class='ocrx_word' id='word_1_272' title='bbox 539 2259 560 2281; x_wconf 70' lang='grc' dir='ltr'>ι(</span> <span class='ocrx_word' id='word_1_273' title='bbox 588 2239 708 2284; x_wconf 92' lang='lat' dir='ltr'>sicut</span> <span class='ocrx_word' id='word_1_274' title='bbox 731 2254 854 2301; x_wconf 89' lang='lat' dir='ltr'>aqua</span> <span class='ocrx_word' id='word_1_275' title='bbox 875 2238 1105 2300; x_wconf 79' lang='lat' dir='ltr'>extinguit</span> <span class='ocrx_word' id='word_1_276' title='bbox 1125 2238 1303 2301; x_wconf 87' lang='lat' dir='ltr'>ignem,</span> <span class='ocrx_word' id='word_1_277' title='bbox 1323 2238 1388 2284; x_wconf 89' lang='lat' dir='ltr'>ita</span> <span class='ocrx_word' id='word_1_278' title='bbox 1408 2238 1712 2303; x_wconf 87' lang='lat' dir='ltr'>eleemosyna</span> <span class='ocrx_word' id='word_1_279' title='bbox 1728 2240 1957 2303; x_wconf 81' lang='lat' dir='ltr'>extinguit</span> <span class='ocrx_word' id='word_1_280' title='bbox 1977 2250 2244 2305; x_wconf 87' lang='lat' dir='ltr'>peccatum.</span> <span class='ocrx_word' id='word_1_281' title='bbox 2267 2258 2290 2282; x_wconf 89' lang='lat'>»</span> 
     </span>
    </p>

    <p class='ocr_par' dir='ltr' id='par_1_3' title="bbox 536 2312 2654 3262">
     <span class='ocr_line' id='line_1_25' title="bbox 602 2312 2651 2382; baseline 0.001 -20"><span class='ocrx_word' id='word_1_282' title='bbox 602 2316 749 2363; x_wconf 83' lang='lat' dir='ltr'>Valde</span> <span class='ocrx_word' id='word_1_283' title='bbox 778 2312 1016 2364; x_wconf 62' lang='lat' dir='ltr'>&#39;contraria</span> <span class='ocrx_word' id='word_1_284' title='bbox 1044 2327 1180 2376; x_wconf 86' lang='lat' dir='ltr'>sunt,</span> <span class='ocrx_word' id='word_1_285' title='bbox 1213 2317 1403 2376; x_wconf 85' lang='lat' dir='ltr'>fratres,</span> <span class='ocrx_word' id='word_1_286' title='bbox 1431 2319 1552 2381; x_wconf 87' lang='lat' dir='ltr'>ignis</span> <span class='ocrx_word' id='word_1_287' title='bbox 1581 2328 1628 2364; x_wconf 90' lang='lat' dir='ltr'>et</span> <span class='ocrx_word' id='word_1_288' title='bbox 1652 2335 1798 2382; x_wconf 84' lang='lat' dir='ltr'>aqua,</span> <span class='ocrx_word' id='word_1_289' title='bbox 1828 2319 2001 2382; x_wconf 91' lang='lat' dir='ltr'>quibus</span> <span class='ocrx_word' id='word_1_290' title='bbox 2034 2319 2270 2365; x_wconf 91' lang='lat' dir='ltr'>Dominus</span> <span class='ocrx_word' id='word_1_291' title='bbox 2300 2318 2651 2381; x_wconf 86' lang='lat' dir='ltr'>eleemosynam</span> 
     </span>
     <span class='ocr_line' id='line_1_26' title="bbox 536 2397 2647 2461; baseline 0 -18"><span class='ocrx_word' id='word_1_292' title='bbox 536 2407 782 2461; x_wconf 87' lang='lat' dir='ltr'>comparat</span> <span class='ocrx_word' id='word_1_293' title='bbox 804 2407 850 2443; x_wconf 94' lang='lat' dir='ltr'>et</span> <span class='ocrx_word' id='word_1_294' title='bbox 870 2407 1138 2461; x_wconf 88' lang='lat' dir='ltr'>peccatum.</span> <span class='ocrx_word' id='word_1_295' title='bbox 1165 2397 1246 2443; x_wconf 93' lang='lat' dir='ltr'>Ille</span> <span class='ocrx_word' id='word_1_296' title='bbox 1269 2398 1393 2444; x_wconf 90' lang='lat' dir='ltr'>inter</span> <span class='ocrx_word' id='word_1_297' title='bbox 1416 2398 1650 2445; x_wconf 89' lang='lat' dir='ltr'>elementa</span> <span class='ocrx_word' id='word_1_298' title='bbox 1673 2398 1986 2445; x_wconf 89' lang='lat' dir='ltr'>calidissimus</span> <span class='ocrx_word' id='word_1_299' title='bbox 2008 2409 2094 2457; x_wconf 86' lang='lat' dir='ltr'>est,</span> <span class='ocrx_word' id='word_1_300' title='bbox 2119 2398 2219 2444; x_wconf 83' lang='lat' dir='ltr'>haec</span> <span class='ocrx_word' id='word_1_301' title='bbox 2239 2398 2541 2461; x_wconf 78' lang='lat' dir='ltr'>frigidissima</span> <span class='ocrx_word' id='word_1_302' title='bbox 2561 2408 2647 2444; x_wconf 88' lang='lat' dir='ltr'>est.</span> 
     </span>
     <span class='ocr_line' id='line_1_27' title="bbox 538 2476 2648 2543; baseline 0 -20"><span class='ocrx_word' id='word_1_303' title='bbox 538 2482 593 2524; x_wconf 85' lang='lat' dir='ltr'>Et</span> <span class='ocrx_word' id='word_1_304' title='bbox 616 2479 767 2537; x_wconf 90' lang='lat' dir='ltr'>scitis,</span> <span class='ocrx_word' id='word_1_305' title='bbox 786 2478 974 2536; x_wconf 88' lang='lat' dir='ltr'>fratres,</span> <span class='ocrx_word' id='word_1_306' title='bbox 1001 2479 1112 2542; x_wconf 94' lang='lat' dir='ltr'>quia</span> <span class='ocrx_word' id='word_1_307' title='bbox 1135 2479 1329 2537; x_wconf 88' lang='lat' dir='ltr'>caritas,</span> <span class='ocrx_word' id='word_1_308' title='bbox 1350 2495 1454 2542; x_wconf 86' lang='lat' dir='ltr'>quae</span> <span class='ocrx_word' id='word_1_309' title='bbox 1469 2495 1576 2538; x_wconf 92' lang='lat' dir='ltr'>nos,</span> <span class='ocrx_word' id='word_1_310' title='bbox 1597 2479 1731 2543; x_wconf 85' lang='lat' dir='ltr'>juxta</span> <span class='ocrx_word' id='word_1_311' title='bbox 1753 2479 2051 2543; x_wconf 84' lang='lat' dir='ltr'>Apostolum,</span> <span class='ocrx_word' id='word_1_312' title='bbox 2078 2479 2245 2543; x_wconf 92' lang='lat' dir='ltr'>spiritu</span> <span class='ocrx_word' id='word_1_313' title='bbox 2265 2478 2498 2524; x_wconf 88' lang='lat' dir='ltr'>ferventes</span> <span class='ocrx_word' id='word_1_314' title='bbox 2522 2476 2648 2535; x_wconf 88' lang='lat' dir='ltr'>facit,</span> 
     </span>
     <span class='ocr_line' id='line_1_28' title="bbox 537 2557 2652 2622; baseline 0 -20"><span class='ocrx_word' id='word_1_315' title='bbox 537 2558 633 2620; x_wconf 86' lang='lat' dir='ltr'>igni</span> <span class='ocrx_word' id='word_1_316' title='bbox 656 2557 826 2603; x_wconf 87' lang='lat' dir='ltr'>merito</span> <span class='ocrx_word' id='word_1_317' title='bbox 846 2567 1169 2622; x_wconf 90' lang='lat' dir='ltr'>comparatur.</span> <span class='ocrx_word' id='word_1_318' title='bbox 1196 2561 1265 2604; x_wconf 91' lang='lat' dir='ltr'>De</span> <span class='ocrx_word' id='word_1_319' title='bbox 1283 2574 1380 2622; x_wconf 94' lang='lat' dir='ltr'>quo</span> <span class='ocrx_word' id='word_1_320' title='bbox 1406 2557 1603 2622; x_wconf 89' lang='lat' dir='ltr'>quidem</span> <span class='ocrx_word' id='word_1_321' title='bbox 1625 2558 1735 2621; x_wconf 91' lang='lat' dir='ltr'>igne</span> <span class='ocrx_word' id='word_1_322' title='bbox 1758 2558 1941 2605; x_wconf 76' lang='lat' dir='ltr'>&#39;Veritas</span> <span class='ocrx_word' id='word_1_323' title='bbox 1963 2559 2052 2604; x_wconf 86' lang='lat' dir='ltr'>ait⁷</span> <span class='ocrx_word' id='word_1_324' title='bbox 2075 2576 2085 2604; x_wconf 71' lang='grc' dir='ltr'>ι</span> <span class='ocrx_word' id='word_1_325' title='bbox 2115 2577 2137 2602; x_wconf 89' lang='lat'>«</span> <span class='ocrx_word' id='word_1_326' title='bbox 2155 2561 2319 2621; x_wconf 90' lang='lat' dir='ltr'>Ignem</span> <span class='ocrx_word' id='word_1_327' title='bbox 2335 2557 2446 2603; x_wconf 88' lang='lat' dir='ltr'>veni</span> <span class='ocrx_word' id='word_1_328' title='bbox 2467 2557 2652 2603; x_wconf 89' lang='lat' dir='ltr'>mittere</span> 
     </span>
     <span class='ocr_line' id='line_1_29' title="bbox 538 2636 2652 2702; baseline 0 -21"><span class='ocrx_word' id='word_1_329' title='bbox 538 2637 584 2681; x_wconf 89' lang='lat' dir='ltr'>in</span> <span class='ocrx_word' id='word_1_330' title='bbox 615 2647 813 2696; x_wconf 88' lang='lat' dir='ltr'>terram,</span> <span class='ocrx_word' id='word_1_331' title='bbox 846 2647 892 2683; x_wconf 91' lang='lat' dir='ltr'>et</span> <span class='ocrx_word' id='word_1_332' title='bbox 927 2637 1044 2700; x_wconf 92' lang='lat' dir='ltr'>quid</span> <span class='ocrx_word' id='word_1_333' title='bbox 1072 2637 1208 2696; x_wconf 92' lang='lat' dir='ltr'>volo,</span> <span class='ocrx_word' id='word_1_334' title='bbox 1239 2638 1330 2684; x_wconf 90' lang='lat' dir='ltr'>nisi</span> <span class='ocrx_word' id='word_1_335' title='bbox 1358 2647 1411 2684; x_wconf 93' lang='lat' dir='ltr'>ut</span> <span class='ocrx_word' id='word_1_336' title='bbox 1440 2637 1630 2685; x_wconf 80' lang='lat' dir='ltr'>ardeat?</span> <span class='ocrx_word' id='word_1_337' title='bbox 1647 2657 1670 2682; x_wconf 87' lang='lat'>»</span> <span class='ocrx_word' id='word_1_338' title='bbox 1704 2641 1768 2684; x_wconf 92' lang='lat' dir='ltr'>Ac</span> <span class='ocrx_word' id='word_1_339' title='bbox 1793 2638 1834 2684; x_wconf 85' lang='lat' dir='ltr'>si</span> <span class='ocrx_word' id='word_1_340' title='bbox 1861 2647 2022 2702; x_wconf 87' lang='lat' dir='ltr'>aperte</span> <span class='ocrx_word' id='word_1_341' title='bbox 2052 2637 2209 2684; x_wconf 89' lang='lat' dir='ltr'>dicat:</span> <span class='ocrx_word' id='word_1_342' title='bbox 2237 2637 2365 2694; x_wconf 90' lang='lat' dir='ltr'>Quid</span> <span class='ocrx_word' id='word_1_343' title='bbox 2392 2636 2521 2683; x_wconf 91' lang='lat' dir='ltr'>aliud</span> <span class='ocrx_word' id='word_1_344' title='bbox 2542 2637 2652 2683; x_wconf 92' lang='lat' dir='ltr'>veni</span> 
     </span>
     <span class='ocr_line' id='line_1_30' title="bbox 538 2716 2652 2783; baseline 0.001 -22"><span class='ocrx_word' id='word_1_345' title='bbox 538 2733 746 2779; x_wconf 80' lang='lat' dir='ltr'>quaerere</span> <span class='ocrx_word' id='word_1_346' title='bbox 762 2717 811 2762; x_wconf 93' lang='lat' dir='ltr'>in</span> <span class='ocrx_word' id='word_1_347' title='bbox 831 2716 1085 2777; x_wconf 89' lang='lat' dir='ltr'>mundum,</span> <span class='ocrx_word' id='word_1_348' title='bbox 1112 2718 1201 2764; x_wconf 90' lang='lat' dir='ltr'>nisi</span> <span class='ocrx_word' id='word_1_349' title='bbox 1227 2719 1384 2783; x_wconf 90' lang='lat' dir='ltr'>ipsum</span> <span class='ocrx_word' id='word_1_350' title='bbox 1407 2718 1601 2765; x_wconf 91' lang='lat' dir='ltr'>flamma</span> <span class='ocrx_word' id='word_1_351' title='bbox 1622 2718 1889 2765; x_wconf 85' lang='lat' dir='ltr'>dilectionis</span> <span class='ocrx_word' id='word_1_352' title='bbox 1908 2718 2194 2765; x_wconf 83' lang='lat' dir='ltr'>accendere?</span> <span class='ocrx_word' id='word_1_353' title='bbox 2217 2721 2469 2764; x_wconf 86' lang='lat' dir='ltr'>Peccatum</span> <span class='ocrx_word' id='word_1_354' title='bbox 2492 2726 2652 2764; x_wconf 88' lang='lat' dir='ltr'>autem</span> 
     </span>
     <span class='ocr_line' id='line_1_31' title="bbox 538 2796 2654 2864; baseline -0 -21"><span class='ocrx_word' id='word_1_355' title='bbox 538 2798 669 2860; x_wconf 84' lang='lat' dir='ltr'>quod</span> <span class='ocrx_word' id='word_1_356' title='bbox 688 2815 773 2862; x_wconf 89' lang='lat' dir='ltr'>per</span> <span class='ocrx_word' id='word_1_357' title='bbox 788 2798 1020 2845; x_wconf 89' lang='lat' dir='ltr'>invidiam</span> <span class='ocrx_word' id='word_1_358' title='bbox 1039 2799 1138 2862; x_wconf 88' lang='lat' dir='ltr'>ejus</span> <span class='ocrx_word' id='word_1_359' title='bbox 1160 2800 1354 2846; x_wconf 88' lang='lat' dir='ltr'>intravit</span> <span class='ocrx_word' id='word_1_360' title='bbox 1374 2801 1423 2846; x_wconf 92' lang='lat' dir='ltr'>in</span> <span class='ocrx_word' id='word_1_361' title='bbox 1448 2800 1618 2846; x_wconf 91' lang='lat' dir='ltr'>orbem</span> <span class='ocrx_word' id='word_1_362' title='bbox 1636 2810 1894 2859; x_wconf 86' lang='lat' dir='ltr'>terrarum,</span> <span class='ocrx_word' id='word_1_363' title='bbox 1921 2801 2004 2864; x_wconf 92' lang='lat' dir='ltr'>qui</span> <span class='ocrx_word' id='word_1_364' title='bbox 2027 2799 2218 2863; x_wconf 91' lang='lat' dir='ltr'>frigidas</span> <span class='ocrx_word' id='word_1_365' title='bbox 2241 2798 2496 2845; x_wconf 83' lang='lat' dir='ltr'>hominum</span> <span class='ocrx_word' id='word_1_366' title='bbox 2520 2796 2654 2843; x_wconf 90' lang='lat' dir='ltr'>inha-</span> 
     </span>
     <span class='ocr_line' id='line_1_32' title="bbox 538 2876 2654 2943; baseline -0 -20"><span class='ocrx_word' id='word_1_367' title='bbox 538 2877 656 2924; x_wconf 91' lang='lat' dir='ltr'>bitat</span> <span class='ocrx_word' id='word_1_368' title='bbox 688 2888 896 2937; x_wconf 91' lang='lat' dir='ltr'>mentes,</span> <span class='ocrx_word' id='word_1_369' title='bbox 931 2878 1052 2924; x_wconf 90' lang='lat' dir='ltr'>sicut</span> <span class='ocrx_word' id='word_1_370' title='bbox 1081 2879 1310 2943; x_wconf 89' lang='lat' dir='ltr'>scriptum</span> <span class='ocrx_word' id='word_1_371' title='bbox 1338 2889 1409 2926; x_wconf 87' lang='lat' dir='ltr'>est</span> <span class='ocrx_word' id='word_1_372' title='bbox 1445 2898 1454 2925; x_wconf 94' lang='lat'><strong>:</strong></span> <span class='ocrx_word' id='word_1_373' title='bbox 1491 2901 1513 2924; x_wconf 92' lang='lat'>«</span> <span class='ocrx_word' id='word_1_374' title='bbox 1536 2883 1716 2927; x_wconf 89' lang='lat' dir='ltr'>Ponam</span> <span class='ocrx_word' id='word_1_375' title='bbox 1745 2880 1908 2928; x_wconf 82' lang='lat' dir='ltr'>sedem</span> <span class='ocrx_word' id='word_1_376' title='bbox 1939 2896 2096 2926; x_wconf 89' lang='lat' dir='ltr'>meam</span> <span class='ocrx_word' id='word_1_377' title='bbox 2117 2880 2166 2925; x_wconf 90' lang='lat' dir='ltr'>in</span> <span class='ocrx_word' id='word_1_378' title='bbox 2190 2878 2436 2942; x_wconf 89' lang='lat' dir='ltr'>aquilone,</span> <span class='ocrx_word' id='word_1_379' title='bbox 2458 2896 2481 2920; x_wconf 89' lang='lat'>»</span> <span class='ocrx_word' id='word_1_380' title='bbox 2512 2876 2563 2923; x_wconf 92' lang='lat' dir='ltr'>id</span> <span class='ocrx_word' id='word_1_381' title='bbox 2583 2886 2654 2923; x_wconf 90' lang='lat' dir='ltr'>est</span> 
     </span>
     <span class='ocr_line' id='line_1_33' title="bbox 539 2956 2652 3024; baseline -0.001 -21"><span class='ocrx_word' id='word_1_382' title='bbox 539 2957 815 3022; x_wconf 78' lang='lat' dir='ltr'>praeparabo</span> <span class='ocrx_word' id='word_1_383' title='bbox 839 2957 957 3003; x_wconf 89' lang='lat' dir='ltr'>mihi</span> <span class='ocrx_word' id='word_1_384' title='bbox 979 2974 1181 3021; x_wconf 90' lang='lat' dir='ltr'>regnum</span> <span class='ocrx_word' id='word_1_385' title='bbox 1203 2959 1252 3004; x_wconf 90' lang='lat' dir='ltr'>in</span> <span class='ocrx_word' id='word_1_386' title='bbox 1278 2958 1505 3005; x_wconf 92' lang='lat' dir='ltr'>cordibus</span> <span class='ocrx_word' id='word_1_387' title='bbox 1534 2959 1789 3024; x_wconf 85' lang='lat' dir='ltr'>hominum</span> <span class='ocrx_word' id='word_1_388' title='bbox 1819 2961 1928 3023; x_wconf 90' lang='lat' dir='ltr'>igne</span> <span class='ocrx_word' id='word_1_389' title='bbox 1962 2959 2169 3006; x_wconf 88' lang='lat' dir='ltr'>caritatis</span> <span class='ocrx_word' id='word_1_390' title='bbox 2196 2956 2492 3014; x_wconf 84' lang='lat' dir='ltr'>carentibuS,</span> <span class='ocrx_word' id='word_1_391' title='bbox 2526 2964 2652 3002; x_wconf 89' lang='lat' dir='ltr'>recte</span> 
     </span>
     <span class='ocr_line' id='line_1_34' title="bbox 539 3037 2653 3103; baseline -0.001 -21"><span class='ocrx_word' id='word_1_392' title='bbox 539 3054 623 3100; x_wconf 83' lang='lat' dir='ltr'>per</span> <span class='ocrx_word' id='word_1_393' title='bbox 651 3054 825 3101; x_wconf 89' lang='lat' dir='ltr'>aquam</span> <span class='ocrx_word' id='word_1_394' title='bbox 855 3037 1211 3101; x_wconf 89' lang='lat' dir='ltr'>frigidissimum</span> <span class='ocrx_word' id='word_1_395' title='bbox 1236 3038 1526 3085; x_wconf 89' lang='lat' dir='ltr'>elementum</span> <span class='ocrx_word' id='word_1_396' title='bbox 1548 3039 1839 3103; x_wconf 89' lang='lat' dir='ltr'>designatur.</span> <span class='ocrx_word' id='word_1_397' title='bbox 1866 3042 2028 3097; x_wconf 91' lang='lat' dir='ltr'>Quum</span> <span class='ocrx_word' id='word_1_398' title='bbox 2050 3049 2211 3086; x_wconf 88' lang='lat' dir='ltr'>autem</span> <span class='ocrx_word' id='word_1_399' title='bbox 2232 3038 2402 3085; x_wconf 89' lang='lat' dir='ltr'>caritas</span> <span class='ocrx_word' id='word_1_400' title='bbox 2426 3037 2475 3083; x_wconf 92' lang='lat' dir='ltr'>in</span> <span class='ocrx_word' id='word_1_401' title='bbox 2498 3039 2653 3082; x_wconf 90' lang='lat' dir='ltr'>Deum</span> 
     </span>
     <span class='ocr_line' id='line_1_35' title="bbox 542 3115 2654 3184; baseline 0 -24"><span class='ocrx_word' id='word_1_402' title='bbox 542 3115 716 3163; x_wconf 82' lang='lat' dir='ltr'>ferveat</span> <span class='ocrx_word' id='word_1_403' title='bbox 738 3135 942 3182; x_wconf 88' lang='lat' dir='ltr'>semper,</span> <span class='ocrx_word' id='word_1_404' title='bbox 969 3119 1174 3165; x_wconf 83' lang='lat' dir='ltr'>maxime</span> <span class='ocrx_word' id='word_1_405' title='bbox 1195 3118 1275 3166; x_wconf 91' lang='lat' dir='ltr'>illa</span> <span class='ocrx_word' id='word_1_406' title='bbox 1298 3119 1478 3166; x_wconf 85' lang='lat' dir='ltr'>fervere</span> <span class='ocrx_word' id='word_1_407' title='bbox 1501 3121 1823 3182; x_wconf 89' lang='lat' dir='ltr'>cognoscitur,</span> <span class='ocrx_word' id='word_1_408' title='bbox 1849 3137 1953 3184; x_wconf 89' lang='lat' dir='ltr'>quae</span> <span class='ocrx_word' id='word_1_409' title='bbox 1974 3137 2060 3184; x_wconf 89' lang='lat' dir='ltr'>per</span> <span class='ocrx_word' id='word_1_410' title='bbox 2081 3119 2465 3183; x_wconf 86' lang='lat' dir='ltr'>compassionem</span> <span class='ocrx_word' id='word_1_411' title='bbox 2494 3115 2654 3162; x_wconf 87' lang='lat' dir='ltr'>frater-</span> 
     </span>
     <span class='ocr_line' id='line_1_36' title="bbox 542 3193 2651 3262; baseline 0 -24"><span class='ocrx_word' id='word_1_412' title='bbox 542 3210 653 3239; x_wconf 88' lang='lat' dir='ltr'>nam</span> <span class='ocrx_word' id='word_1_413' title='bbox 679 3196 727 3240; x_wconf 89' lang='lat' dir='ltr'>in</span> <span class='ocrx_word' id='word_1_414' title='bbox 754 3196 1082 3261; x_wconf 86' lang='lat' dir='ltr'>eleemoysinis</span> <span class='ocrx_word' id='word_1_415' title='bbox 1111 3197 1376 3245; x_wconf 86' lang='lat' dir='ltr'>exhibetur.</span> <span class='ocrx_word' id='word_1_416' title='bbox 1414 3197 1552 3244; x_wconf 92' lang='lat' dir='ltr'>Unde</span> <span class='ocrx_word' id='word_1_417' title='bbox 1578 3207 1625 3244; x_wconf 90' lang='lat' dir='ltr'>et</span> <span class='ocrx_word' id='word_1_418' title='bbox 1652 3215 1737 3262; x_wconf 89' lang='lat' dir='ltr'>per</span> <span class='ocrx_word' id='word_1_419' title='bbox 1758 3198 2082 3246; x_wconf 86' lang='lat' dir='ltr'>excellentiam</span> <span class='ocrx_word' id='word_1_420' title='bbox 2109 3196 2372 3261; x_wconf 89' lang='lat' dir='ltr'>quamdam</span> <span class='ocrx_word' id='word_1_421' title='bbox 2400 3196 2502 3259; x_wconf 78' lang='lat' dir='ltr'>ipsa</span> <span class='ocrx_word' id='word_1_422' title='bbox 2529 3193 2651 3240; x_wconf 86' lang='lat' dir='ltr'>elee-</span> 
     </span>
    </p>
   </div>
   <div class='ocr_carea' id='block_1_3' title="bbox 543 3343 2651 3505">
    <p class='ocr_par' dir='ltr' id='par_1_4' title="bbox 543 3343 2651 3505">
     <span class='ocr_line' id='line_1_37' title="bbox 589 3343 2651 3393; baseline 0 -18"><span class='ocrx_word' id='word_1_423' title='bbox 589 3344 597 3359; x_wconf 78' lang='lat'><strong>⁴</strong></span> <span class='ocrx_word' id='word_1_424' title='bbox 624 3343 752 3383; x_wconf 53' lang='lat' dir='ltr'>Manu,</span> <span class='ocrx_word' id='word_1_425' title='bbox 769 3355 840 3388; x_wconf 82' lang='lat' dir='ltr'>cap.</span> <span class='ocrx_word' id='word_1_426' title='bbox 858 3357 936 3385; x_wconf 80' lang='lat' dir='ltr'>xxv,</span> <span class='ocrx_word' id='word_1_427' title='bbox 953 3358 982 3379; x_wconf 88' lang='lat' dir='ltr'>v.</span> <span class='ocrx_word' id='word_1_428' title='bbox 1000 3349 1054 3379; x_wconf 78' lang='lat'>40.</span> <span class='ocrx_word' id='word_1_429' title='bbox 1070 3366 1103 3371; x_wconf 85' lang='lat'>-</span> <span class='ocrx_word' id='word_1_430' title='bbox 1124 3347 1136 3364; x_wconf 80' lang='lat'><em>²</em></span> <span class='ocrx_word' id='word_1_431' title='bbox 1152 3348 1249 3389; x_wconf 86' lang='lat' dir='ltr'>1bid.‚</span> <span class='ocrx_word' id='word_1_432' title='bbox 1275 3359 1348 3393; x_wconf 86' lang='lat' dir='ltr'>cap.</span> <span class='ocrx_word' id='word_1_433' title='bbox 1373 3360 1446 3390; x_wconf 76' lang='lat' dir='ltr'>xix,</span> <span class='ocrx_word' id='word_1_434' title='bbox 1466 3360 1498 3382; x_wconf 53' lang='lat' dir='ltr'>v,</span> <span class='ocrx_word' id='word_1_435' title='bbox 1512 3349 1566 3382; x_wconf 73' lang='lat'>24.</span> <span class='ocrx_word' id='word_1_436' title='bbox 1623 3360 1705 3393; x_wconf 82' lang='lat' dir='ltr'>aqua</span> <span class='ocrx_word' id='word_1_437' title='bbox 1721 3357 1753 3382; x_wconf 79' lang='lat' dir='ltr'>et</span> <span class='ocrx_word' id='word_1_438' title='bbox 1771 3350 1976 3393; x_wconf 84' lang='lat' dir='ltr'>eleemosyna</span> <span class='ocrx_word' id='word_1_439' title='bbox 1993 3349 2111 3382; x_wconf 82' lang='lat' dir='ltr'>resistit</span> <span class='ocrx_word' id='word_1_440' title='bbox 2129 3348 2283 3391; x_wconf 82' lang='lat' dir='ltr'>peccatis.</span> <span class='ocrx_word' id='word_1_441' title='bbox 2299 3359 2314 3376; x_wconf 73' lang='grc' dir='ltr'>ι</span> <span class='ocrx_word' id='word_1_442' title='bbox 2331 3346 2485 3389; x_wconf 76' lang='lat' dir='ltr'>(Eccles.,</span> <span class='ocrx_word' id='word_1_443' title='bbox 2503 3355 2577 3389; x_wconf 85' lang='lat' dir='ltr'>cap.</span> <span class='ocrx_word' id='word_1_444' title='bbox 2596 3354 2628 3376; x_wconf 93' lang='grc' dir='ltr'>ιιι</span> <span class='ocrx_word' id='word_1_445' title='bbox 2643 3369 2651 3384; x_wconf 89' lang='grc'>,</span> 
     </span>
     <span class='ocr_line' id='line_1_38' title="bbox 543 3400 2217 3448; baseline 0.004 -17"><span class='ocrx_word' id='word_1_446' title='bbox 543 3417 586 3422; x_wconf 94' lang='grc'>-</span> <span class='ocrx_word' id='word_1_447' title='bbox 602 3400 727 3439; x_wconf 79' lang='lat' dir='ltr'>⁵1bid.,</span> <span class='ocrx_word' id='word_1_448' title='bbox 747 3411 820 3444; x_wconf 82' lang='lat' dir='ltr'>cap.</span> <span class='ocrx_word' id='word_1_449' title='bbox 850 3414 881 3441; x_wconf 90' lang='lat' dir='ltr'>v,</span> <span class='ocrx_word' id='word_1_450' title='bbox 909 3414 937 3434; x_wconf 91' lang='lat' dir='ltr'>v.</span> <span class='ocrx_word' id='word_1_451' title='bbox 956 3405 987 3435; x_wconf 86' lang='lat'>3.</span> <span class='ocrx_word' id='word_1_452' title='bbox 1000 3404 1068 3427; x_wconf 75' lang='lat'>—⁴</span> <span class='ocrx_word' id='word_1_453' title='bbox 1082 3405 1197 3443; x_wconf 70' lang='lat' dir='ltr'>Prov„</span> <span class='ocrx_word' id='word_1_454' title='bbox 1223 3416 1293 3447; x_wconf 79' lang='lat' dir='ltr'>cap.</span> <span class='ocrx_word' id='word_1_455' title='bbox 1322 3417 1398 3447; x_wconf 85' lang='lat' dir='ltr'>xm,</span> <span class='ocrx_word' id='word_1_456' title='bbox 1421 3417 1452 3438; x_wconf 86' lang='lat' dir='ltr'>v.</span> <span class='ocrx_word' id='word_1_457' title='bbox 1475 3407 1507 3438; x_wconf 86' lang='lat'>8.</span> <span class='ocrx_word' id='word_1_458' title='bbox 1527 3423 1570 3429; x_wconf 93' lang='lat'>-—</span> <span class='ocrx_word' id='word_1_459' title='bbox 1625 3416 1657 3439; x_wconf 88' lang='lat' dir='ltr'>v.</span> <span class='ocrx_word' id='word_1_460' title='bbox 1673 3405 1742 3447; x_wconf 79' lang='lat'><strong>33.)</strong></span> <span class='ocrx_word' id='word_1_461' title='bbox 1756 3423 1793 3429; x_wconf 93' lang='lat'>—-</span> <span class='ocrx_word' id='word_1_462' title='bbox 1811 3405 1821 3422; x_wconf 88' lang='lat'><strong>⁷</strong></span> <span class='ocrx_word' id='word_1_463' title='bbox 1835 3406 1928 3445; x_wconf 83' lang='lat' dir='ltr'>Luc.,</span> <span class='ocrx_word' id='word_1_464' title='bbox 1945 3415 2016 3448; x_wconf 80' lang='lat' dir='ltr'>cap.</span> <span class='ocrx_word' id='word_1_465' title='bbox 2033 3417 2096 3445; x_wconf 86' lang='lat' dir='ltr'>xu,</span> <span class='ocrx_word' id='word_1_466' title='bbox 2111 3416 2142 3438; x_wconf 82' lang='lat' dir='ltr'>v.</span> <span class='ocrx_word' id='word_1_467' title='bbox 2162 3405 2217 3437; x_wconf 76' lang='lat'>49.</span> 
     </span>
     <span class='ocr_line' id='line_1_39' title="bbox 544 3456 1572 3505; baseline 0.008 -19"><span class='ocrx_word' id='word_1_468' title='bbox 544 3456 556 3471; x_wconf 78' lang='lat'>⁸</span> <span class='ocrx_word' id='word_1_469' title='bbox 571 3456 663 3495; x_wconf 57' lang='lat' dir='ltr'>Luc„</span> <span class='ocrx_word' id='word_1_470' title='bbox 689 3467 760 3498; x_wconf 80' lang='lat' dir='ltr'>cap.</span> <span class='ocrx_word' id='word_1_471' title='bbox 787 3469 825 3498; x_wconf 84' lang='lat' dir='ltr'>u,</span> <span class='ocrx_word' id='word_1_472' title='bbox 849 3469 877 3490; x_wconf 86' lang='lat' dir='ltr'>v.</span> <span class='ocrx_word' id='word_1_473' title='bbox 906 3459 958 3490; x_wconf 57' lang='lat'>2¹11.</span> <span class='ocrx_word' id='word_1_474' title='bbox 977 3476 1013 3481; x_wconf 36' lang='lat' dir='ltr'>*a</span> <span class='ocrx_word' id='word_1_475' title='bbox 1031 3459 1042 3476; x_wconf 74' lang='lat'>⁰</span> <span class='ocrx_word' id='word_1_476' title='bbox 1065 3472 1078 3488; x_wconf 69' lang='grc' dir='ltr'>ι</span> <span class='ocrx_word' id='word_1_477' title='bbox 1097 3460 1204 3502; x_wconf 81' lang='lat' dir='ltr'>ignem</span> <span class='ocrx_word' id='word_1_478' title='bbox 1226 3461 1393 3494; x_wconf 82' lang='lat' dir='ltr'>ardentem</span> <span class='ocrx_word' id='word_1_479' title='bbox 1414 3461 1572 3505; x_wconf 82' lang='lat' dir='ltr'>extinguit</span> 
     </span>
    </p>
   </div>
  </div>
 </body>
</html>
