2970 4152
720 387 890 434 PETRI
927 385 1238 434 ABAELARDI
1275 384 1348 430 ET
1381 364 1685 430 HELOISSAE
1718 381 2035 443 EPISTOLAE.
2379 380 2440 426 93

330 498 547 546 quoque,
583 482 621 527 si
651 482 898 545 diligenter
919 479 1157 537 attendas,
1196 488 1355 525 actum
1389 487 1457 524 est
1490 478 1786 524 sententiam.
1818 476 1872 522 Id
1904 476 2033 522 enirn
2057 473 2189 537 quod
2220 472 2442 519 omnibus

329 571 480 625 patet,
505 570 555 607 tu
576 561 678 625 ipsa
695 560 935 618 indicasti,
960 569 1011 607 ut
1027 575 1175 623 quum
1191 557 1412 605 videlicet
1430 556 1490 603 ad
1505 557 1775 620 superiores
1789 556 2030 613 scribitur,
2059 570 2227 601 eorum
2245 554 2441 599 nomina

330 651 682 706 praeponantur.
717 639 788 688 Te*
813 657 927 696 vero
958 657 1015 687 ex
1045 650 1160 687 tune
1191 655 1269 684 me
1294 637 1590 702 superiorem
1621 637 1793 683 stactam
1823 636 2077 700 intelligas,
2112 647 2209 700 quo
2245 634 2442 680 domina

327 737 434 768 mea
460 739 560 769 esse
584 722 762 787 coepisti
779 759 790 781 ,
825 721 1020 767 Domini
1049 721 1143 767 mei
1168 734 1353 784 sponsa
1382 717 1570 777 effecta,
1600 717 1734 780 juxta
1765 717 1882 763 illud
1912 717 2040 764 beati
2069 716 2346 778 Hieronymi
2379 716 2440 761 ad

328 802 633 848 Eustachium
662 803 725 847 ita
762 801 1011 848 scribentis
1025 804 1036 825 ¹
1069 818 1084 846 ι-
1124 819 1146 844 «
1170 802 1278 846 Haec
1302 797 1481 844 idcirco
1507 797 1704 844 domina
1730 814 1860 855 mea,-
1898 796 2226 854 Eustachium,
2263 796 2434 842 scribo.

327 882 583 928 Dominam
611 882 789 945 quippe
820 880 975 936 debeo
1003 895 1175 926 vocare
1200 894 1424 944 sponsam
1450 878 1646 925 Domini
1677 882 1786 924 mei.
1811 897 1834 920 »
1865 877 1990 923 Felix
2017 877 2181 923 talium
2207 869 2443 923 commerss

324 961 452 1006 cium
477 961 753 1025 nuptiarum
766 995 782 1018 7
807 970 860 1006 ut
882 959 1165 1006 homunculi
1188 959 1347 1006 miseri
1362 958 1495 1022 prius
1514 973 1655 1016 uxor,
1683 973 1814 1003 nunc
1832 958 1881 1003 in
1900 958 2074 1003 summi
2091 957 2210 1020 regis
2228 957 2444 1003 thalamis

324 1037 617 1097 sublimeris»,
648 1056 735 1086 nec
761 1055 816 1086 ex
843 1039 987 1102 hujus
1022 1038 1221 1085 honoris
1257 1037 1502 1102 privilegio
1532 1037 1682 1101 priori
1710 1037 2047 1083 tantummodo
2072 1037 2175 1082 viro
2193 1072 2205 1094 ,
2233 1037 2315 1082 sed
2342 1038 2444 1100 q'ui-

323 1117 782 1182 buscunque-servis
814 1119 1026 1182 ejusdem
1055 1119 1177 1182 regis
1205 1117 1411 1183 praelata.
1447 1120 1514 1163 Ne
1551 1117 1735 1163 mireris
1764 1117 1906 1180 igitur
1938 1118 1975 1162 si
2001 1127 2097 1163 tam
2130 1118 2265 1162 vivus
2297 1134 2441 1180 quam

323 1210 540 1246 mortuus
558 1216 636 1246 me
653 1200 817 1247 vestris
831 1200 1067 1264 praecipue
1083 1198 1420 1245 commendem
1439 1197 1918 1261 orationibus,quum
1929 1197 2035 1260 jure
2050 1197 2243 1262 publico
2264 1208 2445 1244 constet

321 1280 449 1345 apud
476 1279 698 1327 dominos
722 1280 830 1345 plus
854 1296 1023 1326 eorum
1049 1295 1248 1344 sponsas
1274 1278 1617 1325 intercedendo
1636 1294 1803 1343 posse,
1827 1295 1971 1342 quam
1992 1276 2204 1343 ipsorum
2225 1277 2438 1335 familias,

321 1358 541 1406 dominas
574 1360 778 1425 amplius
810 1376 954 1424 quam
992 1376 1170 1406 servos.
1204 1362 1256 1405 In
1295 1375 1499 1423 quarum
1530 1358 1726 1423 quidem
1752 1369 1866 1424 typo
1895 1359 2055 1422 regina
2085 1357 2162 1404 illa
2193 1369 2239 1404 et
2269 1362 2441 1405 summi

321 1441 439 1503 regis
463 1457 636 1504 sponsa
661 1441 911 1504 diligenter
935 1439 1239 1498 describitur,
1269 1456 1419 1503 quum
1447 1440 1496 1485 in
1515 1439 1701 1504 psalmo
1722 1439 1894 1486 dicitur
1909 1442 1922 1463 ²
1954 1458 1963 1485 :
2005 1458 2029 1482 «
2051 1439 2202 1484 Astitit
2233 1440 2391 1502 regina
2414 1457 2439 1485 a

318 1520 494 1568 dextris
522 1521 629 1567 tuis.
668 1540 691 1565 υ
736 1524 797 1568 Ac
834 1522 875 1567 si‘
906 1530 1067 1585 aperte
1104 1519 1291 1566 dicatur
1319 1538 1327 1565 :
1359 1523 1450 1566 lsta
1477 1520 1646 1582 juncto
1684 1519 1829 1567 latere
1866 1536 2044 1585 sponso
2083 1519 2440 1566 familiarissime

318 1593 547 1651 adhaeret,
583 1605 630 1641 et
665 1595 853 1659 pariter
878 1594 1080 1652 incedit,
1114 1594 1291 1640 caeteris
1323 1593 1548 1640 omn-ibus
1585 1595 1719 1658 quasi
1749 1612 1775 1640 a
1806 1595 1947 1658 longe
1978 1593 2341 1640 absistentibus³
2366 1596 2439 1641 vel

317 1667 727 1732 subsequentibus.
767 1671 837 1715 De
871 1668 1014 1731 hujus
1045 1667 1320 1717 excellentia
1356 1669 1674 1731 praerogativae
1707 1680 1881 1732 sponsa
1907 1669 1953 1714 in
1983 1669 2176 1715 canticis
2199 1670 2434 1727 exultans,

316 1748 416 1806 illa,
453 1759 504 1796 ut
535 1751 597 1796 ita
627 1750 807 1807 dicam,
850 1766 994 1813 quam
1031 1752 1218 1812 Moyses
1249 1749 1436 1806 duxit⁴,
1475 1749 1738 1814 Ethiopissa
1764 1749 1936 1795 dicit⁶z
1978 1751 2159 1814 «Nigra
2184 1768 2317 1809 sum,
2355 1752 2437 1798 sed

316 1829 548 1889 formosa,
584 1829 688 1877 filiae
718 1830 1023 1876 Hierusalem.
1058 1829 1172 1875 Ideo
1206 1829 1367 1876 dilexit
1392 1846 1469 1876 me
1495 1846 1603 1888 rex,
1633 1840 1680 1876 et
1704 1830 1968 1876 introduxit
1991 1846 2068 1878 me
2092 1832 2142 1876 in
2162 1831 2434 1878 cubiculum

314 1925 470 1957 suum.
497 1929 519 1954 »
548 1912 604 1957 Et
630 1926 818 1957 rursum
836 1911 849 1934 ⁶
869 1928 878 1955 :
908 1928 932 1954 α
952 1908 1106 1956 Nolite
1133 1909 1434 1956 considerare
1454 1909 1587 1973 quod
1611 1909 1739 1956 fusca
1758 1926 1887 1968 sum,
1911 1911 2022 1973 quia
2042 1910 2332 1958 decoloravit
2359 1928 2434 1958 me

313 1990 400 2037 sol.
427 2009 450 2034 υ
479 1993 531 2037 ln
560 1990 732 2055 quibus
754 1990 949 2055 quidem
976 1989 1131 2037 verbis
1149 2006 1298 2054 quum
1319 1989 1600 2053 generaliter
1618 1990 1776 2036 anima
1795 1989 2114 2037 describatur7
2142 1993 2433 2057 contempla-

313 2070 429 2130 tiva,
463 2087 568 2135 quae
595 2071 859 2136 specialiter
879 2086 1054 2135 sponsa
1071 2069 1246 2117 Christi
1265 2069 1464 2130 dicitur,
1493 2070 1758 2135 expressius
1783 2080 1942 2117 tamen
1971 2070 2030 2117 ad
2052 2087 2136 2117 vos
2161 2071 2255 2118 hoc
2284 2074 2428 2136 perti-

312 2166 426 2198 nere
456 2152 556 2216 ipse
591 2153 732 2199 etiam
770 2162 923 2199 vester
964 2152 1170 2199 exterior
1198 2151 1389 2198 habitus
1418 2151 1645 2216 loquitur.
1686 2155 1791 2217 lpse
1830 2153 2008 2217 quippe
2044 2152 2197 2199 cultus
2228 2153 2430 2199 exterior

311 2231 553 2294 nigrorum
572 2242 654 2279 aut
672 2232 833 2295 vilium
854 2231 1246 2279 indumentorum
1261 2268 1273 2290 ,
1302 2233 1448 2279 instar
1471 2231 1685 2295 lugubris
1707 2232 1896 2279 habitus
1921 2232 2158 2279 bonarum
2179 2232 2427 2279 viduarum

311 2322 526 2359 mortuos
556 2329 678 2376 quos
706 2312 966 2360 dilexerant
991 2313 1118 2358 viros
1144 2312 1497 2376 plangentium,
1526 2328 1613 2358 vos
1641 2313 1690 2358 in
1715 2312 1808 2358 hoc
1835 2312 2041 2370 mundo,
2074 2313 2207 2375 juxta
2232 2323 2427 2377 aposto-

309 2391 463 2450 lum⁸‚
508 2409 620 2440 vere
644 2392 812 2440 viduas
849 2402 895 2439 et
925 2392 1160 2439 desolatas
1192 2391 1425 2450 ostendit,
1461 2383 1708 2456 stipendiis
1737 2392 1943 2439 ecclesiae
1980 2393 2325 2440 sustentandas.
2358 2396 2426 2439 De

308 2486 511 2533 quarum
537 2472 678 2518 etiam
700 2471 955 2519 viduarum
973 2471 1103 2518 luctu
1120 2487 1262 2535 super
1281 2471 1493 2518 occisum
1517 2487 1682 2519 earum
1702 2487 1933 2535 sponsu-m
1952 2473 2192 2536 Scriptura
2213 2489 2424 2519 comme-

309 2560 490 2609 morat,
529 2550 721 2599 dicens,⁹
749 2570 758 2596 :
795 2570 819 2596 «
850 2551 1068 2598 Mulieres
1107 2550 1326 2598 sedentes
1357 2550 1419 2597 ad
1446 2560 1815 2597 monumentum
1847 2551 2228 2598 lamentabantur
2260 2553 2424 2599 flentes

307 2629 584 2675 Dominum.
623 2647 645 2673 »
693 2628 845 2676 Habet
880 2639 1038 2676 autem
1075 2629 1357 2694 AEthiopissa
1386 2629 1670 2676 exteriorem
1703 2630 1751 2675 in
1783 2647 1926 2677 carne
1961 2630 2255 2694 nigredinem
2284 2634 2335 2690 ¹⁰,
2377 2643 2423 2679 et

306 2718 538 2770 quantum
555 2708 615 2756 ad
634 2703 867 2757 exteriora
884 2710 1088 2774 pertinet
1102 2745 1113 2767 ‚
1143 2710 1320 2756 caeteris
1339 2718 1532 2773 apparet
1555 2709 1740 2756 feminis
1763 2709 2039 2769 deformior,
2069 2728 2219 2774 quum
2240 2728 2337 2758 non
2364 2714 2421 2758 sit

308 2798 466 2835 tamen
485 2789 533 2834 in
552 2788 855 2840 interioribus
874 2789 1174 2854 dispar,‚sed
1192 2790 1242 2835 in
1261 2789 1500 2854 plerisque
1526 2790 1668 2836 etiam
1693 2790 1948 2837 formosior
1972 2801 2115 2855 atque
2142 2791 2415 2850 candidior,

306 2870 424 2916 sicut
450 2870 499 2916 in
529 2869 714 2917 ossibus
745 2887 827 2918 seu
858 2870 1096 2922 dentibus.
1127 2874 1343 2928 Quorum
1376 2871 1594 2919 videlicet
1624 2871 1840 2919 dentium
1866 2873 2048 2920 candor
2073 2874 2119 2919 in
2147 2875 2250 2938 ipso
2277 2876 2417 2921 etiam

304 2949 668 2997 commendatur
685 2965 881 3014 sponso,
901 2967 1050 3014 quum
1074 2950 1247 2998 dicitur
1266 2954 1287 2975 ¹¹
1313 2970 1321 2996 :
1345 2970 1367 2995 (ι
1386 2954 1442 2998 Et
1461 2951 1627 2998 dentes
1646 2951 1747 3015 ejus
1763 2952 1881 2999 lacte
1900 2953 2215 3001 candidiores.
2235 2974 2258 2998 »
2282 2956 2417 3019 Nigra

305 3029 460 3093 itaque
484 3029 533 3076 in
552 3029 888 3088 exterioribus,
919 3030 1003 3077 sed
1028 3030 1235 3078 formosa
1255 3031 1302 3077 in
1330 3030 1632 3078 interioribus
1661 3041 1753 3089 est;
1785 3033 1895 3095 quia
1919 3033 1968 3078 in
1995 3033 2085 3080 hac
2118 3035 2213 3081 vita
2241 3035 2416 3082 crebris

303 3108 639 3159 adversitatum
666 3109 1047 3157 tribulationibus
1071 3110 1381 3175 corporaliter
1405 3111 1577 3158 afflicta
1595 3147 1606 3168 ,
1638 3112 1772 3175 quasi
1802 3112 1849 3157 in
1869 3128 2011 3159 carne
2037 3114 2253 3177 nigrescit
2285 3126 2412 3162 exte-

302 3189 418 3247 rius,
436 3189 567 3252 juxta
586 3189 703 3248 illud
726 3189 928 3254 apostoli
947 3192 972 3214 ¹²
992 3209 1001 3236 x
1036 3210 1058 3235 «
1082 3193 1262 3237 Omnes
1286 3191 1367 3254 qui
1394 3191 1561 3238 volunt
1583 3191 1659 3255 pie
1689 3192 1843 3239 vivere
1871 3193 1917 3238 in
1943 3193 2128 3241 Christo
2156 3195 2414 3242 tribulatio-

348 3345 355 3359 ¹
383 3343 488 3387 Epist.
507 3355 603 3383 xviii,
635 3346 715 3386 Opp.
743 3352 766 3378 t.
798 3344 851 3385 lV,
881 3357 913 3388 p.
943 3347 998 3377 27.
1015 3362 1052 3368 -
1070 3343 1082 3361 ²
1099 3345 1215 3379 Psalni.
1248 3357 1332 3386 xuv,
1382 3347 1393 3363 ⁷
1408 3348 1569 3388 Pinyatur
1584 3345 1739 3380 Rus-⁸
1758 3347 1893 3379 Timoth.
1913 3349 1943 3386 1,
1959 3358 2031 3391 cap.
2048 3360 2079 3387 v,
2097 3360 2125 3381 v.
2149 3353 2198 3381 16.
2214 3369 2246 3373 -—
2261 3350 2272 3365 ¹³
2285 3351 2410 3389 Maub„

301 3411 332 3431 v.
357 3402 462 3432 10.—
478 3400 490 3417 ³
506 3402 738 3434 Aul-sistentibus
753 3401 817 3434 MS.
843 3401 935 3434 Amb.
953 3420 993 3425 -—
1012 3402 1022 3417 ⁴
1040 3401 1151 3439 Num„
1171 3412 1249 3445 cap.
1267 3413 1312 3434 ιιι
1327 3428 1335 3442 ,
1381 3412 1454 3444 cap.
1487 3412 1595 3437 xxvii,
1625 3411 1656 3433 V.
1683 3402 1737 3434 61.
1756 3418 1800 3427 —-
1825 3401 1852 3418 ¹⁰
1876 3403 2042 3444 Niqntiem
2062 3403 2156 3437 RMS.
2180 3422 2210 3427 ω
2237 3405 2262 3420 ¹¹
2285 3406 2413 3443 Genes„

299 3467 329 3489 v.
363 3462 389 3491 Ι.
418 3476 454 3481 —
481 3457 493 3474 ⁸
520 3459 658 3495 Canac„
687 3468 763 3500 cap.
800 3470 829 3498 1,
860 3469 888 3491 v.
921 3459 951 3490 ”ι.
979 3476 1017 3481 -
1041 3458 1053 3474 ⁸
1077 3457 1176 3498 lbid.‚
1197 3469 1226 3491 v.
1248 3459 1278 3491 5.
1297 3477 1335 3482 -
1383 3469 1456 3500 cap.
1478 3469 1573 3496 xux,
1592 3468 1619 3489 v.
1648 3459 1696 3489 ¹2.
1717 3476 1750 3481 -
1771 3457 1798 3475 ¹²
1823 3459 1957 3492 Timoth.
1977 3460 2025 3498 11,
2045 3470 2118 3503 cap.
2140 3471 2190 3503 ιιι,
2209 3471 2240 3493 ν.
2261 3464 2309 3493 12.
