2970 4152
1199 455 1516 503 EPISTOLAE.
2347 456 2406 500 95

311 568 421 599 caro
454 552 735 599 feminarum
766 559 950 614 quanto
979 559 1050 598 est
1073 550 1122 596 in
1154 558 1346 614 aspectu
1373 548 1660 606 deformior,
1694 558 1828 596 tanto
1852 550 1911 596 sit
1934 550 1984 596 in
2011 560 2136 598 tactu
2168 550 2358 596 suavior
2376 552 2415 607 ¹3

312 643 454 696 atque
470 632 578 679 ideo
598 648 760 679 earum
777 631 994 695 voluptas
1003 633 1022 655 '²
1037 629 1226 677 secretis
1243 628 1582 693 gaudiisquam
1597 628 1799 692 publicis
1813 630 1989 693 gratior
2001 631 2060 676 sit
2075 639 2121 679 et
2135 630 2420 677 convenien-

313 714 431 773 tior,
472 724 518 760 et
542 729 706 760 earum
735 712 845 771 viri,
884 721 938 758 ut
961 710 1050 757 illis
1075 709 1397 769 oblectentur,
1432 709 1580 772 magis
1603 725 1682 756 eas
1705 709 1754 755 in
1780 709 2051 756 cubiculum
2075 709 2388 757 introducunt
2403 746 2414 767 ‚

313 809 458 856 quam
489 793 549 840 ad
573 792 818 858 publicum
841 790 1067 838 educunt.
1091 789 1364 838 Secundum
1390 805 1536 853 quam
1560 789 1754 853 quidem
1780 789 2107 854 metaphoram
2130 790 2252 837 bene
2283 790 2419 854 spiri-

314 874 452 921 tualis
468 888 642 938 sponsa
658 888 809 936 quum
824 871 1126 935 praemisisset
1138 872 1174 917 ³:
1202 890 1225 915 t(
1246 871 1387 934 Nigra
1403 886 1510 922 sum
1526 905 1538 928 ,
1558 869 1641 916 sed
1660 869 1890 929 formosa,
1913 888 1937 913 »
1961 871 2120 916 statim
2143 870 2357 932 adjunxit
2374 873 2387 894 '‘
2405 890 2413 916 :

316 971 339 995 «
360 952 474 999 ideo
499 951 660 999 dilexit
682 967 761 998 me
785 967 890 1009 rex,
919 960 967 997 et
989 950 1252 997 introduxit
1278 966 1356 996 me
1375 950 1424 996 in
1447 949 1724 997 cubiculum
1753 966 1918 1008 suum,
1946 967 1969 993 »
1997 949 2179 1013 singula
2203 950 2421 997 videlicet

312 1032 507 1096 singulis
530 1032 750 1082 reddens·
779 1034 884 1078 Hoc
912 1040 1008 1089 est,
1042 1031 1155 1094 quia
1179 1030 1412 1089 formosa,
1446 1030 1608 1078 dilexit
1635 1048 1646 1076 t
1681 1030 1794 1093 quia
1823 1030 1982 1094 nigra,
2015 1029 2298 1088 introduxit3
2329 1031 2419 1076 for·-

312 1127 447 1159 mosa
459 1147 472 1171 ,
497 1121 550 1159 ut
565 1111 685 1171 dixi,
708 1112 835 1158 intus
852 1109 1128 1170 virtutibus,
1149 1126 1268 1174 quas
1293 1110 1446 1174 diligit
1467 1126 1671 1175 sponsus
1689 1128 1703 1155 ε
1730 1109 1863 1173 nigra
1881 1110 2082 1159 exterius
2096 1109 2422 1172 corporalium

315 1190 672 1238 tribulationum
703 1189 1079 1238 adversitatibus.
1115 1192 1231 1247 Quae
1253 1190 1451 1254 quidem
1475 1189 1674 1253 nigredo
1690 1225 1702 1249 ,
1731 1189 2055 1254 corporalium
2079 1188 2254 1236 scilicet
2280 1190 2422 1236 tribu-

313 1270 543 1319 lationum
556 1308 569 1332 ‚
598 1271 731 1319 facile
750 1270 963 1318 fidelium
987 1280 1172 1318 mentes
1185 1270 1247 1317 ab
1265 1287 1429 1318 amore
1449 1281 1751 1319 terrenorum
1766 1270 1949 1329 avellit,
1973 1280 2020 1317 et
2038 1269 2099 1317 ad
2117 1279 2300 1316 aeternae
2320 1271 2421 1315 vitae

312 1350 546 1399 desideria
572 1350 842 1417 suspendit,
871 1361 918 1398 et
945 1367 1067 1415 saepe
1091 1367 1120 1397 a
1145 1350 1441 1398 tumultuosa
1465 1350 1613 1398 seculi
1640 1351 1735 1398 vita
1760 1350 1928 1398 trahit⁵
1950 1350 2013 1397 ad
2039 1359 2273 1397 secretum
2306 1365 2422 1395 cou-

314 1431 654 1496 templationis3
682 1432 802 1478 sicut
830 1431 880 1478 in
913 1430 1060 1478 Paulo
1093 1429 1174 1477 illo
1203 1430 1420 1478 videlicet
1452 1440 1649 1489 nostrae,
1685 1430 1735 1477 id
1763 1439 1834 1478 est
1868 1428 2162 1479 monachalis
2192 1428 2296 1475 vitae
2329 1429 2423 1492 pri-

313 1511 501 1558 mordio
528 1522 686 1559 actum
702 1529 804 1559 esse
822 1511 988 1558 beatus
1003 1510 1163 1558 scribit
1180 1511 1535 1574 Hieronymus⁶.
1565 1514 1670 1559 Haec
1687 1527 1880 1575 quoque
1899 1510 2101 1574 abjectio
2122 1509 2425 1557 indumento-

312 1608 418 1638 rum
453 1591 619 1639 vilium
658 1601 894 1639 secretum
927 1591 1077 1654 magis
1110 1607 1257 1654 quam
1286 1590 1537 1656 publicum
1571 1592 1776 1656 appetit,
1809 1601 1856 1638 et
1889 1591 2094 1638 maxima
2123 1589 2338 1637 vilitatis⁷
2373 1606 2427 1636 ac

313 1673 576 1720 secretioris
613 1672 731 1731 loci,
779 1672 862 1735 qui
898 1680 1070 1718 nostrae
1102 1671 1338 1736 praecipue
1376 1672 1600 1719 convenit
1638 1671 1946 1737 professioni,
1985 1670 2299 1719 custodienda
2341 1680 2423 1716 est.

311 1752 512 1798 Maxime
536 1766 744 1815 namque
769 1751 831 1798 ad
849 1750 1093 1815 publicum
1109 1749 1370 1814 procedere
1387 1751 1623 1814 pretiosus
1640 1761 1871 1815 provocat
1892 1750 2068 1809 cultus,
2092 1766 2236 1813 quem
2251 1766 2277 1795 a
2297 1748 2428 1797 nullo

314 1830 473 1894 appeti
500 1831 589 1877 nisi
626 1830 687 1876 ad
725 1831 918 1877 inanem
941 1829 1141 1893 gloriam
1169 1839 1218 1876 et
1241 1829 1389 1876 seculi
1414 1846 1642 1895 pompam
1667 1830 1834 1878 beatus
1859 1830 2116 1894 Gregorius
2132 1832 2146 1854 ⁸
2169 1829 2284 1878 iude
2313 1846 2428 1876 con·
2455 1885 2474 1892 q,

314 1911 458 1958 vincit
485 1929 496 1957 :
529 1911 713 1969 «Quod
747 1927 891 1958 nemo
915 1911 989 1957 his
1014 1911 1062 1957 in
1091 1910 1281 1957 occulto
1312 1927 1362 1957 se
1396 1921 1560 1970 ornat,
1600 1911 1684 1958 sed
1713 1911 1795 1959 ubi
1825 1912 2038 1976 conspici
2066 1914 2248 1974 queat⁹.
2278 1930 2299 1953 »
2328 1893 2449 1956 Hoc‘

313 2000 474 2038 autem
491 1991 771 2056 praedictum
787 2007 974 2056 sponsae
994 1990 1269 2038 cubiculum
1288 1990 1407 2038 illud
1422 2001 1518 2051 est,
1542 1991 1604 2039 ad
1616 1991 1751 2057 quod
1766 1992 1867 2057 ipse
1886 2008 2089 2056 sponsus
2106 1992 2156 2038 in
2174 1991 2428 2054 Evangelio

312 2071 479 2119 invitat
507 2081 750 2131 orantem,
786 2071 950 2118 dicens
967 2073 992 2096 ¹⁰
1015 2090 1025 2117 z
1058 2090 1080 2115 α
1105 2074 1173 2118 Tu
1199 2082 1359 2118 autem
1377 2088 1529 2135 quum
1553 2073 1787 2131 oraveris,
1828 2073 1949 2120 intra
1974 2073 2020 2119 in
2051 2071 2350 2131 cubiculum,
2384 2083 2429 2119 et

311 2151 472 2199 clauso
490 2151 636 2211 ostio,
658 2167 744 2199 ora
763 2155 951 2198 Patrem
967 2160 1130 2210 tuum3
1155 2169 1179 2194 υ
1206 2167 1261 2197 ac
1278 2151 1319 2198 si
1337 2151 1515 2198 diceret
1535 2170 1545 2197 z
1566 2155 1671 2198 Non
1699 2153 1747 2199 in
1771 2151 1941 2216 plateis
1967 2152 2041 2199 vel
2060 2151 2260 2217 publicis
2284 2152 2399 2198 locis
2414 2188 2425 2210 ,

312 2232 432 2279 sicut
454 2231 728 2297 hypocritae.
751 2230 1035 2279 Cubiculum
1054 2232 1215 2295 itaque
1233 2230 1348 2278 dicit
1372 2241 1609 2279 secretum
1633 2248 1660 2280 a
1686 2232 1968 2280 tumultibus
1992 2242 2039 2280 et
2065 2242 2257 2297 aspectu
2285 2231 2428 2280 seculi

310 2312 493 2373 locum,
525 2312 608 2360 ubi
629 2312 834 2377 quietius
857 2322 906 2359 et
932 2311 1098 2377 purius
1124 2312 1250 2358 orari
1274 2312 1424 2376 possit
1450 2330 1460 2358 :
1490 2312 1653 2376 qualia
1685 2323 1797 2360 sunt
1820 2312 1996 2360 scilicet
2025 2312 2427 2360 monasticharum

310 2392 621 2440 solitudinum
651 2403 857 2452 secreta,
898 2391 981 2439 ubi
1010 2391 1230 2439 claudere
1271 2393 1447 2439 ostium
1476 2391 1727 2455 jubemur,
1772 2392 1822 2440 id
1851 2403 1923 2440 est
1950 2393 2106 2440 aditus
2140 2409 2308 2441 omnes
2344 2393 2459 2448 0122.

309 2482 489 2520 struere
508 2509 520 2533 ,
548 2489 611 2520 ne
634 2473 814 2538 puritas
837 2473 1067 2522 orationis
1083 2489 1195 2519 casu
1209 2472 1374 2536 aliquo
1399 2473 1737 2538 praepediatur,
1766 2483 1812 2521 et
1829 2473 1996 2521 oculus
2016 2483 2176 2521 noster
2193 2473 2426 2520 infelicem

311 2553 520 2599 animam
552 2551 865 2617 depraedetur.
895 2552 1040 2615 Cujus
1067 2551 1265 2615 quidem
1288 2552 1501 2611 consilii,
1531 2554 1630 2600 imo
1663 2553 1884 2617 praecepti
1907 2552 2056 2600 divini
2084 2551 2258 2599 multos
2287 2552 2427 2614 hujus

311 2632 499 2680 habitus
534 2634 683 2680 nostri
707 2642 1062 2696 contemptores
1087 2631 1244 2678 adhuc
1270 2632 1473 2695 graviter
1502 2633 1812 2692 sustinemus,
1840 2633 1924 2696 qui
1948 2649 2096 2697 quum
2122 2631 2283 2678 divina
2309 2631 2428 2678 cele·

309 2711 451 2760 brant
467 2712 652 2770 officia,
673 2712 886 2760 claustris
905 2711 980 2758 vel
999 2711 1158 2758 choris
1182 2727 1352 2758 eorum
1371 2713 1589 2760 reseratis
1602 2748 1614 2772 ,
1639 2711 1843 2777 publicis
1861 2721 1959 2761 tam
1977 2711 2258 2759 feminarum
2283 2727 2427 2774 quam

311 2794 524 2840 virorum
542 2792 808 2858 aspectibus
828 2791 1133 2857 impudenter
1156 2807 1208 2838 se
1226 2791 1450 2855 ingerunt
1464 2828 1476 2852 ,
1493 2802 1540 2840 et
1555 2802 1670 2840 tunc
1684 2793 1921 2858 praecipue
1935 2828 1947 2852 ,
1970 2809 2118 2856 quum
2138 2792 2184 2838 in
2205 2792 2430 2839 solemni-

312 2872 484 2920 tatibus
507 2873 724 2937 pretiosis
746 2872 1005 2937 polluerint
1029 2872 1344 2931 ornamentiS,
1377 2873 1498 2920 sicut
1523 2882 1570 2920 et
1594 2873 1685 2938 ipsi
1708 2872 1880 2937 quibus
1908 2882 2167 2931 ostentant,
2198 2872 2430 2919 seculares

311 2952 545 3000 homines.
575 2955 793 3010 Quorum
818 2951 1015 3016 quidem
1036 2951 1219 3014 judicio
1246 2961 1378 2999 tanto
1413 2953 1640 3002 festivitas
1655 2952 1856 3000 habetur
1881 2952 2138 3011 celebrior,
2173 2961 2354 3015 quanto
2379 2952 2427 2998 in

313 3032 531 3079 exteriori
557 3042 729 3079 ornatu
755 3042 824 3079 est
851 3031 1018 3091 ditior,
1056 3041 1104 3078 et
1123 3032 1182 3078 ·in
1207 3032 1360 3096 epulis
1377 3034 1634 3099 copiosior.
1667 3036 1739 3080 De
1766 3049 1974 3097 quorum
2002 3032 2196 3096 quidem
2225 3034 2430 3080 caecitate

356 3183 366 3200 ¹
386 3182 436 3216 Ad
457 3183 554 3218 imam
576 3183 659 3218 RMS
684 3184 749 3216 solii
774 3190 900 3226 partem
928 3182 998 3216 haic
1020 3189 1195 3217 occurrunt
1228 3182 1347 3220 verba.
1392 3186 1488 3217 belles
1513 3187 1699 3226 illaqueavit
1727 3186 1850 3216 animos
1877 3186 2065 3216 horatianns
2087 3185 2140 3216 ille
2160 3184 2353 3224 Eutrapelus
2378 3187 2429 3223 qui

310 3239 485 3272 recentiori
509 3239 629 3284 scripta
657 3250 780 3273 manu:
800 3240 935 3281 Eyreyie
960 3241 1100 3280 probam
1128 3240 1189 3272 hoc
1213 3241 1348 3282 seminoe
1785 3247 2052 3280 Cute-211quenocere
2066 3247 2190 3279 volebat,

311 3298 394 3327 inter
409 3295 562 3337 Asr⁰⁸.-
576 3294 589 3312 '
613 3295 740 3336 Templo
763 3297 876 3329 Veneri
892 3297 1001 3328 dicato
1017 3295 1112 3330 Rus.
1123 3312 1168 3320 ·—
1182 3296 1195 3312 ³
1211 3296 1349 3335 Camic„
1485 3299 1644 3323 Vestimenta
1657 3296 1736 3322 dubu·
1751 3296 1883 3330 preciosa.

312 3361 385 3394 ⁰⁸1³-
410 3362 442 3391 ¹·
459 3362 490 3384 V·
514 3352 546 3384 4·
569 3369 602 3377 -·
615 3350 633 3369 ⁴
649 3351 746 3391 lbldn
768 3362 798 3385 V·
825 3353 857 3385 3·
873 3369 910 3376 -·
930 3351 942 3369 “
959 3353 1066 3394 Εΐῐθὶῑ
1087 3351 1182 3387 RMS·
1197 3370 1238 3378 *-
1254 3352 1268 3369 ⁰
1286 3354 1349 3387 Vi‘·
1395 3362 1438 3394 Ea
1457 3363 1573 3403 doymo
1588 3361 1670 3395 illud
1682 3368 1742 3399 pro
1757 3366 1843 3391 certo
1855 3358 2015 3391 habeatur

316 3407 433 3445 Pauli,
455 3408 535 3448 Opp.
553 3414 576 3440 t.
594 3407 649 3446 lv,
667 3407 731 3441 col.
745 3409 801 3441 69.
817 3426 852 3432 -—
870 3408 882 3425 ‘¹
900 3409 1093 3441 numilitatis
1113 3407 1181 3441 MS.
1196 3407 1290 3442 Amb.
1310 3425 1351 3431 —
1922 3423 2018 3448 Beatus
2029 3423 2100 3448 enfin.
2111 3424 2165 3456 jam

314 3461 327 3478 ⁸
348 3462 465 3495 Homll.
485 3473 526 3495 ΧΙ,
536 3488 544 3503 ‚
565 3463 646 3504 091²·
670 3470 694 3497 ῑ.
713 3463 724 3496 Ι
737 3491 741 3497 .
761 3475 794 3507 p.
818 3465 912 3497 1655.
934 3481 971 3488 -·
987 3463 1001 3481 ⁰
1021 3464 1177 3498 lnflerltur
1194 3478 1203 3497 ε
1217 3465 1271 3498 Sic
1284 3467 1344 3498 im-
1482 3473 1547 3496 Cum
1562 3470 1683 3505 pulchris
1697 3471 1796 3496 tunicis
1809 3478 1876 3496 nova
1890 3471 1971 3496 suini!
1984 3471 2096 3496 consilia
2108 3476 2132 3495 et
2143 3479 2212 3504 spes.
2225 3472 2298 3495 ltMS.

1393 3551 1433 3556 —
1453 3532 1480 3549 ¹⁰
1501 3532 1630 3573 Manu,
1648 3543 1720 3575 cap.
1743 3543 1791 3570 vi,
1810 3544 1840 3565 v.
1861 3535 1894 3565 6.
