2970 4152
1122 375 1143 390 ω

514 417 608 463 368
1320 409 1491 457 PETRI
1527 411 1839 458 ABAELARDI

514 520 614 556 tum
642 517 927 555 nasceretur.
959 508 1121 562 Quum
1140 504 1270 551 enim
1300 520 1497 567 magnus
1525 504 1601 552 ille
1635 504 1835 552 coelestis
1854 504 2208 569 paranymphus
2226 505 2417 554 Gabriel
2441 508 2638 556 archan-

514 591 643 654 gelus
666 588 846 652 Virgini
886 585 1220 651 praedixisset¹z
1259 603 1281 629 c<
1305 584 1504 649 Spiritus
1538 595 1727 659 sanctus
1761 584 2060 649 superveniet
2079 585 2127 630 in
2154 594 2224 644 te,
2252 605 2274 629 »
2307 588 2462 634 statim
2486 589 2639 654 expri-

516 687 648 718 mens
675 670 723 716 in
744 685 842 732 quo
867 667 946 714 hic
975 666 1194 731 superior
1220 665 1452 712 adventus
1481 665 1681 730 Spiritus
1705 666 1855 712 sancti
1877 665 2179 725 consisteret,
2212 666 2384 730 adjecit
2407 668 2595 716 dicens²
2623 690 2632 716 :

518 772 539 794 α
567 753 621 795 Et
645 750 792 796 virtus
816 746 1036 794 Altissimi
1053 744 1361 792 obumbrabit
1383 744 1484 791 tibi.
1510 747 1566 791 Et
1582 744 1716 809 quod
1733 754 1951 791 nascetur
1976 760 2031 790 ex
2058 755 2103 791 te
2127 756 2368 807 sanctum,
2394 749 2639 796 vocabitur

516 830 636 874 filius
661 828 763 874 Dei.
786 846 808 870 »
830 827 990 873 Virtus
1009 825 1187 890 quippe
1207 824 1355 870 Patris
1376 824 1518 870 Filius
1538 824 1726 882 dicitur,
1754 840 1897 887 quem
1927 824 2010 870 Dei
2032 825 2250 871 virtutem
2275 837 2322 872 et
2339 828 2426 873 Dei
2450 829 2639 894 sapien-

517 910 625 955 tiam
657 906 910 972 Apostolus
937 905 1204 962 nominat³;
1235 920 1292 950 eo
1318 903 1451 967 quod
1476 920 1771 967 quaecunque
1796 920 1881 967 per
1907 904 2186 968 sapientiam
2213 909 2373 952 suam'·
2404 907 2635 973 disponit,

516 1006 599 1051 per
630 987 853 1034 eamdem
881 995 1102 1051 potenter
1128 983 1285 1031 efficit.
1327 987 1435 1030 Haec
1464 984 1604 1047 igitur
1635 983 1782 1028 Patris
1813 992 2046 1030 coaeterna
2072 985 2300 1049 sapientia
2330 986 2641 1036 obumbrasse

518 1069 692 1132 Virgini
721 1050 1082 1130 dicitur,⁶quasi
1106 1063 1325 1111 videlicet
1350 1080 1455 1110 eam
1493 1063 1779 1122 occultasse,
1814 1073 1860 1109 et
1893 1062 1953 1110 de
1984 1064 2203 1112 universa
2226 1065 2425 1113 humani
2458 1069 2642 1131 generis

514 1166 668 1195 massa
689 1150 841 1213 ipsam
859 1146 948 1194 sibi
965 1144 1229 1211 specialiter
1246 1144 1461 1208 elegisse,
1491 1153 1633 1207 atque
1652 1144 1894 1190 attraxisse
1908 1179 1920 1203 ,
1947 1144 1995 1190 in
2021 1161 2116 1208 qua
2140 1156 2312 1193 nostrae
2333 1149 2644 1212 reparationis

514 1239 791 1294 operaretur
825 1228 1127 1292 mysterium,
1160 1235 1206 1272 et
1242 1225 1522 1272 altissimum
1557 1240 1652 1270 suae
1689 1223 2055 1289 dispensationis
2094 1226 2356 1291 compleret
2392 1244 2637 1276 arcanum.

513 1310 656 1367 Quod
680 1320 840 1356 autem
866 1325 996 1355 nunc
1014 1325 1042 1354 a
1057 1305 1276 1354 Gabriele
1296 1304 1469 1351 dicitur
1487 1322 1495 1350 :
1519 1323 1540 1348 «
1563 1304 1718 1351 Virtus
1736 1304 1957 1351 Altissimi
1982 1304 2287 1353 obumbrabit
2311 1306 2421 1367 tibi,
2443 1318 2490 1355 et
2509 1309 2644 1372 quod

513 1400 731 1437 nascetur
765 1407 822 1436 ex
852 1400 898 1436 te
924 1398 1167 1446 sanctum,
1210 1396 1320 1442 etc„
1345 1404 1366 1428 »
1402 1384 1496 1431 hoc
1535 1385 1583 1430 in
1615 1385 1756 1431 1saia⁵
1787 1385 2034 1449 diligenter
2054 1387 2186 1450 juxta
2211 1386 2442 1435 hebraicae
2472 1388 2643 1453 linguae

512 1471 852 1534 proprietatem
866 1472 964 1533 jam
989 1484 1265 1533 expressum
1281 1465 1446 1512 fuerat.
1462 1464 1553 1511 Ubi
1566 1465 1691 1512 enim
1714 1482 1801 1512 nos
1818 1466 2043 1513 dicimus:
2066 1470 2221 1515 «Ecce
2234 1469 2367 1532 virgo
2385 1470 2638 1534 concipiet,

512 1560 557 1596 et
576 1551 723 1614 pariet
740 1549 891 1596 filium
905 1585 917 1608 ,
939 1567 961 1594 »
982 1549 1031 1594 in
1051 1547 1242 1594 hebraeo
1259 1562 1349 1611 pro
1376 1545 1770 1610 virgineponitur
1786 1545 1932 1603 alma,
1955 1547 2087 1610 quod
2104 1558 2243 1594 sonat
2265 1566 2289 1592 «
2303 1547 2601 1596 abscondita.
2614 1569 2640 1594 »

513 1633 669 1686 Quam
694 1631 835 1694 igitur
859 1629 925 1675 ibi
949 1628 1185 1693 Propheta
1211 1625 1326 1672 dicit
1352 1624 1706 1685 absconditam,
1735 1625 1860 1673 hanc
1891 1642 2005 1686 nos,
2042 1627 2307 1674 secundum
2333 1630 2643 1676 assertionem

513 1710 797 1774 angelicam,
828 1709 1030 1756 dicimus
1055 1707 1410 1755 obumbratam.
1926 1761 1945 1785 ο

578 1791 789 1848 Qualiter
811 1801 968 1838 autem
990 1789 1150 1836 divina
1177 1788 1407 1853 sapientia
1426 1786 1781 1836 obumbraverit
1810 1791 2016 1855 Virgini,
2040 1790 2090 1837 id
2112 1800 2205 1850 est,
2236 1807 2383 1855 quam
2408 1791 2647 1856 sapienter

513 1874 664 1929 Deus,
695 1882 746 1918 ut
777 1871 960 1919 dictum
984 1880 1079 1929 est,
1116 1886 1221 1917 eam
1247 1868 1337 1915 sibi
1363 1868 1697 1929 occultaverit,
1735 1868 1822 1917 illae
1851 1888 2045 1936 quoque
2075 1871 2284 1918 rationes
2317 1887 2406 1917 nos
2441 1870 2640 1930 docent,

508 1952 679 2014 quibus
703 1952 764 1999 de
788 1951 1072 2017 desponsata
1096 1951 1225 1998 nasci
1252 1949 1428 2008 voluit,
1457 1966 1545 1996 nec
1579 1965 1685 1996 eam
1706 1951 1950 2015 gravidam
1977 1969 2004 1999 a
2031 1953 2133 1999 viro
2156 1952 2366 2017 separari
2387 1951 2602 2016 permisit
2629 1969 2638 1997 :

512 2048 656 2094 quem
687 2033 787 2097 ipsa
817 2033 958 2079 etiam
984 2048 1239 2078 occurrens
1276 2031 1477 2077 infamiae
1508 2029 1789 2092 hominum,
1826 2033 2055 2097 unigeniti
2082 2033 2155 2080 sui
2190 2042 2376 2098 patrem
2406 2031 2644 2097 appellare

512 2103 744 2173 decrevit,
774 2129 834 2160 ne
853 2112 1072 2159 videlicet
1099 2122 1358 2178 conceptus
1386 2111 1458 2158 sui
1479 2110 1555 2157 vel
1577 2121 1739 2175 partus
1758 2115 1930 2161 veritas
1952 2114 2113 2161 audita
2132 2130 2220 2161 nec
2246 2112 2425 2160 credita
2451 2128 2644 2178 poenam

496 2193 554 2236 ·ei
586 2192 659 2239 vel
684 2192 927 2240 infamiam
951 2192 1081 2257 apud
1101 2191 1315 2239 infideles
1345 2193 1493 2257 magis
1527 2204 1827 2256 compararet
1851 2210 1997 2258 quam
2020 2193 2236 2257 gloriam.
2267 2191 2467 2239 Duobus
2485 2192 2645 2256 itaque

511 2272 666 2319 modis
699 2290 727 2319 a
751 2275 853 2319 Deo
880 2272 1053 2319 dicitur
1082 2271 1391 2332 obumbrata,
1431 2290 1584 2338 quum
1617 2285 1664 2322 et
1706 2274 1954 2321 veritatem
1993 2282 2156 2338 partus
2196 2272 2295 2335 ejus
2339 2271 2646 2318 occultaverit

513 2353 716 2410 mundo,
747 2363 794 2399 et
812 2370 917 2400 eam
942 2352 1245 2399 absconderit
1262 2355 1561 2418 protegendo
1588 2374 1597 2401 :
1626 2355 1688 2403 ad
1710 2354 1842 2401 illum
1867 2353 2087 2400 videlicet
2103 2351 2331 2411 modum,
2355 2368 2453 2415 quo
2474 2351 2646 2397 dicitur

512 2448 538 2477 a
552 2433 803 2497 propheta,
819 2434 1168 2499 protectionem
1182 2434 1231 2479 in
1251 2434 1584 2482 umbraculum
1604 2446 1650 2483 et
1668 2437 1716 2482 in
1729 2434 2095 2483 absconsionem
2112 2450 2230 2480 esse.
2250 2435 2306 2479 Et
2318 2431 2438 2478 illud
2455 2431 2648 2478 Psalmi-

512 2515 640 2558 staeff:
668 2513 805 2560 «Sub
831 2514 1000 2561 umbra
1026 2514 1206 2561 alarum
1234 2531 1424 2561 suarum
1450 2517 1657 2580 protexit
1676 2533 1769 2563 me.
1791 2535 1814 2559 »
1836 2514 1982 2572 Quod
2001 2515 2128 2561 enim
2146 2513 2465 2578 protegimus,
2489 2529 2549 2559 ne
2566 2512 2649 2560 lae-

513 2593 651 2639 (latur
676 2594 986 2642 occultamus.
1014 2598 1148 2641 Hanc
1180 2611 1293 2642 vero
1328 2596 1532 2660 Virginis
1564 2596 1933 2644 absconsionem
1958 2594 2038 2641 illa
2065 2595 2210 2641 etiam
2235 2610 2340 2657 quae
2365 2594 2411 2639 in
2443 2609 2497 2639 ea
2533 2610 2648 2659 prae-

513 2686 754 2722 cesserunt
784 2675 858 2722 vel
884 2693 989 2740 quae
1018 2675 1270 2723 subsecuta
1302 2687 1438 2735 sunt,
1473 2694 1573 2723 non
1603 2679 1866 2742 incongrue
1900 2676 2160 2722 insinuant.
2187 2674 2352 2721 Missus
2374 2674 2552 2738 quippe
2585 2673 2648 2720 ad

513 2754 638 2802 illam
664 2757 857 2820 angelus
882 2756 943 2802 ad
973 2773 1080 2803 eam
1106 2757 1342 2820 ingressus
1365 2774 1466 2804 esse
1493 2768 1805 2818 memoratur,
1835 2767 1887 2804 ut
1924 2773 2030 2804 eam
2055 2755 2233 2803 scilicet
2258 2772 2358 2802 non
2384 2755 2433 2802 in
2454 2753 2646 2820 publico

514 2851 621 2881 cum
655 2836 946 2884 secularibus
976 2837 1162 2883 feminis
1190 2837 1438 2884 ludentem
1457 2875 1468 2897 ,
1504 2838 1588 2885 sed
1613 2839 1661 2885 in
1687 2838 1877 2886 occulto
1901 2847 2152 2884 vacantem
2185 2839 2314 2895 De0,
2345 2846 2392 2883 et
2423 2845 2652 2900 tanquam

516 2927 728 2964 orantem
764 2917 984 2965 cubiculo
1013 2917 1174 2964 clauso
1210 2919 1437 2982 reperisse
1471 2919 1740 2966 doceretur.
1781 2918 1926 2982 Cujus
1951 2918 2094 2964 etiam
2119 2933 2294 2982 corpus
2331 2932 2461 2963 nunc
2500 2931 2650 2979 usque

516 2996 847 3045 absconditum
871 2998 1095 3045 humanis
1119 2997 1364 3044 obtutibus
1394 2999 1587 3063 penitus
1615 3009 1686 3046 est
1716 2998 2027 3046 subtractum.
2057 3001 2182 3045 Bene
2206 2997 2347 3044 etiam
2373 2995 2650 3043 abscondita

518 3076 703 3135 dicitur,
738 3082 864 3141 quae⁷
888 3079 936 3126 in
961 3078 1056 3125 hoc
1083 3088 1320 3143 conceptu
1353 3078 1427 3125 vel
1450 3088 1588 3143 partu
1620 3095 1708 3126 nec
1735 3079 1835 3125 viro
1873 3088 1944 3125 est
1977 3078 2189 3142 cognita,
2231 3093 2320 3123 nec
2360 3085 2539 3122 naturae
2573 3074 2648 3121 vel

519 3172 655 3201 sexus
695 3157 767 3203 sui
802 3157 955 3222 legem
988 3168 1179 3224 experta
1214 3176 1224 3204 :
1266 3167 1316 3204 ut
1350 3158 1393 3205 ei
1431 3157 1520 3205 soli
1555 3158 1697 3222 hujus
1730 3158 1941 3222 mysterii
1973 3158 2093 3204 ratio
2131 3164 2424 3214 reservetur,
2464 3155 2549 3218 qui
2589 3154 2650 3200 de

521 3235 796 3283 abscondita
821 3248 958 3300 natus
998 3249 1067 3286 est
1094 3238 1426 3299 absconditus,
1456 3248 1503 3286 et
1537 3238 1598 3286 de
1629 3238 1914 3286 obumbrata
1946 3238 2175 3304 processit
2204 3235 2519 3283 obumbratus
2547 3253 2557 3280 ε
2599 3244 2649 3282 ut

569 3444 576 3459 ¹
605 3445 696 3484 Luc.‚
717 3454 787 3488 cap.
806 3457 835 3486 ι,
853 3457 884 3478 v.
902 3447 1126 3481 35.-—’1bid.
1138 3465 1178 3471 —-
1194 3448 1207 3466 ³
1225 3449 1370 3483 Corinth.
1387 3450 1422 3488 I,
1438 3459 1510 3492 cap.
1528 3460 1552 3489 ι,
1611 3449 1675 3473 —¹⁵
1694 3448 1784 3482 lsaiae
1801 3459 1872 3493 cap·
1889 3460 1950 3490 vu,
1969 3459 2002 3482 v.
2021 3448 2072 3481 14.
2086 3465 2130 3472 —
2145 3446 2158 3465 ⁶
2171 3448 2312 3485 Psalm„
2328 3455 2403 3488 cap.
2421 3455 2475 3477 xv¹
2487 3468 2495 3484 ‚
2513 3454 2544 3476 v.
2559 3442 2593 3474 8.
2605 3457 2650 3465 —

522 3512 549 3532 v.
571 3503 624 3534 24.
643 3520 677 3525 -
694 3501 708 3518 ⁴
724 3501 790 3535 MS.
815 3503 902 3536 Eius.
914 3522 936 3528 -
952 3506 1017 3538 Per
1034 3507 1224 3546 sapientiam
1234 3507 1332 3547 faeta
1349 3506 1435 3540 Edit.
1455 3505 1551 3540 Amb.
1614 3504 1625 3522 '¹
1646 3507 1727 3546 Quia
1748 3505 1816 3539 MS.
1835 3505 1925 3538 Eius.
