2970 4152
482 402 578 450 234
1287 397 1458 444 PETRI
1493 397 1806 447 ABAELARDI

483 498 688 545 excutiat
712 495 791 543 illa
818 494 1047 542 ditissima
1075 494 1234 558 regina
1266 493 1389 541 Saba
1410 497 1445 554 ¹,
1480 510 1584 559 quae
1613 512 1725 543 cum
1756 511 1931 560 magno
1960 495 2327 546 labore‘infirmi
2352 516 2518 563 sexuS,
2560 514 2610 551 et

482 579 634 643 longae
661 578 747 624 viae
772 575 1040 640 fatigatione
1065 575 1241 640 pariter
1255 585 1406 640 ,atque
1425 576 1671 642 periculis,
1699 576 2013 642 expensisque
2030 577 2212 633 nimiis,
2241 580 2414 637 venitin
2432 581 2609 631 finibus

483 670 615 707 terrae
644 656 923 723 sapientiam
949 656 1150 721 experiri
1186 655 1479 714 Salomonis,
1514 652 1706 704 et:‘tcum
1747 673 1804 705 eo
1840 657 2056 704 conferre
2086 673 2191 722 quae
2215 671 2414 708 noverat
2443 662 2505 710 d'e
2532 663 2611 710 his

481 756 584 804 quae
612 737 875 805 ignorabat.
906 737 1051 801 Cujus
1078 737 1289 784 studium
1320 748 1366 785 et
1391 737 1607 785 laborem
1626 739 1674 784 in
1698 748 1884 785 tantum
1902 738 2132 786 Salomon
2158 739 2608 804 approbavit,·ut·ei

478 836 567 883 pro
593 817 976 866 remuneratione
1015 827 1186 865 cuncta
1211 835 1315 882 quae
1346 818 1482 883 petiit
1512 818 1672 878 daret,
1715 819 1924 884 exceptis
1947 835 2053 883 quae
2079 819 2183 884 ipse
2218 819 2283 866 illi
2315 820 2440 868 ultro
2471 836 2609 870 more

479 899 714 946 obtulerat
739 899 886 963 regio.
919 898 1053 946 Multi
1077 899 1163 945 viri
1189 908 1410 963 potentes
1435 899 1496 946 ad
1525 900 1805 964 sapientiam
1830 898 1931 963 ejus
1959 899 2249 948 audiendam
2276 900 2603 963 confluebant,

480 991 525 1028 et
550 981 687 1027 multi
709 997 874 1045 regum
897 990 944 1027 et
969 979 1149 1027 ducum
1173 990 1306 1027 terrae
1330 980 1599 1027 doctrinam
1634 980 1734 1043 ejus
1759 981 1941 1044 magnis
1967 980 2248 1028 muneribus
2265 981 2602 1044 honorabant,

478 1071 523 1108 et
549 1077 699 1125 quum
724 1060 784 1107 ab
810 1061 876 1108 eis
902 1060 1048 1107 multa
1074 1060 1332 1124 susciperet
1358 1060 1588 1120 donaria,
1623 1060 1868 1107 neminem
1896 1077 2066 1107 eorum
2098 1077 2243 1126 super
2272 1061 2355 1108 his·
2380 1078 2606 1111 remune-

477 1157 602 1188 rasse
632 1141 823 1206 legitur,
861 1141 953 1188 nisi
988 1140 1308 1205 supradictam
1347 1140 1590 1187 feminam.
1627 1143 1694 1187 Ex
1734 1158 1832 1206 quo
1861 1151 2082 1206 patenter
2122 1141 2334 1189 exhibuit
2369 1153 2607 1208 quantum

477 1231 648 1269 sanctae
672 1221 857 1270 feminae
882 1221 1093 1268 studium
1119 1231 1167 1268 et
1196 1221 1419 1268 ardorem
1445 1221 1674 1269 doctrinae
1705 1221 1988 1287 approbavit
2016 1242 2025 1267 :
2060 1232 2107 1269 et
2133 1233 2368 1286 quantum
2391 1225 2604 1272 Domino

476 1303 633 1367 ipsum
661 1312 847 1367 gratum
878 1318 980 1349 esse
1013 1302 1262 1348 censuerit.
1305 1305 1461 1359 Quam
1493 1312 1539 1349 et
1559 1302 1873 1368 postmodum
1899 1304 2000 1368 ipse
2028 1303 2264 1350 Dominus
2293 1313 2341 1351 et
2374 1304 2605 1352 Salomon

475 1400 641 1442 verus,
683 1384 832 1430 immo
865 1382 1120 1448 plusquam
1147 1382 1373 1428 Salomon
1396 1418 1408 1441 ,
1437 1382 1499 1429 ad
1537 1383 1993 1430 condemnationem
2029 1384 2243 1431 virorum
2282 1384 2601 1435 eruditionem

475 1480 610 1510 suam
635 1463 1073 1521 contemnentium,
1103 1478 1203 1508 non
1230 1463 1528 1526 praetermisit
1551 1462 1778 1510 inducere
1800 1481 1809 1509 ε
1835 1483 1857 1508 «
1880 1464 2082 1528 Regina,
2111 1482 2134 1508 »
2161 1466 2316 1529 inquit
2333 1467 2371 1524 ³,
2406 1462 2601 1514 «Austri

474 1554 632 1607 surget
665 1543 714 1590 in
747 1543 960 1607 judicio,
989 1552 1035 1589 et
1060 1541 1403 1588 condemnabit
1433 1543 1790 1606 generationem
1818 1544 1974 1590 istam.
2003 1562 2027 1587 »
2054 1547 2109 1590 ln
2134 1561 2229 1608 qua
2262 1546 2599 1608 generatione,

473 1623 750 1683 carissimae,
792 1639 854 1669 ne
894 1639 980 1669 vos
1020 1638 1214 1685 quoque
1251 1631 1407 1668 vestra
1439 1621 1732 1669 condemnet
1763 1622 2079 1686 negligentia,
2117 1623 2382 1688 pro-videte.
2415 1628 2469 1672 In
2501 1642 2601 1690 quo

471 1704 612 1750 etiam
637 1720 734 1768 quo
754 1703 913 1750 minus
932 1701 1222 1749 excusabiles
1241 1702 1340 1748 sitis
1356 1735 1369 1759 ,
1404 1718 1503 1748 non
1528 1712 1599 1748 est
1620 1702 1755 1749 vobis
1782 1704 2104 1750 necessarium
2127 1703 2258 1769 longi
2270 1699 2598 1770 fatigationem

471 1784 650 1831 itineris
674 1785 907 1848 arripere,
936 1799 1026 1829 nec
1049 1781 1110 1829 de
1138 1783 1320 1845 magnis
1347 1783 1564 1847 expensis
1588 1783 1860 1847 providere.
1887 1784 2205 1848 Magisterium
2224 1785 2409 1833 habetis
2431 1787 2481 1833 in
2501 1803 2601 1835 ma-

472 1874 566 1925 tre,
596 1864 729 1929 quod
753 1863 814 1910 ad
838 1863 1002 1910 omnia
1024 1862 1160 1910 vobis
1184 1861 1400 1910 sufficere
1415 1898 1427 1922 ,
1459 1860 1555 1909 tam
1581 1863 1644 1909 ad
1671 1863 2150 1928 exemplumscilicet
2173 1865 2430 1926 virtutum,
2453 1882 2597 1931 quam

473 1945 535 1992 ad
563 1945 831 1992 doctrinam
860 1944 1123 1990 litterarum
1153 1953 1310 2008 potest
1332 1961 1341 1989 ε
1367 1960 1471 2006 quae
1497 1959 1599 1989 non
1623 1943 1781 1989 solum
1812 1943 1996 2003 latinae,
2024 1961 2193 1991 verum
2217 1946 2359 1992 etiam
2384 1956 2483 1994 tam
2495 1946 2598 1995 hae-

471 2025 639 2073 hraicae
661 2041 806 2090 quam
830 2041 989 2089 graecae
1018 2041 1118 2070 non
1144 2039 1311 2089 expers
1336 2023 1607 2069 litteraturae
1623 2059 1636 2083 ,
1665 2023 1764 2070 sola
1796 2023 1892 2070 hoe
1923 2034 2140 2089 tempore
2177 2024 2308 2072 illam
2328 2027 2474 2074 trium
2509 2027 2598 2075 lin-

470 2123 670 2169 guarum
696 2105 869 2169 adepta
895 2105 1112 2170 peritiam
1140 2103 1354 2163 videtur,
1399 2120 1503 2167 quae
1534 2103 1595 2150 ab
1620 2103 1844 2151 omnibus
1877 2104 1927 2151 in
1960 2104 2102 2152 beato
2132 2107 2454 2171 Hieronymo,
2487 2119 2599 2156 tan·-

470 2202 615 2250 quam
653 2185 901 2249 singularis
935 2185 1081 2249 gratia
1100 2219 1112 2243 ,
1150 2183 1465 2248 praedicatur,
1510 2193 1557 2230 et
1599 2183 1659 2230 ab
1694 2184 1885 2249 ipsoin
1925 2184 2207 2249 supradictis
2244 2187 2599 2235 venerabilibus

468 2266 654 2312 feminis
691 2265 893 2312 maxime
934 2263 1316 2311 commendatur.
1348 2263 1514 2310 Tribus
1552 2264 1730 2330 quippe
1769 2264 1941 2328 linguis
1982 2266 2322 2331 principalibus
2359 2268 2458 2316 istis
2494 2268 2594 2316 duo

467 2349 763 2393 Testamenta
780 2343 1145 2410 comprehensa,
1169 2354 1493 2409 pervenerunt
1509 2344 1571 2391 ad
1587 2353 1802 2392 nostram
1817 2345 2051 2392 notitiam.
2070 2346 2254 2404 Quibus
2266 2348 2410 2395 etiam
2422 2349 2593 2414 linguis

468 2426 631 2473 titulus
650 2426 903 2473 dominicae
921 2425 1073 2472 crucis
1089 2425 1356 2489 insignitus,
1376 2423 1598 2472 hebraice
1617 2425 1820 2486 scilicet,
1850 2443 2023 2490 graece,
2047 2436 2094 2474 et
2111 2426 2255 2475 latine
2274 2430 2588 2495 conscriptus,

466 2516 684 2571 patenter
723 2507 880 2553 innuit
906 2506 981 2553 his
1008 2507 1246 2571 praecipue
1271 2505 1445 2570 linguis
1473 2506 1768 2553 dominicam
1787 2506 2074 2554 doctrinam
2111 2517 2157 2554 et
2192 2507 2367 2556 Christi
2397 2505 2589 2570 laudes,

466 2588 623 2652 ipsum
639 2590 652 2613 ³
677 2588 912 2648 Trinitatis
936 2587 1215 2652 mysterium
1250 2587 1300 2633 in
1328 2587 1612 2652 tripertitam
1637 2587 1808 2634 mundi
1834 2586 2163 2648 latitudinem,
2203 2589 2325 2636 sicut
2356 2599 2404 2636 et
2434 2590 2591 2655 ipsum

467 2670 620 2716 crucis
658 2669 870 2733 lignum,
910 2669 987 2715 cui
1017 2668 1180 2715 titulus
1211 2678 1283 2715 est
1312 2668 1669 2733 superpositus,
1702 2669 1992 2734 tripertitum
2028 2669 2207 2729 fuerat,
2247 2669 2504 2717 indicanda
2547 2681 2594 2718 et

467 2749 826 2797 corroboranda
858 2750 977 2797 fore.
1007 2751 1245 2815 Scriptum
1273 2750 1452 2814 quippe
1474 2751 1572 2796 est⁴
1597 2767 1607 2795 :
1642 2769 1664 2794 «
1688 2752 1742 2795 In
1771 2765 1855 2797 ore
1880 2750 2092 2797 duorum
2116 2750 2193 2797 vel
2224 2751 2370 2797 trium
2401 2752 2591 2799 testium

469 2831 609 2878 stabit
636 2847 781 2877 omne
809 2829 1027 2877 verbum.
1066 2849 1088 2873 >2
1117 2829 1256 2876 Unde
1287 2840 1341 2876 ut
1373 2830 1516 2877 trium
1535 2832 1548 2854 ⁵
1582 2830 1851 2894 linguarum
1876 2831 2156 2878 auctoritate
2183 2832 2415 2896 scriptura
2441 2834 2594 2881 sanci-

467 2921 597 2957 retur
620 2927 749 2959 sa‘cra
769 2947 781 2971 ‚
811 2921 857 2958 et
881 2911 1208 2974 cujuscunque
1237 2910 1407 2974 linguae
1435 2910 1655 2957 doctrina
1685 2910 1891 2958 duarum
1913 2911 2113 2959 aliarum
2141 2913 2414 2960 testimonio
2448 2913 2593 2962 robo-

469 2996 668 3051 raretur,
694 2991 845 3039 tribus
869 2991 944 3038 his
970 2991 1142 3056 linguis
1164 2993 1311 3038 Vetus
1334 2990 1474 3037 simul
1500 3000 1547 3037 et
1573 2994 1762 3038 Novum
1789 2993 2141 3039 Testamentum
2160 2991 2591 3057 divinaproviden·

468 3070 529 3116 tia
567 3072 976 3136 comprehendere
1019 3072 1244 3119 decrevit.
1291 3075 1454 3137 Ipsum
1493 3071 1635 3118 etiam
1675 3074 1864 3119 Novum
1901 3075 2284 3133 Testamentum,
2324 3073 2458 3138 quod
2491 3084 2589 3121 tam

468 3150 693 3215 dignitate
718 3169 861 3216 quam
885 3153 1086 3201 utilitate
1113 3153 1274 3200 Veteri
1296 3152 1639 3218 supereminet,
1667 3152 1817 3200 tribus
1844 3154 1942 3200 istis
1965 3153 2139 3218 linguis
2169 3154 2327 3219 primo
2357 3155 2586 3220 scriptum

471 3229 607 3278 fuisse
634 3243 818 3279 constat
837 3269 849 3292 ,
874 3243 1113 3298 tanquam·
1128 3233 1178 3280 id
1203 3233 1365 3280 titulus
1383 3233 1513 3280 cruci
1533 3235 1860 3299 superpositus
1879 3234 2090 3282 futurum
2104 3234 2424 3299 praesignaret.
2449 3237 2587 3293 Quae-

514 3438 523 3455 ¹
541 3437 589 3472 ΙΙΙ
605 3440 700 3480 Req„
716 3448 788 3482 cap.
804 3451 824 3472 x
836 3465 845 3481 ‚
863 3451 894 3472 v.
914 3446 926 3471 ι
943 3447 976 3473 et
988 3441 1103 3483 sq.-II
1114 3443 1212 3481 Par„
1227 3441 1347 3486 cap.‡1x
1358 3466 1366 3482 ‚
1381 3453 1414 3476 v.
1436 3445 1447 3475 1
1468 3449 1501 3475 et
1514 3453 1608 3486 sq.—-
1619 3442 1632 3460 ⁸
1646 3442 1774 3484 Matth„
1792 3454 1865 3487 cap·
1880 3454 1945 3485 ιιι,
1962 3455 1994 3477 v.
2009 3443 2127 3477 52.—³
2140 3443 2308 3484 Ipsumque
2324 3444 2487 3477 Trinitatis
2498 3444 2580 3477 Cod.

466 3497 594 3530 Vict.-
604 3496 617 3514 ⁴
631 3497 759 3538 Matth„
772 3508 846 3541 cap.
860 3510 951 3540 xvm,
964 3509 994 3532 v.
1016 3501 1068 3532 16.
1079 3519 1109 3523 -
1123 3499 1135 3517 ³
1153 3502 1191 3533 Ue
1205 3509 1235 3534 et
1251 3504 1345 3534 trium
1359 3500 1440 3535 Cod.
1453 3501 1536 3535 Vict.
