2970 4152
475 424 570 474 260
1162 422 1460 469 HELOISSAE
1492 421 1879 469 PROBLEMATA

478 539 500 563 «
530 519 768 576 Quoniam
783 519 870 582 ipsi
890 516 1200 581 possidebunt
1223 525 1411 562 terram.
1432 534 1455 559 »
1475 518 1616 563 Istam
1632 516 1681 562 in
1701 514 1869 561 talibus
1887 497 2261 559 mansuetudinis
2275 519 2322 557 et
2337 510 2572 576 patientia?
2626 534 2634 541 ·

474 599 693 644 virtutem
725 597 947 644 Jeremias
979 594 1249 642 describens
1264 630 1277 654 ,
1300 595 1390 641 ait¹
1420 613 1430 641 z
1459 614 1483 639 «
1506 598 1690 660 Bonum
1712 603 1783 641 est
1806 593 1935 650 viro,
1960 606 2109 654 quum
2135 589 2389 654 portaverit
2401 589 2570 653 jugum

473 679 533 724 ab
560 677 874 725 adolescentia
898 693 996 723 sua.
1021 675 1211 723 Sedebit
1229 675 1462 722 solitarius
1481 685 1526 722 et
1550 674 1718 721 tacebit
1741 691 1751 719 ε
1775 673 1885 736 quia
1905 671 2077 718 levavit
2097 686 2147 716 se
2171 685 2312 733 super
2329 685 2396 716 se.
2420 671 2572 716 Ponet

474 758 520 802 in
546 757 739 821 pulvere
763 773 816 803 os
840 772 976 802 suum
994 792 1006 815 ,
1035 755 1073 801 si
1099 755 1217 801 forte
1242 755 1300 801 sit
1320 771 1442 818 spes.
1465 753 1603 800 Dabit
1625 750 1906 816 percutienti
1929 766 1979 797 se
2004 748 2265 806 maxillam,
2287 747 2573 796 saturabitur

473 834 740 899 opprobriis
775 853 785 881 ε
817 835 929 898 quia
961 850 1059 880 non
1099 832 1280 898 repellit
1314 833 1361 879 in
1403 831 1741 896 sempiternum
1776 829 2025 876 Dominus.
2057 846 2080 871 n
2110 830 2281 891 Jugum
2306 826 2575 874 monastioeoe

472 914 756 980 disciplinae²
780 914 840 962 ab
864 913 1179 960 adolescentia
1202 928 1285 959 sua
1318 922 1501 976 portat,
1535 927 1684 975 quum
1717 910 1821 974 quis
1859 908 1954 955 hoc
1987 908 2221 972 suscipere
2252 923 2351 953 non
2387 905 2570 964 differt,

473 1011 722 1059 quousque
748 995 797 1040 in
823 995 956 1041 senio
985 993 1160 1040 viribus
1194 992 1445 1043 exhaustus
1479 991 1573 1038 hoc
1611 999 1862 1055 praesumat
1898 988 2092 1048 tollere,
2125 987 2257 1052 quod
2292 1003 2392 1034 non
2427 987 2575 1051 possit

472 1085 662 1140 portare
686 1093 695 1121 ε
720 1085 766 1121 et
788 1075 993 1138 quietem
1029 1073 1242 1137 corporis
1275 1072 1422 1135 magis
1455 1082 1600 1135 quam
1636 1086 1803 1135 pacem
1840 1069 2007 1116 animae
2030 1083 2245 1132 quaerens
2263 1102 2276 1126 ‚
2308 1066 2575 1132 voluptates

473 1155 645 1214 saeculi,
668 1171 783 1218 quas
802 1154 960 1217 fugere
979 1169 1028 1199 se
1049 1153 1289 1211 mentitur,
1303 1151 1352 1197 in
1368 1150 1654 1197 monasterio
1668 1148 1848 1213 quaerit.
1872 1150 1930 1195 Et
1947 1147 2066 1194 nihil
2077 1147 2179 1210 jam
2195 1145 2356 1193 valens
2369 1147 2573 1210 operari,

475 1245 699 1299 tanquam
727 1233 848 1280 inter
870 1249 981 1297 apes
1005 1231 1177 1278 burdio
1203 1231 1374 1289 factus,
1405 1230 1538 1294 quod
1561 1229 1649 1276 illae
1679 1237 1989 1292 congregant,
2025 1226 2223 1274 devorat
2255 1225 2572 1290 impudenter.

476 1316 533 1360 Et
551 1314 648 1376 jam
673 1312 963 1376 consumptis
985 1311 1163 1357 viribus
1186 1311 1423 1375 corporis,
1452 1325 1569 1373 quas
1594 1307 1754 1372 quoad
1778 1308 1957 1372 potuit,
1994 1307 2041 1352 in
2067 1305 2256 1353 servitio
2291 1304 2469 1352 diaboli
2498 1322 2577 1353 ex·

476 1392 656 1458 pendit,
684 1392 930 1438 occasione
962 1390 1144 1437 senilis³
1167 1389 1473 1447 infirmitatis,
1511 1388 1751 1453 luxurioso
1774 1396 1910 1433 vacat
1932 1386 2058 1444 otio,
2085 1384 2279 1450 quando
2308 1401 2419 1432 eum
2445 1395 2578 1432 tanto

477 1473 730 1519 restrictius
754 1472 911 1518 vivere
944 1471 1122 1528 decuit,
1154 1479 1200 1516 et
1226 1455 1390 1516 contra
1422 1468 1534 1515 vitia
1569 1468 1823 1526 dimicare,
1861 1475 2041 1530 quanto
2072 1482 2124 1512 se
2157 1465 2316 1512 minus
2343 1466 2579 1513 victurum

480 1555 629 1612 novit,
645 1562 691 1599 et
706 1552 766 1599 ad
779 1550 1135 1615 percipiendam
1147 1549 1296 1595 bravii
1313 1550 1385 1595 sui
1400 1548 1609 1613 palmam
1622 1548 1759 1593 citius
1776 1555 2134 1611 perventurum,
2152 1544 2324 1591 sihanc
2338 1546 2576 1593 meruerit.

479 1637 567 1680 Iste
589 1633 690 1679 talis
713 1633 854 1678 miser
875 1630 935 1677 ab
954 1629 1270 1676 adolescentia
1297 1645 1381 1675 sua
1406 1628 1573 1691 jugum
1597 1636 1786 1692 portare
1812 1642 1909 1672 non
1929 1634 2168 1683 assuetus,
2190 1623 2279 1670 sub
2296 1624 2400 1689 ipso
2414 1660 2427 1684 ‚
2449 1625 2581 1689 quod

479 1729 577 1759 non
603 1722 757 1777 potest
789 1712 935 1770 ferre,
964 1711 1147 1773 cogitur
1177 1707 1500 1755 succumbere.
1536 1706 1678 1753 Sedet
1710 1706 1944 1752 solitarius
1975 1714 2021 1752 et
2049 1713 2172 1751 tacet
2202 1704 2442 1768 professor
2473 1721 2582 1752 mo-

481 1792 665 1838 nasticae
693 1789 974 1855 disciplinae,
1001 1805 1150 1852 quum
1176 1798 1221 1834 et
1246 1803 1422 1833 nomen
1444 1785 1668 1833 monachi
1695 1795 1742 1832 et
1765 1785 1870 1831 vitae
1893 1783 2231 1848 perfectionem
2249 1783 2336 1829 sibi
2355 1783 2579 1831 vindicat.

479 1871 739 1919 Monachus
762 1870 967 1934 quippe,
999 1867 1231 1914 solitarius
1254 1867 1605 1930 interpretatur,
1634 1869 1779 1929 quem
1800 1864 1966 1911 beatus
1984 1863 2232 1928 increpans
2248 1863 2580 1926 Hieronymus,

482 1953 604 1999 ait⁶z
632 1969 656 1995 «
675 1949 802 2007 Quid
822 1949 933 1996 facis
962 1949 1009 1994 in
1035 1947 1196 2006 turba,
1224 1947 1307 2010 qui
1336 1945 1464 1991 solus
1497 1944 1578 1991 es?
1602 1963 1626 1988 »
1655 1947 1811 2002 Quem
1843 1962 1867 1988 «
1895 1943 2028 1989 omni
2060 1951 2274 2007 tempore
2312 1942 2487 1990 debere
2522 1944 2583 1991 si-

483 2031 627 2077 lentio
654 2029 841 2077 studere
865 2047 887 2072 υ
918 2028 1083 2074 beatus
1113 2027 1275 2073 asserit
1298 2025 1630 2085 Benedictus⁶,
1660 2024 1841 2072 cultum
1874 2023 2061 2087 justitiae
2095 2022 2332 2069 'silentium
2365 2040 2423 2070 ex
2458 2026 2585 2071 testi-

487 2111 648 2156 monio
679 2108 998 2173 comprobans
1024 2107 1147 2153 lsaiae
1168 2108 1197 2152 ⁶.
1227 2109 1285 2153 Et
1308 2105 1551 2171 apostolus
1578 2104 1703 2151 hanc
1723 2104 1958 2169 praecipue
1979 2103 2203 2150 virtutem
2221 2103 2581 2164 commendans,

484 2191 573 2236 ait⁷
594 2208 602 2235 :
631 2208 653 2232 «
675 2189 721 2234 Si
739 2188 844 2251 quis
864 2187 911 2233 in
930 2186 1077 2233 verbo
1098 2202 1197 2233 non
1224 2185 1447 2243 offendit,
1475 2185 1558 2231 hic.
1576 2183 1810 2249 perfectus
1836 2192 1904 2230 est
1926 2183 2013 2230 vir.
2039 2201 2062 2226 υ
2088 2185 2231 2229 Levat
2252 2199 2303 2229 se
2332 2200 2474 2248 super
2503 2201 2553 2230 se
2571 2221 2585 2243 ,

484 2286 631 2334 quum
660 2285 708 2315 se
733 2269 888 2332 ipsum
910 2283 1103 2330 regens,
1139 2276 1184 2313 et
1215 2266 1490 2330 opprimens
1507 2302 1519 2324 ,
1556 2281 1748 2311 carnem
1772 2264 1954 2328 spiritui
1981 2262 2141 2310 subdit
2175 2280 2185 2308 z
2217 2272 2264 2310 et
2291 2263 2587 2311 voluntatem

483 2349 724 2414 propriam
744 2347 971 2393 voluntati
990 2345 1242 2409 subjiciens
1260 2345 1346 2391 Dei
1364 2381 1375 2404 ,
1402 2345 1462 2392 de
1487 2345 1641 2409 seipso
1664 2343 1866 2408 gloriose
1885 2342 2168 2407 triumphat,
2189 2342 2437 2390 attendens
2454 2344 2586 2407 quod

485 2429 708 2492 scriptum
737 2427 868 2474 est⁸:
903 2444 925 2470 α
951 2425 1117 2472 Melior
1142 2434 1212 2471 est
1241 2425 1422 2489 patiens
1450 2424 1552 2471 viro
1580 2424 1724 2482 forti,
1755 2433 1802 2469 et
1839 2423 1924 2486 qui
1962 2421 2235 2468 dominatur
2271 2422 2436 2469 animo
2470 2439 2585 2483 suo,

484 2516 804 2571 expugnatore
839 2505 1045 2551 urbium.
1075 2522 1096 2547 »
1129 2506 1262 2549 Tunc
1290 2512 1447 2549 autem
1473 2503 1676 2549 maxime
1704 2512 1856 2548 tacere
1885 2500 2055 2559 debet,
2090 2517 2240 2564 quum
2267 2500 2590 2549 alii'virtutem

487 2587 585 2648 ejus
608 2584 851 2648 divulgant
873 2603 882 2629 :
908 2600 967 2629 ne
992 2584 1092 2647 ipse
1111 2583 1181 2628 sui
1200 2598 1354 2648 praeco
1383 2581 1531 2628 factus
1547 2615 1560 2638 ,
1595 2582 1643 2627 in
1667 2580 1826 2628 levem,
1845 2590 2093 2628 evanescat
2112 2596 2277 2627 auram
2293 2616 2305 2639 ,
2339 2590 2386 2627 et
2410 2591 2590 2645 quanto

485 2665 622 2712 altior
639 2667 687 2711 in
713 2664 963 2711 virtutibus
987 2663 1190 2720 videtur,
1224 2662 1486 2725 graviorem
1514 2660 1832 2726 superbiendo
1860 2676 2022 2708 casum
2044 2659 2260 2724 parserat.
2282 2663 2450 2707 Taceat
2476 2677 2589 2725 ergo

486 2745 594 2808 quia
612 2744 783 2790 levavit
802 2760 850 2789 se
870 2759 1010 2806 super
1029 2758 1100 2799 se,
1122 2758 1183 2788 ne
1199 2741 1416 2787 videlicet
1432 2740 1533 2787 haec
1550 2741 1590 2787 si
1609 2740 1769 2787 fecerit
1787 2748 2111 2803 recognoscat,
2131 2748 2178 2785 et
2194 2739 2395 2803 pavidus
2409 2749 2513 2786 oret
2529 2756 2592 2787 ne

486 2834 701 2883 corruat3
731 2823 842 2887 quia
872 2823 920 2868 in
954 2822 1044 2867 hac
1070 2823 1191 2879 vita,
1226 2820 1344 2867 nulli
1374 2836 1539 2872 secura
1562 2830 1632 2866 est
1663 2819 1877 2866 victoria.
1912 2817 2056 2876 Quod
2078 2818 2117 2864 si
2146 2817 2267 2866 forte
2297 2818 2358 2865 de
2387 2835 2438 2865 se
2461 2818 2594 2883 loqui

490 2913 761 2969 praesumat,
792 2910 891 2948 non
920 2902 1144 2947 virtutem
1174 2917 1334 2959 suam,
1368 2900 1451 2947 sed
1474 2898 1772 2946 infimitatem
1798 2898 2035 2963 praedicet.
2067 2897 2204 2954 Unde
2235 2907 2283 2945 et
2314 2897 2559 2945 subditur⁹
2578 2936 2587 2946 .

493 3005 515 3028 «
541 2988 687 3030 Ponet
718 2985 766 3029 in
795 2982 989 3047 pulvere
1015 2997 1068 3027 os
1093 2997 1258 3036 suum,
1291 2981 1334 3026 si
1354 2979 1474 3026 forte
1502 2980 1561 3026 sit
1591 2996 1714 3043 spes.
1734 2998 1758 3023 »
1779 2978 1923 3036 Quod
1951 2987 2021 3024 est
2038 2977 2195 3024 dicere
2217 2995 2229 3024 ε
2251 2988 2476 3042 tanquam
2491 2979 2594 3043 pul-

492 3080 649 3110 verem
671 3061 1009 3110 tentationibus
1036 3059 1309 3107 daemonum
1332 3060 1582 3123 agitatum,
1612 3069 1659 3105 et
1691 3059 1739 3104 in
1776 3057 1999 3122 operibus
2025 3073 2123 3104 non
2154 3067 2476 3117 constantem,
2512 3057 2597 3104 sed

494 3142 774 3188 dissolutum
791 3141 1069 3206 profiteatur
1091 3159 1100 3186 ε
1125 3149 1171 3187 et
1195 3140 1234 3186 si
1258 3139 1451 3203 quando
1484 3138 1655 3185 mentis
1682 3137 1821 3185 elatio
1849 3137 2129 3194 titillaverit,
2160 3137 2316 3183 statim
2350 3154 2400 3184 se
2434 3135 2596 3200 objur-

495 3239 608 3286 gans
632 3222 755 3268 dicat
769 3224 794 3247 ¹⁰
813 3241 824 3266 :
850 3241 871 3265 «
893 3221 1020 3279 Quid
1045 3220 1277 3285 superbis,
1305 3230 1430 3267 terra
1445 3229 1491 3266 et
1506 3219 1623 3265 cinis
1635 3218 1662 3263 Ρἰ
1676 3237 1699 3263 »
1722 3218 1851 3276 Quid
1872 3217 2144 3283 praesumis,
2167 3217 2398 3264 levissime
2422 3216 2595 3281 pulvis,

542 3367 551 3383 ¹
578 3366 708 3403 Thren„
725 3375 797 3408 cap.
816 3376 868 3405 111,
883 3377 913 3397 ν.
931 3367 970 3397 27
989 3372 1020 3397 et
1037 3375 1085 3408 sq.
1101 3383 1142 3388 —
1156 3364 1168 3381 ⁸
1186 3364 1267 3397 Cod.
1287 3364 1405 3396 vict.-
1418 3364 1525 3396 Disci—
1572 3363 1583 3379 '¹
1601 3363 1731 3401 Jacob„
1756 3373 1828 3406 cap.
1857 3372 1910 3402 ιιι,
1929 3373 1959 3394 v.
1979 3363 2011 3394 Ξ.
2031 3380 2059 3385 -—
2082 3360 2096 3379 ⁸
2113 3362 2227 3399 Prov.,
2252 3371 2325 3405 cap.
2345 3373 2418 3402 xvi,
2434 3373 2464 3395 v.
2484 3364 2539 3396 32.
2556 3380 2597 3387 —-

494 3425 591 3463 plinoe
611 3423 701 3454 deest
719 3421 803 3453 Edd.
818 3439 860 3444 -
873 3419 886 3437 ³
904 3421 1033 3453 servilis
1055 3421 1136 3453 Cod.
1155 3440 1193 3444 —
1215 3420 1229 3437 ⁴
1247 3422 1342 3462 Κεφ,
1358 3430 1432 3463 cap.
1449 3430 1524 3452 xm.
1573 3418 1586 3435 ⁹
1608 3419 1740 3456 Thren„
1758 3429 1831 3462 cap.
1853 3429 1905 3458 ιιι,
1926 3428 1958 3450 v.
1975 3418 2084 3450 29.—
2102 3416 2131 3434 ‘⁰
2148 3418 2269 3455 Eccli„
2287 3427 2359 3461 cap.
2377 3429 2418 3457 x,
2432 3428 2462 3450 v.
2478 3419 2511 3451 9.

501 3496 536 3502 -
555 3478 566 3494 ⁸
584 3479 675 3519 neq„
701 3487 774 3520 cap,
802 3487 877 3509 xm.
904 3476 968 3508 -.⁸
987 3476 1075 3511 lsai..
1107 3487 1181 3519 cap.
1210 3487 1319 3517 xxxn,
1346 3487 1376 3509 v.
1409 3478 1529 3528 17..—
