2970 4152
765 424 824 473 ΙΝ
859 421 1259 472 ASSUMPTIONE
1292 422 1506 471 BEATAE
1538 421 1746 470 MARIAE
1779 420 1995 470 SERMO.
2345 423 2437 471 525

328 523 471 571 etiam
499 538 527 569 a
548 521 724 568 minori
752 519 814 567 ad
843 521 995 584 majus
1025 528 1360 583 argumentum
1382 517 1637 575 ducamus3
1664 517 1770 582 quis
1792 517 1841 564 in
1865 516 1960 564 hoc
1982 514 2219 563 mendacii
2243 532 2439 579 arguere

327 611 580 668 praesumat
591 600 872 667 praedictum
883 600 1183 664 Gregorium,
1202 598 1336 664 quod
1348 598 1545 645 Domini
1566 607 1769 645 matrem
1785 598 1886 661 jam
1907 596 2233 644 resuscitatam
2255 597 2434 655 asserit,

327 697 478 746 quum
493 681 588 728 hoc
603 681 747 729 etiam
765 678 826 727 de
848 682 1032 727 Joanne
1052 678 1271 744 apostolo
1291 678 1438 743 ipsius
1461 677 1714 724 dominicae
1735 677 1898 723 matris
1920 675 2253 741 paranympho
2274 674 2442 722 beatus

327 759 604 808 Ambrosius
638 769 848 806 astruere
882 775 982 806 non
1010 767 1231 807 vereatur
1244 795 1257 818 ,
1287 757 1410 805 sicut
1437 757 1487 804 in
1521 772 1743 803 sermone
1766 755 1936 803 natalis
1966 755 2066 819 ejus
2095 770 2443 802 commemora·

327 843 483 890 vimus
495 842 514 888 Ρ

394 924 683 969 Ascensurus
703 921 939 968 Dominus
960 918 1202 986 discipulis
1221 918 1458 986 promisit,
1472 934 1523 966 se
1543 917 1613 965 ire
1634 933 1804 983 parare
1821 917 1912 965 illis
1926 916 2104 965 locum.
2130 921 2190 965 Et
2204 935 2291 965 vos
2307 934 2437 982 ergo,

327 1003 556 1067 virgines,
586 1001 662 1049 vel
689 1017 985 1067 quaecunque
1021 1000 1208 1049 feminae
1241 999 1430 1048 Christo
1462 998 1647 1047 devotae
1661 1035 1673 1059 ‚
1709 998 1852 1063 hujus
1887 1015 2085 1046 summae
2111 998 2306 1063 virginis
2335 1007 2441 1045 tan-

328 1098 475 1148 quam
498 1081 764 1147 discipulae,
787 1097 817 1129 a
837 1096 934 1146 qua
958 1080 1110 1129 sancti
1131 1080 1368 1147 propositi
1398 1078 1745 1128 documentum
1769 1079 2039 1145 suscepistis
2053 1115 2065 1139 ,
2096 1088 2144 1126 et
2172 1095 2259 1144 per
2287 1079 2441 1125 conti-

328 1164 501 1212 nentiae
521 1172 691 1211 votum
712 1178 820 1211 eam
837 1171 1027 1221 secutae,
1051 1161 1287 1228 templum
1308 1161 1606 1210 dominicum
1626 1161 1736 1209 estis
1755 1160 1905 1221 factae,
1926 1161 2047 1208 sicut
2069 1160 2299 1226 scriptum
2319 1162 2409 1207 est¹
2430 1179 2440 1206 :

333 1262 358 1288 α
378 1242 689 1291 Adducentur
709 1243 823 1306 Regi
850 1241 1056 1306 virgines
1080 1251 1193 1308 post
1218 1257 1326 1290 eam
1337 1278 1359 1306 3
1383 1241 1612 1307 proximae
1634 1242 1734 1306 ejus
1762 1229 2022 1289 afferentur
2045 1240 2149 1288 tibi.
2175 1239 2444 1287 Afferentur

327 1323 378 1370 in
399 1322 561 1371 laetitia
578 1331 626 1370 et
645 1321 955 1383 exultatione,
979 1321 1280 1370 adducentur
1304 1322 1355 1370 in
1373 1321 1608 1387 templum
1627 1321 1781 1386 Regis.
1804 1340 1827 1365 »
1849 1324 1919 1368 Ita
1931 1330 1979 1368 et
1995 1337 2082 1368 vos
2103 1320 2152 1367 in
2176 1319 2276 1384 ejus
2301 1319 2442 1366 disci-

327 1399 495 1467 pulatu
519 1410 820 1468 perseverate
833 1438 846 1462 ‚
875 1410 931 1449 ut
954 1417 1043 1467 per
1070 1416 1178 1449 eam
1200 1399 1340 1450 vobis
1362 1410 1561 1449 aeternas
1581 1401 1740 1467 parari
1768 1400 2043 1449 mansiones
2069 1399 2373 1457 mereamini3
2398 1408 2446 1445 et

328 1498 434 1547 quae
448 1498 536 1530 vos
552 1482 753 1548 proprio
778 1480 999 1548 exemplo
1020 1481 1237 1530 incitavit
1256 1480 1320 1530 ad
1336 1498 1531 1530 cursum
1541 1518 1555 1542 ,
1575 1480 1750 1530 auxilio
1765 1498 1853 1530 suo
1874 1480 2107 1547 perducat
2123 1479 2186 1528 ad
2203 1479 2439 1528 bravium.

329 1564 521 1621 Quanta
543 1562 691 1612 hodie
712 1564 763 1611 in
787 1563 948 1624 terris,
975 1573 1157 1629 quanta
1181 1562 1408 1612 exultatio
1433 1573 1505 1611 est
1533 1562 1759 1611 habenda
1788 1564 1838 1611 in
1871 1562 2028 1611 coelis?
2056 1572 2235 1627 quanta
2269 1559 2447 1626 angelis

329 1644 506 1710 pariter
527 1653 671 1709 atque
690 1642 971 1692 hominibus
990 1642 1152 1692 laetitia
1172 1642 1441 1703 confertur,
1462 1660 1614 1708 quum
1633 1643 1735 1690 haec
1757 1660 1927 1691 eorum
1950 1642 2152 1707 collegio
2168 1658 2355 1690 sursum
2378 1652 2448 1689 est

330 1734 596 1792 aggregata,
621 1733 670 1772 et
690 1740 777 1788 per
796 1739 945 1788 quam
957 1721 1238 1771 hominibus
1253 1722 1408 1789 patuit
1424 1723 1520 1780 via,
1541 1733 1588 1769 et
1609 1739 1666 1770 ex
1684 1722 1963 1770 hominibus
1978 1722 2260 1786 angelorum
2274 1731 2452 1770 restau-

329 1813 432 1872 rata
447 1813 558 1852 sunt
574 1802 780 1851 damna?
794 1806 903 1850 Haec
916 1811 1083 1850 nostra
1093 1811 1166 1850 est
1180 1801 1432 1850 mediatrix
1446 1801 1509 1849 ad
1526 1801 1693 1860 filium,
1703 1802 1831 1848 'sicut
1842 1810 1890 1848 et
1905 1801 2006 1866 ipse
2022 1801 2146 1849 filius
2162 1802 2223 1850 ad
2240 1812 2442 1868 patrem.

330 1886 597 1948 Rogantem
609 1900 700 1949 pro
717 1881 859 1931 nobis
876 1891 1080 1930 matrem
1097 1880 1222 1930 filius
1237 1898 1339 1929 non
1358 1880 1582 1929 exaudire
1604 1897 1706 1927 non
1724 1881 1899 1946 potuit,
1919 1897 2009 1929 nec
2026 1881 2123 1930 ulla
2137 1898 2244 1930 eam
2259 1883 2448 1949 repulsa

331 1963 599 2024 offendere,
624 1964 707 2028 qui
727 1962 968 2011 honorem
988 1971 1244 2028 parentum
1266 1962 1471 2010 maxime
1492 1961 1818 2009 commendat.
1850 1965 1934 2009 Irae
1955 1963 2151 2010 Domini
2171 1973 2450 2012 sanctorum

329 2060 494 2109 preces
515 2044 564 2091 in
587 2028 777 2092 tantum
796 2043 1013 2091 resistere
1033 2041 1257 2107 legimus,
1279 2050 1333 2090 ut
1358 2056 1667 2107 nequaquam
1694 2040 1907 2090 debitam
1931 2042 2082 2107 possit
2103 2059 2320 2091 exercere
2341 2044 2445 2091 vin-

330 2124 525 2172 dictam.
563 2123 708 2182 Quod
746 2123 998 2188 diligenter
1029 2122 1198 2172 beatus
1229 2121 1483 2171 attendens
1520 2122 1839 2187 Hieronymus
1872 2140 2024 2188 quum
2063 2122 2199 2172 illum
2236 2126 2448 2173 Jeremiae

329 2204 491 2252 locum
517 2206 803 2271 exponeret⁵²
828 2223 840 2253 ε
870 2223 893 2250 «
914 2207 984 2252 Tu
1013 2214 1175 2253 autem
1202 2203 1304 2253 noli
1324 2220 1463 2253 orare
1484 2221 1574 2271 pro
1599 2204 1781 2271 populo
1803 2204 1899 2252 hoc
1914 2242 1926 2266 ,
1952 2222 2013 2254 ne
2030 2222 2169 2270 roges
2191 2216 2245 2254 ut
2266 2207 2448 2255 miseri-

330 2284 547 2332 cordiam
563 2293 902 2351 consequatur,
921 2294 969 2333 et
989 2301 1091 2332 non
1109 2284 1311 2335 obsistas
1331 2284 1470 2346 mihi,
1493 2285 1606 2351 quia
1626 2301 1727 2333 non
1747 2285 1999 2335 exaudiam
2019 2295 2085 2346 te,
2107 2305 2130 2330 »
2150 2286 2242 2334 ait:
2264 2287 2442 2346 «Quod

331 2374 491 2413 autem
510 2365 642 2426 dicit,
673 2385 697 2411 «
713 2376 760 2414 et
774 2383 875 2414 non
895 2366 1084 2415 resistas
1104 2366 1241 2426 mihi,
1261 2385 1286 2412 η
1314 2365 1525 2415 ostendit
1538 2367 1651 2431 quia
1666 2376 1944 2415 sanctorum
1960 2367 2115 2415 oratio
2137 2368 2218 2416 irae
2234 2368 2322 2415 Dei
2342 2382 2443 2434 pos-

330 2446 391 2493 sit
410 2446 643 2493 resistere.
670 2445 809 2493 Unde
831 2455 878 2494 et
888 2445 1102 2511 loquitur
1122 2445 1185 2494 ad
1204 2448 1428 2511 Moysen⁸
1442 2465 1456 2493 :
1483 2464 1508 2491 «
1522 2446 1719 2494 Dimitte
1746 2464 1822 2495 me
1847 2464 1908 2495 ne
1928 2448 2193 2513 percutiam
2213 2447 2443 2514 populum

335 2544 358 2570 «
381 2525 541 2572 istum.
566 2543 590 2569 »
620 2525 670 2572 Si
697 2541 811 2590 ergo
835 2535 1113 2574 sanctorum
1134 2525 1289 2573 oratio
1309 2535 1499 2574 tantum
1518 2525 1646 2574 valet
1668 2526 1730 2574 ad
1752 2527 2037 2593 placandam
2057 2528 2251 2593 superni
2273 2525 2444 2575 Judicis

331 2606 475 2665 iram,
512 2605 630 2671 quid
651 2605 712 2653 de
734 2607 954 2654 oratione
975 2606 1140 2656 matris
1166 2606 1460 2673 sperandum
1481 2616 1576 2666 est,
1601 2606 1664 2655 de
1685 2624 1782 2673 qua
1805 2618 1940 2656 tanto
1963 2609 2166 2675 amplius
2189 2607 2445 2676 peecatori-

331 2686 421 2735 bus
442 2696 514 2734 est
534 2685 898 2748 confidendum,
917 2697 966 2735 et
980 2687 1195 2753 quodam
1217 2687 1383 2736 debito
1398 2689 1448 2736 in
1470 2687 1566 2736 hoc
1586 2688 1740 2754 ipsam
1762 2691 1932 2750 teneri,
1949 2700 2131 2755 quanto
2149 2689 2299 2754 magis
2314 2687 2446 2754 apud

332 2785 500 2816 omnes
521 2778 733 2828 constat,
757 2768 898 2833 hujus
927 2768 1087 2833 gloriae
1112 2769 1403 2834 singularem
1429 2769 1671 2818 honorem
1698 2780 1752 2818 ut
1778 2781 1930 2819 mater
1958 2772 2047 2819 Dei
2077 2781 2217 2830 esset,
2249 2769 2442 2817 nonnisi

331 2866 420 2915 pro
436 2849 768 2914 peccatoribus
783 2849 1007 2915 adeptam
1025 2849 1194 2898 fuisse?
1215 2850 1287 2898 Ad
1300 2850 1434 2919 qupd
1449 2850 1645 2916 quidem
1662 2851 1878 2899 debitum
1898 2852 2283 2917 persolvendum,
2300 2865 2444 2915 quam

330 2938 573 2994 prompta,
598 2945 745 2994 quam
766 2939 1032 2995 spontanea
1052 2931 1113 2977 sit
1133 2930 1258 2996 ipsa,
1284 2941 1333 2979 et
1355 2930 1582 2979 omnibus
1603 2931 1686 2995 qui
1708 2947 1815 2979 eam
1837 2932 2064 2980 invocant
2083 2933 2131 2979 in
2154 2928 2440 2978 necessitati-

330 3008 421 3056 bus
442 3009 698 3057 subvenire
719 3020 914 3075 parata,
948 3010 1211 3059 multorum
1228 3012 1330 3076 jam
1350 3013 1674 3078 comperimus
1696 3014 1985 3078 experientia
2005 3023 2278 3062 sanctorum
2291 3047 2305 3073 ,
2327 3025 2443 3075 quo-

330 3106 439 3136 rum
458 3090 694 3138 nonnulla
712 3090 1004 3139 deducentes
1025 3092 1075 3139 in
1101 3092 1338 3152 medium,
1363 3093 1432 3141 sic
1453 3109 1482 3141 a
1502 3093 1713 3141 minimis
1736 3093 2019 3141 inchoamus
2041 3102 2093 3140 ut
2114 3091 2448 3158 perveniamus*

332 3170 394 3218 ad
415 3172 642 3231 maxima3
677 3181 730 3219 ut
757 3188 909 3237 quum
930 3187 1037 3220 eam
1058 3172 1120 3220 de
1140 3173 1299 3238 parvis
1321 3173 1679 3222 meminerimus
1701 3190 1869 3222 curare
1886 3211 1897 3233 ‚
1923 3174 1984 3222 de
2006 3172 2264 3237 majoribus
2290 3172 2446 3237 ipsam

333 3267 431 3298 non
455 3250 729 3299 dubitemus
751 3251 1001 3300 sollicitam
1023 3269 1142 3301 esse.
1165 3272 1189 3298 υ

398 3331 575 3379 Vinum
596 3333 645 3380 in
668 3333 850 3399 nuptiis
875 3333 1102 3382 defecisse
1117 3333 1348 3398 legimus,
1380 3335 1442 3384 ad
1467 3351 1586 3402 quas
1609 3336 1732 3384 filius
1752 3338 1852 3401 ejus
1874 3353 1985 3385 cum
2007 3338 2109 3403 ipsa
2133 3346 2181 3384 et
2203 3334 2449 3402 discipulis

378 3510 389 3529 ¹
415 3512 533 3546 Psalm.
548 3524 634 3555 xm,
651 3525 683 3547 v.
707 3515 758 3548 15.
770 3533 814 3541 —
826 3514 839 3532 '
858 3515 998 3555 ierem„
1015 3525 1088 3560 cap.
1105 3527 1148 3550 vn
1160 3541 1169 3557 ,
1184 3527 1216 3551 v.
1237 3518 1289 3550 16.
1305 3535 1346 3541 —
1363 3512 1380 3535 ⁸'
1396 3531 1411 3548 α
1427 3513 1556 3552 Dimitte
1574 3530 1626 3553 me
1641 3526 1675 3553 ut
1693 3526 1858 3556 conteram
1877 3526 1964 3554 eum.
1979 3533 1994 3550 υ
2011 3515 2139 3562 (Μαι,
2154 3526 2226 3562 ca'p.
2244 3529 2294 3557 ix,
2313 3527 2349 3562 v..
2365 3516 2417 3550 Η.
