2970 4152
542 422 637 470 466
1341 426 1511 480 PETRI
1546 428 1859 475 ABAELARDI

544 521 654 564 «Tu
677 530 835 566 autem
858 518 957 565 noli
981 534 1118 565 orare
1140 536 1229 583 pro
1251 520 1434 592 pop‘ulo
1457 521 1575 581 hoc,
1608 533 1655 569 et
1686 540 1786 570 non
1825 522 2023 570 obsistas
2053 522 2192 582 mihi,
2230 525 2341 587 quia
2375 541 2475 571 non
2511 540 2654 572 exau·

539 596 667 644 diam
690 608 791 644 te.»
813 599 1155 662 Hieronymus¹
1179 618 1189 645 ε
1211 618 1234 643 t<
1253 601 1396 659 Quod
1415 602 1713 650 autemdicit
1734 620 1743 647 :
1770 622 1792 647 «
1814 606 1871 649 Et
1894 620 1993 649 non
2017 604 2203 650 resistas
2227 603 2366 663 mihi,
2391 623 2414 648 »
2443 605 2654 651 ostendit

537 678 668 742 quod
692 688 966 724 sanctorum
991 679 1144 725 oratio
1167 679 1247 725 irae
1269 681 1356 727 Dei
1379 682 1528 746 possit
1549 682 1782 729 resistere.
1812 682 1949 728 Unde
1972 692 2019 730 et
2047 682 2259 747 loquitur
2288 683 2349 730 ad
2383 686 2579 747 Moysen
2597 686 2611 708 ²
2638 703 2649 731 :

540 777 562 802 «
597 759 791 804 Dimitte
826 775 930 817 me,
969 769 1022 805 ut
1055 761 1319 824 percutiam
1359 761 1594 826 populum
1635 763 1795 808 istum.
1827 781 1849 806 »
1893 762 2037 819 Quod
2078 764 2117 809 si
2156 763 2459 810 tantumdem
2498 764 2652 811 oratio

533 849 806 886 sanctorum
831 856 970 903 posse
992 840 1189 900 habeat,
1215 852 1382 907 utpote
1405 844 1580 907 Moysis
1603 843 1678 889 vel
1701 844 1936 902 Jeremiae3
1972 844 2088 908 quid
2111 844 2185 891 'de
2212 845 2314 910 ipsa
2336 845 2531 891 Domini
2552 861 2656 909 spe-

532 920 735 966 randum
759 931 828 967 est
850 922 1090 981 oratione,
1118 939 1263 986 quam
1286 924 1486 988 ipsemet
1508 924 1726 983 dictavit,
1754 925 1854 988 ipse
1880 925 2248 972 misericorditer
2271 926 2494 986 instituit,
2515 935 2568 972 ut
2585 926 2652 973 sic

530 1000 629 1063 ejus
653 1000 773 1047 iram
795 1011 1035 1049 vertamus
1059 1003 1107 1048 in
1132 1004 1538 1051 misericordiam?
1561 1004 1655 1050 Sed
1677 1005 1909 1068 quoniam
1932 1006 2162 1052 orationis
2187 1006 2366 1053 fructus
2390 1016 2472 1053 aut
2494 1005 2651 1053 nullus

528 1091 618 1139 est,
647 1091 728 1128 aut
749 1099 924 1146 parvus
942 1120 953 1142 ,
980 1100 1126 1147 quam
1148 1083 1342 1131 devotio
1366 1084 1685 1148 intelligentiae
1707 1102 1807 1131 non
1832 1086 2106 1145 comitatur,
2133 1103 2284 1150 quum
2310 1087 2468 1134 cordis
2490 1087 2651 1151 potius

527 1178 672 1225 quam
697 1163 791 1209 oris
820 1164 878 1210 sit
901 1165 1143 1229 inspector
1171 1169 1321 1225 Deus,
1343 1166 1478 1229 juvat
1508 1167 1738 1213 orationis
1766 1166 1908 1231 hujus
1936 1169 2175 1233 praecipue
2209 1185 2402 1215 sensum
2438 1169 2646 1233 aperire3

525 1253 578 1290 ut
601 1261 658 1291 eo
683 1246 831 1308 magis
855 1246 1098 1294 fructuosa
1119 1247 1177 1293 sit
1200 1247 1471 1306 orantibus,
1499 1265 1596 1312 quo
1627 1248 1846 1295 devotius
1875 1249 2112 1297 intellecta
2141 1250 2343 1297 dicatur.
2370 1249 2515 1307 Quod
2542 1250 2650 1314 qui-

525 1325 636 1373 dem
652 1327 905 1392 Apostolus
928 1327 1176 1391 diligenter
1199 1329 1473 1388 attendens,
1501 1329 1760 1376 Corinthiis
1784 1331 1874 1377 ait³
1895 1349 1904 1377 ε
1932 1350 1956 1375 α
1978 1333 2097 1377 Nam
2120 1332 2159 1378 si
2182 1347 2318 1377 orem
2340 1331 2524 1394 lingua,
2551 1331 2648 1396 spi-

524 1406 640 1453 ritus
660 1423 794 1453 meus
818 1416 945 1466 orat,
966 1423 1101 1453 mens
1125 1417 1307 1466 autem,
1335 1409 1495 1455 anima
1518 1425 1625 1455 mea
1647 1409 1750 1456 sine
1773 1409 1928 1456 fructu
1952 1420 2038 1456 est.
2056 1410 2184 1467 Quid
2207 1410 2348 1473 ergo?
2372 1409 2523 1457 orabo
2550 1411 2648 1475 spi-

522 1485 637 1547 ritu,
666 1487 815 1534 orabo
841 1497 887 1534 et
909 1497 1086 1533 mente.
1113 1487 1313 1533 Psallam
1342 1488 1534 1552 spiritu,
1560 1487 1761 1552 psallam
1790 1498 1836 1534 et
1867 1498 2042 1534 mente.
2064 1507 2087 1532 »
2119 1489 2301 1551 Lingua
2329 1498 2517 1535 tantum
2545 1490 2648 1535 sine

521 1569 689 1632 spiritu
713 1579 818 1615 orat
839 1568 915 1615 vel
936 1568 1113 1633 psallit,
1141 1568 1224 1631 qui
1248 1568 1362 1615 flatu
1386 1585 1481 1615 suae
1503 1568 1785 1633 prolationis
1812 1568 1961 1615 verba
1989 1578 2177 1616 tantum
2206 1569 2379 1616 format
2407 1585 2513 1633 quae
2546 1585 2645 1616 non

521 1646 751 1710 intelligit.
779 1649 937 1694 Mente
960 1648 1154 1712 insuper
1177 1647 1272 1694 hoc
1297 1648 1414 1710 agit,
1441 1648 1523 1711 qui
1552 1647 1846 1694 intellectum
1870 1648 2077 1713 applicat
2104 1648 2180 1695 his
2209 1665 2314 1712 quae
2342 1649 2473 1695 dicit.
2507 1648 2648 1696 Unde

520 1735 566 1771 et
588 1725 706 1772 illud
730 1737 800 1773 est
822 1726 949 1773 beati
971 1725 1215 1773 Benedicti
1229 1727 1243 1750 '⁰
1266 1745 1276 1771 :
1309 1745 1331 1770 (ι
1359 1727 1434 1772 Sic
1458 1736 1636 1774 stemus
1661 1726 1723 1774 ad
1746 1726 2072 1792 psallendum,
2099 1738 2152 1774 ut
2175 1745 2311 1775 mens
2334 1738 2498 1776 nostra
2526 1744 2646 1776 con-

520 1808 686 1855 cordet
707 1809 815 1855 voci
841 1818 1072 1855 nostrae.»
1099 1811 1152 1853 In
1176 1817 1365 1854 tantum
1388 1818 1548 1854 autem
1570 1807 1830 1855 verborum
1853 1808 2213 1873 intelligentiam
2235 1809 2487 1874 Apostolus
2509 1825 2644 1856 com·

520 1888 738 1948 mendat,
764 1899 817 1935 ut
846 1888 965 1934 nihil
993 1888 1041 1934 in
1073 1887 1285 1934 Ecclesia
1312 1886 1406 1933 dici
1429 1888 1696 1952 permittat,
1732 1887 1866 1951 quod
1895 1905 1994 1934 non
2028 1889 2290 1935 comitetur·
2315 1887 2640 1951 intelligentia.

520 1967 740 2032 Alioquin
765 1986 846 2015 eos
869 1985 959 2033 pro
983 1968 1161 2014 insanis
1182 1966 1434 2014 habendos
1452 1967 1657 2031 judicat,
1678 1968 1760 2031 qui
1783 1968 1916 2032 quod
1938 1969 2199 2033 praedicant
2221 1968 2526 2033 prophetare,
2548 1966 2644 2014 hoc

520 2057 589 2094 est
609 2049 895 2112 exponendo
913 2048 1231 2112 interpretari,
1258 2047 1456 2093 minime
1479 2046 1744 2114 sufficiunt3
1766 2057 1847 2095 aut
1862 2047 2299 2109 benedictionibus,
2319 2064 2438 2112 quas
2457 2065 2557 2095 non
2577 2048 2645 2094 in-

521 2128 761 2192 telligunt,
795 2144 934 2174 amen
959 2137 1256 2191 supponunt.
1286 2126 1363 2172 Sic
1387 2127 1565 2191 quippe
1597 2136 1947 2190 consequenter
1970 2127 2204 2173 adnectit⁶
2231 2147 2241 2173 :
2272 2146 2294 2171 «
2314 2128 2362 2173 Si
2386 2144 2499 2191 ergo
2523 2143 2641 2173 con-

519 2210 680 2257 veniat
701 2209 925 2255 universa
947 2206 1156 2253 Ecclesia
1191 2206 1240 2252 in
1276 2223 1452 2264 unum,
1479 2215 1527 2252 et
1556 2222 1724 2252 omnes
1759 2206 1931 2269 linguis
1966 2205 2241 2269 loquantur,
2268 2207 2447 2252 intrent
2482 2216 2643 2252 autem

518 2289 677 2337 idiotae
700 2298 781 2335 aut
803 2286 1040 2345 infideles,
1067 2302 1232 2332 nonne
1261 2285 1423 2331 dicent
1444 2285 1578 2349 quod
1600 2286 1843 2332 insanitis?
1864 2304 1887 2329 >2
1911 2285 2044 2332 Idem
2067 2288 2264 2351 supra⁶t
2287 2289 2559 2332 «Caeterum
2573 2323 2584 2344 ,
2604 2288 2642 2332 si

518 2370 815 2418 benedixeriS
831 2369 996 2434 spiritu
1011 2405 1022 2427 ‚
1042 2367 1148 2432 quis
1171 2366 1359 2432 supplet
1381 2367 1543 2413 locum
1567 2366 1751 2413 idiotae?
1771 2367 2021 2431 quomodo
2046 2367 2173 2414 dicet
2190 2383 2329 2413 amen
2354 2384 2496 2432 super
2509 2377 2641 2414 tuam

516 2449 929 2497 benedictionem?
952 2447 1183 2512 quoniam
1206 2446 1324 2510 quid
1348 2446 1478 2494 dicas
1501 2447 1668 2493 nescit.
1698 2449 1818 2493 Nam
1848 2456 1898 2492 tu
1923 2446 2121 2510 quidem
2149 2446 2275 2494 bene
2305 2448 2476 2509 gratias
2512 2447 2638 2510 agis,

516 2533 599 2580 sed
622 2532 738 2579 alter
761 2548 862 2577 non
886 2529 1161 2576 aedificatur.
1184 2547 1208 2573 »
1236 2532 1294 2574 Et
1317 2538 1426 2592 post
1449 2527 1606 2592 aliqua
1630 2528 1690 2574 de
1712 2528 1946 2574 universis
1976 2544 2082 2592 quae
2105 2528 2153 2574 in
2179 2528 2388 2575 Ecclesia
2417 2527 2642 2574 dicuntur

515 2612 808 2660 concludens
821 2649 833 2670 ,
849 2611 934 2657 ait⁷
959 2628 968 2656 ε
990 2629 1013 2654 «
1031 2608 1160 2666 Quid
1181 2608 1322 2671 ergo?
1337 2624 1488 2672 quum
1511 2607 1802 2666 convenitis,
1823 2608 1986 2654 omnia
2002 2607 2063 2654 ad
2084 2606 2448 2654 aedificationem
2470 2605 2603 2653 fiant.
2617 2625 2637 2650 »

516 2698 572 2740 Et
595 2694 656 2740 ad
679 2693 937 2758 Ephesios⁸
961 2709 970 2737 :
1003 2709 1026 2734 «
1047 2688 1342 2754 Implemini,
1363 2707 1386 2732 »
1414 2689 1591 2752 inquit,
1623 2707 1647 2732 «
1672 2688 1849 2752 Spiritu
1878 2697 2070 2746 sancto,
2102 2687 2352 2751 loquentes
2380 2686 2640 2734 vobismet-

515 2777 626 2841 ipsis
649 2777 698 2822 in
722 2773 939 2839 psalmis,
967 2781 1013 2817 et
1034 2770 1251 2835 hymnis,
1286 2779 1333 2816 et
1364 2769 1560 2816 canticis
1595 2768 1906 2834 spiritalibus,
1945 2778 2191 2816 cantantes
2226 2779 2273 2815 et
2302 2768 2556 2833 psallentes
2589 2768 2638 2814 in

516 2855 742 2904 cordibus
765 2852 932 2900 vestris
954 2850 1184 2897 Domino,
1203 2868 1225 2893 »
1249 2852 1308 2895 Et
1323 2849 1524 2912 quisque
1548 2849 1591 2895 ei
1613 2848 1746 2912 loqui
1768 2849 1962 2914 proprie
1986 2849 2176 2907 dicitur,
2202 2865 2230 2895 a
2251 2864 2349 2912 quo
2373 2849 2474 2912 ejus
2497 2847 2640 2895 verba

513 2936 857 2999 intelliguntur,
887 2947 1041 2996 quum
1063 2929 1159 2976 hoc
1182 2945 1336 2974 unum
1358 2928 1419 2974 sit
1446 2927 1708 2974 verborum
1738 2927 1973 2988 officium,
2001 2938 2054 2975 ut
2083 2929 2132 2975 in
2162 2928 2381 3002 auditore
2413 2936 2640 2991 generent

517 3016 825 3063 intellectum.
851 3016 983 3059 Tunc
1007 3011 1166 3074 itaque
1189 3007 1545 3073 nobismetipsis
1568 3008 1829 3073 loquimur,
1857 3026 2008 3073 quum
2031 3026 2087 3056 ex
2108 3009 2182 3056 his
2205 3026 2310 3074 quae
2338 3009 2540 3056 dicimus
2563 3009 2638 3054 in·

515 3096 711 3143 tellectis
734 3094 1044 3141 devotionem
1068 3090 1327 3137 excitamus
1350 3089 1524 3135 mentis
1550 3108 1559 3135 :
1588 3099 1635 3135 et
1657 3099 1773 3136 tunc
1797 3090 1944 3137 corde
1973 3091 2151 3155 pariter
2179 3100 2226 3137 et
2255 3107 2338 3137 ore
2366 3089 2633 3154 psallimus,

515 3194 665 3240 quum
688 3175 821 3239 quod
845 3173 1046 3221 exterius
1069 3170 1327 3237 profertur,
1354 3170 1552 3216 interius
1582 3186 1668 3234 per
1695 3170 2060 3234 intelligentiam
2087 3171 2288 3235 capitur.
2321 3169 2449 3227 Quid
2477 3178 2636 3215 autem

516 3256 664 3319 magis
695 3253 973 3311 ridiculum,
1000 3269 1147 3316 quam
1182 3242 1333 3315 quum
1365 3248 1545 3313 aliquid
1577 3249 1763 3296 orando
1795 3251 2025 3315 petimus,
2052 3250 2185 3314 quod
2220 3266 2412 3296 oramus
2446 3249 2636 3311 ignore-

561 3407 570 3423 ¹
591 3407 670 3447 Opp.
694 3412 715 3437 t.
735 3404 780 3437 111
794 3429 802 3445 ‚
822 3403 887 3436 col.
904 3403 979 3435 566.
996 3421 1032 3426 -
1049 3401 1061 3418 ¹
1079 3415 1094 3431 α
1108 3402 1238 3434 Dimitte
1252 3411 1324 3440 me,
1339 3406 1376 3433 ut
1392 3400 1550 3433 irascatur
1603 3401 1662 3425 —⁸
1673 3401 1819 3434 Corinth.
1834 3402 1867 3441 I,
1885 3411 1959 3444 cap.
1974 3411 2040 3440 xiv,
2055 3411 2086 3433 v.
2100 3400 2225 3434 23.-⁶
2241 3399 2340 3440 lbid.,
2357 3411 2386 3432 v.
2407 3398 2518 3433 16.-‘¹
2535 3398 2634 3437 ibid„

515 3464 603 3496 furor
626 3473 715 3495 meus
733 3467 845 3494 contra
863 3470 932 3492 eos.
949 3473 963 3488 ι»
981 3458 1129 3501 (Eaeod.,
1146 3468 1219 3501 cap.
1243 3468 1335 3490 xxxn
1347 3482 1356 3497 ,
1375 3467 1404 3490 v.
1427 3456 1492 3498 10.)
1508 3473 1549 3480 -—
1604 3468 1634 3491 v.
1652 3459 1758 3491 26.—
1771 3455 1784 3473 ⁸
1801 3458 1936 3498 Ephes„
1954 3467 2027 3500 cap.
2046 3468 2090 3498 iv,
2107 3467 2137 3490 v.
2157 3458 2211 3489 25.

517 3517 528 3534 ³
546 3519 688 3553 Corinth.
708 3519 741 3557 I,
762 3528 835 3560 cap,
850 3527 918 3557 xiv,
935 3527 964 3548 v.
987 3517 1084 3548 14.-
1098 3513 1111 3532 ⁴
1127 3515 1206 3557 Req.
1225 3515 1260 3547 S.
1281 3515 1375 3552 Ben„
1390 3523 1463 3556 cap.
1480 3524 1548 3546 xix.
