2970 4152
591 403 619 446 ti
1171 403 1341 448 PETRI
1378 402 1689 449 ABAELARDI
1723 403 1798 449 ET
1830 403 2130 450 HELOISSAE

590 497 811 560 magistro
844 505 1007 542 nostro
1035 506 1344 556 successerat,
1370 495 1531 544 locum
1558 496 1678 544 mihi
1707 513 1847 544 suum
1870 497 2086 556 offerret,
2117 505 2168 543 ut
2192 495 2371 543 ibidem
2393 512 2504 543 cum
2528 497 2703 544 caeteris

587 586 751 624 nostro
782 592 831 623 se
857 575 1060 622 traderet
1090 575 1384 640 magisterio,
1416 576 1499 624 ubi
1533 586 1672 624 antea
1698 593 1811 625 suus
1839 577 1918 625 ille
1949 587 1996 625 et
2019 586 2182 624 noster
2206 577 2427 640 magister
2459 576 2698 624 floruerat.

589 657 750 703 Paucis
768 657 925 719 itaque
944 654 1113 702 diebus
1131 655 1197 702 ibi
1221 673 1299 703 me
1317 656 1528 705 studium
1543 657 1798 705 dialecticae
1815 668 2006 723 regente
2018 694 2030 717 ,
2050 667 2228 722 quanta
2245 652 2423 704 invidia
2438 655 2676 705 tabescere
2687 693 2699 717 ,

584 746 763 800 quanto
800 735 967 782 dolore
998 745 1194 783 aestuare
1227 737 1423 802 coeperit
1446 738 1667 802 magister
1686 748 1864 798 noster,
1897 755 1996 785 non
2025 751 2095 787 est
2123 737 2255 786 facile
2292 736 2572 802 exprimere.
2600 739 2704 784 -Nec

584 825 823 880 conceptae
841 817 1039 864 miseriae
1053 827 1218 865 aestum
1235 818 1318 865 diu
1336 819 1569 866 sustinens
1581 855 1593 879 ,
1617 819 1785 866 callide
1804 835 2047 884 aggressus
2066 830 2136 868 est
2154 835 2231 867 me
2249 819 2390 866 etiam
2414 828 2528 864 tunc
2552 832 2706 865 remo-

587 913 708 943 vere.
735 898 791 943 Et
815 897 927 960 quia
950 897 999 943 in
1025 914 1103 945 me
1125 897 1258 962 quod
1282 909 1444 964 aperte
1468 909 1626 964 ageret
1643 916 1744 946 non
1768 899 1997 959 habebat,
2026 901 2076 948 ei
2089 900 2274 948 scholas
2301 898 2484 946 auferre
2512 895 2705 944 molitus

584 986 676 1035 est,
706 977 1009 1042 turpissimis¹
1028 978 1225 1041 objectis
1251 978 1549 1040 criminibus,
1586 980 1667 1043 qui
1702 980 1819 1026 mihi
1852 996 1992 1028 suum
2022 989 2321 1028 concesserat
2353 978 2700 1043 magisterium,
2716 990 2725 998 ·’

312 1071 359 1119 De·
369 1079 501 1119 qenes-sq
511 1080 533 1117 a,
584 1057 675 1104 alio
689 1057 897 1121 quodam
909 1058 1079 1105 aemulo
1097 1075 1206 1106 meo
1219 1059 1269 1106 in
1285 1059 1469 1106 locum’
1481 1060 1581 1123 ejus
1599 1060 1852 1108 substituto
1859 1062 1887 1108 ⁸.
1902 1063 2034 1109 Tunc
2044 1077 2131 1126 ego
2141 1047 2457 1108 Melidunum⁴
2469 1068 2700 1116 reversus,

292 1123 550 1189 Ρῗζζῗξὲῗιξίἶ]
583 1137 768 1184 scholas
787 1137 853 1184 ibi
882 1148 1093 1198 nostras,
1122 1139 1245 1186 sicut
1272 1149 1433 1199 antea,
1456 1140 1707 1200 constitui3
1731 1150 1778 1188 et
1801 1150 1983 1205 quanto
2008 1141 2300 1188 manifestius
2325 1139 2425 1202 ejus
2449 1154 2528 1185 me
2548 1149 2706 1203 perse·

355 1201 487 1232 dunum·
581 1215 815 1279 quebatur
831 1217 1029 1277 invidia,
1047 1227 1179 1265 tanto
1196 1217 1312 1264 mihi
1332 1219 1620 1266 auctoritatis
1639 1219 1841 1285 amplius
1859 1220 2149 1280 conferebat,
2159 1220 2291 1284 juxta
2302 1218 2421 1266 illud
2432 1216 2700 1283 poeticum:

1063 1329 1230 1369 Summa
1247 1328 1348 1382 petit
1365 1328 1486 1380 livor,
1508 1328 1680 1383 perflant
1696 1329 1896 1371 altissima
1914 1331 2024 1371 venti
2037 1332 2062 1369 ⁵.

587 1445 621 1489 N
626 1459 690 1488 on
709 1442 860 1490 multo
885 1453 1043 1490 autem
1066 1454 1190 1509 post,
1217 1461 1368 1509 quum
1391 1445 1470 1493 ille
1487 1445 1768 1510 intelligeret
1784 1446 1882 1494 fere
1906 1463 2073 1494 omnes
2091 1446 2348 1512 discipulos
2362 1446 2376 1471 ⁶
2392 1445 2454 1492 de
2481 1443 2707 1509 religione

584 1523 684 1585 ejus
702 1522 962 1587 plurimum
979 1523 1192 1572 haesitare
1204 1561 1216 1585 ,
1243 1535 1290 1572 et
1305 1525 1366 1572 de
1384 1527 1698 1574 conversione
1714 1527 1860 1592 ipsius
1882 1527 2191 1574 vehementer
2209 1541 2468 1584 susurrare,
2486 1523 2621 1588 quod
2640 1524 2709 1570 vi-

586 1602 756 1650 delicet
772 1619 801 1650 a
822 1604 1009 1652 civitate
1027 1605 1224 1652 minime
1249 1606 1532 1666 recessisset,
1561 1606 1800 1654 transtulit
1817 1623 1868 1653 se
1891 1617 1938 1654 et
1956 1605 2349 1653 conventiculum
2375 1605 2573 1651 fratrum
2597 1616 2708 1650 eum

587 1682 760 1729 scholis
793 1684 889 1730 suis
928 1683 990 1731 ad
1019 1683 1181 1731 villam
1216 1684 1477 1748 quamdam
1513 1684 1574 1732 ab
1603 1685 1723 1733 urbe
1757 1695 2008 1733 remotam.
2043 1685 2306 1750 Statimque
2345 1701 2434 1749 ego
2465 1683 2708 1731 Meliduno

362 1778 522 1852 noegjusad
590 1762 789 1808 Parisius
824 1761 969 1821 redii,
1003 1779 1173 1827 pacem
1209 1763 1270 1810 ab
1304 1763 1386 1810 illo
1418 1764 1614 1812 ulterius
1651 1781 1863 1830 sperans.
1898 1765 1992 1812 Sed
2031 1766 2159 1829 quia,
2197 1775 2251 1812 ut
2285 1765 2513 1823 diximus,
2547 1763 2708 1810 locum

325 1831 397 1863 regi·
434 1832 471 1853 su

297 1864 554 1896 ammemsoe-
587 1851 802 1888 nostrum
836 1841 896 1889 ab
919 1842 1091 1889 aemulo
1125 1853 1291 1890 nostro
1327 1844 1501 1891 fecerat
1537 1846 1785 1910 occupari,
1829 1855 1959 1893 extra
1987 1845 2227 1893 civitatem
2265 1845 2314 1891 in
2342 1854 2506 1891 monte
2536 1844 2583 1889 S.
2613 1845 2707 1889 Ge-

306 1907 544 1990 Ἒζῗξῖᾒθξζζζῗ
589 1922 804 1981 novefae⁷‚
838 1922 1109 1969 scholarum
1139 1933 1412 1970 nostrarum
1431 1934 1584 1972 castra
1612 1925 1777 1990 posui3
1805 1926 1941 1990 quasi
1971 1942 2083 1972 eum
2115 1925 2411 1983 obsessurus,
2442 1924 2525 1988 qui
2546 1923 2708 1970 locum

298 1994 553 2079 ξξξξξζξὲζὸῐξίᾞ
588 2013 903 2068 occupaverat
931 2014 1164 2051 nostrum.
1195 2007 1304 2062 Quo
1332 2005 1495 2053 audito
1510 2042 1522 2065 ,
1552 2007 1772 2071 magister
1795 2016 1958 2054 noster
1987 2007 2144 2054 statim
2174 2006 2236 2053 ad
2263 2006 2433 2052 urbem
2456 2004 2709 2069 impuden-

375 2072 477 2112 ΜΝ·
589 2084 689 2129 ter⁸
712 2083 924 2144 rediens,
966 2084 1150 2131 scholas
1187 2102 1305 2149 quas
1331 2095 1446 2133 tunc
1473 2086 1652 2134 habere
1686 2096 1896 2152 poterat,
1927 2097 1974 2134 et
1999 2086 2386 2134 conventiculum
2418 2085 2615 2131 fratrum
2648 2083 2710 2130 ad

589 2164 838 2227 pristinum
871 2164 1058 2211 reduxit
1090 2166 1457 2226 monasterium,
1508 2168 1642 2231 quasi
1676 2167 1876 2214 militem
1906 2184 2071 2226 suum,
2109 2183 2254 2231 quem
2284 2166 2557 2213 deseruerat
2577 2166 2613 2223 ⁹,
2648 2163 2710 2210 ab

590 2243 839 2291 obsidione
872 2254 1034 2291 nostra
1063 2244 1360 2293 liberaturus.
1399 2249 1578 2294 Verum
1593 2283 1605 2306 ,
1646 2264 1797 2312 quum
1830 2247 1898 2294 illi
1925 2247 2154 2313 prodesse
2179 2245 2447 2293 intenderet
2464 2279 2476 2303 ,
2506 2245 2709 2291 maxime

589 2325 767 2371 nocuit.
814 2325 896 2372 Ille
929 2326 1107 2391 quippe
1149 2336 1287 2374 antea
1325 2327 1509 2392 aliquos
1542 2327 1749 2375 habebat
1783 2327 2140 2392 qualescunque
2178 2325 2433 2391 discipulos
2452 2361 2464 2383 ,
2505 2324 2709 2371 maxime

586 2415 781 2468 propter
796 2405 1051 2453 lectionem
1067 2407 1291 2454 Prisciani
1300 2410 1326 2432 ¹⁰
1341 2408 1389 2454 in
1403 2424 1499 2472 qua
1513 2408 1775 2473 plurimum
1793 2408 1951 2456 valere
1964 2407 2222 2456 credebatu
2253 2443 2262 2453 .
2280 2409 2537 2470 Postquam
2551 2413 2709 2451 autem

586 2484 806 2546 magister
840 2485 1056 2545 advenit,
1091 2502 1259 2533 omnes
1297 2488 1488 2551 penitus
1516 2489 1695 2547 amisit,
1734 2498 1781 2535 et
1804 2488 1871 2535 sic
1902 2504 1930 2535 a
1957 2487 2186 2552 regimine
2270 2485 2493 2532 bolarum
2527 2499 2710 2530 cessare

583 2564 856 2627 compulsus
874 2574 959 2611 est.
978 2568 1075 2612 Nec
1087 2577 1193 2631 post
1212 2567 1418 2614 multum
1434 2577 1640 2633 tempus,
1657 2569 1792 2633 quasi
1796 2565 1896 2631 jam
1913 2568 2111 2615 ulterius
2121 2567 2182 2614 de
2195 2565 2442 2613 mundana
2453 2564 2710 2629 desperans

583 2642 753 2703 gloria,
774 2644 886 2708 ²ipse
914 2661 1108 2708 quoque
1143 2645 1204 2692 ad
1232 2647 1546 2694 monasticam
1581 2665 1840 2695 conversus
1851 2650 1875 2672 ¹¹
1910 2658 1979 2694 est
2013 2648 2174 2695 vitam.
2213 2650 2325 2692 Post
2361 2644 2568 2691 reditum
2595 2659 2708 2689 vero

583 2723 792 2785 magistri
817 2724 967 2769 nostri
992 2724 1054 2770 ad
1081 2723 1250 2771 urbem
1266 2761 1278 2784 ,
1306 2742 1430 2789 quos
1455 2727 1705 2774 conflictus
1738 2727 2118 2792 disputationum
2145 2724 2385 2772 scholares
2409 2723 2582 2778 nostri,
2611 2732 2708 2769 tam

583 2817 692 2846 cum
713 2802 838 2865 ipso,
867 2818 1013 2866 quam
1032 2819 1143 2849 cum
1174 2803 1417 2868 discipulis
1440 2804 1541 2867 ejus
1573 2804 1853 2863 habuerint,
1891 2814 1937 2852 et
1961 2821 2084 2869 quos
2113 2804 2302 2851 fortuna
2337 2811 2534 2850 eventus
2557 2802 2607 2848 in
2635 2801 2709 2847 his

585 2878 757 2925 bellis12
790 2882 975 2929 dederit
1013 2883 1208 2942 nostriS‚
1247 2884 1344 2930 imo
1376 2884 1494 2930 mihi
1525 2885 1613 2949 ipsi
1643 2885 1692 2930 in
1729 2885 1822 2944 eis,
1853 2895 1900 2931 te
1929 2901 2124 2948 quoque
2157 2900 2232 2930 res
2263 2883 2364 2948 ipsa
2394 2883 2494 2946 jam
2524 2881 2707 2928 dudum

586 2959 789 3005 edocuit.
814 2961 935 3008 Illud
959 2979 1073 3009 vero
1095 2962 1244 3025 Ajacis
1270 2973 1317 3010 et
1341 2965 1682 3029 temperantius
1706 2965 1898 3028 loquar,
1930 2974 1976 3012 et
2001 2964 2226 3011 audacter
2253 2962 2492 3028 proferam
2517 2980 2526 3007 :

1461 3073 1504 3115 Si
1523 3074 1704 3127 quaeritis
1721 3074 1842 3128 hujus

1066 3142 1285 3182 Fortunam
1305 3152 1476 3196 pugnae,
1497 3154 1581 3182 non
1601 3154 1691 3182 sum
1711 3149 1927 3196 superatus
1945 3141 1996 3182 ab
2015 3142 2087 3183 illo
2102 3143 2137 3181 ¹²³.

634 3268 640 3283 ¹
667 3271 814 3302 Pes-simis
843 3270 908 3304 Ac.
928 3289 966 3293 -·
987 3270 998 3286 ²
1020 3273 1069 3303 Ad
1098 3276 1234 3315 officium
1254 3275 1323 3315 ejus
1344 3273 1370 3306 D
1389 3279 1422 3306 et
1439 3272 1507 3306 MS.
1522 3272 1618 3306 Amb.
1674 3290 1712 3296 —
1728 3272 1757 3289 ¹⁰
1771 3273 1825 3306 Sic
1845 3273 2125 3307 ACD.-Prisciani
2142 3273 2233 3307 deest
2249 3273 2281 3305 in
2302 3272 2389 3305 Edit.
2411 3270 2708 3304 Ama-Lectiones

587 3342 629 3348 -
659 3325 671 3340 ³
689 3326 863 3359 Constituto
884 3326 979 3360 RMS.
999 3346 1033 3351 ——
1055 3326 1068 3344 ⁴
1084 3327 1137 3362 Sic
1162 3330 1215 3362 CD
1239 3336 1272 3364 et
1290 3329 1359 3364 MS.
1372 3330 1464 3363 Amh.
1481 3347 1504 3354 -
1519 3330 1621 3362 Mele-
1671 3330 1832 3362 Prisciani
1850 3332 1882 3362 in
1904 3331 2016 3370 quibus
2034 3329 2100 3362 MS.
2125 3329 2219 3363 Δηὼ.
2238 3346 2281 3352 -
2298 3328 2325 3345 ¹¹
2353 3328 2536 3369 compulsus
2559 3325 2599 3358 Ι).
2616 3341 2640 3348 -
2658 3324 2709 3356 Λα

588 3385 705 3414 dunum
718 3382 806 3415 Edit.
821 3382 915 3417 Amb.
927 3401 969 3407 —
987 3384 1000 3401 ⁶
1017 3383 1161 3427 ovidius,
1178 3389 1218 3420 de
1234 3388 1367 3420 Remed.
1383 3388 1508 3425 Amor„
1524 3384 1581 3419 lib.
1591 3385 1617 3425 Ι,
1670 3388 1766 3419 vitam
1778 3396 1812 3419 se
1828 3389 1947 3428 recepit
1964 3389 2175 3420 monasticam
2189 3385 2283 3419 Rus.
2299 3402 2340 3408 -
2355 3383 2385 3402 ¹²
2404 3385 2537 3427 Resuqi's
2551 3384 2706 3416 velitatio-

591 3449 618 3470 v.
638 3439 714 3470 369.
730 3456 766 3461 -
778 3438 790 3455 ⁶
807 3440 963 3472 Discretos
979 3440 1033 3473 cl)
1046 3447 1078 3474 et
1093 3441 1161 3475 MS.
1178 3442 1272 3476 Amh.
1284 3462 1323 3467 —
1339 3443 1350 3460 '¹
1364 3442 1447 3476 Vide
1463 3450 1532 3477 not.
1551 3453 1621 3476 xm.
1671 3444 1763 3475 nibus
1779 3443 1942 3476 Parthicis
1964 3442 2058 3476 RMS.
2078 3461 2118 3467 --
2136 3442 2166 3460 '³
2182 3441 2275 3474 Ovid.
2296 3440 2526 3482 Metamorph„
2539 3438 2597 3473 lib.
2612 3437 2704 3475 xlll,

592 3493 644 3518 —-—⁸
662 3495 776 3527 Fronte
788 3497 941 3537 perfricta
953 3496 1046 3529 RMS.
1058 3516 1084 3520 -
1097 3496 1109 3513 ⁰
1123 3498 1292 3531 Dimiserat
1309 3499 1389 3532 ACD
1406 3506 1439 3532 et
1451 3499 1516 3532 MS.
1527 3498 1620 3532 Amb.
1673 3510 1704 3532 ν.
1721 3501 1776 3531 89.
