2970 4152
549 379 609 425 36
1120 382 1288 427 PETRI
1323 381 1648 431 ABAEnARDt
1672 383 1754 431 ET
1778 384 2077 432 HELOISSAE

546 474 703 523 adhuc
726 476 891 523 laboro
922 476 1158 541 periculO,
1187 486 1234 523 et
1256 477 1471 540 quotidie
1495 480 1628 542 quasi
1653 480 1825 527 cervici
1849 497 1965 528 meae
1987 480 2197 544 gladium
2221 481 2548 529 imminentem
2573 500 2649 530 su-

546 556 716 620 spicio,
752 566 805 602 ut
830 557 957 601 inter
985 554 1148 619 epulas
1180 556 1256 602 vix
1288 557 1543 622 respirem,
1581 559 1701 606 sicut
1733 558 1795 607 de
1825 559 1906 607 illo
1930 560 2125 624 legitur*
2149 560 2231 624 qui
2260 577 2411 624 quum
2434 562 2648 626 Dionysii

546 636 732 698 tyranni
750 634 1045 699 ‹potentiam²
1067 644 1208 699 atque
1232 652 1348 701 opes
1381 639 1669 702 conquisitas
1702 639 1915 686 maximae
1945 640 2196 704 imputaret
2218 638 2498 687 beatitudini
2509 644 2539 701 ⁸,
2568 640 2650 688 filo

546 714 741 760 latenter
759 729 1022 778 appensum
1045 731 1187 779 super
1204 731 1254 762 se
1273 714 1482 779 gladium
1500 717 1774 782 aspiciens‘,
1802 734 1906 782 quae
1925 728 2160 766 terrenam
2178 720 2441 785 potentiam
2459 720 2651 768 felicitas

544 803 860 857 consequatur.
878 793 1075 842 edoctus
1099 796 1353 853 est..Quod
1378 813 1507 844 nunc
1525 814 1718 862 quoque
1737 799 1844 863 ipse
1860 798 1922 845 de
1944 815 2154 864 paupere
2173 800 2412 847 monacho
2436 801 2484 848 in
2510 799 2652 848 abba-

544 883 638 919 tem
656 883 925 938 promotus‚
945 874 1642 941 incessanter⁸experior,.tanto
1661 878 1836 925 scilicet
1852 878 2066 926 miserior
2083 889 2263 944 quanto
2282 879 2426 927 ditior
2440 878 2650 939 effectus3

544 962 593 999 ut
618 962 783 1001 nostro
808 954 950 1001 etiam
973 954 1223 1019 exemplo,
1251 972 1426 1003 eorum
1457 957 1540 1020 qui
1568 956 1626 1017 id
1655 968 1827 1022 sponte
1859 968 2110 1024 appetunt,
2142 959 2338 1007 ambitio
2368 959 2646 1006 refrenetur.

544 1036 675 1093 Haec,
708 1033 1007 1082 dilectissime
1030 1034 1181 1084 frater·
1201 1036 1250 1083 'm
1282 1036 1492 1095 Christo,
1520 1047 1568 1084 et
1593 1054 1649 1085 ex
1674 1035 1857 1085 di‘utina
1888 1040 2271 1087 conversatione⁶
2295 1039 2652 1089 familiarissime

543 1130 736 1174 comeS,.
754 1114 814 1164 de
847 1114 1165 1162 calamitatum
1200 1132 1412 1163 mearum
1438 1116 1655 1177 historia,
1693 1118 1742 1165 in
1779 1117 1950 1182 quibus
1979 1119 2116 1183 quasi
2146 1135 2174 1166 a
2208 1117 2455 1166 cunabulis
2480 1117 2654 1181 jugiter

543 1193 737 1254 laboro,
761 1204 851 1242 tuae
876 1211 952 1241 me
984 1194 1268 1242 desolationi
1294 1204 1436 1259 atque
1458 1196 1640 1260 injuriae
1672 1196 1809 1245 illatae
1836 1198 2074 1262 scripsisse
2106 1197 2331 1257 sufficiat3
2353 1206 2427 1257 ut,
2453 1197 2574 1244 sicut
2594 1197 2652 1244 in

544 1273 740 1321 exordio
764 1274 984 1338 praefatus
1000 1290 1107 1320 sum
1132 1273 1362 1338 epistolae,
1391 1277 1750 1339 oppressionem
1777 1279 1931 1324 tuam,⁷
1955 1277 2003 1324 in
2030 1278 2387 1342 comparatione
2411 1291 2651 1338 mearum,

543 1364 624 1401 aut
647 1353 865 1413 nullam⁸,
894 1363 975 1403 aut
999 1353 1263 1401 modicam⁹
1280 1354 1615 1418 *esse·judices;
1642 1365 1691 1402 et
1713 1365 1849 1403 tanto
1864 1372 1970 1403 eam
1982 1358 2009 1381 ¹⁰
2024 1357 2283 1421 patientius:
2302 1357 2445 1417 feras,
2473 1360 2653 1422 quanto

542 1435 813 1482 minorem-¹¹
838 1433 1144 1494 consideras,
1161 1433 1277 1485 illud
1304 1451 1492 1499 semper
1514 1435 1563 1481 in
1583 1435 1960 1483 consolationem
1983 1452 2250 1496 assumens,
2272 1436 2405 1500 quod
2430 1426 2655 1484 membris

542 1514 717 1562 suisde
740 1514 966 1563 membris
989 1513 1166 1562 diaboli
1185 1515 1420 1563 Dominus
1437 1515 1683 1580 praedixit¹²
1704 1533 1714 1562 t
1741 1535 1764 1560 «
1789 1516 1836 1571 Si
1862 1532 1938 1563 me
1957 1517 2192 1580 persecuti
2215 1526 2356 1576 sunt,
2376 1527 2422 1563 et
2441 1533 2526 1564 vos
2549 1534 2655 1582 per-

543 1604 816 1658 sequentur.
847 1594 895 1641 si
920 1594 1130 1642 mundus
1148 1611 1234 1641 vos
1258 1594 1384 1654 odit,
1406 1594 1572 1642 scitote
1596 1595 1826 1658 quoniam
1845 1611 1921 1641 me
1939 1594 2154 1659 priorem
2172 1593 2310 1643 vobis
2332 1595 2446 1642 odio
2469 1594 2650 1644 habuit.

544 1674 591 1720 Si
625 1673 685 1720 de
719 1673 902 1720 mundo
935 1674 1160 1732 fuissetis,
1188 1674 1398 1722 mundus
1434 1673 1569 1738 quod
1598 1690 1739 1721 suum
1769 1683 1868 1721 erat
1902 1673 2131 1738 diligeret.
2163 1693 2186 1719 »
2215 1678 2274 1722 Et
2304 1693 2314 1722 :
2346 1677 2595 1736 «Omnes,
2629 1697 2652 1722 υ

544 1754 1011 1820 i11quitap0stolus¹⁸,
1029 1775 1052 1799 «
1075 1755 1158 1819 qui
1184 1755 1351 1803 volunt
1373 1756 1452 1821 pie
1472 1756 1629 1804 vivere
1643 1756 1702 1803 *in
1728 1755 1916 1803 Christo
1930 1791 1943 1816 ,
1965 1757 2346 1822 persecutionem
2364 1758 2652 1822 patientur.»

546 1837 602 1882 Et
625 1834 736 1882 alibi
747 1837 802 1882 ¹⁴:
836 1855 862 1880 «v
890 1836 1029 1884 Haud
1062 1852 1222 1900 quaero
1252 1835 1530 1884 hominibus
1562 1836 1767 1902 placere.
1805 1837 1854 1883 Si
1889 1836 2047 1884 adhuc
2081 1836 2355 1885 hominibus
2389 1837 2625 1902 placerem
2639 1875 2651 1899 ,

545 1917 716 1964 Christi
734 1934 897 1964 servus
921 1935 1020 1965 non
1047 1934 1214 1965 essem.
1239 1937 1261 1961 »
1277 1921 1337 1965 Et
1353 1918 1661 1984 psalmistassz
1688 1938 1712 1964 «
1735 1918 1932 1966 Confusi
1948 1928 2086 1979 sunt,
2113 1938 2136 1964 »
2158 1920 2334 1984 inquit,
2360 1939 2383 1964 «
2407 1920 2489 1984 qui
2503 1920 2656 1968 homi-

544 1997 683 2044 nibus
707 1997 917 2062 placent,
947 1998 1175 2062 quoniam
1200 2000 1328 2045 Deus
1355 2000 1531 2064 sprevit
1554 2015 1653 2046 eos.
1682 2017 1706 2043 »
1734 1998 1880 2057 Quod
1911 1998 2160 2063 diligenter
2184 1999 2351 2047 beatus
2374 1999 2623 2047 attendens
2634 2003 2659 2026 ¹⁶

544 2079 886 2142 Hieronymus,
915 2079 1049 2142 cujus
1074 2096 1151 2127 me
1175 2080 1411 2145 praecipue
1436 2080 1484 2127 in
1509 2080 1811 2128 contumeliis
1835 2079 2184 2127 detractionum
2209 2079 2447 2128 haeredem
2471 2082 2658 2146 conspi-

544 2160 642 2219 cio,
665 2159 732 2206 ad
747 2160 1065 2224 Nepotianum
1089 2160 1299 2208 scribens
1318 2161 1421 2207 ait¹⁷
1443 2179 1460 2207 t>
1479 2180 1503 2205 «
1526 2163 1583 2207 Sc·
1602 2160 1774 2219 adhuc,
1795 2161 1951 2226 inquit
1977 2160 2248 2227 apostolus»,
2271 2160 2533 2208 hominibus
2552 2161 2658 2225 pla-

545 2257 726 2299 cerem,
759 2240 935 2286 Christi
957 2257 1117 2287 servus
1140 2258 1236 2287 non
1259 2257 1421 2287 essem.
1457 2241 1607 2288 Desiit
1628 2240 1816 2306 placere
1839 2240 2139 2301 hominibuS,
2162 2250 2209 2288 et
2232 2257 2397 2290 servus
2418 2240 2567 2288 factus
2590 2250 2660 2287 est

546 2318 767 2366 Christi.»
787 2319 999 2367 Idemad
1020 2319 1300 2368 Asellamde
1318 2320 1439 2367 fictis
1456 2321 1654 2368 amicis²⁸
1675 2339 1685 2368 z
1713 2341 1737 2366 ce
1758 2321 1943 2369 Gratias
1961 2338 2051 2386 ago
2070 2324 2172 2369 Deo
2192 2338 2319 2382 meo,
2337 2320 2471 2386 quod
2489 2320 2659 2385 dignus

544 2401 631 2447 sim
648 2417 794 2465 quem
812 2399 1021 2447 mundus
1040 2399 1211 2448 oderit.
1230 2420 1252 2445 »
1275 2403 1334 2447 Et
1351 2400 1412 2448 ad
1432 2400 1745 2449 Heliodorum
1761 2401 2088 2449 monachum¹⁹
2103 2395 2121 2448 4
2141 2421 2165 2447 ι(
2183 2404 2340 2461 Erras,
2361 2401 2517 2460 frater,
2532 2416 2658 2449 erras

543 2482 580 2526 si
615 2491 759 2546 putas·
786 2498 999 2546 unquam
1029 2481 1339 2530 christianum
1369 2483 1751 2548 persecutionem
1778 2498 1877 2530 non
1903 2483 2021 2548 pati.
2046 2482 2360 2529 Adversarius
2377 2492 2536 2529 noster
2554 2492 2659 2528 tan·

543 2578 683 2624 quam
706 2561 775 2608 leo
800 2564 990 2628 rugiens
1017 2561 1241 2609 devorare
1259 2580 1477 2627 qaoerens
1497 2565 1663 2610 circuit
1678 2565 1721 2622 ²⁰,
1743 2572 1792 2610 et
1808 2573 1861 2610 tu
1878 2578 2046 2628 pacem
2065 2561 2231 2627 putas?
2251 2561 2393 2609 Sedet
2410 2561 2459 2607 in
2478 2561 2660 2608 insidiis

543 2658 653 2687 cum
681 2641 921 2688 div-itibus.
954 2661 976 2686 »
1006 2642 1087 2689 His
1111 2643 1270 2706 itaque
1301 2642 1603 2690 documentis
1627 2652 1770 2708 atq-ue
1790 2642 2019 2707 exemplis
2048 2641 2266 2700 animati«,
2294 2647 2427 2687 tanto
2452 2642 2662 2688 securius

544 2719 630 2766 ista
661 2720 941 2780 toleremus,
979 2730 1160 2785 quanto
1199 2722 1472 2785 injuriosius
1507 2722 1745 2769 accidunt.
1780 2724 1896 2780 Quae
1927 2721 1967 2768 si
2001 2737 2101 2767 non
2139 2720 2201 2767 ad
2240 2718 2462 2767 meritum
2495 2719 2656 2779 nobis,

544 2800 709 2847 saltem
739 2801 800 2848 ad
832 2801 1166 2867 purgationem
1198 2801 1407 2866 aliquam
1438 2801 1673 2867 proficere
1702 2818 1806 2849 non
1833 2800 2122 2848 dubitemus.
2159 2803 2217 2847 Et
2244 2801 2474 2865 quoniam
2499 2801 2662 2849 omnia

545 2880 703 2927 divina
728 2881 1070 2947 dispositione²¹
1095 2892 1341 2947 geruntur,
1370 2883 1419 2931 in
1443 2881 1539 2930 hoc
1571 2898 1622 2931 se
1646 2880 1818 2931 'saltem
1842 2881 2044 2947 quisque
2068 2880 2282 2929 fidelium
2306 2882 2356 2928 in
2375 2882 2510 2930 omni
2533 2898 2663 2947 pres-

547 3073 561 3088 ·
582 3070 639 3103 par
658 3060 690 3093 le
706 3061 838 3094 conduit
851 3062 928 3095 d'un
945 3063 1046 3097 baron
1063 3063 1105 3097 de
1121 3063 1151 3097 la
1165 3070 1266 3097 terre.
1284 3075 1299 3092 ι
1317 3062 1409 3095 Dom.
1427 3061 1589 3095 Gervaise·

545 3122 652 3149 autem
671 3123 705 3149 et
724 3116 862 3150 Nicen-on
881 3121 1040 3152 conductu
1058 3126 1152 3154 terroe
1169 3125 1298 3152 vertunt
1311 3130 1375 3160 pam
1395 3129 1438 3151 un
1461 3121 1581 3160 equus,

546 3171 629 3204 male
647 3178 682 3204 ut
699 3172 826 3216 opinor,
842 3174 985 3216 quamvis
1005 3186 1089 3208 nunc
1105 3176 1203 3208 etiam
1219 3176 1303 3208 inter
1321 3174 1431 3208 Sancti
1445 3174 1579 3208 Gildasii

546 3226 662 3260 rudera
675 3235 836 3261 secretum
857 3229 973 3262 callem
988 3230 1090 3264 latere
1108 3231 1229 3272 ferunt,
1247 3241 1307 3276 per
1322 3241 1418 3275 quem
1433 3230 1581 3263 Abaelar-

546 3283 605 3316 dus
630 3283 777 3326 effugisse
796 3284 944 3318 traditur.
963 3286 1013 3319 Cf.
1034 3287 1206 3328 Remmia,
1219 3288 1242 3321 l.
1260 3298 1291 3321 c.
1303 3315 1312 3329 ,
1330 3294 1355 3321 t.
1372 3287 1384 3320 l
1399 3312 1407 3327 ,
1428 3298 1465 3331 p.
1483 3288 1582 3319 137.-

545 3342 692 3381 Αιιερίοὶο
701 3344 840 3374 maxime
850 3343 958 3381 fausto
966 3342 1105 3376 Rus-
1119 3344 1123 3349 ’
1136 3344 1209 3386 Leqi
1220 3343 1333 3377 1).-cr.
1351 3345 1444 3377 Tusc.
1457 3344 1577 3383 Quoest.

542 3394 602 3428 lib.
617 3394 658 3435 V,
673 3406 744 3439 cap.
766 3408 834 3429 xxi.
850 3415 892 3421 —
905 3396 919 3414 ’
941 3398 1138 3432 Potestatem
1153 3399 1219 3432 MS.
1237 3399 1332 3433 Amb.
1344 3416 1389 3425 —
1402 3399 1415 3417 ⁸
1440 3399 1579 3432 Summoe

545 3454 714 3492 imputaret
727 3454 879 3495 felicitati
899 3453 992 3486 RMS.
1008 3471 1051 3480 -
1072 3454 1085 3471 ⁴
1109 3455 1290 3496 Suspiciens
1310 3456 1350 3489 Ι).
1368 3473 1411 3482 -
1428 3455 1441 3473 ⁸
1458 3456 1581 3488 Inde-ri*-

1621 3067 1731 3095 nemer
1751 3060 1845 3096 Rus.
1861 3079 1902 3085 —
1915 3061 1929 3078 ⁶
1945 3060 2075 3094 Diutino
2091 3063 2279 3094 commercio
2298 3058 2394 3093 ltus.
2409 3076 2453 3084 —
2469 3058 2481 3076 ¹
2501 3059 2585 3092 Tuas
2609 3069 2659 3091 res

1622 3119 1775 3149 adversae
1800 3114 1953 3149 RMS.—
1967 3114 1980 3132 ⁸
2001 3116 2119 3149 Nullas.
2134 3115 2230 3148 mis.
2244 3131 2283 3139 -
2301 3113 2316 3132 ‘
2332 3115 2477 3147 Hodicas
2501 3113 2595 3152 Rus.
2615 3130 2659 3136 --

1624 3172 1652 3190 ¹⁰
1667 3173 1736 3205 Eas
1749 3171 1890 3206 RMS.—
1899 3171 1926 3190 ¹¹
1943 3173 2115 3215 Inferiores
2127 3179 2228 3206 tecum
2243 3178 2366 3213 reputes
2378 3170 2513 3204 RMS.-
2523 3170 2550 3188 ¹²
2564 3170 2657 3204 Joan.

1623 3239 1759 3273 cap.xv.
1774 3239 1805 3260 v.
1823 3229 1863 3260 20
1876 3235 1908 3261 et
1920 3228 2050 3272 sq.—‘³
2063 3228 2197 3261 Timoth.
2213 3238 2287 3271 cap.
2297 3238 2344 3267 nt,
2357 3237 2389 3259 v.
2407 3228 2458 3259 12.
2468 3225 2537 3249 —'⁴
2550 3227 2657 3259 Galat.

1624 3295 1697 3329 cap.
1716 3296 1747 3325 ι,
1765 3295 1796 3317 v.
1820 3285 1954 3318 10,—¹⁸
1969 3285 2087 3318 Psalm.
2105 3295 2167 3325 ut,
2182 3294 2213 3317 v.
2230 3282 2349 3316 6.-“
2367 3283 2545 3316 observans
2563 3282 2659 3315 RMS.

1621 3338 1695 3365 —fl
1710 3339 1816 3384 Epist.
1832 3350 1946 3379 xxxiv,
1964 3340 2046 3382 Opp.
2063 3347 2086 3372 t.
2101 3338 2154 3377 lv,
2169 3339 2229 3372 col.
2246 3338 2367 3371 3640-
2379 3336 2408 3354 ¹⁸
2419 3337 2520 3382 Epist.
2539 3348 2656 3374 xxvm.

1626 3397 1706 3439 Opp.
1725 3403 1751 3430 t.
1772 3394 1827 3436 IV,
1847 3396 1911 3429 col.
1929 3397 1985 3430 67.
2004 3413 2042 3420 —
2056 3395 2085 3414 ¹⁹
2101 3395 2207 3439 Epist.
2223 3405 2255 3434 ν,
2275 3395 2357 3436 Ορρ.
2374 3400 2398 3426 t.
2418 3393 2472 3433 Ν,
2491 3394 2553 3427 col.
2572 3394 2602 3426 8.
2618 3410 2661 3418 --

1624 3452 1655 3471 ’⁰
1668 3452 1753 3487 Petri
1768 3451 1862 3495 epist.
1881 3463 1909 3495 ι,
1924 3461 1998 3496 cap.
2011 3463 2044 3493 v,
2059 3463 2090 3485 v.
2106 3450 2215 3485 8.-⁸‘
2231 3450 2471 3491 Dispensatione
2485 3449 2551 3482 MS.
2564 3448 2644 3482 Ami*
