2970 4152
1311 410 1506 459 NOTAE.
2400 409 2461 454 45

351 507 455 544 illum
470 508 592 556 ipsum
609 517 686 542 esse
703 505 924 554 magistrum
943 503 1163 540 Anselmum
1182 502 1451 540 laudunensem
1468 531 1478 548 ,
1504 514 1616 552 quem
1637 502 1770 538 Petrus
1789 500 2002 538 Abaelardus
2029 500 2122 536 dicit
2151 506 2240 535 tunc
2265 501 2460 535 maximam

350 567 636 617 exantiquitate.
648 567 908 603 auctoritatem
927 566 1100 601 tenuisse.
1119 565 1208 602 Fuit
1223 572 1348 602 autem
1373 564 1476 601 idem
1491 563 1691 600 canonicus
1707 570 1739 599 e!
1761 563 1923 599 decanus
1941 561 2101 599 ecclesiae
2114 560 2365 606 laudunensis,
2386 574 2460 597 non

349 631 544 680 episcopus
556 657 567 676 ‚
587 636 631 666 ut
643 628 796 679 quidam
815 627 1025 664 inconsulte
1041 627 1128 663 satis
1143 627 1387 676 scripserunt.
1408 625 1522 675 Quod
1533 632 1619 665 ante
1636 636 1765 661 omncs
1783 624 1840 660 vel
1857 625 1991 660 citatus
2008 623 2085 671 jam
2101 623 2261 671 scriptor
2279 622 2387 658 docet
2403 622 2464 657 his

349 693 469 729 verbis
491 709 498 728 :
519 707 536 725 «
554 692 627 730 Vir
649 690 941 740 sapientissimus
957 689 1136 738 magister
1147 688 1347 737 Anselmus
1362 695 1456 724 tunc
1474 687 1656 736 temporis
1672 687 1832 723 ecclesiae
1848 693 1981 723 nostrae
2004 685 2204 722 canonicus
2221 691 2259 721 et
2278 684 2439 720 decanus
2451 713 2460 728 ‚

349 767 415 803 per
431 761 553 791 totum
575 766 671 803 pene
693 753 823 789 orbem
842 752 1021 797 latinum,
1049 751 1209 787 scientiae
1224 757 1263 787 et
1279 749 1501 800 eloquentiae
1519 761 1591 786 suae
1609 749 1706 785 sama
1729 749 1957 785 notissimus.
1980 763 1998 782 ι»
2017 748 2233 797 Habuitque
2255 747 2356 784 inter
2374 746 2463 783 alios

347 815 554 854 lectionum
572 827 725 852 suarum
743 813 933 850 auditores
951 820 989 849 et
1004 812 1220 861 discipulos,
1241 825 1360 862 quum
1377 812 1602 861 magistrum
1620 809 1864 846 Guillelmum
1881 810 1929 846 de
1948 809 2146 858 Campellis
2159 808 2464 846 archidiaconum

347 877 506 914 ecclesiae
517 877 714 926 parisiacae‚
734 875 781 912 de
799 888 875 925 quo
889 876 1074 924 superius,
1088 876 1243 912 Petrum
1259 881 1431 912 nostrum
1445 873 1696 918 Abaelardum,
1711 873 1777 922 qui
1796 873 1868 908 suit
1883 873 2014 921 etipse
2030 879 2154 921 postea
2173 873 2348 920 magister
2367 871 2464 908 cele-

347 939 551 985 berrimus,
567 938 784 976 Albericum
805 938 1026 975 Remensem
1039 965 1050 982 ,
1074 944 1112 974 et
1129 936 1321 974 Lotulfum
1341 937 1607 974 Novariensem
1621 936 1699 972 sive
1712 934 1964 971 Lombardum
1975 963 1985 980 ‚
2003 934 2050 970 de
2067 934 2205 983 quibus
2223 941 2365 982 postea,
2386 941 2465 969 tum

346 1002 529 1051 praecipue
551 1001 800 1039 Guillelmum
819 1000 1112 1036 cantuariensem
1130 999 1469 1048 archiepiscopum.
1489 999 1572 1036 Hoc
1596 998 1698 1034 enim
1718 1004 1875 1034 testatur
1897 997 2009 1033 etiam
2025 997 2195 1045 praefatus
2214 996 2372 1032 ecclesiae
2386 996 2466 1032 lau-

346 1062 524 1100 dunensis
539 1064 761 1109 historicus,
779 1075 897 1112 quum
915 1063 968 1099 ait
989 1075 997 1095 :
1019 1077 1036 1095 α
1051 1062 1128 1098 Nos
1146 1062 1273 1111 itaque
1290 1068 1481 1110 assumpto
1497 1060 1657 1098 dominae
1676 1066 1809 1096 nostrae
1823 1059 1961 1095 feretro
1975 1066 2086 1108 atque
2105 1058 2286 1107 reliquiis,
2306 1059 2468 1095 Cantua-

345 1126 440 1162 riam
454 1125 622 1162 venimus
631 1154 641 1171 ,
655 1125 721 1162 ubi
736 1132 826 1163 tunc
844 1131 924 1162 erat
937 1124 1238 1173 archiepiscopus
1252 1123 1427 1160 dominus
1438 1122 1654 1160 Willelmus
1667 1122 1773 1158 nobis
1790 1121 2016 1166 notissimus,
2030 1121 2207 1170 quoniam
2222 1120 2300 1168 jam
2321 1120 2466 1156 dudum

347 1199 414 1235 pro
431 1187 618 1238 audienda
631 1187 793 1224 lectione
809 1187 977 1235 magistri
994 1185 1160 1224 Anselmi
1187 1185 1410 1224 Laudunum
1428 1192 1558 1235 petens
1581 1184 1710 1221 multis
1728 1184 1861 1220 diebus
1882 1184 1921 1220 in
1937 1184 2100 1233 episcopi
2121 1183 2233 1220 domo
2253 1190 2435 1219 manserat
2450 1211 2461 1230 ,

347 1247 474 1298 ibique
486 1248 581 1285 filios
593 1248 755 1294 Radulfi,
775 1248 985 1285 cancellarii
999 1248 1098 1296 regis
1111 1247 1335 1297 Anglorum‚
1349 1247 1563 1285 docuerat.»
1578 1247 1632 1283 Ex
1645 1246 1782 1296 quilius
1793 1246 1915 1282 verbis
1931 1245 2106 1294 colligere
2123 1251 2178 1281 est
2194 1244 2462 1282 laudunensem

344 1309 535 1346 ecclesiam
553 1316 643 1347 tunc
659 1310 771 1346 fuisse
788 1310 892 1359 quasi
910 1322 1089 1358 magnum
1107 1309 1275 1358 undique
1289 1309 1542 1346 studiosorum
1562 1315 1810 1352 conventum;
1829 1319 1922 1357 quos
1939 1320 1961 1344 e
1976 1307 2103 1344 multis
2114 1306 2272 1345 urbibus
2286 1314 2323 1342 et
2340 1306 2462 1352 regio-

344 1371 453 1408 nibus
481 1371 660 1420 magistro
677 1371 732 1408 illi
747 1371 926 1409 Anselmo
946 1364 1150 1420 discipulos
1167 1370 1346 1408 doctrinae
1367 1370 1525 1407 celebris
1551 1371 1648 1408 fama
1675 1369 1932 1406 contrahebat.
1959 1370 2046 1417 Quo
2064 1376 2188 1405 autem
2212 1381 2310 1405 anno
2334 1368 2460 1403 deces-

342 1434 456 1481 serit,
472 1439 510 1470 et
528 1432 592 1470 ubi
613 1433 780 1483 sepultus
795 1433 927 1480 suerit,
946 1433 1095 1471 dicetur
1111 1433 1221 1470 infra.
1239 1432 1322 1482 [Cf.
1339 1433 1439 1470 Hist.
1457 1433 1528 1470 liu.
1547 1431 1594 1469 de
1612 1433 1651 1468 la
1666 1432 1829 1478 France,
1849 1438 1878 1468 t.
1894 1431 1928 1467 X
1942 1458 1952 1474 ‚
1970 1444 2007 1488 p.
2028 1433 2095 1469 ⁴70
2113 1438 2150 1468 et
2167 1428 2271 1481 seq.]

1203 1536 1299 1574 Nota
1315 1536 1452 1581 XVII,
1466 1548 1550 1586 pag.
1570 1539 1603 1575 8.

388 1619 560 1669 fartis-ius
572 1633 743 1657 reversus
753 1621 902 1658 scholas
916 1620 1008 1657 mihi
1015 1621 1098 1670 jam
1109 1619 1254 1657 dudum
1265 1619 1533 1657 destinatas....
1545 1619 1710 1668 possedi.
1720 1641 1754 1648 -
1771 1619 1878 1657 Otho
1892 1620 2014 1656 Frisin
2019 1621 2154 1669 gensis,
2169 1620 2235 1657 lib.
2247 1621 2263 1657 1
2275 1620 2322 1656 de
2336 1621 2460 1656 Rebus

343 1683 463 1728 gestis
474 1681 668 1718 Frederici
671 1682 705 1724 Ι,
717 1694 796 1731 cap.
810 1694 906 1718 nvn
921 1698 929 1717 .·
944 1696 961 1715 a
972 1682 1098 1727 Post,»
1115 1681 1241 1732 inquit
1252 1681 1299 1718 de
1309 1681 1502 1719 Abaelardo
1513 1681 1682 1731 loquens,
1699 1696 1716 1715 α
1729 1681 1777 1718 ad
1791 1683 2025 1731 gravissimos
2035 1683 2133 1719 viros
2143 1682 2360 1720 Anselmum
2374 1683 2462 1719 Lau-

341 1741 559 1789 dunensem,
580 1743 828 1780 Guillelmum
845 1744 1155 1793 Campellensem,
1175 1743 1370 1800 Catalauni
1391 1744 1621 1793 episcopum,
1641 1745 1829 1794 migrans,
1851 1746 2093 1795 ipsorumque
2109 1745 2298 1784 dictorum
2314 1746 2459 1794 pondus

341 1810 516 1854 tanquam
531 1804 748 1842 subtilitatis
763 1806 935 1842 acumine
951 1818 1108 1843 vacuum
1119 1806 1292 1853 judicans
1304 1834 1315 1852 ,
1333 1819 1410 1842 non
1422 1807 1489 1843 diu
1506 1807 1696 1844 sustinuit.
1713 1806 1806 1844 Inde
1824 1807 2044 1856 magistrum
2061 1807 2236 1856 induens,
2251 1808 2460 1845 Parrhisius

291 1874 305 1880 *
339 1866 438 1906 venit
449 1893 459 1910 ,
487 1865 694 1915 plurimum
731 1867 991 1904 inventionum
1026 1867 1254 1912 subtilitate,
1278 1879 1353 1904 non
1380 1868 1501 1905 solum
1523 1868 1571 1904 ad
1597 1867 1873 1917 philosophiam
1907 1870 2196 1906 necessariarum
2211 1898 2221 1916 ‚
2249 1870 2312 1907 sed
2336 1877 2373 1906 et
2392 1882 2459 1918 pro

338 1928 614 1966 commovendis
632 1928 679 1966 ad
688 1929 793 1977 jocos
811 1930 945 1967 animis
964 1929 1163 1968 hominum
1179 1929 1330 1967 utilium
1343 1958 1354 1976 ,
1379 1929 1514 1967 valens.
1538 1945 1557 1965 ι»
1579 1930 1708 1979 [Vide
1729 1931 1865 1979 Script.
1884 1944 1955 1967 rer.
1972 1932 2116 1980 gallic„
2134 1939 2159 1968 t.
2180 1932 2296 1978 XIII,
2317 1945 2354 1981 p.
2369 1933 2429 1970 74.
2445 1934 2456 1979 ]

1189 2029 1286 2066 Nota
1304 2028 1460 2076 XVIII,
1476 2042 1560 2080 pag.
1575 2033 1610 2068 9.

385 2107 681 2148 Adolescentula
698 2109 874 2159 quasdam
894 2113 1042 2148 nomitaec
1065 2110 1258 2159 Hehissa,
1274 2115 1399 2161 neptis
1417 2115 1591 2150 canonici
1607 2112 1806 2164 cujusdam
1819 2142 1829 2160 ,
1849 2115 1916 2163 qui
1946 2113 2145 2150 Fulbertus
2174 2113 2394 2150 vocabatur.
2412 2133 2457 2139 —-

339 2171 410 2208 Vir
426 2170 558 2210 doctus
574 2172 757 2222 Papyrius
769 2174 962 2210 Massonus
975 2201 986 2219 ‚
1008 2173 1075 2211 lib.
1092 2174 1150 2211 111
1163 2174 1324 2222 Annal„
1345 2175 1443 2213 hanc
1459 2175 1666 2213 Heloissam
1685 2177 1872 2225 praestanti
1893 2177 2046 2226 ingenio
2064 2176 2257 2226 formaque
2273 2174 2454 2225 puellam,

335 2234 387 2270 ait
406 2233 518 2272 fuisse
535 2234 649 2271 filiam
670 2235 877 2273 naturalem
898 2236 1054 2274 Joannis
1071 2237 1196 2275 nescio
1218 2237 1325 2285 cujus
1345 2238 1558 2286 parisiensis
1579 2239 1762 2275 canonici.
1786 2239 1933 2277 Verum
1953 2238 1992 2275 id
2016 2238 2116 2275 unde
2134 2239 2335 2288 sumpserit
2349 2266 2359 2283 ‚
2382 2250 2457 2274 non

335 2301 390 2331 cst
405 2295 444 2332 in
461 2303 654 2346 promptu,
671 2309 740 2334 nec
757 2304 857 2335 certe
876 2298 1078 2337 concordat
1091 2306 1157 2336 aut
1170 2299 1288 2348 ipsius
1303 2299 1488 2338 Abaelardi
1503 2300 1634 2347 dictis,
1653 2308 1718 2338 aut
1735 2301 1946 2338 calendario
1960 2302 2074 2339 etiam
2088 2301 2340 2350 paracletensi,
2357 2301 2459 2350 quod

337 2363 504 2395 recenset
515 2357 663 2395 obitum
677 2359 707 2395 F
710 2358 846 2396 ulberti
863 2360 1045 2406 canonici,
1061 2360 1237 2398 Heloissae
1249 2361 1437 2408 avunculi,
1455 2369 1633 2412 corrupte
1652 2370 1777 2399 tamen
1789 2363 1859 2400 sub
1875 2362 2036 2400 Huberti
2051 2363 2203 2400 nomine
2214 2391 2224 2409 ,
2238 2363 2297 2399 his
2310 2363 2431 2399 verbis
2447 2379 2452 2396 :

338 2433 354 2450 κ
369 2430 417 2455 vn
438 2419 512 2456 kal.
535 2420 685 2468 januar.
714 2421 811 2458 obiit
828 2422 1020 2459 Hubertus
1043 2422 1265 2469 canonicus,
1292 2423 1451 2461 dominae
1477 2424 1636 2462 Heloisae
1658 2424 1861 2463 avunculus
1881 2441 1898 2458 υ
1917 2425 2019 2472 Quin
2036 2404 2261 2486 effulberti
2289 2424 2455 2461 canonici

337 2479 548 2527 parisiensis
564 2483 737 2519 meminit
756 2482 963 2521 Ordericus
978 2484 1154 2521 uticensis
1169 2485 1395 2533 monachus,
1412 2485 1478 2522 lib.
1496 2486 1573 2525 VII
1588 2485 1762 2523 Historiae
1777 2499 1850 2523 suae
1865 2486 2148 2533 Ecclesiasticae3
2166 2499 2278 2536 quem
2299 2492 2342 2522 ut
2354 2486 2455 2521 hunc

334 2553 484 2591 quoque
509 2542 685 2580 eumdem
708 2543 885 2582 Heloissae
902 2546 1128 2583 avunculum
1153 2546 1266 2583 fuisse
1291 2547 1460 2593 credam,
1480 2548 1576 2584 ratio
1595 2548 1834 2596 potissimum
1848 2548 2030 2597 temporis
2047 2549 2146 2585 facit.
2171 2563 2188 2581 κ
2204 2548 2418 2596 Regnante,
2440 2565 2454 2581 »a

335 2602 477 2653 inquit,
501 2618 518 2636 α
534 2603 720 2642 Ludovico
741 2617 849 2655 rege,
870 2606 1024 2656 quidam
1043 2607 1244 2644 canonicus
1262 2608 1415 2645 nomine
1432 2608 1634 2645 Fulbertus
1649 2610 1814 2646 Parisius
1827 2616 1930 2655 erat,
1945 2610 2009 2659 qui
2028 2622 2068 2646 os
2082 2611 2273 2659 integrum
2288 2610 2335 2646 de
2353 2610 2455 2659 spina

334 2666 450 2702 sancti
484 2665 641 2703 Ebrulbi
667 2666 847 2713 habebat,
881 2668 984 2718 quod
1009 2668 1220 2718 capellanus
1251 2669 1299 2706 de
1327 2670 1467 2719 capella
1489 2671 1644 2709 Henrici
1680 2672 1778 2722 regis
1802 2673 2030 2711 Francorum
2065 2672 2298 2710 subtraxerat
2309 2700 2321 2720 ,
2347 2673 2456 2721 eique

329 2727 407 2774 jam
428 2727 573 2765 dudum
585 2741 653 2777 pro
671 2730 808 2766 amoris
828 2730 986 2779 pignore
1001 2730 1167 2768 dederat.
1184 2732 1339 2768 Timens
1357 2739 1481 2769 autem
1499 2746 1570 2782 pro
1588 2733 1742 2771 diversis
1766 2735 1884 2771 causis
1900 2734 1995 2771 illud
2013 2734 2169 2782 habere,
2190 2734 2355 2771 Fulcone
2370 2746 2455 2783 pre-

337 2789 485 2838 sbytero
501 2790 647 2828 Mauliae
665 2791 854 2828 mediante
865 2820 875 2838 ,
893 2793 1056 2830 ‘accersit
1073 2792 1322 2831 Guillelmum
1342 2794 1390 2832 de
1407 2795 1637 2833 Monsterolo
1662 2797 1827 2846 priorem
1857 2796 2001 2833 Mauliae
2014 2825 2024 2842 ,
2046 2797 2157 2847 eique
2183 2796 2360 2846 reliquias
2378 2804 2454 2833 tra-

334 2850 433 2888 didit
448 2851 665 2890 deferendas
681 2854 838 2891 uticensi
858 2844 1104 2919 ecclesiaeffi
1116 2856 1176 2894 Cf.
1194 2856 1374 2894 Remusat
1386 2884 1396 2903 ,
1417 2858 1612 2902 Abdlard,
1636 2865 1663 2895 t.
1680 2859 1720 2905 I,
1742 2871 1780 2908 p.
1798 2859 1855 2898 47.
1877 2859 1892 2908 ]

1184 2955 1281 2992 Nota
1300 2955 1396 2992 XIX
1411 2983 1422 3001 ‚
1444 2969 1529 3006 pag.
1549 2959 1606 2996 ⁴2.

387 3031 462 3068 Ubi
488 3033 595 3080 apud
618 3046 782 3070 sar-orem
811 3037 1198 3075 meam....—Sorori
1219 3038 1313 3075 huic
1338 3038 1523 3077 Abaelardi
1552 3053 1689 3077 nomen
1716 3041 1911 3095 Dionys-ia,
1941 3053 2053 3091 quam
2079 3042 2228 3090 reperio
2257 3041 2455 3077 decessisse

335 3103 394 3161 «n
406 3104 494 3162 nen.
514 3093 735 3132 decembris.
754 3112 772 3130 υ
788 3096 850 3133 Sic
864 3097 965 3135 enim
982 3099 1236 3138 calendarium
1250 3100 1510 3151 paracletensis
1521 3102 1683 3140 coenobii
1700 3120 1707 3139 ε
1730 3118 1746 3136 «
1765 3089 1898 3140 u'n‘on.
1915 3102 2058 3142 decem.
2079 3102 2173 3140 obiit
2187 3103 2363 3152 Dionysia
2377 3115 2453 3139 ma-

335 3160 440 3201 gistri
458 3156 574 3194 nostri
592 3157 695 3196 Petri
716 3170 904 3207 germana.
921 3173 937 3191 υ

1193 3236 1290 3274 Nota
1310 3236 1403 3284 XX,
1422 3251 1495 3288 pag
1528 3241 1587 3278 ⁴2.

378 3309 508 3348 Donec
521 3320 673 3361 pareret
694 3316 903 3352 masculum
930 3329 1040 3366 quem
1059 3318 1324 3355 Astralabium
1341 3322 1560 3358 nominavit.
1576 3340 1626 3349 —
1637 3319 1804 3357 Heloissa
1824 3321 1901 3370 ipsa
1922 3321 2087 3359 scribens
2103 3320 2151 3358 ad
2166 3322 2319 3358 Petrum
2342 3320 2453 3357 abba—

331 3375 409 3406 tem
425 3371 720 3413 cluniacensem:
743 3391 761 3411 οι
774 3377 1044 3427 Meminerifis,
1062 3395 1080 3413 »
1099 3380 1245 3430 inquit,
1267 3395 1285 3415 et
1302 3388 1340 3418 et
1357 3394 1484 3418 amore
1503 3382 1572 3419 Dei
1588 3389 1626 3419 et
1645 3383 1785 3430 nostri,
1803 3383 2003 3420 Astralabii
2022 3383 2158 3429 vestri,
2181 3390 2224 3420 ut
2240 3383 2402 3432 aliquam
2421 3384 2454 3419 ci

332 3432 389 3469 vel
406 3446 427 3470 a
445 3436 660 3484 parisiensi,
691 3439 744 3475 vel
769 3440 843 3477 alio
861 3440 1033 3491 quolibet
1048 3443 1224 3492 episcopo
1240 3443 1478 3492 praebendam
1500 3444 1715 3495 acquiratis.
1730 3459 1750 3479 n
1770 3444 1818 3483 Et
1839 3446 1975 3483 Petrus
1998 3445 2176 3483 Heloissae
2199 3445 2428 3494 respondens
2444 3460 2450 3481 ε

336 3509 353 3527 α
373 3497 582 3535 Astralabio
604 3508 747 3549 vestro,
772 3503 963 3553 vestrique
979 3516 1087 3542 causa
1104 3512 1233 3543 nostro
1247 3533 1258 3552 ,
1280 3517 1365 3542 mox
1382 3512 1424 3543 ut
1444 3506 1598 3545 facultas
1619 3506 1705 3544 data
1726 3507 1862 3554 suerit,
1880 3509 1918 3544 in
1939 3507 2060 3557 aliqua
2080 3507 2262 3546 nobilium
2283 3507 2453 3546 ecclesia·
