<?xml version="1.0" encoding="UTF-8"?>
<!DOCTYPE html PUBLIC "-//W3C//DTD XHTML 1.0 Transitional//EN"
    "http://www.w3.org/TR/xhtml1/DTD/xhtml1-transitional.dtd">
<html xmlns="http://www.w3.org/1999/xhtml" xml:lang="en" lang="en">
 <head>
  <title>
</title>
<meta http-equiv="Content-Type" content="text/html;charset=utf-8" />
  <meta name='ocr-system' content='tesseract 3.04.00' />
  <meta name='ocr-capabilities' content='ocr_page ocr_carea ocr_par ocr_line ocrx_word'/>
</head>
<body>
  <div class='ocr_page' id='page_1' title='image "./operahactenusseo01abeluoft_0695.png"; bbox 0 0 2970 4152; ppageno 0'>
   <div class='ocr_carea' id='block_1_1' title="bbox 0 3120 2 3180">
    <p class='ocr_par' dir='ltr' id='par_1_1' title="bbox 0 3120 2 3180">
     <span class='ocr_line' id='line_1_1' title="bbox 0 3120 1 3153; baseline 0 0"><span class='ocrx_word' id='word_1_1' title='bbox 0 3120 1 3153; x_wconf 58' lang='lat'>1</span> 
     </span>
     <span class='ocr_line' id='line_1_2' title="bbox 0 3156 2 3180; baseline 0 0"><span class='ocrx_word' id='word_1_2' title='bbox 0 3156 2 3180; x_wconf 59' lang='grc' dir='ltr'>ι</span> 
     </span>
    </p>
   </div>
   <div class='ocr_carea' id='block_1_2' title="bbox 988 394 2476 453">
    <p class='ocr_par' dir='ltr' id='par_1_2' title="bbox 988 394 2476 453">
     <span class='ocr_line' id='line_1_3' title="bbox 988 394 2476 453; baseline 0.001 -9"><span class='ocrx_word' id='word_1_3' title='bbox 988 397 1160 444; x_wconf 85' lang='lat' dir='ltr'>PETRI</span> <span class='ocrx_word' id='word_1_4' title='bbox 1195 395 1507 453; x_wconf 76' lang='lat' dir='ltr'><strong>ABAELARDI</strong></span> <span class='ocrx_word' id='word_1_5' title='bbox 1543 394 1863 442; x_wconf 83' lang='lat' dir='ltr'><strong>APOLOGIA.</strong></span> <span class='ocrx_word' id='word_1_6' title='bbox 2390 396 2476 446; x_wconf 80' lang='grc'><strong>681</strong></span> 
     </span>
    </p>
   </div>
   <div class='ocr_carea' id='block_1_3' title="bbox 358 489 2495 2170">
    <p class='ocr_par' dir='ltr' id='par_1_3' title="bbox 358 489 2495 2170">
     <span class='ocr_line' id='line_1_4' title="bbox 362 489 2488 558; baseline 0 -18"><span class='ocrx_word' id='word_1_7' title='bbox 362 493 537 558; x_wconf 89' lang='lat' dir='ltr'><strong>probat</strong></span> <span class='ocrx_word' id='word_1_8' title='bbox 568 494 844 541; x_wconf 86' lang='lat' dir='ltr'><strong>Trinitatem</strong></span> <span class='ocrx_word' id='word_1_9' title='bbox 857 531 868 552; x_wconf 91' lang='lat'>‚</span> <span class='ocrx_word' id='word_1_10' title='bbox 900 503 953 540; x_wconf 94' lang='lat' dir='ltr'><strong>ut</strong></span> <span class='ocrx_word' id='word_1_11' title='bbox 986 508 1174 557; x_wconf 88' lang='lat' dir='ltr'>semper</span> <span class='ocrx_word' id='word_1_12' title='bbox 1195 492 1246 538; x_wconf 93' lang='lat' dir='ltr'><strong>in</strong></span> <span class='ocrx_word' id='word_1_13' title='bbox 1276 490 1542 538; x_wconf 89' lang='lat' dir='ltr'><strong>substantia</strong></span> <span class='ocrx_word' id='word_1_14' title='bbox 1575 490 1813 538; x_wconf 90' lang='lat' dir='ltr'><strong>custodiat</strong></span> <span class='ocrx_word' id='word_1_15' title='bbox 1845 489 2096 536; x_wconf 89' lang='lat' dir='ltr'><strong>unitatem.</strong></span> <span class='ocrx_word' id='word_1_16' title='bbox 2131 489 2288 537; x_wconf 87' lang='lat' dir='ltr'>Credo</span> <span class='ocrx_word' id='word_1_17' title='bbox 2317 492 2488 540; x_wconf 91' lang='lat' dir='ltr'><strong>Filium</strong></span> 
     </span>
     <span class='ocr_line' id='line_1_5' title="bbox 362 570 2487 638; baseline 0 -18"><span class='ocrx_word' id='word_1_18' title='bbox 362 590 449 638; x_wconf 89' lang='lat' dir='ltr'><strong>per</strong></span> <span class='ocrx_word' id='word_1_19' title='bbox 483 574 647 621; x_wconf 89' lang='lat' dir='ltr'><strong>omnia</strong></span> <span class='ocrx_word' id='word_1_20' title='bbox 679 574 805 621; x_wconf 89' lang='lat' dir='ltr'><strong>Patri</strong></span> <span class='ocrx_word' id='word_1_21' title='bbox 837 589 938 621; x_wconf 88' lang='lat' dir='ltr'><strong>esse</strong></span> <span class='ocrx_word' id='word_1_22' title='bbox 974 571 1288 637; x_wconf 77' lang='lat' dir='ltr'><strong>coaequalem,</strong></span> <span class='ocrx_word' id='word_1_23' title='bbox 1329 570 1508 618; x_wconf 86' lang='lat' dir='ltr'><strong>scilicet</strong></span> <span class='ocrx_word' id='word_1_24' title='bbox 1538 571 1823 629; x_wconf 86' lang='lat' dir='ltr'><strong>aeternitate,</strong></span> <span class='ocrx_word' id='word_1_25' title='bbox 1861 580 2119 635; x_wconf 84' lang='lat' dir='ltr'><strong>potestate,</strong></span> <span class='ocrx_word' id='word_1_26' title='bbox 2158 570 2406 619; x_wconf 83' lang='lat' dir='ltr'><strong>voluntate</strong></span> <span class='ocrx_word' id='word_1_27' title='bbox 2441 584 2487 621; x_wconf 91' lang='lat' dir='ltr'><strong>et</strong></span> 
     </span>
     <span class='ocr_line' id='line_1_6' title="bbox 363 637 2487 719; baseline 0 -19"><span class='ocrx_word' id='word_1_28' title='bbox 363 670 526 719; x_wconf 91' lang='lat' dir='ltr'><strong>opere.</strong></span> <span class='ocrx_word' id='word_1_29' title='bbox 555 657 650 702; x_wconf 90' lang='lat' dir='ltr'><strong>Nec</strong></span> <span class='ocrx_word' id='word_1_30' title='bbox 673 654 817 702; x_wconf 90' lang='lat' dir='ltr'><strong>audio</strong></span> <span class='ocrx_word' id='word_1_31' title='bbox 841 655 1029 711; x_wconf 88' lang='lat' dir='ltr'><strong>Arium,</strong></span> <span class='ocrx_word' id='word_1_32' title='bbox 1064 654 1147 719; x_wconf 93' lang='lat' dir='ltr'><strong>qui</strong></span> <span class='ocrx_word' id='word_1_33' title='bbox 1169 644 1395 717; x_wconf 84' lang='lat' dir='ltr'><strong>perverso</strong></span> <span class='ocrx_word' id='word_1_34' title='bbox 1418 637 1612 715; x_wconf 86' lang='lat' dir='ltr'><strong>ingenio</strong></span> <span class='ocrx_word' id='word_1_35' title='bbox 1637 661 1791 710; x_wconf 88' lang='lat' dir='ltr'><strong>actus,</strong></span> <span class='ocrx_word' id='word_1_36' title='bbox 1818 651 1916 697; x_wconf 92' lang='lat' dir='ltr'><strong>imo</strong></span> <span class='ocrx_word' id='word_1_37' title='bbox 1943 650 2240 700; x_wconf 90' lang='lat' dir='ltr'><strong>daemoniaco</strong></span> <span class='ocrx_word' id='word_1_38' title='bbox 2263 653 2487 701; x_wconf 88' lang='lat' dir='ltr'><strong>seductus</strong></span> 
     </span>
     <span class='ocr_line' id='line_1_7' title="bbox 361 730 2487 797; baseline 0 -18"><span class='ocrx_word' id='word_1_39' title='bbox 361 733 555 797; x_wconf 89' lang='lat' dir='ltr'><strong>spiritu,</strong></span> <span class='ocrx_word' id='word_1_40' title='bbox 581 734 754 797; x_wconf 89' lang='lat' dir='ltr'><strong>gradus</strong></span> <span class='ocrx_word' id='word_1_41' title='bbox 777 734 888 781; x_wconf 89' lang='lat' dir='ltr'><strong>facit</strong></span> <span class='ocrx_word' id='word_1_42' title='bbox 909 734 958 780; x_wconf 92' lang='lat' dir='ltr'><strong>in</strong></span> <span class='ocrx_word' id='word_1_43' title='bbox 979 733 1229 792; x_wconf 88' lang='lat' dir='ltr'><strong>Trinitate,</strong></span> <span class='ocrx_word' id='word_1_44' title='bbox 1262 735 1452 778; x_wconf 91' lang='lat' dir='ltr'><strong>Patrem</strong></span> <span class='ocrx_word' id='word_1_45' title='bbox 1485 731 1740 794; x_wconf 88' lang='lat' dir='ltr'><strong>majorem,</strong></span> <span class='ocrx_word' id='word_1_46' title='bbox 1766 730 1937 778; x_wconf 90' lang='lat' dir='ltr'><strong>Filium</strong></span> <span class='ocrx_word' id='word_1_47' title='bbox 1968 730 2295 795; x_wconf 84' lang='lat' dir='ltr'><strong>dogmatizans</strong></span> <span class='ocrx_word' id='word_1_48' title='bbox 2328 734 2487 780; x_wconf 90' lang='lat' dir='ltr'><strong>mino-</strong></span> 
     </span>
     <span class='ocr_line' id='line_1_8' title="bbox 362 810 2489 878; baseline 0.001 -20"><span class='ocrx_word' id='word_1_49' title='bbox 362 828 482 873; x_wconf 86' lang='lat' dir='ltr'><strong>rem,</strong></span> <span class='ocrx_word' id='word_1_50' title='bbox 509 812 686 861; x_wconf 90' lang='lat' dir='ltr'><strong>oblitus</strong></span> <span class='ocrx_word' id='word_1_51' title='bbox 705 813 867 877; x_wconf 90' lang='lat' dir='ltr'><strong>legalis</strong></span> <span class='ocrx_word' id='word_1_52' title='bbox 889 814 1135 878; x_wconf 89' lang='lat' dir='ltr'><strong>praecepti¹</strong></span> <span class='ocrx_word' id='word_1_53' title='bbox 1155 831 1165 859; x_wconf 72' lang='grc' dir='ltr'><strong><em>ε</em></strong></span> <span class='ocrx_word' id='word_1_54' title='bbox 1187 831 1211 857; x_wconf 88' lang='lat'>«</span> <span class='ocrx_word' id='word_1_55' title='bbox 1228 814 1335 859; x_wconf 96' lang='lat' dir='ltr'><strong>Non</strong></span> <span class='ocrx_word' id='word_1_56' title='bbox 1358 810 1609 870; x_wconf 85' lang='lat' dir='ltr'><strong>ascendes,</strong></span> <span class='ocrx_word' id='word_1_57' title='bbox 1635 811 1791 875; x_wconf 91' lang='lat' dir='ltr'><strong>inquit</strong></span> <span class='ocrx_word' id='word_1_58' title='bbox 1812 810 1909 870; x_wconf 84' lang='lat' dir='ltr'><strong>lex,</strong></span> <span class='ocrx_word' id='word_1_59' title='bbox 1935 828 2021 875; x_wconf 91' lang='lat' dir='ltr'><strong>per</strong></span> <span class='ocrx_word' id='word_1_60' title='bbox 2045 811 2219 875; x_wconf 90' lang='lat' dir='ltr'><strong>gradus</strong></span> <span class='ocrx_word' id='word_1_61' title='bbox 2242 812 2305 860; x_wconf 90' lang='lat' dir='ltr'><strong>ad</strong></span> <span class='ocrx_word' id='word_1_62' title='bbox 2326 829 2489 860; x_wconf 88' lang='lat' dir='ltr'><strong>meum</strong></span> 
     </span>
     <span class='ocr_line' id='line_1_9' title="bbox 362 877 2487 959; baseline 0 -20"><span class='ocrx_word' id='word_1_63' title='bbox 362 877 561 940; x_wconf 84' lang='lat' dir='ltr'><strong>altare.»</strong></span> <span class='ocrx_word' id='word_1_64' title='bbox 583 893 653 940; x_wconf 89' lang='lat' dir='ltr'><strong>Ad</strong></span> <span class='ocrx_word' id='word_1_65' title='bbox 677 893 824 941; x_wconf 89' lang='lat' dir='ltr'><strong>altare</strong></span> <span class='ocrx_word' id='word_1_66' title='bbox 846 895 1024 959; x_wconf 90' lang='lat' dir='ltr'><strong>quippe</strong></span> <span class='ocrx_word' id='word_1_67' title='bbox 1046 894 1134 940; x_wconf 92' lang='lat' dir='ltr'><strong>Dei</strong></span> <span class='ocrx_word' id='word_1_68' title='bbox 1155 910 1241 958; x_wconf 91' lang='lat' dir='ltr'><strong>per</strong></span> <span class='ocrx_word' id='word_1_69' title='bbox 1263 891 1437 957; x_wconf 84' lang='lat' dir='ltr'><strong>gradus</strong></span> <span class='ocrx_word' id='word_1_70' title='bbox 1462 890 1676 938; x_wconf 91' lang='lat' dir='ltr'><strong>ascendit</strong></span> <span class='ocrx_word' id='word_1_71' title='bbox 1691 929 1702 949; x_wconf 93' lang='lat'><strong>,</strong></span> <span class='ocrx_word' id='word_1_72' title='bbox 1727 891 1810 955; x_wconf 91' lang='lat' dir='ltr'><strong>qui</strong></span> <span class='ocrx_word' id='word_1_73' title='bbox 1831 890 1963 955; x_wconf 92' lang='lat' dir='ltr'><strong>prius</strong></span> <span class='ocrx_word' id='word_1_74' title='bbox 1985 901 2033 938; x_wconf 94' lang='lat' dir='ltr'><strong>et</strong></span> <span class='ocrx_word' id='word_1_75' title='bbox 2057 893 2294 957; x_wconf 89' lang='lat' dir='ltr'><strong>posterius</strong></span> <span class='ocrx_word' id='word_1_76' title='bbox 2315 893 2365 939; x_wconf 92' lang='lat' dir='ltr'><strong>in</strong></span> <span class='ocrx_word' id='word_1_77' title='bbox 2387 893 2487 939; x_wconf 89' lang='lat' dir='ltr'><strong>Tri-</strong></span> 
     </span>
     <span class='ocr_line' id='line_1_10' title="bbox 362 972 2491 1039; baseline 0.001 -20"><span class='ocrx_word' id='word_1_78' title='bbox 362 973 510 1020; x_wconf 88' lang='lat' dir='ltr'><strong>nitate</strong></span> <span class='ocrx_word' id='word_1_79' title='bbox 530 975 686 1038; x_wconf 87' lang='lat' dir='ltr'><strong>ponit.</strong></span> <span class='ocrx_word' id='word_1_80' title='bbox 709 976 939 1039; x_wconf 89' lang='lat' dir='ltr'><strong>Spiritum</strong></span> <span class='ocrx_word' id='word_1_81' title='bbox 960 975 1104 1022; x_wconf 90' lang='lat' dir='ltr'><strong>etiam</strong></span> <span class='ocrx_word' id='word_1_82' title='bbox 1125 984 1345 1021; x_wconf 88' lang='lat' dir='ltr'><strong>sanctum</strong></span> <span class='ocrx_word' id='word_1_83' title='bbox 1368 973 1496 1020; x_wconf 88' lang='lat' dir='ltr'><strong>Patri</strong></span> <span class='ocrx_word' id='word_1_84' title='bbox 1518 982 1564 1019; x_wconf 91' lang='lat' dir='ltr'><strong>et</strong></span> <span class='ocrx_word' id='word_1_85' title='bbox 1586 972 1704 1018; x_wconf 90' lang='lat' dir='ltr'><strong>Filio</strong></span> <span class='ocrx_word' id='word_1_86' title='bbox 1726 972 2186 1020; x_wconf 89' lang='lat' dir='ltr'><strong>consubstantialem</strong></span> <span class='ocrx_word' id='word_1_87' title='bbox 2210 983 2257 1020; x_wconf 90' lang='lat' dir='ltr'><strong>et</strong></span> <span class='ocrx_word' id='word_1_88' title='bbox 2278 990 2491 1038; x_wconf 82' lang='lat' dir='ltr'><strong>coaequa-</strong></span> 
     </span>
     <span class='ocr_line' id='line_1_11' title="bbox 360 1044 2491 1120; baseline 0.002 -20"><span class='ocrx_word' id='word_1_89' title='bbox 360 1052 456 1101; x_wconf 91' lang='lat' dir='ltr'><strong>lem</strong></span> <span class='ocrx_word' id='word_1_90' title='bbox 481 1071 570 1120; x_wconf 93' lang='lat' dir='ltr'><strong>per</strong></span> <span class='ocrx_word' id='word_1_91' title='bbox 600 1045 764 1102; x_wconf 86' lang='lat' dir='ltr'><strong>omnia</strong></span> <span class='ocrx_word' id='word_1_92' title='bbox 787 1066 956 1116; x_wconf 89' lang='lat' dir='ltr'><strong>testor,</strong></span> <span class='ocrx_word' id='word_1_93' title='bbox 981 1065 1150 1120; x_wconf 90' lang='lat' dir='ltr'><strong>utpote</strong></span> <span class='ocrx_word' id='word_1_94' title='bbox 1178 1072 1324 1120; x_wconf 91' lang='lat' dir='ltr'><strong>quem</strong></span> <span class='ocrx_word' id='word_1_95' title='bbox 1350 1054 1580 1102; x_wconf 88' lang='lat' dir='ltr'><strong>bonitatis</strong></span> <span class='ocrx_word' id='word_1_96' title='bbox 1611 1054 1810 1101; x_wconf 92' lang='lat' dir='ltr'><strong>nomine</strong></span> <span class='ocrx_word' id='word_1_97' title='bbox 1843 1053 2080 1118; x_wconf 86' lang='lat' dir='ltr'><strong>designari</strong></span> <span class='ocrx_word' id='word_1_98' title='bbox 2112 1054 2359 1103; x_wconf 90' lang='lat' dir='ltr'><strong>volumina</strong></span> <span class='ocrx_word' id='word_1_99' title='bbox 2372 1044 2491 1108; x_wconf 58' lang='lat' dir='ltr'><strong>fnea</strong></span> 
     </span>
     <span class='ocr_line' id='line_1_12' title="bbox 360 1134 2491 1199; baseline 0 -17"><span class='ocrx_word' id='word_1_100' title='bbox 360 1150 484 1199; x_wconf 86' lang='lat' dir='ltr'><strong>saepe</strong></span> <span class='ocrx_word' id='word_1_101' title='bbox 518 1135 780 1182; x_wconf 86' lang='lat' dir='ltr'><strong>declarant.</strong></span> <span class='ocrx_word' id='word_1_102' title='bbox 822 1138 1012 1183; x_wconf 90' lang='lat' dir='ltr'><strong>Damno</strong></span> <span class='ocrx_word' id='word_1_103' title='bbox 1034 1135 1293 1182; x_wconf 90' lang='lat' dir='ltr'><strong>Sabellium</strong></span> <span class='ocrx_word' id='word_1_104' title='bbox 1309 1173 1320 1193; x_wconf 91' lang='lat'><strong>,</strong></span> <span class='ocrx_word' id='word_1_105' title='bbox 1347 1136 1431 1198; x_wconf 90' lang='lat' dir='ltr'><strong>qui</strong></span> <span class='ocrx_word' id='word_1_106' title='bbox 1462 1134 1684 1181; x_wconf 89' lang='lat' dir='ltr'><strong>eamdem</strong></span> <span class='ocrx_word' id='word_1_107' title='bbox 1717 1151 1975 1197; x_wconf 87' lang='lat' dir='ltr'><strong>personam</strong></span> <span class='ocrx_word' id='word_1_108' title='bbox 2015 1151 2229 1182; x_wconf 88' lang='lat' dir='ltr'><strong>asserens</strong></span> <span class='ocrx_word' id='word_1_109' title='bbox 2262 1136 2411 1183; x_wconf 90' lang='lat' dir='ltr'><strong>Patris</strong></span> <span class='ocrx_word' id='word_1_110' title='bbox 2444 1145 2491 1183; x_wconf 91' lang='lat' dir='ltr'><strong>et</strong></span> 
     </span>
     <span class='ocr_line' id='line_1_13' title="bbox 360 1213 2492 1280; baseline 0.001 -19"><span class='ocrx_word' id='word_1_111' title='bbox 360 1214 486 1274; x_wconf 89' lang='lat' dir='ltr'><strong>Filii,</strong></span> <span class='ocrx_word' id='word_1_112' title='bbox 511 1218 698 1262; x_wconf 88' lang='lat' dir='ltr'><strong>Patrem</strong></span> <span class='ocrx_word' id='word_1_113' title='bbox 720 1232 914 1280; x_wconf 90' lang='lat' dir='ltr'><strong>passum</strong></span> <span class='ocrx_word' id='word_1_114' title='bbox 945 1215 1234 1273; x_wconf 83' lang='lat' dir='ltr'><strong>autumavit3</strong></span> <span class='ocrx_word' id='word_1_115' title='bbox 1268 1213 1398 1261; x_wconf 90' lang='lat' dir='ltr'><strong>unde</strong></span> <span class='ocrx_word' id='word_1_116' title='bbox 1427 1223 1474 1260; x_wconf 92' lang='lat' dir='ltr'><strong>et</strong></span> <span class='ocrx_word' id='word_1_117' title='bbox 1495 1214 1852 1277; x_wconf 67' lang='lat' dir='ltr'><strong>Patrzpassiani</strong></span> <span class='ocrx_word' id='word_1_118' title='bbox 1870 1213 1985 1260; x_wconf 91' lang='lat' dir='ltr'><strong>dicti</strong></span> <span class='ocrx_word' id='word_1_119' title='bbox 2012 1225 2140 1261; x_wconf 90' lang='lat' dir='ltr'><strong>sunt.</strong></span> <span class='ocrx_word' id='word_1_120' title='bbox 2167 1215 2324 1262; x_wconf 87' lang='lat' dir='ltr'><strong>Credo</strong></span> <span class='ocrx_word' id='word_1_121' title='bbox 2347 1216 2492 1263; x_wconf 89' lang='lat' dir='ltr'><strong>etiam</strong></span> 
     </span>
     <span class='ocr_line' id='line_1_14' title="bbox 362 1295 2490 1359; baseline 0 -16"><span class='ocrx_word' id='word_1_122' title='bbox 362 1296 531 1343; x_wconf 85' lang='lat' dir='ltr'><strong>Filium</strong></span> <span class='ocrx_word' id='word_1_123' title='bbox 563 1297 652 1343; x_wconf 91' lang='lat' dir='ltr'><strong>Dei</strong></span> <span class='ocrx_word' id='word_1_124' title='bbox 680 1297 859 1344; x_wconf 87' lang='lat' dir='ltr'><strong>sactum</strong></span> <span class='ocrx_word' id='word_1_125' title='bbox 888 1313 989 1343; x_wconf 91' lang='lat' dir='ltr'><strong>esse</strong></span> <span class='ocrx_word' id='word_1_126' title='bbox 1023 1295 1195 1342; x_wconf 87' lang='lat' dir='ltr'><strong>Filium</strong></span> <span class='ocrx_word' id='word_1_127' title='bbox 1222 1295 1460 1354; x_wconf 86' lang='lat' dir='ltr'><strong>hominis,</strong></span> <span class='ocrx_word' id='word_1_128' title='bbox 1497 1311 1742 1359; x_wconf 90' lang='lat' dir='ltr'><strong>unamque</strong></span> <span class='ocrx_word' id='word_1_129' title='bbox 1770 1311 2028 1359; x_wconf 88' lang='lat' dir='ltr'><strong>personam</strong></span> <span class='ocrx_word' id='word_1_130' title='bbox 2056 1313 2112 1342; x_wconf 85' lang='lat' dir='ltr'><strong>ex</strong></span> <span class='ocrx_word' id='word_1_131' title='bbox 2144 1296 2332 1344; x_wconf 90' lang='lat' dir='ltr'><strong>duabus</strong></span> <span class='ocrx_word' id='word_1_132' title='bbox 2360 1307 2407 1344; x_wconf 90' lang='lat' dir='ltr'><strong>et</strong></span> <span class='ocrx_word' id='word_1_133' title='bbox 2440 1298 2490 1343; x_wconf 90' lang='lat' dir='ltr'><strong>in</strong></span> 
     </span>
     <span class='ocr_line' id='line_1_15' title="bbox 360 1375 2494 1442; baseline 0 -18"><span class='ocrx_word' id='word_1_134' title='bbox 360 1377 542 1424; x_wconf 87' lang='lat' dir='ltr'><strong>naturis</strong></span> <span class='ocrx_word' id='word_1_135' title='bbox 564 1376 752 1424; x_wconf 90' lang='lat' dir='ltr'><strong>duabus</strong></span> <span class='ocrx_word' id='word_1_136' title='bbox 775 1377 1051 1424; x_wconf 90' lang='lat' dir='ltr'><strong>consistere.</strong></span> <span class='ocrx_word' id='word_1_137' title='bbox 1080 1377 1174 1434; x_wconf 91' lang='lat' dir='ltr'><strong>Qui</strong></span> <span class='ocrx_word' id='word_1_138' title='bbox 1202 1385 1312 1441; x_wconf 92' lang='lat' dir='ltr'><strong>post</strong></span> <span class='ocrx_word' id='word_1_139' title='bbox 1335 1375 1626 1439; x_wconf 88' lang='lat' dir='ltr'><strong>completam</strong></span> <span class='ocrx_word' id='word_1_140' title='bbox 1658 1385 1887 1440; x_wconf 75' lang='lat' dir='ltr'><strong>susceptae</strong></span> <span class='ocrx_word' id='word_1_141' title='bbox 1914 1375 2225 1423; x_wconf 89' lang='lat' dir='ltr'><strong>humanitatis</strong></span> <span class='ocrx_word' id='word_1_142' title='bbox 2254 1377 2494 1442; x_wconf 89' lang='lat' dir='ltr'><strong>dispensa-</strong></span> 
     </span>
     <span class='ocr_line' id='line_1_16' title="bbox 359 1455 2493 1522; baseline 0.001 -20"><span class='ocrx_word' id='word_1_143' title='bbox 359 1455 543 1503; x_wconf 88' lang='lat' dir='ltr'><strong>tionem</strong></span> <span class='ocrx_word' id='word_1_144' title='bbox 565 1472 730 1521; x_wconf 92' lang='lat' dir='ltr'><strong>passus</strong></span> <span class='ocrx_word' id='word_1_145' title='bbox 753 1467 824 1503; x_wconf 83' lang='lat' dir='ltr'><strong>est</strong></span> <span class='ocrx_word' id='word_1_146' title='bbox 846 1467 892 1503; x_wconf 93' lang='lat' dir='ltr'><strong>et</strong></span> <span class='ocrx_word' id='word_1_147' title='bbox 916 1466 1157 1515; x_wconf 88' lang='lat' dir='ltr'><strong>mortuus,</strong></span> <span class='ocrx_word' id='word_1_148' title='bbox 1185 1466 1233 1503; x_wconf 91' lang='lat' dir='ltr'><strong>et</strong></span> <span class='ocrx_word' id='word_1_149' title='bbox 1255 1456 1509 1502; x_wconf 85' lang='lat' dir='ltr'><strong>resurrexit</strong></span> <span class='ocrx_word' id='word_1_150' title='bbox 1523 1492 1534 1514; x_wconf 88' lang='lat'>‚</span> <span class='ocrx_word' id='word_1_151' title='bbox 1562 1465 1610 1502; x_wconf 89' lang='lat' dir='ltr'><strong>et</strong></span> <span class='ocrx_word' id='word_1_152' title='bbox 1633 1455 1849 1502; x_wconf 91' lang='lat' dir='ltr'><strong>ascendit</strong></span> <span class='ocrx_word' id='word_1_153' title='bbox 1871 1456 1920 1502; x_wconf 93' lang='lat' dir='ltr'><strong>in</strong></span> <span class='ocrx_word' id='word_1_154' title='bbox 1943 1455 2141 1515; x_wconf 89' lang='lat' dir='ltr'><strong>coelum,</strong></span> <span class='ocrx_word' id='word_1_155' title='bbox 2167 1467 2493 1522; x_wconf 85' lang='lat' dir='ltr'><strong>venturusque</strong></span> 
     </span>
     <span class='ocr_line' id='line_1_17' title="bbox 361 1534 2493 1607; baseline 0 -24"><span class='ocrx_word' id='word_1_156' title='bbox 361 1546 434 1583; x_wconf 93' lang='lat' dir='ltr'><strong>est</strong></span> <span class='ocrx_word' id='word_1_157' title='bbox 463 1536 681 1600; x_wconf 89' lang='lat' dir='ltr'><strong>judicare</strong></span> <span class='ocrx_word' id='word_1_158' title='bbox 715 1537 852 1584; x_wconf 86' lang='lat' dir='ltr'><strong>vivos</strong></span> <span class='ocrx_word' id='word_1_159' title='bbox 875 1547 923 1583; x_wconf 92' lang='lat' dir='ltr'><strong>et</strong></span> <span class='ocrx_word' id='word_1_160' title='bbox 945 1546 1180 1583; x_wconf 90' lang='lat' dir='ltr'><strong>mortuos.</strong></span> <span class='ocrx_word' id='word_1_161' title='bbox 1207 1539 1376 1583; x_wconf 90' lang='lat' dir='ltr'><strong>Assero</strong></span> <span class='ocrx_word' id='word_1_162' title='bbox 1406 1536 1550 1582; x_wconf 90' lang='lat' dir='ltr'><strong>etiam</strong></span> <span class='ocrx_word' id='word_1_163' title='bbox 1573 1535 1622 1582; x_wconf 92' lang='lat' dir='ltr'><strong>in</strong></span> <span class='ocrx_word' id='word_1_164' title='bbox 1644 1534 1887 1600; x_wconf 89' lang='lat' dir='ltr'><strong>baptismo</strong></span> <span class='ocrx_word' id='word_1_165' title='bbox 1916 1536 2139 1583; x_wconf 88' lang='lat' dir='ltr'><strong>universa</strong></span> <span class='ocrx_word' id='word_1_166' title='bbox 2166 1537 2343 1584; x_wconf 90' lang='lat' dir='ltr'><strong>remitti</strong></span> <span class='ocrx_word' id='word_1_167' title='bbox 2375 1537 2493 1607; x_wconf 85' lang='lat' dir='ltr'><strong>deli-</strong></span> 
     </span>
     <span class='ocr_line' id='line_1_18' title="bbox 361 1615 2493 1683; baseline 0 -19"><span class='ocrx_word' id='word_1_168' title='bbox 361 1627 461 1676; x_wconf 91' lang='lat' dir='ltr'><strong>cta;</strong></span> <span class='ocrx_word' id='word_1_169' title='bbox 484 1618 728 1682; x_wconf 86' lang='lat' dir='ltr'><strong>gratiaque</strong></span> <span class='ocrx_word' id='word_1_170' title='bbox 751 1634 841 1665; x_wconf 88' lang='lat' dir='ltr'><strong>nos</strong></span> <span class='ocrx_word' id='word_1_171' title='bbox 874 1634 1035 1681; x_wconf 88' lang='lat' dir='ltr'><strong>egere,</strong></span> <span class='ocrx_word' id='word_1_172' title='bbox 1061 1633 1158 1682; x_wconf 91' lang='lat' dir='ltr'><strong>qua</strong></span> <span class='ocrx_word' id='word_1_173' title='bbox 1186 1627 1233 1665; x_wconf 89' lang='lat' dir='ltr'><strong>et</strong></span> <span class='ocrx_word' id='word_1_174' title='bbox 1260 1617 1545 1682; x_wconf 90' lang='lat' dir='ltr'><strong>incipiamus</strong></span> <span class='ocrx_word' id='word_1_175' title='bbox 1573 1615 1785 1675; x_wconf 92' lang='lat' dir='ltr'><strong>bonum,</strong></span> <span class='ocrx_word' id='word_1_176' title='bbox 1812 1626 1859 1663; x_wconf 92' lang='lat' dir='ltr'><strong>et</strong></span> <span class='ocrx_word' id='word_1_177' title='bbox 1880 1616 2207 1681; x_wconf 87' lang='lat' dir='ltr'><strong>perficiamus,</strong></span> <span class='ocrx_word' id='word_1_178' title='bbox 2239 1617 2493 1683; x_wconf 88' lang='lat' dir='ltr'><strong>lapsosque</strong></span> 
     </span>
     <span class='ocr_line' id='line_1_19' title="bbox 360 1697 2489 1763; baseline 0 -18"><span class='ocrx_word' id='word_1_179' title='bbox 360 1714 447 1762; x_wconf 89' lang='lat' dir='ltr'><strong>per</strong></span> <span class='ocrx_word' id='word_1_180' title='bbox 465 1698 798 1762; x_wconf 86' lang='lat' dir='ltr'><strong>poenitentiam</strong></span> <span class='ocrx_word' id='word_1_181' title='bbox 820 1698 1089 1745; x_wconf 84' lang='lat' dir='ltr'><strong>reformari.</strong></span> <span class='ocrx_word' id='word_1_182' title='bbox 1116 1700 1187 1745; x_wconf 94' lang='lat' dir='ltr'><strong>De</strong></span> <span class='ocrx_word' id='word_1_183' title='bbox 1210 1698 1367 1745; x_wconf 88' lang='lat' dir='ltr'><strong>carnis</strong></span> <span class='ocrx_word' id='word_1_184' title='bbox 1389 1707 1550 1745; x_wconf 90' lang='lat' dir='ltr'><strong>autem</strong></span> <span class='ocrx_word' id='word_1_185' title='bbox 1572 1697 1921 1744; x_wconf 88' lang='lat' dir='ltr'><strong>resurrectione</strong></span> <span class='ocrx_word' id='word_1_186' title='bbox 1942 1697 2061 1762; x_wconf 92' lang='lat' dir='ltr'><strong>quid</strong></span> <span class='ocrx_word' id='word_1_187' title='bbox 2081 1715 2203 1763; x_wconf 91' lang='lat' dir='ltr'><strong>opus</strong></span> <span class='ocrx_word' id='word_1_188' title='bbox 2220 1708 2292 1746; x_wconf 92' lang='lat' dir='ltr'><strong>est</strong></span> <span class='ocrx_word' id='word_1_189' title='bbox 2312 1698 2489 1758; x_wconf 88' lang='lat' dir='ltr'><strong>dicere,</strong></span> 
     </span>
     <span class='ocr_line' id='line_1_20' title="bbox 359 1778 2491 1844; baseline 0 -18"><span class='ocrx_word' id='word_1_190' title='bbox 359 1787 511 1844; x_wconf 88' lang='lat' dir='ltr'><strong>quum</strong></span> <span class='ocrx_word' id='word_1_191' title='bbox 530 1779 704 1827; x_wconf 86' lang='lat' dir='ltr'><strong>frustra</strong></span> <span class='ocrx_word' id='word_1_192' title='bbox 726 1779 900 1843; x_wconf 87' lang='lat' dir='ltr'><strong>glorier</strong></span> <span class='ocrx_word' id='word_1_193' title='bbox 918 1796 996 1826; x_wconf 91' lang='lat' dir='ltr'><strong>me</strong></span> <span class='ocrx_word' id='word_1_194' title='bbox 1018 1779 1354 1839; x_wconf 90' lang='lat' dir='ltr'><strong>christianum,</strong></span> <span class='ocrx_word' id='word_1_195' title='bbox 1380 1780 1419 1826; x_wconf 92' lang='lat' dir='ltr'><strong>si</strong></span> <span class='ocrx_word' id='word_1_196' title='bbox 1444 1796 1545 1826; x_wconf 92' lang='lat' dir='ltr'><strong>non</strong></span> <span class='ocrx_word' id='word_1_197' title='bbox 1564 1778 1815 1827; x_wconf 88' lang='lat' dir='ltr'><strong>credidero</strong></span> <span class='ocrx_word' id='word_1_198' title='bbox 1838 1780 2243 1826; x_wconf 83' lang='lat' dir='ltr'><strong>resurrecturum?</strong></span> <span class='ocrx_word' id='word_1_199' title='bbox 2272 1782 2382 1826; x_wconf 88' lang='lat' dir='ltr'><strong>Haec</strong></span> <span class='ocrx_word' id='word_1_200' title='bbox 2403 1780 2491 1828; x_wconf 90' lang='lat' dir='ltr'><strong>ita—</strong></span> 
     </span>
     <span class='ocr_line' id='line_1_21' title="bbox 358 1859 2491 1926; baseline 0 -18"><span class='ocrx_word' id='word_1_201' title='bbox 358 1877 453 1926; x_wconf 91' lang='lat' dir='ltr'><strong>que</strong></span> <span class='ocrx_word' id='word_1_202' title='bbox 475 1871 546 1908; x_wconf 91' lang='lat' dir='ltr'><strong>est</strong></span> <span class='ocrx_word' id='word_1_203' title='bbox 568 1860 686 1908; x_wconf 85' lang='lat' dir='ltr'><strong>fides</strong></span> <span class='ocrx_word' id='word_1_204' title='bbox 708 1861 757 1908; x_wconf 93' lang='lat' dir='ltr'><strong>in</strong></span> <span class='ocrx_word' id='word_1_205' title='bbox 781 1878 876 1926; x_wconf 90' lang='lat' dir='ltr'><strong>qua</strong></span> <span class='ocrx_word' id='word_1_206' title='bbox 898 1861 1044 1909; x_wconf 90' lang='lat' dir='ltr'><strong>sedeo</strong></span> <span class='ocrx_word' id='word_1_207' title='bbox 1060 1899 1071 1921; x_wconf 89' lang='lat'>‚</span> <span class='ocrx_word' id='word_1_208' title='bbox 1097 1878 1154 1908; x_wconf 85' lang='lat' dir='ltr'><strong>ex</strong></span> <span class='ocrx_word' id='word_1_209' title='bbox 1177 1878 1273 1926; x_wconf 92' lang='lat' dir='ltr'><strong>qua</strong></span> <span class='ocrx_word' id='word_1_210' title='bbox 1303 1861 1404 1926; x_wconf 93' lang='lat' dir='ltr'><strong>spei</strong></span> <span class='ocrx_word' id='word_1_211' title='bbox 1434 1860 1672 1908; x_wconf 90' lang='lat' dir='ltr'><strong>contraho</strong></span> <span class='ocrx_word' id='word_1_212' title='bbox 1695 1859 1987 1909; x_wconf 89' lang='lat' dir='ltr'><strong>firmitatem.</strong></span> <span class='ocrx_word' id='word_1_213' title='bbox 2015 1864 2067 1907; x_wconf 92' lang='lat' dir='ltr'><strong>In</strong></span> <span class='ocrx_word' id='word_1_214' title='bbox 2090 1860 2182 1909; x_wconf 90' lang='lat' dir='ltr'><strong>hac</strong></span> <span class='ocrx_word' id='word_1_215' title='bbox 2211 1860 2396 1908; x_wconf 90' lang='lat' dir='ltr'><strong>locatus</strong></span> <span class='ocrx_word' id='word_1_216' title='bbox 2417 1877 2491 1909; x_wconf 90' lang='lat' dir='ltr'><strong>sa·</strong></span> 
     </span>
     <span class='ocr_line' id='line_1_22' title="bbox 358 1941 2495 2007; baseline 0 -18"><span class='ocrx_word' id='word_1_217' title='bbox 358 1941 575 2001; x_wconf 89' lang='lat' dir='ltr'><strong>lubriter,</strong></span> <span class='ocrx_word' id='word_1_218' title='bbox 595 1941 793 1989; x_wconf 88' lang='lat' dir='ltr'><strong>latratus</strong></span> <span class='ocrx_word' id='word_1_219' title='bbox 816 1942 982 2007; x_wconf 82' lang='lat' dir='ltr'><strong>Scyllae</strong></span> <span class='ocrx_word' id='word_1_220' title='bbox 1005 1960 1105 1990; x_wconf 93' lang='lat' dir='ltr'><strong>non</strong></span> <span class='ocrx_word' id='word_1_221' title='bbox 1126 1943 1291 2002; x_wconf 89' lang='lat' dir='ltr'><strong>timeo,</strong></span> <span class='ocrx_word' id='word_1_222' title='bbox 1316 1943 1600 2007; x_wconf 81' lang='lat' dir='ltr'><strong>vertiginem</strong></span> <span class='ocrx_word' id='word_1_223' title='bbox 1617 1941 1885 2006; x_wconf 89' lang='lat' dir='ltr'><strong>Charybdis</strong></span> <span class='ocrx_word' id='word_1_224' title='bbox 1907 1942 2062 2002; x_wconf 87' lang='lat' dir='ltr'><strong>rideo,</strong></span> <span class='ocrx_word' id='word_1_225' title='bbox 2087 1942 2360 1990; x_wconf 88' lang='lat' dir='ltr'><strong>mortiferos</strong></span> <span class='ocrx_word' id='word_1_226' title='bbox 2375 1942 2495 1990; x_wconf 89' lang='lat' dir='ltr'><strong>Sire-</strong></span> 
     </span>
     <span class='ocr_line' id='line_1_23' title="bbox 358 2021 2489 2089; baseline 0 -20"><span class='ocrx_word' id='word_1_227' title='bbox 358 2038 532 2070; x_wconf 91' lang='lat' dir='ltr'><strong>narum</strong></span> <span class='ocrx_word' id='word_1_228' title='bbox 557 2021 782 2070; x_wconf 90' lang='lat' dir='ltr'><strong>modulos</strong></span> <span class='ocrx_word' id='word_1_229' title='bbox 805 2039 905 2070; x_wconf 91' lang='lat' dir='ltr'><strong>non</strong></span> <span class='ocrx_word' id='word_1_230' title='bbox 929 2023 1176 2071; x_wconf 88' lang='lat' dir='ltr'><strong>horresco.</strong></span> <span class='ocrx_word' id='word_1_231' title='bbox 1204 2024 1253 2070; x_wconf 91' lang='lat' dir='ltr'><strong>Si</strong></span> <span class='ocrx_word' id='word_1_232' title='bbox 1285 2023 1436 2071; x_wconf 90' lang='lat' dir='ltr'><strong>irruat</strong></span> <span class='ocrx_word' id='word_1_233' title='bbox 1459 2023 1629 2083; x_wconf 89' lang='lat' dir='ltr'><strong>turbo,</strong></span> <span class='ocrx_word' id='word_1_234' title='bbox 1656 2040 1756 2070; x_wconf 91' lang='lat' dir='ltr'><strong>non</strong></span> <span class='ocrx_word' id='word_1_235' title='bbox 1787 2023 1995 2088; x_wconf 84' lang='lat' dir='ltr'><strong>quatior.</strong></span> <span class='ocrx_word' id='word_1_236' title='bbox 2026 2024 2074 2070; x_wconf 92' lang='lat' dir='ltr'><strong>Si</strong></span> <span class='ocrx_word' id='word_1_237' title='bbox 2101 2023 2233 2072; x_wconf 89' lang='lat' dir='ltr'><strong>venti</strong></span> <span class='ocrx_word' id='word_1_238' title='bbox 2262 2023 2489 2089; x_wconf 87' lang='lat' dir='ltr'><strong>perflent,</strong></span> 
     </span>
     <span class='ocr_line' id='line_1_24' title="bbox 359 2103 1856 2170; baseline 0 -19"><span class='ocrx_word' id='word_1_239' title='bbox 359 2120 459 2151; x_wconf 91' lang='lat' dir='ltr'><strong>non</strong></span> <span class='ocrx_word' id='word_1_240' title='bbox 480 2120 696 2152; x_wconf 88' lang='lat' dir='ltr'><strong>moveor.</strong></span> <span class='ocrx_word' id='word_1_241' title='bbox 725 2103 970 2153; x_wconf 89' lang='lat' dir='ltr'><strong>Fundatus</strong></span> <span class='ocrx_word' id='word_1_242' title='bbox 994 2105 1124 2153; x_wconf 90' lang='lat' dir='ltr'><strong>enim</strong></span> <span class='ocrx_word' id='word_1_243' title='bbox 1146 2122 1253 2153; x_wconf 90' lang='lat' dir='ltr'><strong>sum</strong></span> <span class='ocrx_word' id='word_1_244' title='bbox 1275 2121 1419 2170; x_wconf 91' lang='lat' dir='ltr'><strong>supra</strong></span> <span class='ocrx_word' id='word_1_245' title='bbox 1441 2103 1630 2153; x_wconf 88' lang='lat' dir='ltr'><strong>firmam</strong></span> <span class='ocrx_word' id='word_1_246' title='bbox 1653 2114 1856 2170; x_wconf 87' lang='lat' dir='ltr'><strong>petram.</strong></span> 
     </span>
    </p>
   </div>
   <div class='ocr_carea' id='block_1_4' title="bbox 1244 2578 1609 2639">
    <p class='ocr_par' dir='ltr' id='par_1_4' title="bbox 1244 2578 1609 2639">
     <span class='ocr_line' id='line_1_25' title="bbox 1244 2578 1609 2639; baseline -0.005 0"><span class='ocrx_word' id='word_1_247' title='bbox 1244 2578 1609 2639; x_wconf 88' lang='lat' dir='ltr'><strong>EPISTOLA</strong></span> 
     </span>
    </p>
   </div>
   <div class='ocr_carea' id='block_1_5' title="bbox 359 2750 2487 2945">
    <p class='ocr_par' dir='ltr' id='par_1_5' title="bbox 359 2750 2487 2945">
     <span class='ocr_line' id='line_1_26' title="bbox 359 2750 2487 2793; baseline -0.001 -9"><span class='ocrx_word' id='word_1_248' title='bbox 359 2752 582 2785; x_wconf 70' lang='lat' dir='ltr'><strong>Anvssnsus</strong></span> <span class='ocrx_word' id='word_1_249' title='bbox 611 2752 715 2793; x_wconf 74' lang='lat' dir='ltr'><strong>nos,</strong></span> <span class='ocrx_word' id='word_1_250' title='bbox 746 2752 824 2792; x_wconf 83' lang='lat' dir='ltr'><strong>om</strong></span> <span class='ocrx_word' id='word_1_251' title='bbox 852 2753 914 2786; x_wconf 76' lang='lat' dir='ltr'><strong>nx</strong></span> <span class='ocrx_word' id='word_1_252' title='bbox 942 2752 1256 2787; x_wconf 69' lang='lat' dir='ltr'><strong>Aucrom&#39;rua</strong></span> <span class='ocrx_word' id='word_1_253' title='bbox 1280 2754 1407 2787; x_wconf 80' lang='lat' dir='ltr'>BEDAE</span> <span class='ocrx_word' id='word_1_254' title='bbox 1433 2753 1710 2786; x_wconf 67' lang='lat' dir='ltr'><strong>masuram</strong></span> <span class='ocrx_word' id='word_1_255' title='bbox 1743 2752 1949 2785; x_wconf 73' lang='lat' dir='ltr'><strong>Aneunnn</strong></span> <span class='ocrx_word' id='word_1_256' title='bbox 1970 2750 2206 2784; x_wconf 68' lang='lat' dir='ltr'><strong>commun</strong></span> <span class='ocrx_word' id='word_1_257' title='bbox 2238 2750 2487 2783; x_wconf 68' lang='lat' dir='ltr'><strong>monvsum</strong></span> 
     </span>
     <span class='ocr_line' id='line_1_27' title="bbox 419 2826 2487 2867; baseline -0.001 -6"><span class='ocrx_word' id='word_1_258' title='bbox 419 2828 741 2862; x_wconf 58' lang='lat' dir='ltr'><strong>annovam-mm</strong></span> <span class='ocrx_word' id='word_1_259' title='bbox 774 2830 925 2862; x_wconf 77' lang='lat' dir='ltr'><strong>Fulssss</strong></span> <span class='ocrx_word' id='word_1_260' title='bbox 955 2830 1205 2863; x_wconf 67' lang='lat' dir='ltr'><strong>monrswlu</strong></span> <span class='ocrx_word' id='word_1_261' title='bbox 1243 2830 1589 2863; x_wconf 71' lang='lat' dir='ltr'><strong>conmrmonum</strong></span> <span class='ocrx_word' id='word_1_262' title='bbox 1622 2829 1901 2867; x_wconf 75' lang='lat' dir='ltr'><strong>BPlscomJM,</strong></span> <span class='ocrx_word' id='word_1_263' title='bbox 1938 2828 1997 2860; x_wconf 72' lang='grc' dir='ltr'><strong>ΒΤ</strong></span> <span class='ocrx_word' id='word_1_264' title='bbox 2035 2827 2122 2860; x_wconf 77' lang='lat' dir='ltr'><strong>NON</strong></span> <span class='ocrx_word' id='word_1_265' title='bbox 2159 2826 2300 2860; x_wconf 73' lang='lat' dir='ltr'><strong>nAffls</strong></span> <span class='ocrx_word' id='word_1_266' title='bbox 2338 2826 2487 2859; x_wconf 70' lang='lat' dir='ltr'><strong>missu</strong></span> 
     </span>
     <span class='ocr_line' id='line_1_28' title="bbox 417 2897 2089 2945; baseline 0 -8"><span class='ocrx_word' id='word_1_267' title='bbox 417 2905 757 2938; x_wconf 74' lang='lat' dir='ltr'>ATHENIENSIUM</span> <span class='ocrx_word' id='word_1_268' title='bbox 789 2897 1081 2939; x_wconf 74' lang='lat' dir='ltr'><strong>nrlscoruu’.</strong></span> <span class='ocrx_word' id='word_1_269' title='bbox 2069 2923 2089 2945; x_wconf 77' lang='grc'><strong>,,</strong></span> 
     </span>
    </p>
   </div>
   <div class='ocr_carea' id='block_1_6' title="bbox 354 3040 2485 3445">
    <p class='ocr_par' dir='ltr' id='par_1_6' title="bbox 354 3040 2485 3445">
     <span class='ocr_line' id='line_1_29' title="bbox 410 3040 2485 3103; baseline 0 -16"><span class='ocrx_word' id='word_1_270' title='bbox 410 3048 515 3088; x_wconf 89' lang='lat' dir='ltr'><strong>Dum</strong></span> <span class='ocrx_word' id='word_1_271' title='bbox 534 3047 578 3087; x_wconf 89' lang='lat' dir='ltr'><strong>in</strong></span> <span class='ocrx_word' id='word_1_272' title='bbox 597 3047 729 3088; x_wconf 88' lang='lat' dir='ltr'><strong>sancti</strong></span> <span class='ocrx_word' id='word_1_273' title='bbox 746 3040 929 3102; x_wconf 79' lang='lat' dir='ltr'><strong>Dionysii</strong></span> <span class='ocrx_word' id='word_1_274' title='bbox 947 3047 1109 3089; x_wconf 80' lang='lat' dir='ltr'><strong>abbatia</strong></span> <span class='ocrx_word' id='word_1_275' title='bbox 1128 3047 1367 3090; x_wconf 74' lang='lat' dir='ltr'><strong>Abaelardus</strong></span> <span class='ocrx_word' id='word_1_276' title='bbox 1379 3080 1390 3099; x_wconf 93' lang='lat'>‚</span> <span class='ocrx_word' id='word_1_277' title='bbox 1411 3053 1507 3103; x_wconf 87' lang='lat' dir='ltr'><strong>post</strong></span> <span class='ocrx_word' id='word_1_278' title='bbox 1524 3060 1641 3090; x_wconf 88' lang='lat' dir='ltr'><strong>suam</strong></span> <span class='ocrx_word' id='word_1_279' title='bbox 1665 3047 1709 3089; x_wconf 90' lang='lat' dir='ltr'><strong>in</strong></span> <span class='ocrx_word' id='word_1_280' title='bbox 1726 3045 2007 3090; x_wconf 81' lang='lat' dir='ltr'><strong>suessionensi</strong></span> <span class='ocrx_word' id='word_1_281' title='bbox 2026 3045 2203 3086; x_wconf 87' lang='lat' dir='ltr'><strong>concilio</strong></span> <span class='ocrx_word' id='word_1_282' title='bbox 2229 3044 2485 3088; x_wconf 85' lang='lat' dir='ltr'><strong>condemna-</strong></span> 
     </span>
     <span class='ocr_line' id='line_1_30' title="bbox 356 3113 2483 3171; baseline 0 -15"><span class='ocrx_word' id='word_1_283' title='bbox 356 3116 525 3166; x_wconf 86' lang='lat' dir='ltr'><strong>tionem,</strong></span> <span class='ocrx_word' id='word_1_284' title='bbox 545 3121 884 3166; x_wconf 83' lang='lat' dir='ltr'><strong>commoraretur,</strong></span> <span class='ocrx_word' id='word_1_285' title='bbox 906 3116 949 3157; x_wconf 92' lang='lat' dir='ltr'><strong>in</strong></span> <span class='ocrx_word' id='word_1_286' title='bbox 967 3115 1102 3158; x_wconf 89' lang='lat' dir='ltr'><strong>locum</strong></span> <span class='ocrx_word' id='word_1_287' title='bbox 1124 3115 1343 3171; x_wconf 82' lang='lat' dir='ltr'><strong>quemdam</strong></span> <span class='ocrx_word' id='word_1_288' title='bbox 1363 3116 1510 3158; x_wconf 85' lang='lat' dir='ltr'><strong>incidit</strong></span> <span class='ocrx_word' id='word_1_289' title='bbox 1530 3118 1824 3159; x_wconf 78' lang='lat' dir='ltr'><strong>Commentarii</strong></span> <span class='ocrx_word' id='word_1_290' title='bbox 1841 3114 1962 3157; x_wconf 87' lang='lat' dir='ltr'><strong>Bedae</strong></span> <span class='ocrx_word' id='word_1_291' title='bbox 1981 3113 2033 3156; x_wconf 87' lang='lat' dir='ltr'><strong>de</strong></span> <span class='ocrx_word' id='word_1_292' title='bbox 2052 3114 2165 3155; x_wconf 74' lang='lat' dir='ltr'><strong>Actis</strong></span> <span class='ocrx_word' id='word_1_293' title='bbox 2182 3114 2483 3168; x_wconf 81' lang='lat' dir='ltr'><strong>Apostolorum,</strong></span> 
     </span>
     <span class='ocr_line' id='line_1_31' title="bbox 355 3182 2484 3240; baseline 0 -15"><span class='ocrx_word' id='word_1_294' title='bbox 355 3185 398 3226; x_wconf 90' lang='lat' dir='ltr'><strong>in</strong></span> <span class='ocrx_word' id='word_1_295' title='bbox 428 3197 510 3240; x_wconf 91' lang='lat' dir='ltr'><strong>quo</strong></span> <span class='ocrx_word' id='word_1_296' title='bbox 541 3185 762 3239; x_wconf 86' lang='lat' dir='ltr'><strong>Dionysius</strong></span> <span class='ocrx_word' id='word_1_297' title='bbox 787 3185 1030 3239; x_wconf 55' lang='lat' dir='ltr'><strong>Areopagitas</strong></span> <span class='ocrx_word' id='word_1_298' title='bbox 1056 3186 1241 3227; x_wconf 88' lang='lat' dir='ltr'><strong>Corinthi</strong></span> <span class='ocrx_word' id='word_1_299' title='bbox 1267 3186 1487 3240; x_wconf 86' lang='lat' dir='ltr'><strong>episcopus</strong></span> <span class='ocrx_word' id='word_1_300' title='bbox 1506 3185 1631 3227; x_wconf 82' lang='lat' dir='ltr'><strong>fuisse</strong></span> <span class='ocrx_word' id='word_1_301' title='bbox 1657 3183 1874 3226; x_wconf 78' lang='lat' dir='ltr'><strong>serebatur.</strong></span> <span class='ocrx_word' id='word_1_302' title='bbox 1905 3184 2039 3233; x_wconf 86' lang='lat' dir='ltr'><strong>Quum</strong></span> <span class='ocrx_word' id='word_1_303' title='bbox 2070 3195 2157 3224; x_wconf 90' lang='lat' dir='ltr'><strong>rem</strong></span> <span class='ocrx_word' id='word_1_304' title='bbox 2177 3182 2371 3225; x_wconf 78' lang='lat' dir='ltr'><strong>fratribus</strong></span> <span class='ocrx_word' id='word_1_305' title='bbox 2389 3185 2484 3239; x_wconf 90' lang='lat' dir='ltr'><strong>qui—</strong></span> 
     </span>
     <span class='ocr_line' id='line_1_32' title="bbox 355 3251 2483 3308; baseline -0.001 -13"><span class='ocrx_word' id='word_1_306' title='bbox 355 3253 527 3295; x_wconf 86' lang='lat' dir='ltr'><strong>busdam</strong></span> <span class='ocrx_word' id='word_1_307' title='bbox 556 3255 915 3303; x_wconf 85' lang='lat' dir='ltr'><strong>communicasset,</strong></span> <span class='ocrx_word' id='word_1_308' title='bbox 948 3267 1097 3308; x_wconf 81' lang='lat' dir='ltr'><strong>magna</strong></span> <span class='ocrx_word' id='word_1_309' title='bbox 1117 3254 1193 3296; x_wconf 83' lang='lat' dir='ltr'><strong>fuit</strong></span> <span class='ocrx_word' id='word_1_310' title='bbox 1218 3260 1259 3296; x_wconf 91' lang='lat' dir='ltr'><strong>et</strong></span> <span class='ocrx_word' id='word_1_311' title='bbox 1285 3255 1448 3296; x_wconf 86' lang='lat' dir='ltr'><strong>illorum</strong></span> <span class='ocrx_word' id='word_1_312' title='bbox 1469 3261 1507 3296; x_wconf 86' lang='lat' dir='ltr'><strong>et</strong></span> <span class='ocrx_word' id='word_1_313' title='bbox 1530 3253 1691 3296; x_wconf 87' lang='lat' dir='ltr'><strong>abbatis</strong></span> <span class='ocrx_word' id='word_1_314' title='bbox 1709 3253 1840 3308; x_wconf 89' lang='lat' dir='ltr'><strong>ipsius</strong></span> <span class='ocrx_word' id='word_1_315' title='bbox 1864 3252 2093 3307; x_wconf 81' lang='lat' dir='ltr'><strong>indignatio</strong></span> <span class='ocrx_word' id='word_1_316' title='bbox 2115 3251 2225 3307; x_wconf 88' lang='lat' dir='ltr'><strong>quod</strong></span> <span class='ocrx_word' id='word_1_317' title='bbox 2245 3265 2296 3294; x_wconf 87' lang='lat' dir='ltr'><strong>ex</strong></span> <span class='ocrx_word' id='word_1_318' title='bbox 2316 3264 2367 3293; x_wconf 92' lang='lat' dir='ltr'><strong>eo</strong></span> <span class='ocrx_word' id='word_1_319' title='bbox 2391 3251 2483 3301; x_wconf 84' lang='lat' dir='ltr'><strong>loco</strong></span> 
     </span>
     <span class='ocr_line' id='line_1_33' title="bbox 354 3319 2483 3377; baseline -0.001 -15"><span class='ocrx_word' id='word_1_320' title='bbox 354 3321 629 3375; x_wconf 85' lang='lat' dir='ltr'><strong>colligendum</strong></span> <span class='ocrx_word' id='word_1_321' title='bbox 648 3327 779 3373; x_wconf 87' lang='lat' dir='ltr'><strong>esset,</strong></span> <span class='ocrx_word' id='word_1_322' title='bbox 799 3327 941 3362; x_wconf 88' lang='lat' dir='ltr'><strong>contra</strong></span> <span class='ocrx_word' id='word_1_323' title='bbox 961 3322 1144 3363; x_wconf 89' lang='lat' dir='ltr'><strong>omnium</strong></span> <span class='ocrx_word' id='word_1_324' title='bbox 1164 3322 1402 3377; x_wconf 88' lang='lat' dir='ltr'><strong>opinionem</strong></span> <span class='ocrx_word' id='word_1_325' title='bbox 1419 3354 1430 3374; x_wconf 88' lang='lat'><strong>,</strong></span> <span class='ocrx_word' id='word_1_326' title='bbox 1452 3321 1691 3377; x_wconf 82' lang='lat' dir='ltr'><strong>Dionysium</strong></span> <span class='ocrx_word' id='word_1_327' title='bbox 1710 3322 1996 3376; x_wconf 84' lang='lat' dir='ltr'><strong>Areopagitam</strong></span> <span class='ocrx_word' id='word_1_328' title='bbox 2015 3333 2101 3362; x_wconf 88' lang='lat' dir='ltr'><strong>non</strong></span> <span class='ocrx_word' id='word_1_329' title='bbox 2117 3319 2308 3362; x_wconf 87' lang='lat' dir='ltr'><strong>eumdem</strong></span> <span class='ocrx_word' id='word_1_330' title='bbox 2327 3332 2417 3361; x_wconf 88' lang='lat' dir='ltr'><strong>esse</strong></span> <span class='ocrx_word' id='word_1_331' title='bbox 2435 3333 2483 3361; x_wconf 88' lang='lat' dir='ltr'><strong>ac</strong></span> 
     </span>
     <span class='ocr_line' id='line_1_34' title="bbox 356 3388 2479 3445; baseline -0.001 -15"><span class='ocrx_word' id='word_1_332' title='bbox 356 3389 593 3444; x_wconf 87' lang='lat' dir='ltr'><strong>Dionysium</strong></span> <span class='ocrx_word' id='word_1_333' title='bbox 621 3390 799 3445; x_wconf 89' lang='lat' dir='ltr'><strong>primum</strong></span> <span class='ocrx_word' id='word_1_334' title='bbox 827 3389 1098 3431; x_wconf 78' lang='lat' dir='ltr'><strong>parisiensem</strong></span> <span class='ocrx_word' id='word_1_335' title='bbox 1117 3391 1357 3445; x_wconf 89' lang='lat' dir='ltr'><strong>episcopum</strong></span> <span class='ocrx_word' id='word_1_336' title='bbox 1375 3422 1385 3440; x_wconf 89' lang='lat'><em>‚</em></span> <span class='ocrx_word' id='word_1_337' title='bbox 1406 3389 1626 3437; x_wconf 88' lang='lat' dir='ltr'><strong>Galliarum</strong></span> <span class='ocrx_word' id='word_1_338' title='bbox 1644 3389 1899 3445; x_wconf 87' lang='lat' dir='ltr'><strong>apostolum,</strong></span> <span class='ocrx_word' id='word_1_339' title='bbox 1921 3395 1962 3432; x_wconf 89' lang='lat' dir='ltr'><strong>et</strong></span> <span class='ocrx_word' id='word_1_340' title='bbox 1981 3395 2201 3445; x_wconf 87' lang='lat' dir='ltr'><strong>patronum</strong></span> <span class='ocrx_word' id='word_1_341' title='bbox 2231 3388 2479 3429; x_wconf 85' lang='lat' dir='ltr'><strong>monasterii.</strong></span> 
     </span>
    </p>
   </div>
   <div class='ocr_carea' id='block_1_7' title="bbox 402 3496 2319 3599">
    <p class='ocr_par' dir='ltr' id='par_1_7' title="bbox 402 3496 2319 3599">
     <span class='ocr_line' id='line_1_35' title="bbox 402 3496 1328 3543; baseline 0.001 -13"><span class='ocrx_word' id='word_1_342' title='bbox 402 3496 412 3514; x_wconf 87' lang='lat'><strong>¹</strong></span> <span class='ocrx_word' id='word_1_343' title='bbox 433 3498 560 3537; x_wconf 66' lang='lat' dir='ltr'><strong>Exod„</strong></span> <span class='ocrx_word' id='word_1_344' title='bbox 576 3509 649 3542; x_wconf 88' lang='lat' dir='ltr'><strong>cap.</strong></span> <span class='ocrx_word' id='word_1_345' title='bbox 666 3507 729 3539; x_wconf 67' lang='lat' dir='ltr'><strong>xx&#39;,</strong></span> <span class='ocrx_word' id='word_1_346' title='bbox 747 3509 779 3532; x_wconf 91' lang='lat' dir='ltr'><strong>v.</strong></span> <span class='ocrx_word' id='word_1_347' title='bbox 797 3500 895 3532; x_wconf 68' lang='lat'><strong>⁶26.—</strong></span> <span class='ocrx_word' id='word_1_348' title='bbox 911 3497 924 3515; x_wconf 83' lang='lat'>¹</span> <span class='ocrx_word' id='word_1_349' title='bbox 951 3497 1038 3533; x_wconf 82' lang='lat' dir='ltr'><strong>Edit.</strong></span> <span class='ocrx_word' id='word_1_350' title='bbox 1059 3498 1173 3537; x_wconf 62' lang='lat' dir='ltr'><strong>Amb„</strong></span> <span class='ocrx_word' id='word_1_351' title='bbox 1195 3511 1228 3543; x_wconf 82' lang='lat' dir='ltr'><strong>p.</strong></span> <span class='ocrx_word' id='word_1_352' title='bbox 1252 3499 1328 3532; x_wconf 78' lang='lat'><strong>22⁴.</strong></span> 
     </span>
     <span class='ocr_line' id='line_1_36' title="bbox 516 3557 2319 3599; baseline -0.003 0"><span class='ocrx_word' id='word_1_353' title='bbox 516 3570 530 3599; x_wconf 84' lang='lat'>1</span> <span class='ocrx_word' id='word_1_354' title='bbox 1734 3591 1740 3594; x_wconf 62' lang='grc'>,</span> <span class='ocrx_word' id='word_1_355' title='bbox 2269 3557 2319 3595; x_wconf 87' lang='grc'><strong>86</strong></span> 
     </span>
    </p>
   </div>
  </div>
 </body>
</html>
