<?xml version="1.0" encoding="UTF-8"?>
<!DOCTYPE html PUBLIC "-//W3C//DTD XHTML 1.0 Transitional//EN"
    "http://www.w3.org/TR/xhtml1/DTD/xhtml1-transitional.dtd">
<html xmlns="http://www.w3.org/1999/xhtml" xml:lang="en" lang="en">
 <head>
  <title>
</title>
<meta http-equiv="Content-Type" content="text/html;charset=utf-8" />
  <meta name='ocr-system' content='tesseract 3.04.00' />
  <meta name='ocr-capabilities' content='ocr_page ocr_carea ocr_par ocr_line ocrx_word'/>
</head>
<body>
  <div class='ocr_page' id='page_1' title='image "./operahactenusseo01abeluoft_0147.png"; bbox 0 0 2970 4152; ppageno 0'>
   <div class='ocr_carea' id='block_1_1' title="bbox 0 285 107 4152">
    <p class='ocr_par' dir='ltr' id='par_1_1' title="bbox 0 285 107 4152">
     <span class='ocr_line' id='line_1_1' title="bbox 0 285 107 4152; baseline 0 0"><span class='ocrx_word' id='word_1_1' title='bbox 0 285 107 4152; x_wconf 95' lang='lat' dir='ltr'><strong> </strong></span> 
     </span>
    </p>
   </div>
   <div class='ocr_carea' id='block_1_2' title="bbox 1212 381 2439 461">
    <p class='ocr_par' dir='ltr' id='par_1_2' title="bbox 1212 381 2439 461">
     <span class='ocr_line' id='line_1_2' title="bbox 1212 381 2439 461; baseline -0.002 -8"><span class='ocrx_word' id='word_1_2' title='bbox 1212 406 1529 461; x_wconf 61' lang='grc' dir='ltr'><strong>Ειηετοωι]ὁ</strong></span> <span class='ocrx_word' id='word_1_3' title='bbox 2056 381 2059 388; x_wconf 90' lang='grc'>’</span> <span class='ocrx_word' id='word_1_4' title='bbox 2347 401 2439 450; x_wconf 73' lang='lat'><strong>⁴35</strong></span> 
     </span>
    </p>
   </div>
   <div class='ocr_carea' id='block_1_3' title="bbox 322 496 2441 806">
    <p class='ocr_par' dir='ltr' id='par_1_3' title="bbox 322 496 2441 806">
     <span class='ocr_line' id='line_1_3' title="bbox 324 496 2439 567; baseline -0.002 -17"><span class='ocrx_word' id='word_1_5' title='bbox 324 502 640 552; x_wconf 81' lang='lat' dir='ltr'><strong>diaconissam</strong></span> <span class='ocrx_word' id='word_1_6' title='bbox 661 501 802 550; x_wconf 88' lang='lat' dir='ltr'><strong>fuisse</strong></span> <span class='ocrx_word' id='word_1_7' title='bbox 822 499 1122 567; x_wconf 88' lang='lat' dir='ltr'><strong>profitentur.</strong></span> <span class='ocrx_word' id='word_1_8' title='bbox 1151 499 1489 549; x_wconf 81' lang='lat' dir='ltr'>Cassiodorus:</span> <span class='ocrx_word' id='word_1_9' title='bbox 1517 499 1821 563; x_wconf 85' lang='lat' dir='ltr'><strong>«Significat,</strong></span> <span class='ocrx_word' id='word_1_10' title='bbox 1840 518 1863 543; x_wconf 93' lang='lat'>»</span> <span class='ocrx_word' id='word_1_11' title='bbox 1884 496 2058 564; x_wconf 91' lang='lat' dir='ltr'><strong>inquit,</strong></span> <span class='ocrx_word' id='word_1_12' title='bbox 2082 497 2439 546; x_wconf 83' lang='lat' dir='ltr'><strong>«diaconissam</strong></span> 
     </span>
     <span class='ocr_line' id='line_1_4' title="bbox 325 579 2441 645; baseline -0.002 -16"><span class='ocrx_word' id='word_1_13' title='bbox 325 582 464 630; x_wconf 85' lang='lat' dir='ltr'><strong>fuisse</strong></span> <span class='ocrx_word' id='word_1_14' title='bbox 491 582 654 629; x_wconf 87' lang='lat' dir='ltr'><strong>matris</strong></span> <span class='ocrx_word' id='word_1_15' title='bbox 680 581 898 633; x_wconf 82' lang='lat' dir='ltr'><strong>ecclesiae.</strong></span> <span class='ocrx_word' id='word_1_16' title='bbox 937 579 1082 638; x_wconf 90' lang='lat' dir='ltr'><strong>Quod</strong></span> <span class='ocrx_word' id='word_1_17' title='bbox 1108 581 1159 628; x_wconf 92' lang='lat' dir='ltr'><strong>in</strong></span> <span class='ocrx_word' id='word_1_18' title='bbox 1191 579 1408 645; x_wconf 77' lang='lat' dir='ltr'><strong>pactibus</strong></span> <span class='ocrx_word' id='word_1_19' title='bbox 1436 581 1713 626; x_wconf 82' lang='lat' dir='ltr'><strong>Graecorum</strong></span> <span class='ocrx_word' id='word_1_20' title='bbox 1742 579 1889 627; x_wconf 91' lang='lat' dir='ltr'><strong>hodie</strong></span> <span class='ocrx_word' id='word_1_21' title='bbox 1920 595 2074 643; x_wconf 90' lang='lat' dir='ltr'><strong>usque</strong></span> <span class='ocrx_word' id='word_1_22' title='bbox 2105 579 2240 643; x_wconf 83' lang='lat' dir='ltr'><strong>quasi</strong></span> <span class='ocrx_word' id='word_1_23' title='bbox 2266 579 2441 626; x_wconf 85' lang='lat' dir='ltr'><strong>militiae</strong></span> 
     </span>
     <span class='ocr_line' id='line_1_5' title="bbox 322 658 2436 727; baseline -0.002 -18"><span class='ocrx_word' id='word_1_24' title='bbox 322 677 463 709; x_wconf 85' lang='lat' dir='ltr'><strong>causa</strong></span> <span class='ocrx_word' id='word_1_25' title='bbox 488 662 748 727; x_wconf 84' lang='lat' dir='ltr'><strong>peragitur.</strong></span> <span class='ocrx_word' id='word_1_26' title='bbox 768 660 953 718; x_wconf 78' lang='lat' dir='ltr'><strong>Quibus</strong></span> <span class='ocrx_word' id='word_1_27' title='bbox 974 671 1022 708; x_wconf 89' lang='lat' dir='ltr'><strong>et</strong></span> <span class='ocrx_word' id='word_1_28' title='bbox 1037 659 1314 726; x_wconf 86' lang='lat' dir='ltr'><strong>baptizandi</strong></span> <span class='ocrx_word' id='word_1_29' title='bbox 1333 675 1449 706; x_wconf 86' lang='lat' dir='ltr'><strong>usus</strong></span> <span class='ocrx_word' id='word_1_30' title='bbox 1459 659 1521 706; x_wconf 57' lang='lat' dir='ltr'><strong>‘in</strong></span> <span class='ocrx_word' id='word_1_31' title='bbox 1549 658 1744 706; x_wconf 88' lang='lat' dir='ltr'><strong>ecclesia</strong></span> <span class='ocrx_word' id='word_1_32' title='bbox 1763 676 1863 706; x_wconf 90' lang='lat' dir='ltr'><strong>non</strong></span> <span class='ocrx_word' id='word_1_33' title='bbox 1884 669 2100 723; x_wconf 83' lang='lat' dir='ltr'><strong>negatur.</strong></span> <span class='ocrx_word' id='word_1_34' title='bbox 2122 678 2146 704; x_wconf 71' lang='grc' dir='ltr'><strong>ι)</strong></span> <span class='ocrx_word' id='word_1_35' title='bbox 2165 658 2407 707; x_wconf 87' lang='lat' dir='ltr'><strong>Claudius¹</strong></span> <span class='ocrx_word' id='word_1_36' title='bbox 2427 678 2436 705; x_wconf 92' lang='lat'>:</span> 
     </span>
     <span class='ocr_line' id='line_1_6' title="bbox 327 739 2440 806; baseline 0 -21"><span class='ocrx_word' id='word_1_37' title='bbox 327 760 353 786; x_wconf 76' lang='grc' dir='ltr'>α</span> <span class='ocrx_word' id='word_1_38' title='bbox 366 742 454 790; x_wconf 86' lang='lat' dir='ltr'><strong>Hic</strong></span> <span class='ocrx_word' id='word_1_39' title='bbox 477 741 634 802; x_wconf 90' lang='lat' dir='ltr'><strong>locus,</strong></span> <span class='ocrx_word' id='word_1_40' title='bbox 653 761 678 787; x_wconf 87' lang='lat'>»</span> <span class='ocrx_word' id='word_1_41' title='bbox 705 742 882 805; x_wconf 86' lang='lat' dir='ltr'><strong>inquit,</strong></span> <span class='ocrx_word' id='word_1_42' title='bbox 916 759 940 786; x_wconf 92' lang='lat'>«</span> <span class='ocrx_word' id='word_1_43' title='bbox 957 740 1218 806; x_wconf 81' lang='lat' dir='ltr'><strong>apostolica</strong></span> <span class='ocrx_word' id='word_1_44' title='bbox 1234 740 1513 787; x_wconf 86' lang='lat' dir='ltr'><strong>auctoritate</strong></span> <span class='ocrx_word' id='word_1_45' title='bbox 1541 739 1684 787; x_wconf 89' lang='lat' dir='ltr'><strong>docet</strong></span> <span class='ocrx_word' id='word_1_46' title='bbox 1713 740 1855 786; x_wconf 91' lang='lat' dir='ltr'><strong>etiam</strong></span> <span class='ocrx_word' id='word_1_47' title='bbox 1882 739 2082 788; x_wconf 86' lang='lat' dir='ltr'><strong>feminas</strong></span> <span class='ocrx_word' id='word_1_48' title='bbox 2102 740 2152 787; x_wconf 92' lang='lat' dir='ltr'><strong>in</strong></span> <span class='ocrx_word' id='word_1_49' title='bbox 2178 740 2440 788; x_wconf 87' lang='lat' dir='ltr'><strong>ministerio</strong></span> 
     </span>
    </p>
   </div>
   <div class='ocr_carea' id='block_1_4' title="bbox 253 818 2442 886">
    <p class='ocr_par' dir='ltr' id='par_1_4' title="bbox 253 818 2442 886">
     <span class='ocr_line' id='line_1_7' title="bbox 253 818 2442 886; baseline -0.001 -17"><span class='ocrx_word' id='word_1_50' title='bbox 253 867 257 875; x_wconf 86' lang='grc'><strong>,</strong></span> <span class='ocrx_word' id='word_1_51' title='bbox 323 820 530 869; x_wconf 85' lang='lat' dir='ltr'><strong>ecclesiae</strong></span> <span class='ocrx_word' id='word_1_52' title='bbox 547 822 793 881; x_wconf 82' lang='lat' dir='ltr'><strong>constitui,</strong></span> <span class='ocrx_word' id='word_1_53' title='bbox 821 822 871 868; x_wconf 90' lang='lat' dir='ltr'><strong>in</strong></span> <span class='ocrx_word' id='word_1_54' title='bbox 894 837 992 886; x_wconf 92' lang='lat' dir='ltr'><strong>quo</strong></span> <span class='ocrx_word' id='word_1_55' title='bbox 1018 821 1176 869; x_wconf 84' lang='lat' dir='ltr'><strong>officio</strong></span> <span class='ocrx_word' id='word_1_56' title='bbox 1200 820 1404 886; x_wconf 86' lang='lat' dir='ltr'><strong>positam</strong></span> <span class='ocrx_word' id='word_1_57' title='bbox 1426 818 1635 867; x_wconf 83' lang='lat' dir='ltr'><strong>Phoeben</strong></span> <span class='ocrx_word' id='word_1_58' title='bbox 1655 819 1785 884; x_wconf 88' lang='lat' dir='ltr'><strong>apud</strong></span> <span class='ocrx_word' id='word_1_59' title='bbox 1803 819 2072 880; x_wconf 88' lang='lat' dir='ltr'><strong>ecclesiam,</strong></span> <span class='ocrx_word' id='word_1_60' title='bbox 2103 837 2209 884; x_wconf 80' lang='lat' dir='ltr'><strong>quae</strong></span> <span class='ocrx_word' id='word_1_61' title='bbox 2231 832 2297 869; x_wconf 82' lang='lat' dir='ltr'><strong>est</strong></span> <span class='ocrx_word' id='word_1_62' title='bbox 2322 823 2442 868; x_wconf 89' lang='lat' dir='ltr'><strong>Cen·-</strong></span> 
     </span>
    </p>
   </div>
   <div class='ocr_carea' id='block_1_5' title="bbox 320 900 2445 1689">
    <p class='ocr_par' dir='ltr' id='par_1_5' title="bbox 320 900 2445 1689">
     <span class='ocr_line' id='line_1_8' title="bbox 322 900 2442 968; baseline -0.001 -18"><span class='ocrx_word' id='word_1_63' title='bbox 322 903 473 963; x_wconf 81' lang='lat' dir='ltr'><strong>chris,</strong></span> <span class='ocrx_word' id='word_1_64' title='bbox 507 903 761 968; x_wconf 76' lang='lat' dir='ltr'><strong>Apostolus</strong></span> <span class='ocrx_word' id='word_1_65' title='bbox 800 918 971 967; x_wconf 84' lang='lat' dir='ltr'><strong>magna</strong></span> <span class='ocrx_word' id='word_1_66' title='bbox 1006 918 1118 950; x_wconf 90' lang='lat' dir='ltr'><strong>cum</strong></span> <span class='ocrx_word' id='word_1_67' title='bbox 1150 902 1292 951; x_wconf 89' lang='lat' dir='ltr'><strong>laude</strong></span> <span class='ocrx_word' id='word_1_68' title='bbox 1322 911 1371 949; x_wconf 90' lang='lat' dir='ltr'><strong>et</strong></span> <span class='ocrx_word' id='word_1_69' title='bbox 1405 900 1824 948; x_wconf 85' lang='lat' dir='ltr'><strong>commendatione</strong></span> <span class='ocrx_word' id='word_1_70' title='bbox 1859 902 2179 966; x_wconf 77' lang='lat' dir='ltr'><strong>prosequitur.</strong></span> <span class='ocrx_word' id='word_1_71' title='bbox 2209 920 2230 946; x_wconf 76' lang='lat' dir='ltr'>n</span> <span class='ocrx_word' id='word_1_72' title='bbox 2269 901 2442 959; x_wconf 81' lang='lat' dir='ltr'><strong>Quales</strong></span> 
     </span>
     <span class='ocr_line' id='line_1_9' title="bbox 323 980 2441 1050; baseline -0.001 -20"><span class='ocrx_word' id='word_1_73' title='bbox 323 984 466 1032; x_wconf 82' lang='lat' dir='ltr'><strong>etiam</strong></span> <span class='ocrx_word' id='word_1_74' title='bbox 492 984 595 1050; x_wconf 91' lang='lat' dir='ltr'><strong>ipse</strong></span> <span class='ocrx_word' id='word_1_75' title='bbox 617 983 681 1031; x_wconf 89' lang='lat' dir='ltr'><strong>ad</strong></span> <span class='ocrx_word' id='word_1_76' title='bbox 702 982 1005 1031; x_wconf 76' lang='lat' dir='ltr'><strong>Timotheum</strong></span> <span class='ocrx_word' id='word_1_77' title='bbox 1029 982 1241 1030; x_wconf 85' lang='lat' dir='ltr'><strong>scribens</strong></span> <span class='ocrx_word' id='word_1_78' title='bbox 1267 982 1393 1029; x_wconf 85' lang='lat' dir='ltr'><strong>inter</strong></span> <span class='ocrx_word' id='word_1_79' title='bbox 1414 981 1543 1046; x_wconf 88' lang='lat' dir='ltr'><strong>ipsos</strong></span> <span class='ocrx_word' id='word_1_80' title='bbox 1572 980 1802 1045; x_wconf 83' lang='lat' dir='ltr'><strong>colligens</strong></span> <span class='ocrx_word' id='word_1_81' title='bbox 1826 980 2056 1029; x_wconf 90' lang='lat' dir='ltr'><strong>diaconos</strong></span> <span class='ocrx_word' id='word_1_82' title='bbox 2082 981 2222 1029; x_wconf 86' lang='lat' dir='ltr'><strong>simili</strong></span> <span class='ocrx_word' id='word_1_83' title='bbox 2251 998 2441 1029; x_wconf 89' lang='lat' dir='ltr'><strong>morum</strong></span> 
     </span>
     <span class='ocr_line' id='line_1_10' title="bbox 321 1061 2445 1128; baseline 0 -18"><span class='ocrx_word' id='word_1_84' title='bbox 321 1063 632 1113; x_wconf 89' lang='lat' dir='ltr'><strong>instructione</strong></span> <span class='ocrx_word' id='word_1_85' title='bbox 657 1064 806 1112; x_wconf 79' lang='lat' dir='ltr'><strong>vitam</strong></span> <span class='ocrx_word' id='word_1_86' title='bbox 830 1080 996 1111; x_wconf 84' lang='lat' dir='ltr'><strong>earum</strong></span> <span class='ocrx_word' id='word_1_87' title='bbox 1022 1063 1238 1111; x_wconf 81' lang='lat' dir='ltr'><strong>instituit.</strong></span> <span class='ocrx_word' id='word_1_88' title='bbox 1283 1062 1355 1109; x_wconf 91' lang='lat' dir='ltr'><strong>lbi</strong></span> <span class='ocrx_word' id='word_1_89' title='bbox 1384 1062 1564 1128; x_wconf 90' lang='lat' dir='ltr'><strong>quippe</strong></span> <span class='ocrx_word' id='word_1_90' title='bbox 1594 1061 2019 1110; x_wconf 86' lang='lat' dir='ltr'><strong>ecclesiasticorum</strong></span> <span class='ocrx_word' id='word_1_91' title='bbox 2053 1063 2445 1112; x_wconf 87' lang='lat' dir='ltr'><strong>ministeriorum¹</strong></span> 
     </span>
     <span class='ocr_line' id='line_1_11' title="bbox 321 1141 2443 1209; baseline -0.001 -17"><span class='ocrx_word' id='word_1_92' title='bbox 321 1142 548 1192; x_wconf 82' lang='lat' dir='ltr'><strong>ordinans</strong></span> <span class='ocrx_word' id='word_1_93' title='bbox 563 1143 758 1209; x_wconf 86' lang='lat' dir='ltr'><strong>gradus,</strong></span> <span class='ocrx_word' id='word_1_94' title='bbox 787 1160 938 1209; x_wconf 87' lang='lat' dir='ltr'><strong>quum</strong></span> <span class='ocrx_word' id='word_1_95' title='bbox 955 1143 1018 1191; x_wconf 89' lang='lat' dir='ltr'><strong>ab</strong></span> <span class='ocrx_word' id='word_1_96' title='bbox 1036 1143 1262 1208; x_wconf 90' lang='lat' dir='ltr'><strong>episcopo</strong></span> <span class='ocrx_word' id='word_1_97' title='bbox 1281 1141 1344 1190; x_wconf 86' lang='lat' dir='ltr'><strong>ad</strong></span> <span class='ocrx_word' id='word_1_98' title='bbox 1365 1141 1596 1190; x_wconf 91' lang='lat' dir='ltr'><strong>diaconos</strong></span> <span class='ocrx_word' id='word_1_99' title='bbox 1619 1141 1940 1190; x_wconf 86' lang='lat' dir='ltr'><strong>descendisset</strong></span> <span class='ocrx_word' id='word_1_100' title='bbox 1963 1160 1973 1187; x_wconf 77' lang='grc' dir='ltr'><strong><em>ε</em></strong></span> <span class='ocrx_word' id='word_1_101' title='bbox 1999 1143 2299 1202; x_wconf 84' lang='lat' dir='ltr'><strong>«Diaconos,</strong></span> <span class='ocrx_word' id='word_1_102' title='bbox 2319 1161 2342 1187; x_wconf 88' lang='lat'>»</span> <span class='ocrx_word' id='word_1_103' title='bbox 2372 1145 2443 1189; x_wconf 87' lang='lat' dir='ltr'><strong>in·</strong></span> 
     </span>
     <span class='ocr_line' id='line_1_12' title="bbox 321 1215 2444 1290; baseline -0.001 -18"><span class='ocrx_word' id='word_1_104' title='bbox 321 1224 457 1288; x_wconf 66' lang='lat' dir='ltr'><strong>quw,</strong></span> <span class='ocrx_word' id='word_1_105' title='bbox 490 1243 515 1271; x_wconf 86' lang='lat'><strong><em>«</em></strong></span> <span class='ocrx_word' id='word_1_106' title='bbox 531 1225 744 1272; x_wconf 88' lang='lat' dir='ltr'><strong>similiter</strong></span> <span class='ocrx_word' id='word_1_107' title='bbox 772 1215 1001 1290; x_wconf 85' lang='lat' dir='ltr'><strong>pudicos,</strong></span> <span class='ocrx_word' id='word_1_108' title='bbox 1034 1239 1135 1271; x_wconf 90' lang='lat' dir='ltr'><strong>non</strong></span> <span class='ocrx_word' id='word_1_109' title='bbox 1162 1222 1422 1287; x_wconf 87' lang='lat' dir='ltr'><strong>bilingues,</strong></span> <span class='ocrx_word' id='word_1_110' title='bbox 1453 1239 1555 1270; x_wconf 89' lang='lat' dir='ltr'><strong>non</strong></span> <span class='ocrx_word' id='word_1_111' title='bbox 1594 1221 1747 1270; x_wconf 88' lang='lat' dir='ltr'><strong>multo</strong></span> <span class='ocrx_word' id='word_1_112' title='bbox 1782 1222 1896 1270; x_wconf 84' lang='lat' dir='ltr'><strong>vino</strong></span> <span class='ocrx_word' id='word_1_113' title='bbox 1924 1221 2138 1281; x_wconf 86' lang='lat' dir='ltr'><strong>deditos,</strong></span> <span class='ocrx_word' id='word_1_114' title='bbox 2174 1239 2273 1269; x_wconf 92' lang='lat' dir='ltr'><strong>non</strong></span> <span class='ocrx_word' id='word_1_115' title='bbox 2306 1233 2444 1287; x_wconf 84' lang='lat' dir='ltr'><strong>turpe</strong></span> 
     </span>
     <span class='ocr_line' id='line_1_13' title="bbox 320 1301 2443 1368; baseline -0 -18"><span class='ocrx_word' id='word_1_116' title='bbox 320 1303 506 1352; x_wconf 86' lang='lat' dir='ltr'><strong>lucrum</strong></span> <span class='ocrx_word' id='word_1_117' title='bbox 530 1312 785 1364; x_wconf 87' lang='lat' dir='ltr'><strong>sectantes,</strong></span> <span class='ocrx_word' id='word_1_118' title='bbox 799 1303 1032 1352; x_wconf 88' lang='lat' dir='ltr'><strong>habentes</strong></span> <span class='ocrx_word' id='word_1_119' title='bbox 1057 1303 1336 1368; x_wconf 87' lang='lat' dir='ltr'><strong>mysterium</strong></span> <span class='ocrx_word' id='word_1_120' title='bbox 1354 1301 1468 1350; x_wconf 88' lang='lat' dir='ltr'><strong>fidei</strong></span> <span class='ocrx_word' id='word_1_121' title='bbox 1485 1302 1534 1350; x_wconf 90' lang='lat' dir='ltr'><strong>in</strong></span> <span class='ocrx_word' id='word_1_122' title='bbox 1548 1302 1839 1350; x_wconf 87' lang='lat' dir='ltr'><strong>conscientia</strong></span> <span class='ocrx_word' id='word_1_123' title='bbox 1853 1317 1988 1367; x_wconf 88' lang='lat' dir='ltr'><strong>pura.</strong></span> <span class='ocrx_word' id='word_1_124' title='bbox 2011 1320 2035 1346; x_wconf 87' lang='lat'>»</span> <span class='ocrx_word' id='word_1_125' title='bbox 2058 1305 2143 1349; x_wconf 80' lang='lat' dir='ltr'><strong>Et:</strong></span> <span class='ocrx_word' id='word_1_126' title='bbox 2166 1321 2190 1348; x_wconf 76' lang='grc' dir='ltr'><strong>(ι</strong></span> <span class='ocrx_word' id='word_1_127' title='bbox 2207 1303 2267 1348; x_wconf 92' lang='lat' dir='ltr'><strong>Hi</strong></span> <span class='ocrx_word' id='word_1_128' title='bbox 2284 1312 2443 1349; x_wconf 89' lang='lat' dir='ltr'><strong>autem</strong></span> 
     </span>
     <span class='ocr_line' id='line_1_14' title="bbox 320 1381 2445 1451; baseline -0.001 -19"><span class='ocrx_word' id='word_1_129' title='bbox 320 1383 585 1448; x_wconf 78' lang='lat' dir='ltr'><strong>probentur</strong></span> <span class='ocrx_word' id='word_1_130' title='bbox 597 1385 807 1451; x_wconf 86' lang='lat' dir='ltr'><strong>primum</strong></span> <span class='ocrx_word' id='word_1_131' title='bbox 833 1394 881 1432; x_wconf 91' lang='lat' dir='ltr'><strong>et</strong></span> <span class='ocrx_word' id='word_1_132' title='bbox 904 1384 971 1432; x_wconf 89' lang='lat' dir='ltr'><strong>sic</strong></span> <span class='ocrx_word' id='word_1_133' title='bbox 994 1383 1290 1444; x_wconf 83' lang='lat' dir='ltr'><strong>ministrent,</strong></span> <span class='ocrx_word' id='word_1_134' title='bbox 1316 1383 1504 1431; x_wconf 88' lang='lat' dir='ltr'><strong>nullum</strong></span> <span class='ocrx_word' id='word_1_135' title='bbox 1528 1383 1710 1431; x_wconf 85' lang='lat' dir='ltr'><strong>crimen</strong></span> <span class='ocrx_word' id='word_1_136' title='bbox 1731 1382 1980 1431; x_wconf 77' lang='lat' dir='ltr'><strong>habentes·</strong></span> <span class='ocrx_word' id='word_1_137' title='bbox 1996 1382 2217 1430; x_wconf 85' lang='lat' dir='ltr'><strong>Mulieres</strong></span> <span class='ocrx_word' id='word_1_138' title='bbox 2233 1381 2445 1430; x_wconf 80' lang='lat' dir='ltr'><strong>similiter</strong></span> 
     </span>
     <span class='ocr_line' id='line_1_15' title="bbox 320 1463 2445 1528; baseline -0.001 -15"><span class='ocrx_word' id='word_1_139' title='bbox 320 1464 516 1528; x_wconf 85' lang='lat' dir='ltr'><strong>pudicas</strong></span> <span class='ocrx_word' id='word_1_140' title='bbox 541 1481 671 1525; x_wconf 84' lang='lat' dir='ltr'><strong>esse,</strong></span> <span class='ocrx_word' id='word_1_141' title='bbox 697 1481 798 1512; x_wconf 91' lang='lat' dir='ltr'><strong>non</strong></span> <span class='ocrx_word' id='word_1_142' title='bbox 823 1464 1149 1526; x_wconf 88' lang='lat' dir='ltr'><strong>detrahentes,</strong></span> <span class='ocrx_word' id='word_1_143' title='bbox 1179 1463 1361 1512; x_wconf 88' lang='lat' dir='ltr'><strong>sobrias</strong></span> <span class='ocrx_word' id='word_1_144' title='bbox 1376 1500 1388 1524; x_wconf 91' lang='lat'><strong>,</strong></span> <span class='ocrx_word' id='word_1_145' title='bbox 1418 1463 1582 1512; x_wconf 85' lang='lat' dir='ltr'><strong>fideles</strong></span> <span class='ocrx_word' id='word_1_146' title='bbox 1602 1464 1653 1511; x_wconf 92' lang='lat' dir='ltr'><strong>in</strong></span> <span class='ocrx_word' id='word_1_147' title='bbox 1677 1463 1919 1511; x_wconf 89' lang='lat' dir='ltr'><strong>omuibus.</strong></span> <span class='ocrx_word' id='word_1_148' title='bbox 1939 1464 2175 1511; x_wconf 85' lang='lat' dir='ltr'><strong>Diacones</strong></span> <span class='ocrx_word' id='word_1_149' title='bbox 2193 1464 2287 1511; x_wconf 85' lang='lat' dir='ltr'><strong>sint</strong></span> <span class='ocrx_word' id='word_1_150' title='bbox 2306 1464 2445 1511; x_wconf 89' lang='lat' dir='ltr'><strong>unius</strong></span> 
     </span>
     <span class='ocr_line' id='line_1_16' title="bbox 321 1544 2444 1610; baseline -0 -18"><span class='ocrx_word' id='word_1_151' title='bbox 321 1545 588 1592; x_wconf 82' lang='lat' dir='ltr'><strong>uxorisviri</strong></span> <span class='ocrx_word' id='word_1_152' title='bbox 600 1580 613 1605; x_wconf 91' lang='lat'><strong>,</strong></span> <span class='ocrx_word' id='word_1_153' title='bbox 639 1545 724 1609; x_wconf 88' lang='lat' dir='ltr'><strong>qui</strong></span> <span class='ocrx_word' id='word_1_154' title='bbox 746 1544 854 1592; x_wconf 82' lang='lat' dir='ltr'><strong>filiis</strong></span> <span class='ocrx_word' id='word_1_155' title='bbox 868 1545 965 1592; x_wconf 91' lang='lat' dir='ltr'><strong>suis</strong></span> <span class='ocrx_word' id='word_1_156' title='bbox 979 1544 1104 1592; x_wconf 89' lang='lat' dir='ltr'><strong>bene</strong></span> <span class='ocrx_word' id='word_1_157' title='bbox 1124 1545 1318 1610; x_wconf 88' lang='lat' dir='ltr'><strong>praesint</strong></span> <span class='ocrx_word' id='word_1_158' title='bbox 1330 1580 1344 1605; x_wconf 94' lang='lat'><strong>,</strong></span> <span class='ocrx_word' id='word_1_159' title='bbox 1366 1554 1415 1592; x_wconf 89' lang='lat' dir='ltr'><strong>et</strong></span> <span class='ocrx_word' id='word_1_160' title='bbox 1426 1545 1524 1592; x_wconf 90' lang='lat' dir='ltr'><strong>suis</strong></span> <span class='ocrx_word' id='word_1_161' title='bbox 1544 1544 1786 1592; x_wconf 89' lang='lat' dir='ltr'><strong>domibus.</strong></span> <span class='ocrx_word' id='word_1_162' title='bbox 1806 1545 1902 1602; x_wconf 92' lang='lat' dir='ltr'><strong>Qui</strong></span> <span class='ocrx_word' id='word_1_163' title='bbox 1919 1545 2045 1592; x_wconf 91' lang='lat' dir='ltr'><strong>enim</strong></span> <span class='ocrx_word' id='word_1_164' title='bbox 2065 1544 2191 1592; x_wconf 90' lang='lat' dir='ltr'><strong>bene</strong></span> <span class='ocrx_word' id='word_1_165' title='bbox 2211 1545 2444 1591; x_wconf 85' lang='lat' dir='ltr'><strong>ministra·</strong></span> 
     </span>
     <span class='ocr_line' id='line_1_17' title="bbox 322 1623 2444 1689; baseline 0 -18"><span class='ocrx_word' id='word_1_166' title='bbox 322 1623 498 1684; x_wconf 85' lang='lat' dir='ltr'><strong>verint,</strong></span> <span class='ocrx_word' id='word_1_167' title='bbox 528 1624 729 1689; x_wconf 84' lang='lat' dir='ltr'><strong>gradum</strong></span> <span class='ocrx_word' id='word_1_168' title='bbox 754 1624 939 1672; x_wconf 89' lang='lat' dir='ltr'><strong>bonum</strong></span> <span class='ocrx_word' id='word_1_169' title='bbox 967 1623 1056 1671; x_wconf 91' lang='lat' dir='ltr'><strong>sibi</strong></span> <span class='ocrx_word' id='word_1_170' title='bbox 1086 1625 1358 1689; x_wconf 87' lang='lat' dir='ltr'><strong>acquirent,</strong></span> <span class='ocrx_word' id='word_1_171' title='bbox 1394 1635 1442 1672; x_wconf 90' lang='lat' dir='ltr'><strong>et</strong></span> <span class='ocrx_word' id='word_1_172' title='bbox 1469 1624 1670 1672; x_wconf 87' lang='lat' dir='ltr'><strong>multam</strong></span> <span class='ocrx_word' id='word_1_173' title='bbox 1699 1623 1924 1672; x_wconf 86' lang='lat' dir='ltr'><strong>fiduciam</strong></span> <span class='ocrx_word' id='word_1_174' title='bbox 1952 1625 2000 1671; x_wconf 91' lang='lat' dir='ltr'><strong>in</strong></span> <span class='ocrx_word' id='word_1_175' title='bbox 2027 1623 2146 1685; x_wconf 84' lang='lat' dir='ltr'><strong>fide,</strong></span> <span class='ocrx_word' id='word_1_176' title='bbox 2172 1641 2278 1689; x_wconf 86' lang='lat' dir='ltr'><strong>quae</strong></span> <span class='ocrx_word' id='word_1_177' title='bbox 2301 1635 2373 1672; x_wconf 86' lang='lat' dir='ltr'><strong>est</strong></span> <span class='ocrx_word' id='word_1_178' title='bbox 2395 1625 2444 1672; x_wconf 91' lang='lat' dir='ltr'><strong>in</strong></span> 
     </span>
    </p>
   </div>
   <div class='ocr_carea' id='block_1_6' title="bbox 267 1689 2445 1769">
    <p class='ocr_par' dir='ltr' id='par_1_6' title="bbox 267 1689 2445 1769">
     <span class='ocr_line' id='line_1_18' title="bbox 267 1689 2445 1769; baseline 0 -18"><span class='ocrx_word' id='word_1_179' title='bbox 267 1689 272 1695; x_wconf 52' lang='grc'><strong><em>’</em></strong></span> <span class='ocrx_word' id='word_1_180' title='bbox 319 1703 509 1752; x_wconf 91' lang='lat' dir='ltr'><strong>Christo</strong></span> <span class='ocrx_word' id='word_1_181' title='bbox 532 1707 657 1752; x_wconf 87' lang='lat' dir='ltr'><strong>Jesu.</strong></span> <span class='ocrx_word' id='word_1_182' title='bbox 682 1723 706 1749; x_wconf 88' lang='lat'>»</span> <span class='ocrx_word' id='word_1_183' title='bbox 737 1704 882 1762; x_wconf 92' lang='lat' dir='ltr'><strong>Quod</strong></span> <span class='ocrx_word' id='word_1_184' title='bbox 909 1705 1068 1769; x_wconf 85' lang='lat' dir='ltr'><strong>itaque</strong></span> <span class='ocrx_word' id='word_1_185' title='bbox 1092 1703 1161 1751; x_wconf 91' lang='lat' dir='ltr'><strong>ibi</strong></span> <span class='ocrx_word' id='word_1_186' title='bbox 1184 1704 1245 1752; x_wconf 88' lang='lat' dir='ltr'><strong>de</strong></span> <span class='ocrx_word' id='word_1_187' title='bbox 1270 1703 1552 1752; x_wconf 83' lang='lat' dir='ltr'><strong>diaconibus</strong></span> <span class='ocrx_word' id='word_1_188' title='bbox 1581 1704 1724 1765; x_wconf 82' lang='lat' dir='ltr'><strong>dixit,</strong></span> <span class='ocrx_word' id='word_1_189' title='bbox 1763 1724 1787 1751; x_wconf 88' lang='lat'><strong><em>«</em></strong></span> <span class='ocrx_word' id='word_1_190' title='bbox 1807 1721 1908 1752; x_wconf 92' lang='lat' dir='ltr'><strong>non</strong></span> <span class='ocrx_word' id='word_1_191' title='bbox 1926 1704 2159 1769; x_wconf 78' lang='lat' dir='ltr'><strong>bilingues</strong></span> <span class='ocrx_word' id='word_1_192' title='bbox 2179 1723 2190 1751; x_wconf 75' lang='grc' dir='ltr'>ε</span> <span class='ocrx_word' id='word_1_193' title='bbox 2216 1723 2238 1748; x_wconf 89' lang='lat'>»</span> <span class='ocrx_word' id='word_1_194' title='bbox 2264 1705 2360 1752; x_wconf 89' lang='lat' dir='ltr'><strong>hoc</strong></span> <span class='ocrx_word' id='word_1_195' title='bbox 2384 1705 2445 1752; x_wconf 93' lang='lat' dir='ltr'><strong>de</strong></span> 
     </span>
    </p>
   </div>
   <div class='ocr_carea' id='block_1_7' title="bbox 316 1783 2517 2814">
    <p class='ocr_par' dir='ltr' id='par_1_7' title="bbox 316 1783 2517 2814">
     <span class='ocr_line' id='line_1_19' title="bbox 319 1783 2444 1846; baseline 0 -15"><span class='ocrx_word' id='word_1_196' title='bbox 319 1783 593 1832; x_wconf 84' lang='lat' dir='ltr'><strong>diaconissis</strong></span> <span class='ocrx_word' id='word_1_197' title='bbox 618 1784 759 1844; x_wconf 87' lang='lat' dir='ltr'><strong>dicit,</strong></span> <span class='ocrx_word' id='word_1_198' title='bbox 783 1804 807 1829; x_wconf 87' lang='lat'><strong><em>«</em></strong></span> <span class='ocrx_word' id='word_1_199' title='bbox 833 1801 934 1832; x_wconf 90' lang='lat' dir='ltr'><strong>non</strong></span> <span class='ocrx_word' id='word_1_200' title='bbox 965 1784 1285 1832; x_wconf 88' lang='lat' dir='ltr'><strong>detrahentes.</strong></span> <span class='ocrx_word' id='word_1_201' title='bbox 1306 1803 1330 1829; x_wconf 89' lang='lat'>»</span> <span class='ocrx_word' id='word_1_202' title='bbox 1351 1785 1493 1843; x_wconf 91' lang='lat' dir='ltr'><strong>Quod</strong></span> <span class='ocrx_word' id='word_1_203' title='bbox 1513 1785 1580 1832; x_wconf 86' lang='lat' dir='ltr'><strong>ibi</strong></span> <span class='ocrx_word' id='word_1_204' title='bbox 1601 1805 1624 1831; x_wconf 89' lang='lat'>«</span> <span class='ocrx_word' id='word_1_205' title='bbox 1641 1801 1742 1832; x_wconf 91' lang='lat' dir='ltr'><strong>non</strong></span> <span class='ocrx_word' id='word_1_206' title='bbox 1757 1785 1912 1832; x_wconf 87' lang='lat' dir='ltr'><strong>multo</strong></span> <span class='ocrx_word' id='word_1_207' title='bbox 1936 1786 2050 1832; x_wconf 84' lang='lat' dir='ltr'><strong>vino</strong></span> <span class='ocrx_word' id='word_1_208' title='bbox 2075 1784 2290 1846; x_wconf 89' lang='lat' dir='ltr'><strong>deditos,</strong></span> <span class='ocrx_word' id='word_1_209' title='bbox 2315 1804 2338 1829; x_wconf 72' lang='grc' dir='ltr'><strong>ι)</strong></span> <span class='ocrx_word' id='word_1_210' title='bbox 2366 1785 2444 1831; x_wconf 91' lang='lat' dir='ltr'><strong>hic</strong></span> 
     </span>
     <span class='ocr_line' id='line_1_20' title="bbox 318 1863 2517 1931; baseline -0 -19"><span class='ocrx_word' id='word_1_211' title='bbox 318 1863 432 1912; x_wconf 85' lang='lat' dir='ltr'><strong>dicit</strong></span> <span class='ocrx_word' id='word_1_212' title='bbox 447 1885 470 1910; x_wconf 89' lang='lat'><strong><em>«</em></strong></span> <span class='ocrx_word' id='word_1_213' title='bbox 482 1864 717 1912; x_wconf 88' lang='lat' dir='ltr'><strong>sobrias.»</strong></span> <span class='ocrx_word' id='word_1_214' title='bbox 730 1867 906 1913; x_wconf 79' lang='lat' dir='ltr'><strong>Caetera</strong></span> <span class='ocrx_word' id='word_1_215' title='bbox 916 1880 1049 1925; x_wconf 79' lang='lat' dir='ltr'><strong>vem,¹</strong></span> <span class='ocrx_word' id='word_1_216' title='bbox 1062 1881 1168 1929; x_wconf 86' lang='lat' dir='ltr'><strong>quae</strong></span> <span class='ocrx_word' id='word_1_217' title='bbox 1181 1864 1248 1912; x_wconf 90' lang='lat' dir='ltr'><strong>ibi</strong></span> <span class='ocrx_word' id='word_1_218' title='bbox 1258 1874 1540 1930; x_wconf 89' lang='lat' dir='ltr'><strong>sequuntur,</strong></span> <span class='ocrx_word' id='word_1_219' title='bbox 1555 1865 1634 1913; x_wconf 89' lang='lat' dir='ltr'><strong>hic</strong></span> <span class='ocrx_word' id='word_1_220' title='bbox 1646 1864 1852 1913; x_wconf 84' lang='lat' dir='ltr'><strong>breviter</strong></span> <span class='ocrx_word' id='word_1_221' title='bbox 1861 1864 2227 1931; x_wconf 89' lang='lat' dir='ltr'><strong>comprehendit</strong></span> <span class='ocrx_word' id='word_1_222' title='bbox 2239 1864 2403 1912; x_wconf 90' lang='lat' dir='ltr'><strong>dicens</strong></span> <span class='ocrx_word' id='word_1_223' title='bbox 2411 1868 2440 1923; x_wconf 77' lang='lat'><strong>⁴,</strong></span> <span class='ocrx_word' id='word_1_224' title='bbox 2483 1870 2517 1894; x_wconf 77' lang='lat'><strong>·‘</strong></span> 
     </span>
     <span class='ocr_line' id='line_1_21' title="bbox 322 1943 2445 2011; baseline 0.001 -23"><span class='ocrx_word' id='word_1_225' title='bbox 322 1963 344 1989; x_wconf 74' lang='grc' dir='ltr'><strong>ιι</strong></span> <span class='ocrx_word' id='word_1_226' title='bbox 362 1943 527 1993; x_wconf 79' lang='lat' dir='ltr'><strong>fideles</strong></span> <span class='ocrx_word' id='word_1_227' title='bbox 555 1945 604 1992; x_wconf 92' lang='lat' dir='ltr'><strong>in</strong></span> <span class='ocrx_word' id='word_1_228' title='bbox 632 1944 874 1992; x_wconf 88' lang='lat' dir='ltr'><strong>omnibus.</strong></span> <span class='ocrx_word' id='word_1_229' title='bbox 891 1962 916 1988; x_wconf 87' lang='lat'>»</span> <span class='ocrx_word' id='word_1_230' title='bbox 953 1944 1046 2002; x_wconf 91' lang='lat' dir='ltr'><strong>Qui</strong></span> <span class='ocrx_word' id='word_1_231' title='bbox 1079 1944 1222 1991; x_wconf 81' lang='lat' dir='ltr'><strong>etiam</strong></span> <span class='ocrx_word' id='word_1_232' title='bbox 1250 1945 1370 1992; x_wconf 92' lang='lat' dir='ltr'><strong>sicut</strong></span> <span class='ocrx_word' id='word_1_233' title='bbox 1397 1945 1649 2011; x_wconf 90' lang='lat' dir='ltr'><strong>episcopos</strong></span> <span class='ocrx_word' id='word_1_234' title='bbox 1692 1945 1789 1992; x_wconf 88' lang='lat' dir='ltr'><strong>sive</strong></span> <span class='ocrx_word' id='word_1_235' title='bbox 1822 1944 2053 1992; x_wconf 89' lang='lat' dir='ltr'><strong>diaconos</strong></span> <span class='ocrx_word' id='word_1_236' title='bbox 2090 1960 2191 1992; x_wconf 90' lang='lat' dir='ltr'><strong>esse</strong></span> <span class='ocrx_word' id='word_1_237' title='bbox 2220 1943 2445 2009; x_wconf 85' lang='lat' dir='ltr'><strong>prohibet</strong></span> 
     </span>
     <span class='ocr_line' id='line_1_22' title="bbox 318 2023 2445 2091; baseline 0 -20"><span class='ocrx_word' id='word_1_238' title='bbox 318 2023 571 2089; x_wconf 72' lang='lat' dir='ltr'><strong>digamos&#39;,</strong></span> <span class='ocrx_word' id='word_1_239' title='bbox 602 2025 667 2072; x_wconf 91' lang='lat' dir='ltr'><strong>ita</strong></span> <span class='ocrx_word' id='word_1_240' title='bbox 692 2033 740 2072; x_wconf 91' lang='lat' dir='ltr'><strong>et</strong></span> <span class='ocrx_word' id='word_1_241' title='bbox 763 2024 1052 2072; x_wconf 78' lang='lat' dir='ltr'><strong>diaconissas</strong></span> <span class='ocrx_word' id='word_1_242' title='bbox 1077 2025 1219 2071; x_wconf 89' lang='lat' dir='ltr'><strong>unius</strong></span> <span class='ocrx_word' id='word_1_243' title='bbox 1242 2024 1332 2072; x_wconf 83' lang='lat' dir='ltr'><strong>viri</strong></span> <span class='ocrx_word' id='word_1_244' title='bbox 1350 2041 1523 2072; x_wconf 81' lang='lat' dir='ltr'><strong>uxores</strong></span> <span class='ocrx_word' id='word_1_245' title='bbox 1551 2025 1751 2072; x_wconf 90' lang='lat' dir='ltr'><strong>instituit</strong></span> <span class='ocrx_word' id='word_1_246' title='bbox 1770 2041 1895 2085; x_wconf 89' lang='lat' dir='ltr'><strong>esse,</strong></span> <span class='ocrx_word' id='word_1_247' title='bbox 1921 2034 1974 2071; x_wconf 88' lang='lat' dir='ltr'><strong>ut</strong></span> <span class='ocrx_word' id='word_1_248' title='bbox 1987 2024 2087 2088; x_wconf 88' lang='lat' dir='ltr'><strong>jam</strong></span> <span class='ocrx_word' id='word_1_249' title='bbox 2115 2041 2259 2091; x_wconf 88' lang='lat' dir='ltr'><strong>supra</strong></span> <span class='ocrx_word' id='word_1_250' title='bbox 2279 2026 2445 2072; x_wconf 87' lang='lat' dir='ltr'><strong>memi-</strong></span> 
     </span>
     <span class='ocr_line' id='line_1_23' title="bbox 318 2103 2447 2170; baseline 0 -19"><span class='ocrx_word' id='word_1_251' title='bbox 318 2104 506 2151; x_wconf 83' lang='lat' dir='ltr'><strong>nimus:</strong></span> <span class='ocrx_word' id='word_1_252' title='bbox 540 2123 565 2150; x_wconf 85' lang='lat'>«</span> <span class='ocrx_word' id='word_1_253' title='bbox 582 2104 758 2163; x_wconf 88' lang='lat' dir='ltr'><strong>Vidua,</strong></span> <span class='ocrx_word' id='word_1_254' title='bbox 784 2123 807 2149; x_wconf 86' lang='lat'>»</span> <span class='ocrx_word' id='word_1_255' title='bbox 830 2104 1019 2169; x_wconf 82' lang='lat' dir='ltr'><strong>inquit⁰,</strong></span> <span class='ocrx_word' id='word_1_256' title='bbox 1051 2103 1292 2169; x_wconf 90' lang='lat' dir='ltr'><strong>«eligatur</strong></span> <span class='ocrx_word' id='word_1_257' title='bbox 1315 2121 1415 2151; x_wconf 91' lang='lat' dir='ltr'><strong>non</strong></span> <span class='ocrx_word' id='word_1_258' title='bbox 1442 2105 1601 2152; x_wconf 91' lang='lat' dir='ltr'><strong>minus</strong></span> <span class='ocrx_word' id='word_1_259' title='bbox 1619 2104 1859 2169; x_wconf 85' lang='lat' dir='ltr'><strong>sexaginta</strong></span> <span class='ocrx_word' id='word_1_260' title='bbox 1876 2120 2141 2165; x_wconf 87' lang='lat' dir='ltr'><strong>annorum,</strong></span> <span class='ocrx_word' id='word_1_261' title='bbox 2174 2121 2280 2170; x_wconf 77' lang='lat' dir='ltr'><strong>quae</strong></span> <span class='ocrx_word' id='word_1_262' title='bbox 2309 2105 2447 2153; x_wconf 89' lang='lat' dir='ltr'><strong>fuerit</strong></span> 
     </span>
     <span class='ocr_line' id='line_1_24' title="bbox 319 2183 2448 2251; baseline 0.001 -21"><span class='ocrx_word' id='word_1_263' title='bbox 319 2184 460 2231; x_wconf 91' lang='lat' dir='ltr'><strong>unius</strong></span> <span class='ocrx_word' id='word_1_264' title='bbox 473 2184 562 2231; x_wconf 79' lang='lat' dir='ltr'><strong>viri</strong></span> <span class='ocrx_word' id='word_1_265' title='bbox 581 2201 720 2244; x_wconf 84' lang='lat' dir='ltr'><strong>uxor,</strong></span> <span class='ocrx_word' id='word_1_266' title='bbox 741 2185 792 2232; x_wconf 93' lang='lat' dir='ltr'><strong>in</strong></span> <span class='ocrx_word' id='word_1_267' title='bbox 807 2183 1034 2250; x_wconf 87' lang='lat' dir='ltr'><strong>operibus</strong></span> <span class='ocrx_word' id='word_1_268' title='bbox 1048 2183 1189 2232; x_wconf 89' lang='lat' dir='ltr'><strong>bonis</strong></span> <span class='ocrx_word' id='word_1_269' title='bbox 1207 2184 1532 2232; x_wconf 90' lang='lat' dir='ltr'><strong>testimonium</strong></span> <span class='ocrx_word' id='word_1_270' title='bbox 1546 2183 1730 2232; x_wconf 89' lang='lat' dir='ltr'><strong>habens</strong></span> <span class='ocrx_word' id='word_1_271' title='bbox 1741 2220 1753 2244; x_wconf 98' lang='lat'><strong>,</strong></span> <span class='ocrx_word' id='word_1_272' title='bbox 1774 2185 1814 2232; x_wconf 90' lang='lat' dir='ltr'><strong>si</strong></span> <span class='ocrx_word' id='word_1_273' title='bbox 1832 2183 1953 2233; x_wconf 80' lang='lat' dir='ltr'><strong>filios</strong></span> <span class='ocrx_word' id='word_1_274' title='bbox 1967 2184 2208 2246; x_wconf 88' lang='lat' dir='ltr'><strong>educavit,</strong></span> <span class='ocrx_word' id='word_1_275' title='bbox 2230 2186 2269 2233; x_wconf 90' lang='lat' dir='ltr'><strong>si</strong></span> <span class='ocrx_word' id='word_1_276' title='bbox 2287 2184 2448 2251; x_wconf 88' lang='lat' dir='ltr'><strong>hospi-</strong></span> 
     </span>
     <span class='ocr_line' id='line_1_25' title="bbox 317 2263 2442 2330; baseline 0.001 -19"><span class='ocrx_word' id='word_1_277' title='bbox 317 2263 384 2311; x_wconf 89' lang='lat' dir='ltr'><strong>tio</strong></span> <span class='ocrx_word' id='word_1_278' title='bbox 410 2264 610 2329; x_wconf 86' lang='lat' dir='ltr'><strong>recepit,</strong></span> <span class='ocrx_word' id='word_1_279' title='bbox 633 2264 672 2312; x_wconf 92' lang='lat' dir='ltr'><strong>si</strong></span> <span class='ocrx_word' id='word_1_280' title='bbox 695 2273 970 2312; x_wconf 88' lang='lat' dir='ltr'><strong>sanctorum</strong></span> <span class='ocrx_word' id='word_1_281' title='bbox 988 2263 1136 2330; x_wconf 88' lang='lat' dir='ltr'><strong>pedes</strong></span> <span class='ocrx_word' id='word_1_282' title='bbox 1155 2263 1293 2324; x_wconf 83' lang='lat' dir='ltr'><strong>lavit,</strong></span> <span class='ocrx_word' id='word_1_283' title='bbox 1314 2265 1353 2313; x_wconf 90' lang='lat' dir='ltr'><strong>si</strong></span> <span class='ocrx_word' id='word_1_284' title='bbox 1373 2263 1728 2312; x_wconf 87' lang='lat' dir='ltr'><strong>tribulationem</strong></span> <span class='ocrx_word' id='word_1_285' title='bbox 1742 2264 2030 2330; x_wconf 88' lang='lat' dir='ltr'><strong>patientibus</strong></span> <span class='ocrx_word' id='word_1_286' title='bbox 2046 2265 2442 2326; x_wconf 82' lang='lat' dir='ltr'><strong>subministravit,</strong></span> 
     </span>
     <span class='ocr_line' id='line_1_26' title="bbox 317 2344 2445 2411; baseline 0.001 -20"><span class='ocrx_word' id='word_1_287' title='bbox 317 2344 358 2391; x_wconf 88' lang='lat' dir='ltr'><strong>si</strong></span> <span class='ocrx_word' id='word_1_288' title='bbox 379 2358 525 2392; x_wconf 90' lang='lat' dir='ltr'><strong>omne</strong></span> <span class='ocrx_word' id='word_1_289' title='bbox 555 2360 678 2411; x_wconf 90' lang='lat' dir='ltr'><strong>opus</strong></span> <span class='ocrx_word' id='word_1_290' title='bbox 702 2344 889 2392; x_wconf 91' lang='lat' dir='ltr'><strong>bonum</strong></span> <span class='ocrx_word' id='word_1_291' title='bbox 913 2344 1163 2393; x_wconf 90' lang='lat' dir='ltr'><strong>subsecuta</strong></span> <span class='ocrx_word' id='word_1_292' title='bbox 1184 2354 1277 2392; x_wconf 85' lang='lat' dir='ltr'><strong>est.</strong></span> <span class='ocrx_word' id='word_1_293' title='bbox 1306 2345 1718 2393; x_wconf 83' lang='lat' dir='ltr'><strong>Adolescentiores</strong></span> <span class='ocrx_word' id='word_1_294' title='bbox 1751 2355 1910 2394; x_wconf 88' lang='lat' dir='ltr'><strong>autem</strong></span> <span class='ocrx_word' id='word_1_295' title='bbox 1937 2345 2105 2394; x_wconf 83' lang='lat' dir='ltr'><strong>viduas</strong></span> <span class='ocrx_word' id='word_1_296' title='bbox 2132 2346 2306 2394; x_wconf 86' lang='lat' dir='ltr'><strong>devita.</strong></span> <span class='ocrx_word' id='word_1_297' title='bbox 2333 2366 2357 2391; x_wconf 88' lang='lat'>»</span> <span class='ocrx_word' id='word_1_298' title='bbox 2392 2350 2445 2394; x_wconf 90' lang='lat' dir='ltr'><strong>In</strong></span> 
     </span>
     <span class='ocr_line' id='line_1_27' title="bbox 317 2424 2448 2491; baseline 0.001 -19"><span class='ocrx_word' id='word_1_299' title='bbox 317 2440 412 2488; x_wconf 82' lang='lat' dir='ltr'><strong>qua</strong></span> <span class='ocrx_word' id='word_1_300' title='bbox 435 2425 630 2490; x_wconf 84' lang='lat' dir='ltr'><strong>quidem</strong></span> <span class='ocrx_word' id='word_1_301' title='bbox 655 2425 1031 2473; x_wconf 84' lang='lat' dir='ltr'><strong>diaconissarum</strong></span> <span class='ocrx_word' id='word_1_302' title='bbox 1053 2424 1374 2491; x_wconf 87' lang='lat' dir='ltr'><strong>descriptione</strong></span> <span class='ocrx_word' id='word_1_303' title='bbox 1398 2425 1475 2473; x_wconf 86' lang='lat' dir='ltr'><strong>vel</strong></span> <span class='ocrx_word' id='word_1_304' title='bbox 1492 2425 1827 2487; x_wconf 88' lang='lat' dir='ltr'><strong>instructione,</strong></span> <span class='ocrx_word' id='word_1_305' title='bbox 1855 2443 2002 2491; x_wconf 90' lang='lat' dir='ltr'><strong>quam</strong></span> <span class='ocrx_word' id='word_1_306' title='bbox 2021 2426 2290 2491; x_wconf 86' lang='lat' dir='ltr'><strong>diligentior</strong></span> <span class='ocrx_word' id='word_1_307' title='bbox 2309 2427 2448 2475; x_wconf 87' lang='lat' dir='ltr'><strong>fuerit</strong></span> 
     </span>
     <span class='ocr_line' id='line_1_28' title="bbox 317 2503 2445 2570; baseline 0.002 -20"><span class='ocrx_word' id='word_1_308' title='bbox 317 2503 570 2568; x_wconf 75' lang='lat' dir='ltr'><strong>Apostolus</strong></span> <span class='ocrx_word' id='word_1_309' title='bbox 585 2519 731 2568; x_wconf 86' lang='lat' dir='ltr'><strong>quam</strong></span> <span class='ocrx_word' id='word_1_310' title='bbox 751 2504 802 2551; x_wconf 91' lang='lat' dir='ltr'><strong>in</strong></span> <span class='ocrx_word' id='word_1_311' title='bbox 819 2505 1072 2570; x_wconf 79' lang='lat' dir='ltr'><strong>praemissis</strong></span> <span class='ocrx_word' id='word_1_312' title='bbox 1087 2514 1186 2552; x_wconf 91' lang='lat' dir='ltr'><strong>tam</strong></span> <span class='ocrx_word' id='word_1_313' title='bbox 1203 2505 1543 2570; x_wconf 90' lang='lat' dir='ltr'><strong>episcoporum</strong></span> <span class='ocrx_word' id='word_1_314' title='bbox 1559 2521 1705 2569; x_wconf 90' lang='lat' dir='ltr'><strong>quam</strong></span> <span class='ocrx_word' id='word_1_315' title='bbox 1720 2505 2046 2553; x_wconf 88' lang='lat' dir='ltr'><strong>Diaconorum</strong></span> <span class='ocrx_word' id='word_1_316' title='bbox 2071 2506 2445 2554; x_wconf 84' lang='lat' dir='ltr'><strong>institutionibus</strong></span> 
     </span>
     <span class='ocr_line' id='line_1_29' title="bbox 317 2582 2443 2650; baseline 0.001 -22"><span class='ocrx_word' id='word_1_317' title='bbox 317 2582 450 2631; x_wconf 87' lang='lat' dir='ltr'><strong>facile</strong></span> <span class='ocrx_word' id='word_1_318' title='bbox 468 2593 540 2632; x_wconf 90' lang='lat' dir='ltr'><strong>est</strong></span> <span class='ocrx_word' id='word_1_319' title='bbox 559 2585 812 2648; x_wconf 89' lang='lat' dir='ltr'><strong>assignare.</strong></span> <span class='ocrx_word' id='word_1_320' title='bbox 840 2585 1030 2649; x_wconf 85' lang='lat' dir='ltr'><strong>Quippe</strong></span> <span class='ocrx_word' id='word_1_321' title='bbox 1055 2584 1188 2649; x_wconf 92' lang='lat' dir='ltr'><strong>quod</strong></span> <span class='ocrx_word' id='word_1_322' title='bbox 1210 2585 1299 2645; x_wconf 91' lang='lat' dir='ltr'><strong>ait,</strong></span> <span class='ocrx_word' id='word_1_323' title='bbox 1325 2604 1349 2630; x_wconf 92' lang='lat'>«</span> <span class='ocrx_word' id='word_1_324' title='bbox 1364 2585 1414 2632; x_wconf 91' lang='lat' dir='ltr'><strong>in</strong></span> <span class='ocrx_word' id='word_1_325' title='bbox 1432 2584 1660 2650; x_wconf 89' lang='lat' dir='ltr'><strong>operibus</strong></span> <span class='ocrx_word' id='word_1_326' title='bbox 1683 2583 1824 2632; x_wconf 91' lang='lat' dir='ltr'><strong>bonis</strong></span> <span class='ocrx_word' id='word_1_327' title='bbox 1841 2586 2167 2633; x_wconf 87' lang='lat' dir='ltr'><strong>testimonium</strong></span> <span class='ocrx_word' id='word_1_328' title='bbox 2190 2586 2397 2646; x_wconf 88' lang='lat' dir='ltr'><strong>habens,</strong></span> <span class='ocrx_word' id='word_1_329' title='bbox 2421 2607 2443 2632; x_wconf 88' lang='lat'>»</span> 
     </span>
     <span class='ocr_line' id='line_1_30' title="bbox 317 2664 2445 2732; baseline 0.002 -21"><span class='ocrx_word' id='word_1_330' title='bbox 317 2664 414 2725; x_wconf 88' lang='lat' dir='ltr'><strong>vel,</strong></span> <span class='ocrx_word' id='word_1_331' title='bbox 446 2684 469 2711; x_wconf 80' lang='grc' dir='ltr'><strong>ιι</strong></span> <span class='ocrx_word' id='word_1_332' title='bbox 489 2666 528 2713; x_wconf 92' lang='lat' dir='ltr'><strong>si</strong></span> <span class='ocrx_word' id='word_1_333' title='bbox 554 2665 763 2732; x_wconf 80' lang='lat' dir='ltr'><strong>hospitio</strong></span> <span class='ocrx_word' id='word_1_334' title='bbox 789 2666 989 2731; x_wconf 91' lang='lat' dir='ltr'><strong>recepit,</strong></span> <span class='ocrx_word' id='word_1_335' title='bbox 1017 2685 1041 2710; x_wconf 71' lang='grc' dir='ltr'><strong>»ι</strong></span> <span class='ocrx_word' id='word_1_336' title='bbox 1077 2682 1380 2730; x_wconf 88' lang='lat' dir='ltr'><strong>nequaquam</strong></span> <span class='ocrx_word' id='word_1_337' title='bbox 1413 2666 1463 2713; x_wconf 88' lang='lat' dir='ltr'><strong>in</strong></span> <span class='ocrx_word' id='word_1_338' title='bbox 1497 2665 1779 2714; x_wconf 88' lang='lat' dir='ltr'><strong>diaconibus</strong></span> <span class='ocrx_word' id='word_1_339' title='bbox 1808 2667 2106 2715; x_wconf 88' lang='lat' dir='ltr'><strong>memoravit.</strong></span> <span class='ocrx_word' id='word_1_340' title='bbox 2158 2667 2303 2725; x_wconf 91' lang='lat' dir='ltr'><strong>Quod</strong></span> <span class='ocrx_word' id='word_1_341' title='bbox 2330 2685 2445 2716; x_wconf 75' lang='lat' dir='ltr'><strong>vero</strong></span> 
     </span>
     <span class='ocr_line' id='line_1_31' title="bbox 316 2744 2447 2814; baseline 0.002 -22"><span class='ocrx_word' id='word_1_342' title='bbox 316 2744 514 2808; x_wconf 83' lang='lat' dir='ltr'><strong>adjecit,</strong></span> <span class='ocrx_word' id='word_1_343' title='bbox 554 2764 579 2790; x_wconf 87' lang='lat'>«</span> <span class='ocrx_word' id='word_1_344' title='bbox 597 2746 637 2792; x_wconf 90' lang='lat' dir='ltr'><strong>si</strong></span> <span class='ocrx_word' id='word_1_345' title='bbox 672 2755 947 2794; x_wconf 86' lang='lat' dir='ltr'><strong>sanctorum</strong></span> <span class='ocrx_word' id='word_1_346' title='bbox 982 2745 1129 2812; x_wconf 91' lang='lat' dir='ltr'><strong>pedes</strong></span> <span class='ocrx_word' id='word_1_347' title='bbox 1158 2746 1272 2794; x_wconf 85' lang='lat' dir='ltr'><strong>lavit</strong></span> <span class='ocrx_word' id='word_1_348' title='bbox 1287 2782 1299 2805; x_wconf 94' lang='lat'><strong>,</strong></span> <span class='ocrx_word' id='word_1_349' title='bbox 1339 2746 1378 2793; x_wconf 91' lang='lat' dir='ltr'><strong>si</strong></span> <span class='ocrx_word' id='word_1_350' title='bbox 1408 2745 1784 2807; x_wconf 86' lang='lat' dir='ltr'><strong>tribulationem,</strong></span> <span class='ocrx_word' id='word_1_351' title='bbox 1813 2756 1927 2807; x_wconf 91' lang='lat' dir='ltr'><strong>etc.,</strong></span> <span class='ocrx_word' id='word_1_352' title='bbox 1952 2766 1975 2791; x_wconf 90' lang='lat'>»</span> <span class='ocrx_word' id='word_1_353' title='bbox 2003 2757 2101 2794; x_wconf 88' lang='lat' dir='ltr'><strong>tam</strong></span> <span class='ocrx_word' id='word_1_354' title='bbox 2134 2748 2181 2795; x_wconf 93' lang='lat' dir='ltr'><strong>in</strong></span> <span class='ocrx_word' id='word_1_355' title='bbox 2212 2749 2447 2814; x_wconf 88' lang='lat' dir='ltr'><strong>episcopis</strong></span> 
     </span>
    </p>
   </div>
   <div class='ocr_carea' id='block_1_8' title="bbox 246 2825 2440 2892">
    <p class='ocr_par' dir='ltr' id='par_1_8' title="bbox 246 2825 2440 2892">
     <span class='ocr_line' id='line_1_32' title="bbox 246 2825 2440 2892; baseline 0.002 -21"><span class='ocrx_word' id='word_1_356' title='bbox 246 2867 250 2871; x_wconf 89' lang='lat'>.</span> <span class='ocrx_word' id='word_1_357' title='bbox 317 2841 462 2889; x_wconf 88' lang='lat' dir='ltr'><strong>quam</strong></span> <span class='ocrx_word' id='word_1_358' title='bbox 491 2826 541 2873; x_wconf 88' lang='lat' dir='ltr'><strong>in</strong></span> <span class='ocrx_word' id='word_1_359' title='bbox 574 2826 786 2874; x_wconf 89' lang='lat' dir='ltr'><strong>diaconis</strong></span> <span class='ocrx_word' id='word_1_360' title='bbox 816 2827 1010 2874; x_wconf 87' lang='lat' dir='ltr'><strong>tacitum</strong></span> <span class='ocrx_word' id='word_1_361' title='bbox 1042 2835 1129 2873; x_wconf 90' lang='lat' dir='ltr'><strong>est.</strong></span> <span class='ocrx_word' id='word_1_362' title='bbox 1158 2828 1218 2873; x_wconf 93' lang='lat' dir='ltr'><strong>Et</strong></span> <span class='ocrx_word' id='word_1_363' title='bbox 1242 2827 1494 2892; x_wconf 87' lang='lat' dir='ltr'><strong>episcopos</strong></span> <span class='ocrx_word' id='word_1_364' title='bbox 1517 2825 1712 2891; x_wconf 87' lang='lat' dir='ltr'><strong>quidem</strong></span> <span class='ocrx_word' id='word_1_365' title='bbox 1741 2836 1788 2874; x_wconf 89' lang='lat' dir='ltr'><strong>et</strong></span> <span class='ocrx_word' id='word_1_366' title='bbox 1819 2827 2049 2875; x_wconf 90' lang='lat' dir='ltr'><strong>diaconos</strong></span> <span class='ocrx_word' id='word_1_367' title='bbox 2073 2828 2187 2876; x_wconf 89' lang='lat' dir='ltr'><strong>dicit</strong></span> <span class='ocrx_word' id='word_1_368' title='bbox 2217 2828 2440 2876; x_wconf 88' lang='lat' dir='ltr'><strong>«nullum</strong></span> 
     </span>
    </p>
   </div>
   <div class='ocr_carea' id='block_1_9' title="bbox 317 2904 2443 3216">
    <p class='ocr_par' dir='ltr' id='par_1_9' title="bbox 317 2904 2443 3216">
     <span class='ocr_line' id='line_1_33' title="bbox 317 2904 2443 2974; baseline 0.002 -22"><span class='ocrx_word' id='word_1_369' title='bbox 317 2906 500 2953; x_wconf 81' lang='lat' dir='ltr'><strong>crimen</strong></span> <span class='ocrx_word' id='word_1_370' title='bbox 522 2904 765 2954; x_wconf 86' lang='lat' dir='ltr'><strong>babentes.</strong></span> <span class='ocrx_word' id='word_1_371' title='bbox 786 2925 810 2950; x_wconf 92' lang='lat'>»</span> <span class='ocrx_word' id='word_1_372' title='bbox 831 2909 947 2953; x_wconf 89' lang='lat' dir='ltr'><strong>lstas</strong></span> <span class='ocrx_word' id='word_1_373' title='bbox 973 2922 1088 2954; x_wconf 86' lang='lat' dir='ltr'><strong>vero</strong></span> <span class='ocrx_word' id='word_1_374' title='bbox 1114 2922 1212 2954; x_wconf 91' lang='lat' dir='ltr'><strong>non</strong></span> <span class='ocrx_word' id='word_1_375' title='bbox 1240 2906 1398 2954; x_wconf 89' lang='lat' dir='ltr'><strong>solum</strong></span> <span class='ocrx_word' id='word_1_376' title='bbox 1428 2906 1864 2973; x_wconf 87' lang='lat' dir='ltr'><strong>irreprehensibiles</strong></span> <span class='ocrx_word' id='word_1_377' title='bbox 1883 2925 1986 2955; x_wconf 88' lang='lat' dir='ltr'><strong>esse</strong></span> <span class='ocrx_word' id='word_1_378' title='bbox 2002 2910 2212 2974; x_wconf 87' lang='lat' dir='ltr'><strong>praecipit</strong></span> <span class='ocrx_word' id='word_1_379' title='bbox 2227 2946 2238 2968; x_wconf 93' lang='lat'><strong>,</strong></span> <span class='ocrx_word' id='word_1_380' title='bbox 2276 2914 2443 2957; x_wconf 65' lang='lat' dir='ltr'><strong>Verum</strong></span> 
     </span>
     <span class='ocr_line' id='line_1_34' title="bbox 317 2985 2441 3052; baseline 0.001 -19"><span class='ocrx_word' id='word_1_381' title='bbox 317 2986 457 3034; x_wconf 85' lang='lat' dir='ltr'><strong>etiam</strong></span> <span class='ocrx_word' id='word_1_382' title='bbox 470 3005 492 3031; x_wconf 94' lang='lat'>«</span> <span class='ocrx_word' id='word_1_383' title='bbox 505 3003 650 3034; x_wconf 93' lang='lat' dir='ltr'><strong>omne</strong></span> <span class='ocrx_word' id='word_1_384' title='bbox 658 3002 781 3052; x_wconf 91' lang='lat' dir='ltr'><strong>opus</strong></span> <span class='ocrx_word' id='word_1_385' title='bbox 795 2985 980 3033; x_wconf 91' lang='lat' dir='ltr'><strong>bonum</strong></span> <span class='ocrx_word' id='word_1_386' title='bbox 991 2985 1263 3034; x_wconf 86' lang='lat' dir='ltr'><strong>subsecutas</strong></span> <span class='ocrx_word' id='word_1_387' title='bbox 1275 3007 1298 3030; x_wconf 71' lang='grc' dir='ltr'>υ</span> <span class='ocrx_word' id='word_1_388' title='bbox 1312 2986 1440 3034; x_wconf 91' lang='lat' dir='ltr'><strong>dicit.</strong></span> <span class='ocrx_word' id='word_1_389' title='bbox 1453 2989 1600 3035; x_wconf 90' lang='lat' dir='ltr'><strong>Caute</strong></span> <span class='ocrx_word' id='word_1_390' title='bbox 1613 2987 1754 3035; x_wconf 89' lang='lat' dir='ltr'><strong>etiam</strong></span> <span class='ocrx_word' id='word_1_391' title='bbox 1766 2987 1827 3035; x_wconf 90' lang='lat' dir='ltr'><strong>de</strong></span> <span class='ocrx_word' id='word_1_392' title='bbox 1839 2989 2107 3035; x_wconf 87' lang='lat' dir='ltr'><strong>maturitate</strong></span> <span class='ocrx_word' id='word_1_393' title='bbox 2119 2990 2266 3036; x_wconf 87' lang='lat' dir='ltr'><strong>aetatis</strong></span> <span class='ocrx_word' id='word_1_394' title='bbox 2278 3005 2441 3037; x_wconf 89' lang='lat' dir='ltr'><strong>earum</strong></span> 
     </span>
     <span class='ocr_line' id='line_1_35' title="bbox 317 3066 2440 3135; baseline 0.001 -20"><span class='ocrx_word' id='word_1_395' title='bbox 317 3067 547 3132; x_wconf 87' lang='lat' dir='ltr'><strong>providit,</strong></span> <span class='ocrx_word' id='word_1_396' title='bbox 578 3077 632 3115; x_wconf 92' lang='lat' dir='ltr'><strong>ut</strong></span> <span class='ocrx_word' id='word_1_397' title='bbox 658 3068 707 3114; x_wconf 90' lang='lat' dir='ltr'><strong>in</strong></span> <span class='ocrx_word' id='word_1_398' title='bbox 738 3066 963 3115; x_wconf 87' lang='lat' dir='ltr'><strong>omnibus</strong></span> <span class='ocrx_word' id='word_1_399' title='bbox 985 3067 1316 3115; x_wconf 89' lang='lat' dir='ltr'><strong>auctoritatem</strong></span> <span class='ocrx_word' id='word_1_400' title='bbox 1338 3066 1574 3128; x_wconf 88' lang='lat' dir='ltr'><strong>habeant,</strong></span> <span class='ocrx_word' id='word_1_401' title='bbox 1602 3067 1766 3115; x_wconf 90' lang='lat' dir='ltr'><strong>dicens</strong></span> <span class='ocrx_word' id='word_1_402' title='bbox 1788 3086 1799 3114; x_wconf 79' lang='lat' dir='ltr'>z</span> <span class='ocrx_word' id='word_1_403' title='bbox 1842 3087 1866 3114; x_wconf 74' lang='grc' dir='ltr'><strong>ι(</strong></span> <span class='ocrx_word' id='word_1_404' title='bbox 1891 3084 1990 3115; x_wconf 89' lang='lat' dir='ltr'><strong>non</strong></span> <span class='ocrx_word' id='word_1_405' title='bbox 2017 3069 2176 3116; x_wconf 90' lang='lat' dir='ltr'><strong>minus</strong></span> <span class='ocrx_word' id='word_1_406' title='bbox 2202 3071 2440 3135; x_wconf 85' lang='lat' dir='ltr'><strong>sexaginta</strong></span> 
     </span>
     <span class='ocr_line' id='line_1_36' title="bbox 317 3146 2439 3216; baseline 0.002 -22"><span class='ocrx_word' id='word_1_407' title='bbox 317 3163 576 3208; x_wconf 78' lang='lat' dir='ltr'><strong>annorum,</strong></span> <span class='ocrx_word' id='word_1_408' title='bbox 593 3166 616 3192; x_wconf 90' lang='lat'>»</span> <span class='ocrx_word' id='word_1_409' title='bbox 637 3158 685 3195; x_wconf 91' lang='lat' dir='ltr'><strong>et</strong></span> <span class='ocrx_word' id='word_1_410' title='bbox 702 3164 801 3195; x_wconf 90' lang='lat' dir='ltr'><strong>non</strong></span> <span class='ocrx_word' id='word_1_411' title='bbox 821 3146 978 3195; x_wconf 86' lang='lat' dir='ltr'><strong>solum</strong></span> <span class='ocrx_word' id='word_1_412' title='bbox 992 3147 1100 3195; x_wconf 83' lang='lat' dir='ltr'><strong>vitae</strong></span> <span class='ocrx_word' id='word_1_413' title='bbox 1123 3163 1289 3195; x_wconf 88' lang='lat' dir='ltr'><strong>earum</strong></span> <span class='ocrx_word' id='word_1_414' title='bbox 1302 3183 1316 3208; x_wconf 90' lang='lat'><strong>,</strong></span> <span class='ocrx_word' id='word_1_415' title='bbox 1341 3165 1509 3196; x_wconf 83' lang='lat' dir='ltr'><strong>verum</strong></span> <span class='ocrx_word' id='word_1_416' title='bbox 1528 3149 1668 3196; x_wconf 88' lang='lat' dir='ltr'><strong>etiam</strong></span> <span class='ocrx_word' id='word_1_417' title='bbox 1695 3149 1819 3196; x_wconf 87' lang='lat' dir='ltr'><strong>aetati</strong></span> <span class='ocrx_word' id='word_1_418' title='bbox 1842 3148 2064 3213; x_wconf 84' lang='lat' dir='ltr'><strong>longaevae</strong></span> <span class='ocrx_word' id='word_1_419' title='bbox 2081 3150 2130 3197; x_wconf 89' lang='lat' dir='ltr'><strong>in</strong></span> <span class='ocrx_word' id='word_1_420' title='bbox 2150 3149 2311 3198; x_wconf 86' lang='lat' dir='ltr'><strong>multis</strong></span> <span class='ocrx_word' id='word_1_421' title='bbox 2329 3166 2439 3216; x_wconf 86' lang='lat' dir='ltr'><strong>pro-</strong></span> 
     </span>
    </p>
   </div>
   <div class='ocr_carea' id='block_1_10' title="bbox 317 3322 2434 3534">
    <p class='ocr_par' dir='ltr' id='par_1_10' title="bbox 317 3322 2434 3534">
     <span class='ocr_line' id='line_1_37' title="bbox 362 3322 2434 3371; baseline 0 -13"><span class='ocrx_word' id='word_1_422' title='bbox 362 3324 372 3341; x_wconf 83' lang='lat'>¹</span> <span class='ocrx_word' id='word_1_423' title='bbox 397 3324 501 3358; x_wconf 77' lang='lat' dir='ltr'><strong>Locus</strong></span> <span class='ocrx_word' id='word_1_424' title='bbox 529 3324 591 3357; x_wconf 82' lang='lat' dir='ltr'><strong>iste</strong></span> <span class='ocrx_word' id='word_1_425' title='bbox 618 3324 736 3367; x_wconf 80' lang='lat' dir='ltr'><strong>legitur</strong></span> <span class='ocrx_word' id='word_1_426' title='bbox 763 3324 795 3357; x_wconf 89' lang='lat' dir='ltr'><strong>in</strong></span> <span class='ocrx_word' id='word_1_427' title='bbox 827 3323 1060 3357; x_wconf 78' lang='lat' dir='ltr'><strong>commentario</strong></span> <span class='ocrx_word' id='word_1_428' title='bbox 1089 3323 1233 3358; x_wconf 82' lang='lat' dir='ltr'><strong>nondum</strong></span> <span class='ocrx_word' id='word_1_429' title='bbox 1264 3323 1354 3358; x_wconf 82' lang='lat' dir='ltr'><strong>edito</strong></span> <span class='ocrx_word' id='word_1_430' title='bbox 1397 3335 1431 3368; x_wconf 88' lang='lat' dir='ltr'><strong>p.</strong></span> <span class='ocrx_word' id='word_1_431' title='bbox 1450 3322 1588 3357; x_wconf 79' lang='lat'>388.—⁸</span> <span class='ocrx_word' id='word_1_432' title='bbox 1601 3324 1816 3358; x_wconf 67' lang='lat' dir='ltr'><strong>ninistrorum</strong></span> <span class='ocrx_word' id='word_1_433' title='bbox 1829 3324 1895 3357; x_wconf 82' lang='lat' dir='ltr'><strong>MS.</strong></span> <span class='ocrx_word' id='word_1_434' title='bbox 1907 3325 2046 3359; x_wconf 80' lang='lat' dir='ltr'><strong>Amb.—</strong></span> <span class='ocrx_word' id='word_1_435' title='bbox 2061 3326 2074 3344; x_wconf 77' lang='lat'><strong>³</strong></span> <span class='ocrx_word' id='word_1_436' title='bbox 2094 3328 2230 3361; x_wconf 82' lang='lat' dir='ltr'><strong>Timoth.</strong></span> <span class='ocrx_word' id='word_1_437' title='bbox 2245 3329 2280 3366; x_wconf 88' lang='lat'><strong>1,</strong></span> <span class='ocrx_word' id='word_1_438' title='bbox 2297 3338 2371 3371; x_wconf 84' lang='lat' dir='ltr'><strong>cap.</strong></span> <span class='ocrx_word' id='word_1_439' title='bbox 2389 3338 2434 3363; x_wconf 72' lang='grc' dir='ltr'><strong>ιιι,</strong></span> 
     </span>
     <span class='ocr_line' id='line_1_38' title="bbox 317 3378 2431 3427; baseline 0.001 -14"><span class='ocrx_word' id='word_1_440' title='bbox 317 3380 461 3421; x_wconf 84' lang='lat' dir='ltr'><strong>Claudii,</strong></span> <span class='ocrx_word' id='word_1_441' title='bbox 490 3381 681 3414; x_wconf 79' lang='lat' dir='ltr'><strong>taurinensis</strong></span> <span class='ocrx_word' id='word_1_442' title='bbox 707 3380 873 3424; x_wconf 84' lang='lat' dir='ltr'><strong>episcopi,</strong></span> <span class='ocrx_word' id='word_1_443' title='bbox 889 3390 987 3424; x_wconf 82' lang='lat' dir='ltr'><strong>super</strong></span> <span class='ocrx_word' id='word_1_444' title='bbox 1012 3380 1150 3423; x_wconf 78' lang='lat' dir='ltr'><strong>epistola</strong></span> <span class='ocrx_word' id='word_1_445' title='bbox 1168 3383 1214 3414; x_wconf 80' lang='lat' dir='ltr'><strong>ad</strong></span> <span class='ocrx_word' id='word_1_446' title='bbox 1229 3382 1354 3415; x_wconf 83' lang='lat' dir='ltr'><strong>Roma·</strong></span> <span class='ocrx_word' id='word_1_447' title='bbox 1397 3392 1429 3413; x_wconf 78' lang='lat' dir='ltr'><strong>v.</strong></span> <span class='ocrx_word' id='word_1_448' title='bbox 1445 3383 1463 3414; x_wconf 90' lang='lat'><strong>8</strong></span> <span class='ocrx_word' id='word_1_449' title='bbox 1494 3400 1533 3404; x_wconf 96' lang='lat'><strong>—</strong></span> <span class='ocrx_word' id='word_1_450' title='bbox 1546 3378 1560 3397; x_wconf 80' lang='lat'><strong>⁴</strong></span> <span class='ocrx_word' id='word_1_451' title='bbox 1572 3380 1626 3413; x_wconf 86' lang='lat' dir='ltr'><strong>Sic</strong></span> <span class='ocrx_word' id='word_1_452' title='bbox 1640 3380 1677 3413; x_wconf 88' lang='lat' dir='ltr'><strong>D.</strong></span> <span class='ocrx_word' id='word_1_453' title='bbox 1692 3397 1716 3405; x_wconf 96' lang='lat'><em>-</em></span> <span class='ocrx_word' id='word_1_454' title='bbox 1727 3381 1844 3414; x_wconf 71' lang='lat' dir='ltr'><strong>Dicens</strong></span> <span class='ocrx_word' id='word_1_455' title='bbox 1859 3380 1952 3414; x_wconf 79' lang='lat' dir='ltr'><strong>deest</strong></span> <span class='ocrx_word' id='word_1_456' title='bbox 1965 3382 1996 3414; x_wconf 88' lang='lat' dir='ltr'><strong>in</strong></span> <span class='ocrx_word' id='word_1_457' title='bbox 2014 3382 2098 3417; x_wconf 89' lang='lat' dir='ltr'><strong>Edd.</strong></span> <span class='ocrx_word' id='word_1_458' title='bbox 2114 3401 2157 3408; x_wconf 94' lang='lat'><strong>—</strong></span> <span class='ocrx_word' id='word_1_459' title='bbox 2171 3383 2184 3401; x_wconf 76' lang='lat'>⁸</span> <span class='ocrx_word' id='word_1_460' title='bbox 2200 3385 2351 3427; x_wconf 71' lang='lat' dir='ltr'><strong>Biqamos</strong></span> <span class='ocrx_word' id='word_1_461' title='bbox 2368 3383 2431 3416; x_wconf 57' lang='lat' dir='ltr'><strong>MS,</strong></span> 
     </span>
     <span class='ocr_line' id='line_1_39' title="bbox 317 3436 2108 3483; baseline 0.002 -14"><span class='ocrx_word' id='word_1_462' title='bbox 317 3447 386 3470; x_wconf 75' lang='lat' dir='ltr'><strong>nos.</strong></span> <span class='ocrx_word' id='word_1_463' title='bbox 409 3436 483 3470; x_wconf 81' lang='lat' dir='ltr'><strong>vid.</strong></span> <span class='ocrx_word' id='word_1_464' title='bbox 504 3437 586 3470; x_wconf 88' lang='lat' dir='ltr'><strong>Cod.</strong></span> <span class='ocrx_word' id='word_1_465' title='bbox 611 3437 732 3480; x_wconf 79' lang='lat' dir='ltr'><strong>regium</strong></span> <span class='ocrx_word' id='word_1_466' title='bbox 752 3437 983 3481; x_wconf 71' lang='lat' dir='ltr'><strong>parisiensem.</strong></span> <span class='ocrx_word' id='word_1_467' title='bbox 1012 3437 1117 3476; x_wconf 71' lang='lat'><strong>2392,</strong></span> <span class='ocrx_word' id='word_1_468' title='bbox 1137 3436 1196 3470; x_wconf 80' lang='lat' dir='ltr'><strong>sol.</strong></span> <span class='ocrx_word' id='word_1_469' title='bbox 1215 3439 1255 3470; x_wconf 76' lang='lat'><strong>64</strong></span> <span class='ocrx_word' id='word_1_470' title='bbox 1268 3461 1278 3475; x_wconf 83' lang='lat'><strong>.</strong></span> <span class='ocrx_word' id='word_1_471' title='bbox 1295 3436 1354 3476; x_wconf 70' lang='lat'><strong>110.</strong></span> <span class='ocrx_word' id='word_1_472' title='bbox 1402 3437 1495 3470; x_wconf 71' lang='lat' dir='ltr'><strong>Amb.</strong></span> <span class='ocrx_word' id='word_1_473' title='bbox 1511 3455 1538 3460; x_wconf 87' lang='lat'>-</span> <span class='ocrx_word' id='word_1_474' title='bbox 1556 3437 1568 3454; x_wconf 82' lang='lat'><strong>⁰</strong></span> <span class='ocrx_word' id='word_1_475' title='bbox 1590 3436 1726 3470; x_wconf 79' lang='lat' dir='ltr'><strong>Timoth.</strong></span> <span class='ocrx_word' id='word_1_476' title='bbox 1743 3438 1768 3476; x_wconf 78' lang='lat' dir='ltr'><strong>t,</strong></span> <span class='ocrx_word' id='word_1_477' title='bbox 1785 3447 1859 3482; x_wconf 83' lang='lat' dir='ltr'><strong>cap.</strong></span> <span class='ocrx_word' id='word_1_478' title='bbox 1880 3449 1912 3478; x_wconf 81' lang='lat' dir='ltr'><strong>v,</strong></span> <span class='ocrx_word' id='word_1_479' title='bbox 1930 3450 1959 3471; x_wconf 86' lang='lat' dir='ltr'><strong>v.</strong></span> <span class='ocrx_word' id='word_1_480' title='bbox 1978 3441 1998 3471; x_wconf 83' lang='lat'>9</span> <span class='ocrx_word' id='word_1_481' title='bbox 2013 3446 2046 3472; x_wconf 83' lang='lat' dir='ltr'><strong>et</strong></span> <span class='ocrx_word' id='word_1_482' title='bbox 2060 3451 2108 3483; x_wconf 77' lang='lat' dir='ltr'><strong>sq.</strong></span> 
     </span>
     <span class='ocr_line' id='line_1_40' title="bbox 317 3493 1349 3534; baseline 0 -8"><span class='ocrx_word' id='word_1_483' title='bbox 317 3494 380 3526; x_wconf 79' lang='lat' dir='ltr'><strong>eol.</strong></span> <span class='ocrx_word' id='word_1_484' title='bbox 410 3496 447 3534; x_wconf 85' lang='grc'><strong>1;</strong></span> <span class='ocrx_word' id='word_1_485' title='bbox 470 3500 504 3527; x_wconf 81' lang='lat' dir='ltr'><strong>et</strong></span> <span class='ocrx_word' id='word_1_486' title='bbox 526 3493 727 3534; x_wconf 77' lang='lat' dir='ltr'><strong>Fabricium,</strong></span> <span class='ocrx_word' id='word_1_487' title='bbox 755 3494 839 3526; x_wconf 79' lang='lat' dir='ltr'><strong>Bibl.</strong></span> <span class='ocrx_word' id='word_1_488' title='bbox 867 3495 952 3526; x_wconf 80' lang='lat' dir='ltr'><strong>med.</strong></span> <span class='ocrx_word' id='word_1_489' title='bbox 972 3499 1002 3525; x_wconf 85' lang='lat' dir='ltr'><strong>et</strong></span> <span class='ocrx_word' id='word_1_490' title='bbox 1026 3495 1087 3534; x_wconf 80' lang='lat' dir='ltr'><strong>inf.</strong></span> <span class='ocrx_word' id='word_1_491' title='bbox 1113 3493 1234 3532; x_wconf 62' lang='lat' dir='ltr'><strong>Latin„</strong></span> <span class='ocrx_word' id='word_1_492' title='bbox 1263 3501 1288 3526; x_wconf 82' lang='lat' dir='ltr'><strong>t.</strong></span> <span class='ocrx_word' id='word_1_493' title='bbox 1318 3493 1349 3532; x_wconf 90' lang='lat' dir='ltr'><strong>l,</strong></span> 
     </span>
    </p>
   </div>
  </div>
 </body>
</html>
