2970 4152
581 400 671 447 495
1153 397 1322 444 PETRI
1357 397 1672 446 ABAELARDJ
1706 399 1780 446 ET
1814 399 2115 446 HELOISSAE

578 510 706 541 sonae
739 502 989 559 parentur;
1020 507 1107 538 nec
1141 507 1355 538 seorsum
1385 491 1542 555 aliqua
1572 492 1952 557 superaddantur
1980 493 2226 557 pulmenta
2243 529 2255 552 ,
2282 510 2370 541 uec
2393 494 2626 543 ullatenus
2650 497 2692 543 ei

576 575 701 622 vesci
724 574 860 620 liceat
880 572 1133 637 plusquam
1158 580 1228 618 ter
1252 571 1300 617 in
1333 569 1663 631 hebdomada,
1691 572 1845 637 prima
1867 571 2087 620 videlicet
2112 572 2223 620 feria
2238 608 2250 632 ,
2278 574 2411 620 tertia
2425 609 2437 631 ‚
2460 585 2508 621 et
2528 575 2692 639 quinta

576 656 714 713 feria,
756 662 1133 717 quantaecunque
1168 651 1310 698 etiam
1349 651 1630 724 festivitatesx
1655 653 1988 701 intercurrant.
2027 655 2136 710 Quo
2176 670 2384 717 namque
2419 653 2693 703 solemnitas

576 736 729 798 major
753 744 846 794 est,
869 733 1062 796 majoris
1083 731 1376 781 abstinentiae
1398 731 1654 781 devotione
1678 743 1749 782 est
1777 732 2077 781 celebranda.
2103 733 2170 780 Ad
2197 734 2330 798 quod
2360 749 2449 782 nos
2484 736 2696 799 egregius

576 816 746 863 doctor
779 814 1035 878 Gregorius
1069 813 1390 861 Nazianzenus
1420 813 1728 861 vehementer
1752 813 2031 874 exhortans,
2057 813 2138 863 lib.
2166 818 2227 862 ΙΙΙ
2251 814 2309 861 de
2332 815 2601 863 Luminibus
2626 818 2698 864 vel

573 894 787 943 secundis
804 894 1104 959 Epzjohaniis,
1128 894 1214 941 ait¹
1238 912 1249 940 ε
1274 914 1298 939 «
1318 894 1455 941 Diem
1473 894 1645 942 festum
1663 893 1959 941 celebremus
1975 910 2075 941 non
2097 895 2250 942 ventri
2265 894 2587 959 indulgentes,
2610 896 2694 944 sed

574 976 738 1040 spiritu
764 974 1042 1022 exultantes.
1065 992 1087 1018 n
1113 973 1247 1021 ldem
1271 973 1352 1021 lib.
1380 977 1442 1021 IV
1469 973 1528 1020 de
1555 978 1825 1021 Pentecoste
1849 985 1896 1021 et
1922 976 2106 1038 Spiritu
2129 978 2320 1022 ειιηειο2
2341 994 2355 1021 .·
2386 995 2409 1020 «
2437 978 2496 1023 Et
2518 975 2597 1023 hic
2623 986 2693 1024 est

573 1067 735 1104 noster
759 1056 902 1103 festus
926 1054 1055 1115 dies,
1078 1074 1101 1100 »
1131 1055 1219 1115 ait,
1251 1055 1339 1102 «in
1370 1055 1537 1102 animae
1572 1055 1819 1102 thesauros
1854 1071 2066 1120 perenne
2110 1055 2290 1119 aliquid
2329 1066 2375 1103 et
2408 1066 2692 1121 perpetuum

573 1136 918 1197 recondamus,
955 1152 1055 1183 non
1080 1152 1135 1184 ea
1159 1152 1263 1199 quae
1287 1145 1620 1200 pertranseunt
1645 1146 1692 1183 et
1717 1135 2056 1184 dissolvuntur.
2086 1134 2267 1183 Sufficit
2296 1137 2489 1202 corpori
2518 1137 2696 1185 malitia

572 1234 655 1264 sua
671 1252 683 1276 ,
713 1233 811 1264 non
837 1216 1016 1280 indiget
1039 1216 1306 1281 copiosiore
1332 1217 1555 1275 materia,
1585 1233 1674 1263 nec
1704 1215 1915 1268 insolens
1944 1216 2094 1264 bestia
2122 1215 2551 1264 abundantioribus
2580 1216 2697 1265 cibis

571 1309 621 1344 ut
647 1297 926 1346 insolentior
948 1296 1057 1356 fiat,
1087 1306 1133 1346 et
1154 1296 1406 1345 violentius
1439 1307 1620 1360 urgeat.
1655 1315 1678 1341 »
1716 1296 1900 1343 Idcirco
1931 1307 2091 1344 autem
2129 1296 2430 1361 spiritualiter
2454 1297 2602 1361 magis
2625 1308 2696 1346 est

570 1378 752 1442 agenda
786 1377 1087 1438 solemnitas,
1125 1393 1269 1442 quam
1304 1387 1351 1424 et
1383 1377 1550 1424 beatus
1583 1379 1930 1441 Hieronymus,
1961 1377 2060 1440 ejus
2094 1377 2381 1442 discipulus,
2406 1388 2617 1438 secutus,
2643 1378 2693 1426 in

569 1459 767 1525 epistola
801 1475 886 1507 sua
918 1458 976 1505 de
1007 1460 1209 1522 accepta&
1232 1457 1507 1505 Muneribus
1534 1459 1595 1505 ita
1621 1458 1835 1522 quodam
1869 1459 1977 1506 loco
2013 1459 2259 1505 meminit³
2291 1477 2300 1505 :
2338 1478 2360 1503 «
2386 1459 2524 1506 Unde
2554 1458 2694 1507 nobis

568 1539 812 1587 sollicitius
829 1538 1208 1603 providendum,
1231 1548 1284 1585 ut
1302 1538 1566 1585 solemnem
1586 1537 1713 1585 diem
1737 1554 1840 1585 non
1858 1547 1956 1584 tam
1972 1537 2192 1586 ciborum
2208 1537 2527 1597 abundantia,
2550 1554 2695 1602 quam

565 1620 754 1684 spiritus
791 1619 1078 1667 exultatione
1108 1618 1402 1667 celebremus
1426 1636 1435 1663 :
1465 1619 1576 1681 quia
1600 1618 1737 1665 valde
1771 1617 2034 1665 absurdum
2058 1628 2129 1667 est
2156 1619 2303 1666 nimia
2335 1615 2576 1667 saturitate
2608 1619 2697 1666 ho·

565 1717 735 1747 norare
766 1700 885 1748 velle
917 1709 1199 1762 martyrem,
1229 1715 1374 1763 quem
1404 1698 1609 1747 sciamus
1641 1700 1745 1745 Deo
1777 1697 2011 1762 placuisse
2044 1698 2251 1761 jejuniis.
2282 1717 2304 1742 »
2328 1700 2614 1762 Augustinus
2634 1699 2695 1747 de

563 1782 860 1828 Poenitentc'oe
880 1778 1141 1827 Medicina'*
1162 1797 1175 1825 .·
1201 1798 1223 1823 «
1244 1778 1444 1826 Attende
1470 1787 1541 1827 tot
1564 1787 1826 1840 martyrum
1850 1777 2012 1824 millia.
2037 1780 2133 1825 Cur
2151 1778 2279 1827 enim
2298 1778 2505 1826 natalitia
2524 1795 2694 1827 eorum

560 1861 791 1908 conviviis
822 1860 1039 1925 turpibus
1070 1858 1309 1907 celebrare
1334 1858 1564 1918 delectat,
1593 1868 1640 1906 et
1670 1874 1839 1906 eorum
1873 1859 2019 1906 vitam
2053 1859 2188 1923 sequi
2226 1858 2440 1906 honestis
2478 1859 2695 1908 moribus

559 1959 657 2004 non
692 1940 926 1993 delectat?
949 1959 971 1984 »
1002 1940 1235 1998 Quotiens
1257 1955 1372 1988 vero
1399 1955 1567 1986 carnes
1594 1938 1823 1999 deerunt,
1855 1938 1954 1986 duo
1983 1939 2049 1988 eis
2080 1938 2255 1987 fercula
2288 1939 2696 2004 qualiumcunque

558 2023 917 2087 pulmentorum
942 2020 1279 2080 concedimus,
1325 2036 1414 2068 uec
1450 2018 1708 2084 superaddi
1742 2019 1895 2083 pisces
1935 2018 2261 2084 prohibemus.
2296 2019 2420 2067 Nulli
2450 2036 2564 2069 vero
2589 2037 2694 2085 pre-

557 2105 671 2152 ciosi
696 2120 888 2169 sapores
912 2102 1029 2149 cibis
1048 2111 1353 2167 apponantur
1374 2101 1426 2148 in
1447 2110 1716 2158 conventu,
1746 2100 1828 2148 sed
1855 2101 1909 2147 iis
1937 2110 2173 2149 contentae
2197 2101 2291 2149 sint
2306 2137 2318 2161 ,
2342 2118 2446 2166 quae
2466 2102 2516 2148 in
2542 2112 2688 2161 terra,

558 2201 702 2248 quam
735 2183 1025 2241 inhabitant,
1059 2192 1343 2242 nascuntur;
1376 2180 1608 2229 fructibus
1643 2197 1756 2228 vero
1793 2197 1892 2228 non
1929 2180 2019 2228 nisi
2051 2181 2099 2227 in
2123 2197 2259 2227 coena
2291 2191 2557 2228 vescantur.
2600 2184 2692 2228 Pro

560 2264 910 2312 medicamento
937 2272 1096 2311 autem
1119 2261 1292 2326 quibus
1317 2278 1439 2326 opus
1463 2261 1629 2320 fuerit,
1658 2260 1736 2308 vel
1759 2260 1932 2307 herbas
1962 2260 2033 2307 vel
2061 2260 2243 2309 radices
2273 2277 2356 2308 seu
2394 2261 2572 2309 fructus
2609 2261 2692 2309 ali-

557 2355 698 2409 quot,
728 2344 803 2391 vel
827 2343 917 2391 alia
941 2341 1221 2406 hujusmodi
1239 2358 1488 2405 nunquam
1507 2339 1820 2406 prohibemus
1837 2340 2015 2388 mensis
2038 2340 2233 2405 apponi.
2258 2340 2419 2404 Siqua
2443 2340 2566 2388 forte
2583 2358 2692 2405 per-

558 2427 716 2490 egrina
750 2423 969 2472 monialis
1002 2423 1210 2487 hospitio
1231 2431 1421 2486 recepta
1447 2421 1622 2468 mensis
1641 2421 1881 2479 intererit,
1905 2420 2085 2468 ferculo
2109 2421 2152 2467 ei
2177 2420 2336 2485 aliquo
2362 2420 2688 2486 superaddito,

556 2506 796 2554 charitatis
819 2505 990 2554 sentiat
1014 2503 1379 2550 humanitatem.
1410 2505 1482 2550 De
1501 2518 1599 2566 quo
1619 2501 1816 2565 quidem
1833 2501 1870 2547 si
1888 2500 2006 2564 quid
2033 2500 2316 2550 distribuere
2335 2500 2564 2561 voluerit,
2585 2501 2695 2550 lice-

557 2588 641 2634 bit.
673 2590 781 2646 Haec
804 2595 990 2644 autem,
1018 2583 1092 2631 vel
1127 2584 1165 2631 si
1194 2582 1356 2649 plures
1384 2582 1588 2642 fuerint,
1615 2582 1667 2630 in
1692 2581 1874 2644 majore
1898 2597 2064 2629 mensa
2092 2580 2399 2640 residebunt,
2430 2592 2477 2629 et
2504 2582 2572 2629 eis
2596 2581 2697 2630 dia-

557 2668 743 2715 conissa
769 2665 1077 2725 ministrabit,
1105 2674 1272 2730 postea
1295 2680 1406 2712 cum
1432 2663 1559 2723 aliis,
1581 2679 1687 2727 quae
1706 2662 1880 2710 mensis
1909 2662 2203 2722 ministrant,
2225 2672 2510 2710 comestura.
2533 2663 2695 2727 Siqua

556 2765 668 2796 vero
707 2764 928 2796 sororum
960 2746 1165 2812 parciori
1189 2745 1297 2794 cibo
1330 2761 1524 2792 carnem
1550 2744 1748 2792 domare
1775 2743 2006 2803 voluerit,
2040 2742 2309 2792 nullatenus
2336 2742 2431 2791 hoc
2466 2743 2570 2808 ipsa
2603 2744 2692 2791 nisi

557 2846 641 2893 per
669 2828 995 2876 obedientiam
1018 2835 1294 2892 praesumat,
1323 2835 1369 2872 et
1392 2824 1664 2873 nullatenus
1688 2823 1782 2872 hoc
1809 2823 1852 2870 ei
1875 2822 2152 2886 denegetur,
2177 2823 2215 2869 si
2234 2822 2328 2869 hoc
2354 2838 2452 2869 non
2478 2822 2688 2883 levitate,

556 2909 638 2956 sed
669 2910 840 2956 virtute
865 2907 1055 2955 videtur
1084 2915 1331 2971 appetere,
1364 2905 1496 2969 quod
1532 2904 1633 2968 ejus
1665 2902 1911 2950 firmitudo
1946 2902 2099 2950 valeat
2134 2902 2351 2951 tolerare.
2385 2903 2511 2950 Nulli
2532 2896 2691 2951 tamen

559 3007 769 3054 unquam
803 2989 1123 3055 permittatur,
1152 2997 1204 3034 ut
1235 3004 1322 3052 per
1354 2986 1447 3033 hoc
1486 2986 1834 3033 conventu²⁵....
1865 3000 1955 3030 nec
1981 2993 2032 3030 ut
2060 2982 2266 3048 aliquam
2300 2983 2428 3030 diem
2456 2983 2558 3030 sine
2582 2982 2691 3030 cibo

560 3072 797 3135 transigat.
819 3070 1068 3135 Sagiminis
1088 3067 1400 3117 condimento
1421 3075 1550 3113 sexta
1566 3065 1683 3115 feria
1701 3080 1950 3127 nunquam
1968 3073 2178 3124 utantur,
2199 3063 2284 3111 sed
2300 3063 2692 3128 quadragesimali

559 3152 667 3200 cibo
691 3161 925 3200 contentae
940 3188 952 3211 ,
975 3166 1155 3216 sponso
1185 3166 1272 3197 suo
1302 3165 1358 3196 ea
1382 3147 1459 3195 die
1488 3162 1629 3212 passo
1650 3145 1860 3210 quadam
1875 3145 2229 3210 compatiantur
2245 3144 2545 3192 abstinentia.
2571 3144 2691 3192 Illud
2727 3193 2730 3199 ,

563 3249 674 3279 vero
705 3248 803 3278 non
829 3231 984 3279 solum
1014 3229 1373 3296 prohibendum
1389 3265 1402 3288 ,
1429 3228 1514 3276 sed
1544 3226 1855 3274 vehementer
1872 3235 1942 3273 est
1959 3225 2320 3274 abhorrendum
2335 3261 2347 3285 ,
2371 3225 2505 3290 quod
2521 3226 2570 3272 in
2589 3225 2691 3291 ple-

609 3441 617 3457 ¹
645 3440 732 3473 Orat.
751 3449 872 3479 xxxix,
890 3440 931 3471 20
943 3463 950 3476 ,
975 3439 1057 3480 Opp.
1077 3437 1207 3471 Parisiis
1221 3462 1229 3476 ,
1247 3437 1330 3468 1778
1343 3461 1352 3476 ‚
1371 3435 1502 3475 in-fol.,
1515 3442 1541 3469 t.
1563 3436 1598 3474 1,
1643 3433 1868 3472 Eustochium,
1886 3434 2003 3475 Opp.t.
2017 3432 2218 3476 lv,part.11,
2234 3431 2297 3464 col.
2314 3432 2414 3464 60.-
2426 3430 2553 3464 *Serm.
2567 3441 2692 3470 cccuv,

561 3508 596 3540 p.
614 3495 752 3530 690.-⁸
766 3496 855 3530 Orat.
869 3506 936 3535 xm,
953 3495 1033 3540 Opp.
1052 3501 1075 3528 t.
1092 3494 1169 3537 l‚p.
1182 3492 1321 3526 731.—³
1332 3492 1437 3536 Epist.
1450 3496 1543 3532 x‘xut,
1556 3493 1601 3524 ad
1648 3491 1730 3532 Opp.
1749 3497 1773 3523 t.
1791 3489 1831 3530 V,
1846 3490 1911 3523 col.
1930 3490 2027 3522 1361.
2050 3507 2091 3513 --
2104 3488 2117 3506 ⁶
2130 3489 2237 3522 Locus
2259 3494 2448 3531 corruptus.
