2970 4152
888 439 945 486 ΙΝ
978 437 1184 484 DlEBUS
1217 436 1608 484 ROGATIONUM
1642 436 1857 482 SERMO.
2333 434 2420 481 474

315 535 527 600 praecipit
547 536 675 581 Deus
708 544 870 581 manet
903 533 1187 597 ignorantia.
1226 531 1443 601 Verbum
1467 531 1555 577 Dei
1584 532 1818 590 ruminat,
1855 530 1938 594 qui
1971 530 2129 594 ipsum
2160 529 2431 594 frequenter

315 614 539 674 revolvit,
565 625 618 661 ut
640 614 909 678 diligentius
931 613 1188 677 intelligat,
1207 613 1336 659 ⁴sicut
1368 612 1598 676 scriptum
1620 615 1708 658 est¹
1743 630 1752 657 :
1784 614 1882 657 «Et
1910 612 1958 657 in
1988 610 2089 674 lege
2112 610 2212 674 ejus
2234 611 2431 658 medita-

314 695 442 742 bitur
466 695 544 742 die
566 713 621 743 ac
643 706 802 743 nocte.
826 714 848 738 »
873 695 1054 741 Divisio
1085 703 1245 741 autem
1274 692 1462 756 ungulae
1489 709 1584 756 qua
1611 691 1902 750 incedimus,
1933 690 2157 738 discretio
2186 701 2257 738 est
2284 708 2429 756 quam

313 777 362 823 in
386 776 543 823 verbis
571 777 744 824 divinis
777 775 1010 823 habemus
1035 794 1045 834 ;
1079 792 1231 840 quum
1263 774 1485 821 videlicet
1518 773 1768 837 diligenter
1801 772 2114 830 attendimuS,
2152 773 2269 836 quid
2296 773 2429 836 juxta

311 857 516 905 litteram
538 859 598 904 sit
625 858 981 922 accipiendum,
1013 857 1132 921 quid
1160 856 1222 904 ad
1249 873 1444 903 sensum
1472 855 1727 919 mysticum
1754 853 1828 901 vel
1852 854 2084 901 moralem
2112 854 2171 900 sit
2193 855 2429 919 applican-

310 937 445 984 dum.
473 941 539 984 Ex
561 954 658 1002 qua
678 938 874 1002 quidem
895 937 1206 1000 intelligentia
1225 935 1422 1002 triplici,
1453 936 1571 983 dum
1593 936 1729 1000 quasi
1750 934 2038 999 quibusdam
2061 934 2246 983 ferculis
2269 937 2429 985 anima

310 1016 541 1077 reficitur,
561 1035 673 1065 vera
695 1017 950 1083 prudentia
972 1005 1253 1076 illustratur,
1271 1034 1361 1064 nec
1383 1032 1609 1081 generare
1630 1025 1789 1081 potest
1810 1015 2052 1062 fastidium
2073 1015 2161 1062 ista
2183 1015 2427 1064 diversitas

309 1096 613 1145 ferculorum.
646 1099 785 1146 Panis
812 1108 973 1146 autem
995 1097 1461 1163 supersubstantialis
1488 1096 1568 1144 hic
1590 1095 1901 1159 intelligentia
1921 1095 2117 1154 dicitur,
2152 1095 2264 1159 quia
2284 1095 2427 1160 longe

307 1175 386 1223 hic
408 1177 543 1225 cibus
565 1179 735 1225 animae
757 1177 1061 1226 excellentior
1083 1187 1176 1237 est,
1203 1194 1349 1242 quam
1371 1176 1623 1241 quodlibet
1650 1174 1982 1234 substantiale,
2014 1174 2063 1220 id
2086 1184 2156 1221 est
2177 1176 2426 1241 corporale

306 1256 609 1318 alimentum,
635 1258 769 1323 quod
790 1275 902 1305 cum
924 1258 1213 1305 animalibus
1232 1257 1373 1304 nobis
1395 1267 1466 1305 est
1487 1273 1762 1304 commune.
1791 1258 1916 1302 Bene
1938 1272 2051 1319 ergo
2074 1265 2294 1302 nostrum
2311 1256 2427 1302 dicit

304 1320 479 1402 panem
501 1339 667 1399 istum,
694 1339 788 1386 hoc
816 1349 886 1387 est
913 1340 1164 1405 proprium
1192 1339 1499 1386 rationalium
1527 1339 1813 1386 animarum.
1847 1336 1991 1394 Quod
2019 1337 2136 1383 dicit
2162 1355 2185 1381 «
2201 1336 2348 1384 hodie
2367 1375 2377 1395 ,
2400 1358 2422 1382 »

303 1417 397 1466 tale
419 1429 489 1466 est
511 1436 566 1467 ac
587 1420 626 1467 si
649 1419 851 1479 diceret,
876 1420 925 1466 in
948 1419 1040 1467 hac
1062 1420 1283 1485 praesenti
1303 1420 1424 1478 vita,
1455 1419 1550 1466 hoc
1572 1418 1713 1466 nobis
1735 1418 1962 1465 viaticum
1993 1418 2230 1476 ministra,
2256 1434 2318 1463 ne
2341 1418 2424 1465 de·

303 1497 517 1546 siciamus
540 1501 589 1547 in
611 1501 705 1548 via.
739 1503 845 1548 Non
874 1501 976 1547 sine
1004 1500 1322 1547 admiratione
1356 1500 1545 1547 videtur
1573 1498 1906 1564 accipiendum
1934 1498 2066 1562 quod
2100 1497 2229 1563 a‘pud
2258 1514 2347 1545 nos
2374 1499 2422 1545 in

301 1580 700 1627 consuetudinem
738 1581 956 1628 Ecclesiae
992 1581 1199 1640 venerit,
1243 1591 1296 1627 ut
1333 1598 1484 1645 quum
1528 1580 1798 1628 orationem
1836 1579 2131 1627 dominicam
2174 1579 2222 1625 in
2267 1579 2425 1626 verbis

300 1658 506 1727 Matthaei
526 1659 905 1725 frequentemus,
931 1662 1015 1725 qui
1037 1651 1161 1719 eam,
1186 1671 1240 1708 ut
1262 1661 1446 1708 dictum
1468 1671 1556 1720 est,
1582 1660 1837 1726 perfectius
1858 1659 2123 1724 scripserit,
2149 1676 2301 1706 unum
2324 1660 2423 1723 ejus

299 1739 530 1800 verbum,
558 1743 738 1789 caeteris
767 1742 994 1790 omnibus
1025 1743 1244 1802 retentis,
1271 1752 1647 1801 commutemus,
1675 1759 1765 1807 pro
1794 1761 1817 1787 «
1840 1740 2367 1806 supersubstantialem,
2396 1762 2419 1785 »

230 1872 235 1878 ,
297 1820 475 1869 scilicet
496 1823 630 1887 quod
659 1824 759 1889 ipse
789 1825 979 1889 posuit,
1006 1824 1219 1871 dicentes
1245 1843 1268 1869 α
1288 1825 1687 1889 quotidianum,»
1714 1824 1836 1871 sicut
1856 1826 2006 1870 Lucas
2029 1823 2093 1870 ait
2126 1841 2135 1869 :
2163 1824 2423 1887 praesertim

297 1918 447 1966 quum
467 1903 608 1968 hujus
630 1906 766 1970 panis
788 1906 994 1970 dignitas
1016 1923 1117 1953 non
1135 1906 1293 1953 minus
1316 1906 1516 1971 exprimi
1534 1905 1771 1964 videatur,
1792 1922 1943 1969 quum
1956 1903 2421 1969 supersubstantialis

297 1981 494 2043 dicitur,
520 2002 667 2049 quam
694 2003 845 2050 quum
873 1987 1182 2051 quotidianus
1211 1986 1493 2052 appellatur.
1529 1987 1747 2050 Denique
1775 1986 1815 2032 si
1843 1985 2129 2033 arbitremur
2150 2001 2177 2032 a
2199 1985 2420 2034 Matthaeo

297 2063 464 2112 melius
486 2065 746 2114 dicendum
769 2067 910 2115 fuisse
936 2087 959 2112 (ι
976 2067 1312 2133 quotidianum
1325 2105 1336 2126 ,
1354 2087 1377 2112 υ
1398 2084 1545 2132 quam
1571 2065 2134 2131 «supersubstantialem,
2151 2085 2174 2110 »
2198 2066 2305 2131 quis
2326 2066 2420 2113 hoc

295 2147 653 2211 praesumptioni
675 2164 775 2194 non
799 2149 1025 2214 imputet,
1064 2159 1116 2196 ut
1151 2165 1250 2195 non
1286 2147 1442 2196 solum
1465 2146 1771 2212 Apostolum,
1808 2147 2123 2194 verumetiam
2156 2147 2418 2195 Dominum

293 2226 531 2290 corrigere
567 2227 791 2287 velimus,
828 2246 980 2294 quum
1013 2229 1091 2276 ille
1124 2229 1191 2276 sic
1225 2245 1332 2276 eam
1361 2229 1625 2293 scripserit,
1666 2228 1787 2274 sicut
1821 2243 1930 2274 eam
1951 2227 2168 2276 audierat
2190 2228 2418 2293 apostolis

294 2304 440 2364 tradi,
465 2315 513 2352 et
535 2306 596 2353 ab
618 2307 685 2354 eis
707 2307 860 2372 ipsam
887 2308 1127 2355 credimus
1149 2308 1457 2373 frequentari,
1483 2308 1605 2354 sicut
1626 2307 1693 2353 eis
1715 2315 1786 2353 est
1807 2306 2003 2366 tradita,
2030 2316 2077 2354 et
2112 2307 2174 2354 ab
2196 2307 2416 2373 apostolo

295 2384 341 2431 in
365 2386 535 2433 eadem
557 2387 701 2436 etiam
722 2386 883 2451 lingua
904 2388 1036 2453 prius
1058 2388 1262 2453 scripta?

357 2466 536 2522 Quinta
567 2476 726 2513 autem
755 2468 921 2532 petitio
951 2483 1058 2531 quae
1086 2467 1261 2514 dicitur
1285 2484 1295 2512 :
1317 2486 1341 2511 κ
1365 2469 1425 2513 Et
1447 2466 1634 2513 dimitte
1659 2465 1800 2513 nobis
1823 2465 1985 2513 debita
2009 2475 2197 2524 nostra,
2225 2466 2347 2514 sicut
2369 2478 2413 2514 et

294 2562 381 2593 nos
395 2546 677 2594 dimittimus
693 2547 991 2594 debitoribus
1004 2548 1180 2594 nostris
1196 2584 1207 2606 ,
1225 2566 1248 2591 n
1271 2547 1542 2611 aequitatem
1562 2545 1771 2611 postulat
1781 2546 1989 2610 justitiae.
2007 2549 2217 2611 AEquum
2235 2547 2414 2612 quippe

291 2637 388 2686 est,
414 2637 461 2675 et
481 2627 576 2675 hoc
593 2628 774 2691 justitia
795 2629 958 2692 exigit,
984 2638 1037 2675 ut
1059 2627 1223 2693 quales
1245 2645 1330 2693 per
1353 2626 1730 2675 misericordiam
1753 2644 1843 2674 nos
1865 2626 2144 2675 exhibemus
2167 2629 2408 2692 proximo,

292 2706 434 2755 talem
457 2707 597 2755 nobis
619 2708 917 2755 inveniamus
939 2710 1111 2755 Deum.
1138 2706 1309 2754 Debita
1332 2707 1464 2766 dicit,
1490 2723 1656 2771 poenas
1678 2723 1768 2772 pro
1791 2707 1997 2772 peccatis
2019 2706 2221 2755 debitas.
2249 2710 2421 2766 Quum-

290 2787 405 2835 dicit
432 2806 442 2834 :
472 2789 646 2835 «Sicut
673 2798 720 2835 et
748 2805 837 2835 nos
866 2788 1149 2835 dimittimus
1178 2787 1279 2835 aliis
1301 2804 1388 2835 sua
1415 2787 1576 2835 debita
1595 2825 1606 2847 ,
1631 2806 1653 2832 υ
1679 2787 1801 2835 adeo
1831 2805 1920 2835 nos
1949 2787 2012 2835 ad
2033 2788 2410 2837 misericordiam

289 2867 594 2932 constringit,
632 2878 684 2915 ut
712 2868 812 2915 haec
847 2869 1001 2916 oratio
1036 2885 1064 2916 a
1097 2867 1249 2915 nobis
1267 2869 1426 2934 potius
1456 2867 1518 2915 ad
1552 2867 1914 2915 damnationem
1944 2885 2091 2933 quam
2119 2869 2181 2917 ad
2209 2869 2408 2918 salutem

289 2949 497 3009 dicatur,
517 2950 555 2997 si
570 2950 901 2997 misericordes
923 2967 1023 2998 non
1047 2949 1293 2998 fuerimus.
1319 2950 1572 2997 Debitores
1595 2960 1786 2997 nostros
1808 2950 1887 2997 hic
1910 2950 2048 3009 dicit,
2069 2951 2190 2998 sicut
2210 2968 2411 3015 sequen-

289 3029 353 3077 tia
378 3029 618 3093 Evangelii
646 3040 865 3095 patenter
892 3031 1160 3089 insinuant,
1192 3031 1275 3095 qui
1302 3048 1392 3096 pro
1414 3030 1488 3078 his
1510 3048 1615 3095 quae
1644 3031 1693 3077 in
1717 3048 1807 3078 nos
1829 3031 2172 3078 commiserunt
2194 3031 2405 3096 quodam

288 3109 451 3157 debito
474 3127 626 3175 poenae
649 3112 997 3175 astringuntur,
1024 3121 1076 3158 ut
1103 3128 1192 3176 pro
1222 3111 1295 3158 his
1317 3111 1495 3159 scilicet
1522 3112 1682 3178 puniri
1710 3112 1806 3159 sint
1828 3111 1976 3175 digni.
2003 3111 2188 3169 Quibus
2210 3111 2406 3177 quidem

289 3187 411 3236 hanc
434 3206 626 3254 poenam
655 3201 890 3255 quantum
920 3191 968 3237 in
993 3190 1133 3238 nobis
1160 3201 1230 3238 est
1259 3192 1567 3251 remittimus,
1599 3209 1750 3257 quum
1780 3192 1827 3238 in
1858 3192 1923 3238 eis
1952 3191 2013 3239 ad
2035 3191 2404 3249 satisfactionem

288 3270 479 3332 paratiS,
506 3270 685 3317 nullam
707 3258 904 3336 propter
926 3270 1020 3317 hoc
1041 3271 1303 3319 vindictam
1327 3273 1534 3319 exerceri
1556 3272 1795 3319 volumus.
1823 3275 1880 3319 Et
1907 3271 2002 3319 hoc
2030 3282 2100 3319 est
2128 3289 2218 3319 nos
2239 3289 2404 3338 poenas

286 3347 570 3396 delictorum
594 3350 654 3398 ad
677 3351 1036 3398 similitudinem
1054 3352 1139 3398 Dei
1160 3352 1423 3415 ignoscere,
1443 3369 1592 3417 quum
1617 3352 1705 3399 illis
1728 3353 1789 3400 de
1811 3352 1949 3399 illatis
1973 3352 2153 3416 injuriis
2175 3354 2405 3418 poeniten-

331 3527 340 3544 ·
367 3528 483 3563 psalm.
