2970 4152
1189 399 1507 448 EPISTOLAE.
1586 411 1596 414 ⁴
2322 398 2414 446 ⁴43

291 491 450 553 fallor,
490 493 724 540 maximus
758 493 837 540 ille
871 502 1121 558 poetarum
1155 503 1433 541 nostrorum
1470 493 1690 558 Virgilius
1724 492 1937 540 audierat
1973 501 2116 557 atque
2153 492 2419 540 attenderat

289 588 441 636 quum
470 573 519 619 in
558 575 621 620 IV
659 573 821 638 ecloga
854 573 1067 621 futurum
1095 574 1144 621 in
1170 574 1392 639 proximo
1427 572 1517 620 sub
1547 575 1757 637 Augusto
1788 576 1968 621 Caesare
1999 582 2215 638 tempore
2246 589 2419 620 consu-

249 664 254 669 ’
289 650 410 700 latus
435 652 661 700 Pollionis
686 653 952 701 mirabilem
977 653 1225 718 cujusdam
1251 638 1389 719 pueri
1407 653 1468 700 de
1486 652 1608 700 coelo
1634 652 1696 699 ad
1719 662 1866 700 terras
1890 651 2135 713 mittendi,
2164 653 2247 718 qui
2276 653 2419 700 etiam

288 741 482 796 peccata
506 733 676 780 mundi
691 733 878 782 tolleret
890 770 902 793 ,
931 744 979 782 et
994 735 1127 799 quasi
1148 725 1363 783 seculum
1380 750 1563 780 novum
1581 734 1630 780 in
1650 732 1835 779 mundo
1854 733 2130 780 mirabiliter
2151 732 2413 793 ordinaret,

247 869 250 873 ¹
288 812 565 876 praecineret
583 822 742 860 ortum
765 831 774 858 :
798 813 1090 874 admonitus,
1114 825 1166 862 ut
1188 815 1391 880 ipsemet
1417 814 1510 874 ait,
1534 813 1702 860 cumaei
1719 812 1942 859 carminis
1966 813 2212 873 vaticinio,
2234 813 2328 861 hoc
2347 823 2418 861 est

288 890 465 955 sibyllae
481 928 493 952 ,
522 909 627 957 quae
644 896 871 941 cumana¹
897 893 1085 941 dicitur.
1110 894 1184 941 Ait
1202 895 1380 960 quippe
1400 894 1491 954 sic,
1520 894 1655 958 quasi
1679 892 1942 940 adhortans
1967 892 2204 957 quoslibet
2222 893 2283 940 ad
2302 909 2416 940 con-

287 972 624 1036 gratulandum
645 973 735 1022 sibi
751 1011 763 1034 ,
791 984 839 1022 et
853 975 1209 1023 concinendum
1223 993 1305 1023 seu
1326 975 1634 1023 scribendum
1652 974 1713 1022 de
1727 974 1823 1022 hoc
1836 983 1970 1021 tanto
1986 991 2138 1040 puero
2155 975 2413 1035 nascituro,

286 1053 336 1100 in
353 1056 711 1120 comparatione
729 1056 864 1120 cujus
880 1073 1049 1104 omnes
1065 1056 1179 1104 alias
1197 1057 1417 1105 materias
1428 1043 1563 1122 quasi
1581 1056 1793 1104 infimas²
1807 1066 1854 1104 et
1869 1055 1984 1104 viles
1997 1066 2185 1120 reputat·
2199 1055 2384 1103 dicens'
2402 1075 2411 1102 :

743 1182 939 1247 Sicelides
958 1185 1103 1234 Musae,
1123 1183 1244 1238 paulo
1265 1184 1422 1238 maj0ra
1443 1195 1662 1232 canamus;

741 1252 829 1293 Non
851 1265 997 1294 omnes
1015 1252 1182 1294 arbusta
1195 1253 1340 1307 juvant
1351 1252 1619 1307 vhumilesque
1637 1252 1823 1307 myricae.

745 1352 1785 1364 ························

744 1390 892 1432 Ultima
911 1389 1057 1431 cumaei
1074 1390 1186 1431 venit
1200 1390 1285 1444 jam
1306 1390 1501 1431 carminis
1516 1396 1617 1432 aetas
1634 1409 1643 1440 ;

739 1460 910 1512 Magnus
928 1458 979 1499 ab
998 1459 1160 1512 integro
1180 1459 1382 1500 seclorum
1401 1459 1584 1501 nascitur
1603 1458 1705 1501 ordo
1723 1478 1733 1500 :

741 1528 829 1568 Jam
851 1526 956 1568 redit
974 1533 1015 1568 et
1033 1526 1156 1581 Virgo
1170 1559 1180 1576 ,
1201 1527 1374 1569 redeunt
1393 1527 1574 1569 saturnia
1592 1540 1743 1582 regna,

739 1597 828 1637 Jam
847 1608 954 1636 nova
971 1595 1192 1650 progenies
1211 1596 1318 1636 coelo
1338 1595 1566 1638 demittitur
1583 1596 1666 1637 alto
1684 1628 1694 1646 ‚
1721 1601 1798 1637 etc.

284 1718 469 1783 Inspice
509 1718 694 1782 singula
727 1717 906 1781 sibyllae
944 1717 1097 1777 dicta,
1140 1728 1186 1766 et
1222 1734 1369 1782 quam
1405 1720 1585 1783 integre
1626 1728 1674 1766 et
1709 1728 1872 1784 aperte
1909 1718 2174 1766 christianae
2207 1716 2321 1764 fidei
2353 1716 2414 1763 de

283 1797 471 1844 Christo
505 1814 742 1845 summam
767 1797 1128 1863 complectatur.
1165 1801 1282 1856 Quae
1318 1815 1407 1847 nec
1435 1799 1734 1847 divinitatem
1761 1799 1887 1863 ejus,
1916 1815 2005 1847 nec
2035 1798 2381 1846 humanitatem
2399 1833 2411 1856 ,

283 1894 372 1925 nec
402 1889 660 1943 utrumque
682 1878 828 1943 ipsius
852 1877 1112 1925 adventum
1130 1914 1143 1938 ,
1175 1895 1265 1927 nec
1292 1889 1551 1945 utrumque
1570 1879 1806 1944 judicium
1833 1878 2171 1945 prophetando
2201 1878 2276 1926 vel
2306 1878 2417 1926 scri—

282 1957 444 2006 bendo
465 1959 788 2023 praetermisit,
819 1959 1028 2025 primum
1055 1959 1253 2025 quidem
1273 1960 1534 2024 judicium,
1563 1977 1662 2025 quo
1687 1960 1861 2024 injuste
1876 1960 2115 2024 judicatus
2140 1969 2211 2006 est
2235 1959 2284 2006 in
2309 1975 2418 2024 pas—

281 2039 442 2098 sione,
476 2049 523 2086 et
553 2039 820 2087 secundum
853 2056 951 2104 quo
975 2040 1102 2104 juste
1125 2040 1423 2105 judicaturus
1448 2051 1519 2089 est
1542 2040 1782 2088 mundum
1807 2041 1855 2088 in
1885 2040 2144 2104 majestate.
2178 2042 2295 2097 Quae
2327 2056 2416 2089 nec

282 2118 567 2167 descensum
585 2120 686 2184 ejus
710 2120 771 2168 ad
794 2121 971 2168 inferos
985 2158 997 2180 ‚
1019 2138 1110 2169 nec
1128 2122 1488 2170 resurrectionis
1507 2121 1707 2186 gloriam
1726 2121 2115 2187 praetermittens,
2142 2137 2242 2168 non
2260 2120 2415 2168 solum

282 2199 565 2266 prophetas,
595 2219 763 2255 verum
793 2202 934 2249 etiam
960 2203 1092 2268 ipsos
1108 2211 1413 2269 'supergressa
1438 2203 1628 2251 videtur
1654 2202 1986 2268 evangelistas,
2015 2203 2098 2267 qui
2117 2202 2177 2250 de
2202 2201 2298 2250 hoc
2317 2202 2417 2266 ejus

282 2281 514 2330 descensu
540 2284 737 2332 minime
763 2285 1070 2350 scripserunt.
1108 2285 1226 2342 Quis
1251 2301 1351 2332 non
1378 2285 1520 2332 etiam
1547 2284 1666 2332 illud
1696 2294 1792 2332 tam
1826 2283 2053 2331 familiare
2083 2283 2419 2349 prolixumque

278 2362 574 2429 colloquium
600 2366 822 2425 miretur,
865 2382 963 2430 quo
989 2366 1091 2431 ipse
1120 2365 1249 2413 solus
1279 2365 1431 2413 solam
1461 2365 1591 2413 illam
1619 2365 1844 2430 gentilem
1870 2375 1917 2412 et
1945 2365 2281 2412 samaritanam
2316 2380 2419 2411 mu—

281 2442 445 2491 lierem
470 2455 567 2492 tam
593 2445 843 2510 diligenter
867 2445 1088 2511 dignatus
1116 2457 1185 2494 est
1204 2447 1464 2494 instruere⁴
1479 2482 1492 2505 ,
1519 2445 1583 2494 de
1607 2462 1705 2511 quo
1733 2455 1780 2493 et
1804 2446 1893 2511 ipsi
1920 2444 2228 2493 vehementer
2253 2443 2416 2491 obstu-

280 2535 488 2588 puerunt
528 2525 768 2591 apostoli?
808 2529 842 2573 A
874 2543 968 2591 qua
1008 2527 1151 2573 etiam
1198 2525 1380 2574 infideli
1415 2537 1463 2574 et
1502 2527 1563 2574 de
1610 2527 1821 2574 virorum
1865 2541 2064 2572 suorum
2111 2524 2416 2571 multitudine

280 2603 593 2669 reprehensa,
620 2615 790 2671 potum
814 2606 915 2671 ipse
940 2605 1091 2652 voluit
1113 2605 1383 2671 postulare,
1413 2622 1558 2670 quem
1584 2605 1703 2653 nihil
1729 2605 1924 2654 ulterius
1942 2604 2154 2652 alimenti
2175 2604 2235 2650 ab
2254 2604 2414 2669 aliquo

279 2688 502 2735 novimus
553 2687 821 2751 requisisse.
881 2688 1235 2752 Superveniunt
1256 2687 1479 2753 xapostoli
1501 2724 1513 2748 ,
1559 2697 1606 2735 et
1659 2697 1846 2753 emptos
1895 2687 1939 2734 ei
1987 2685 2121 2734 cibos
2169 2686 2409 2746 offerunt,

279 2767 491 2816 dicentes
521 2786 530 2814 :
559 2787 581 2813 ι(
606 2767 743 2827 Rabi,
774 2767 1038 2826 manduca3
1068 2787 1089 2811 υ
1126 2785 1216 2815 nec
1243 2767 1431 2815 oblatos
1464 2769 1641 2834 suscipi
1674 2768 1917 2828 videmuS,
1955 2766 2039 2814 sed
2072 2767 2167 2814 hoc
2198 2768 2332 2831 quasi
2362 2768 2409 2815 in

280 2849 634 2896 excusationem
664 2849 822 2914 ipsum
853 2848 1192 2914 praetendisse:
1235 2852 1380 2914 «Ego
1411 2848 1572 2896 cibum
1606 2848 1764 2897 habeo
1798 2848 2114 2906 manducare,
2152 2864 2296 2911 quem
2326 2864 2411 2896 vos

281 2929 486 2977 nescitis.
513 2947 535 2972 »
576 2931 748 2976 Potum
787 2930 886 2994 ipse
922 2946 949 2976 a
987 2929 1184 2977 muliere
1216 2929 1439 2995 postulat.
1483 2932 1519 2977 Α
1553 2946 1651 2994 quo
1680 2947 1730 2977 se
1761 2929 1841 2976 illa
1871 2945 2099 2976 excusans
2135 2926 2403 2975 beneficio:

280 3029 307 3054 «
330 3009 614 3070 Quomodo,
643 3028 664 3053 υ
701 3010 857 3074 inquit
877 3045 890 3069 ,
928 3029 951 3054 «
977 3020 1027 3057 tu
1059 3009 1248 3058 Judaeus
1283 3027 1434 3075 quum
1468 3011 1556 3070 sis,
1590 3010 1754 3058 bibere
1790 3026 1818 3056 a
1846 3026 1922 3056 me
1951 3009 2129 3075 posciS,
2163 3025 2268 3072 quae
2301 3025 2407 3056 sum

280 3090 450 3138 mulier
491 3090 815 3138 samaritana?
859 3093 965 3138 Non
1002 3091 1131 3138 enim
1177 3101 1440 3140 coutuntur
1483 3091 1632 3139 Judaei
1678 3090 1999 3138 Samaritanis.
2028 3109 2051 3133 υ
2099 3091 2157 3136 Et
2189 3090 2362 3137 iterum
2393 3108 2402 3135 :

282 3189 307 3215 α
333 3172 496 3235 Neque
531 3170 580 3217 in
617 3187 715 3235 quo
751 3170 942 3219 haurias
966 3169 1142 3231 habes,
1178 3181 1226 3219 et
1248 3181 1421 3238 puteus
1443 3171 1565 3219 altus
1589 3181 1674 3218 est.
1698 3190 1721 3215 »
1760 3173 1932 3217 Potum
1966 3171 2125 3234 itaque
2153 3185 2182 3216 a
2210 3169 2407 3223 muliere

280 3250 485 3311 infideli,
513 3261 560 3299 et
577 3251 628 3299 id
646 3262 850 3316 negante
874 3251 1147 3312 desideraff,
1176 3252 1260 3317 qui
1285 3251 1472 3300 oblatos
1498 3252 1560 3299 ab
1582 3250 1810 3316 apostolis
1827 3250 1961 3299 cibos
1980 3267 2080 3299 non
2105 3236 2273 3331 curans
2291 3253 2406 3308 Quae

279 3341 351 3379 est
368 3332 478 3391 ista,
506 3349 667 3396 quaeso
682 3369 694 3393 ‚
717 3333 889 3397 gratia,
925 3329 1071 3398 quam
1094 3332 1285 3381 exhibet
1307 3332 1500 3381 infirmo
1526 3333 1683 3391 sexui;
1712 3342 1766 3378 ut
1791 3331 2011 3381 videlicet
2039 3348 2067 3380 a
2091 3331 2290 3381 muliere
2315 3330 2405 3378 hac

327 3503 336 3520 ⁸
354 3504 481 3536 Camoea
498 3503 563 3537 MS.
580 3503 735 3537 Amo—¹
754 3505 898 3544 infimas
911 3504 976 3536 MS.
996 3504 1087 3537 Δηὼ.
1138 3504 1151 3521 ⁸
1168 3504 1256 3547 Virg.
1269 3505 1375 3547 eclog.
1392 3504 1431 3537 1v
1448 3531 1456 3544 ,
1474 3516 1502 3536 v.
1527 3510 1535 3536 ι
1555 3511 1586 3536 et
1601 3504 1719 3548 sq.-⁴
1733 3503 1842 3545 Joam,
1859 3516 1932 3549 cap.
1946 3517 1989 3545 iv,
2007 3516 2038 3538 v.
2055 3506 2074 3537 6
2090 3512 2183 3548 etsq.
2196 3502 2402 3542 -Ἷέοιὲελλ
