2970 4152
1239 420 1556 468 EPlSTOLAE.
2397 422 2449 466 ‘24

344 514 434 560 nisi
453 513 653 560 audierit
671 511 850 578 abipso
870 513 1030 578 prius,
1050 522 1097 560 et
1121 515 1397 577 cognoverit
1415 506 1532 577 quid
1555 513 1720 560 faciat?
1745 533 1775 574 >2
1791 516 1900 570 Quo
1920 512 2101 572 audito,
2127 500 2284 560 statim
2306 514 2459 573 aemuli

345 596 439 642 mei
457 594 781 660 obstrepentes
805 594 1186 642 exclamaverunt
1208 613 1217 641 ε
1242 615 1264 640 «
1283 598 1326 642 Ο
1343 595 1566 660 sapientis
1583 598 1595 619 ¹
1620 595 1895 654 consilium,
1916 605 1970 641 ut
1984 604 2151 642 contra
2169 595 2270 658 ejus
2294 594 2461 642 verbo-

344 676 527 722 sitatem
542 676 555 699 ²
580 673 950 734 contendamus,
983 674 1116 738 cujus
1146 668 1445 738 argumentis
1464 674 1540 721 vel
1568 673 1938 739 sophismatibus
1964 675 2211 722 universus
2235 673 2462 721 obsistere

344 754 553 801 mundus
563 770 661 820 non
675 752 855 818 posset!
873 754 1007 801 »Sed
1025 764 1152 802 certe
1164 754 1317 801 multo
1334 753 1573 802 difficilius
1591 764 1690 801 erat
1705 771 1817 801 cum
1827 755 1932 819 ipso
1950 754 2240 802 contendere
2253 754 2460 815 Christo,

343 835 406 882 ad
429 851 572 899 quem
601 844 758 881 tamen
785 835 1078 882 audiendum
1103 834 1391 882 Nicodemus
1411 836 1545 899 juxta
1566 835 1703 899 Legis
1718 821 2012 891 sanctionem
2028 832 2270 882 invitabat.
2301 838 2463 892 Quum

344 925 503 961 autem
520 915 772 980 episcopus
801 915 864 963 ad
887 915 937 977 id
967 915 1099 980 quod
1125 926 1440 982 proposuerat
1466 932 1636 962 eorum-
1660 916 1846 962 animos
1870 915 2097 962 inducere
2114 917 2126 940 ³
2150 932 2248 962 non
2273 925 2459 981 posset,

343 995 432 1051 alia
454 996 530 1042 via
553 1012 719 1042 eorum
748 995 977 1043 invidiam
1011 995 1247 1043 refrenare
1272 1005 1471 1043 attentat
1486 997 1516 1056 ⁴,
1545 995 1708 1043 dicens
1738 995 1799 1042 ad
1824 995 2163 1043 discussionem
2203 1005 2342 1042 tantae
2366 998 2460 1055 rei,

342 1091 522 1139 paucos
545 1076 629 1139 qui
656 1075 855 1123 aderant.
883 1093 982 1122 non
1011 1093 1152 1141 posse
1177 1076 1393 1124 sufficere
1410 1080 1439 1136 ⁵,
1469 1076 1756 1140 majorisque
1780 1077 2008 1124 examinis
2034 1092 2225 1124 causam
2247 1077 2371 1124 hanc
2396 1080 2465 1125 111-

343 1155 524 1219 digere3
548 1155 597 1202 in
625 1155 812 1220 hocque
843 1156 1038 1203 ulterius
1068 1166 1253 1204 tantum
1281 1173 1422 1204 suum
1441 1174 1543 1204 esse
1566 1157 1841 1216 consilium,
1873 1167 1927 1204 111
1943 1157 2005 1205 ad
2023 1157 2258 1204 abbatiam
2279 1174 2435 1205 meam
2449 1196 2461 1217 ,

342 1234 437 1282 hoc
463 1246 534 1283 est
559 1237 901 1283 monasterium
926 1237 1087 1284 Sancti
1110 1237 1352 1301 Dionysii,
1380 1237 1528 1284 abbas
1553 1254 1710 1297 meus,
1742 1238 1826 1302 qui
1850 1237 2038 1297 aderat,
2073 1254 2150 1284 me
2181 1238 2426 1286 reduceret
2449 1260 2460 1298 ;

346 1314 506 1380 ibique
537 1315 751 1381 pluribus
784 1333 840 1364 ac
875 1316 1169 1364 doctioribus
1204 1319 1421 1384 personis
1457 1319 1754 1378 convocatis,
1784 1318 2072 1382 diligentiori
2097 1308 2313 1366 examine
2349 1320 2466 1383 quid

345 1413 488 1461 super
510 1396 605 1444 1100
622 1397 891 1445 faciendum
910 1409 1033 1446 esset
1056 1408 1356 1446 statueretur.
1387 1400 1594 1446 Assensit
1611 1399 1792 1464 legatus
1811 1399 1924 1446 huic
1949 1399 2210 1446 novissimo
2238 1401 2438 1447 consilio
2451 1437 2462 1459 ‚

345 1489 390 1526 et
415 1481 569 1527 caeteri
587 1497 770 1528 omnes.
801 1481 916 1528 Inde
944 1498 1057 1528 mox
1079 1481 1259 1545 legatus
1287 1483 1565 1540 assurrexit,
1597 1491 1650 1529 ut
1677 1479 2155 1528 missamcelebraret
2172 1517 2184 1540 ,
2213 1492 2467 1546 antequam

344 1561 600 1607 concilium
630 1562 826 1608 intraret
843 1596 871 1620 ,Ἴ
892 1571 940 1608 01
970 1561 1087 1608 1111111
1126 1579 1212 1626 per
1242 1562 1521 1626 episcopum
1558 1561 1692 1608 illum
1729 1561 1967 1608 licentiam
2002 1562 2309 1608 constitutam
2344 1579 2472 1609 man-

346 1638 497 1698 davit,
529 1640 796 1687 revertendi
823 1640 1000 1687 scilicet
1031 1640 1093 1687 ad
1123 1641 1467 1687 monasterium
1498 1651 1739 1698 nostrum,
1770 1640 1837 1687 ibi
1864 1650 2169 1705 expectaturo
2196 1643 2328 1706 quod
2358 1660 2471 1690 con-

347 1718 527 1766 dictum
541 1721 554 1744 ⁶
571 1720 891 1788 fueratJTunc
915 1719 1071 1767 aemuli
1090 1720 1208 1778 mei,
1235 1719 1350 1766 nihil
1370 1737 1420 1767 se
1439 1720 1587 1784 egisse
1605 1720 1864 1784 cogitantes
1884 1720 1921 1766 si
1939 1730 2071 1767 extra
2088 1721 2316 1769 diocesim
2336 1739 2470 1770 suam

346 1797 439 1845 1100
469 1799 712 1863 negotium
742 1809 982 1862 ageretur,
1024 1798 1106 1845 ubi
1135 1798 1355 1846 videlicet
1380 1798 1616 1862 judicium
1649 1800 1845 1846 minime
1876 1814 2094 1847 exercere
2125 1800 2358 1870 valerent,
2387 1805 2467 1866 qui

346 1879 521 1927 scilicet
539 1879 600 1927 de
620 1880 799 1943 justitia
828 1879 985 1926 minus
1010 1878 1344 1938 confidebant,
1369 1879 1730 1945 archiepiscopo
1755 1891 2092 1945 persuaserunt
2113 1881 2207 1928 hoc
2225 1882 2314 1928 sibi
2332 1884 2469 1930 valde

346 1960 718 2024 ignominiosum
744 1976 845 2008 esse
862 1962 891 2019 ⁷,
921 1960 960 2007 si
984 1959 1046 2007 ad
1070 1959 1212 2007 aliam
1238 1959 1531 2007 audientiam
1547 1960 1561 1983 ⁸
1584 1976 1726 2007 causa
1751 1958 1852 2006 haec
1878 1959 2232 2021 transferretur,
2265 1972 2311 2022 et
2346 1966 2468 2028 peri—

346 2041 563 2089 culosum
583 2041 711 2103 fieri,
742 2043 780 2090 si
804 2043 871 2090 sic
901 2042 1169 2090 evaderem.
1194 2045 1251 2089 Et
1270 2042 1428 2089 statim
1464 2041 1525 2089 ad
1550 2041 1755 2106 legatum
1781 2052 2140 2102 concurrentes,
2175 2044 2276 2107 ejus
2302 2046 2472 2091 immu-

348 2132 567 2170 taverunt
598 2123 903 2181 sententiam,
926 2133 972 2170 et
993 2122 1050 2171 ad
1077 2123 1170 2170 hoc
1195 2123 1397 2170 invitum
1423 2132 1777 2188 pertraxerunt,
1799 2132 1851 2169 ut
1874 2121 2049 2170 librum
2068 2124 2170 2171 sine
2193 2124 2287 2171 ulla
2314 2125 2468 2189 inqui-

346 2202 517 2250 sitione
551 2203 824 2263 damnaret,
857 2214 998 2268 atque
1034 2204 1080 2250 in
1119 2213 1380 2268 conspectu
1421 2204 1639 2250 omnium
1671 2204 1827 2250 statim
1861 2202 2190 2265 combureret,
2228 2215 2274 2252 et
2311 2223 2387 2253 me
2422 2208 2468 2253 111

329 2282 502 2330 alieno
533 2284 821 2349 monasterio
841 2284 1039 2350 perenni
1062 2283 1279 2331 clausura
1304 2282 1550 2331 cohiberet
1566 2285 1609 2343 ⁹„
1624 2283 1856 2330 Dicebant
1873 2284 2000 2330 enim
2026 2284 2086 2331 ad
2113 2284 2469 2333 damnationem

347 2363 495 2411 libelli
512 2365 622 2412 satis
649 2365 743 2413 hoc
769 2382 870 2412 esse
886 2364 1089 2424 debere,
1123 2364 1255 2429 quod
1289 2381 1378 2412 nec
1403 2364 1589 2411 romani
1617 2364 1880 2429 pontificis,
1910 2381 1998 2412 nec
2026 2365 2240 2413 Ecclesiae
2267 2371 2470 2415 auctori-

350 2453 442 2490 tate
469 2444 860 2492 commendatum
894 2444 1049 2509 legere
1085 2444 1275 2510 publice
1295 2461 1692 2510 piaesumpseram
1710 2446 1757 2504 ¹⁰,
1786 2455 1928 2509 atque
1962 2445 2021 2492 ad
2058 2446 2469 2494 transcribendum

344 2523 441 2586 jam
473 2523 689 2588 pluribus
712 2541 823 2571 eum
848 2526 948 2589 ipse
976 2525 1319 2590 praestitissem3
1343 2535 1388 2572 et
1415 2525 1508 2572 hoc
1534 2525 1733 2590 perutile
1753 2526 1964 2572 futurum
1985 2524 2094 2571 fidei
2120 2526 2406 2585 christianae,
2431 2531 2468 2574 si

349 2604 566 2669 exemplo
594 2605 688 2653 mei
716 2605 980 2652 multorum
1004 2605 1186 2674 51011115,
1194 2606 1501 2671 praesumptio
1519 2607 1541 2630 ¹¹
1566 2606 1919 2670 praeveniretur.
1952 2606 2075 2662 Quia
2100 2615 2260 2653 autem
2287 2606 2467 2672 legatus

349 2686 426 2733 ille
445 2687 603 2733 minus
619 2702 764 2750 quam
789 2702 980 2732 necesse
1005 2695 1153 2744 esset,
1176 2685 1412 2732 litteratus
1432 2685 1599 2745 fuerat,
1623 2684 1883 2750 plurimum
1903 2685 2245 2751 archiepiscopi
2270 2690 2467 2735 consilio

349 2766 568 2814 utebatur
586 2768 628 2826 ¹²,
649 2766 769 2813 sicut
790 2775 835 2812 et
856 2765 1240 2830 archiepiscopus
1260 2765 1468 2812 illorum.
1492 2765 1636 2823 Quod
1655 2783 1804 2831 quum
1835 2767 2128 2814 carnotensis
2152 2771 2467 2832 praesensisset

349 2848 599 2913 episcopus
613 2882 624 2904 ‚
653 2846 810 2893 statim
835 2846 1219 2894 machinamenta
1240 2845 1341 2893 haec
1366 2845 1428 2894 ad
1447 2863 1524 2893 me
1543 2846 1727 2903 retulit,
1754 2856 1800 2893 et
1824 2863 1901 2893 me
1924 2846 2230 2894 vehementer
2252 2848 2468 2897 hortatus

347 2938 412 2974 est
431 2963 442 2986 ‚
466 2937 519 2974 ut
535 2926 630 2973 hoc
648 2935 780 2973 tanto
796 2925 949 2973 lenius
965 2924 1218 2973 tolerarem
1230 2961 1242 2985 ,
1271 2935 1452 2990 quanto
1472 2925 1723 2974 violentius
1742 2922 1879 2990 agere
1905 2942 1987 2973 eos
2006 2926 2230 2974 omnibus
2249 2929 2462 2993 patebat,

345 3018 486 3071 atque
512 3007 635 3053 hanc
662 3016 759 3052 tam
786 3005 1040 3053 manifestae
1067 3005 1255 3053 invidiae
1280 3006 1554 3054 violentiam
1581 3008 1648 3054 eis
1678 3007 1937 3071 plurimum
1966 3005 2262 3069 obfuturam,
2285 3011 2466 3057 etmihi

346 3087 640 3151 profuturam
667 3102 766 3132 non
796 3084 1096 3144 dubitarem,
1126 3102 1215 3133 nec
1245 3085 1306 3132 de
1336 3085 1553 3134 clausura
1580 3085 1855 3133 monasterii
1881 3084 2113 3134 ullatenus
2142 3089 2462 3153 perturbarer,

347 3168 498 3212 sciens
535 3165 750 3230 profecto
787 3164 993 3228 legatum
1028 3165 1212 3230 ipsum,
1250 3165 1334 3230 qui
1364 3176 1557 3213 coactus
1599 3166 1693 3213 hoc
1729 3164 1952 3225 faciebat,
1989 3177 2097 3231 post
2126 3184 2304 3232 paucos
2335 3170 2461 3232 dies,

259 3306 329 3402 (Ἃ
348 3377 351 3381 Α
370 3324 480 3370 ss‘ic
500 3336 579 3370 ABG
598 3342 631 3369 et
648 3335 713 3368 MS.
737 3335 831 3369 Amb.
861 3337 998 3377 Sapiens
1022 3336 1109 3370 Edd.
1136 3355 1173 3361 -
1200 3336 1213 3353 ⁸
1239 3337 1382 3370 Plurima
1445 3357 1467 3361 —·
1488 3336 1500 3354 ⁸
1524 3338 1650 3370 Curiam
1670 3336 1765 3370 Rits.
1781 3353 1825 3361 —-
1839 3336 1852 3353 ⁰
1870 3337 2052 3371 Incladeret
2071 3338 2164 3372 RMS.
2182 3357 2221 3363 —
2238 3340 2266 3357 ⁶⁰
2283 3341 2353 3373 Non
2373 3345 2465 3376 ‹lubi-

343 3399 441 3436 ipsius
458 3395 553 3427 verba
581 3395 815 3434 sesquipedalia
836 3392 931 3426 RMS.
952 3410 995 3416 -—
1015 3392 1028 3410 ⁸
1051 3394 1196 3426 Flectere
1224 3393 1318 3427 mis.
1342 3411 1383 3418 -
1428 3401 1574 3426 taverunt
1592 3392 1685 3426 RMS.
1702 3410 1742 3416 -—
1758 3392 1785 3410 ¹¹
1809 3394 1957 3426 Audacia
1974 3393 2066 3427 RMS.
2084 3411 2129 3419 —
2141 3394 2170 3412 ¹²
2185 3395 2238 3429 Sic
2255 3397 2333 3430 ABC
2350 3406 2381 3431 01
2397 3399 2462 3431 MS.

345 3452 358 3469 ⁴
375 3453 515 3484 Conatur
529 3453 603 3483 totis
617 3451 735 3483 viribus
748 3449 843 3484 RMS.
863 3468 896 3473 —
916 3449 928 3467 ⁸
943 3452 1104 3491 AEquiorie
1121 3450 1274 3483 inseritur
1288 3447 1383 3482 RMS.
1428 3449 1521 3483 Amb.
1540 3467 1563 3474 -
1578 3449 1748 3482 Nitebatur
1762 3449 1850 3483 Edit.
1872 3448 2039 3521 Ambe

345 3527 385 3532 —
398 3507 410 3524 ‘
428 3508 583 3540 Indicium
599 3505 693 3538 RMS.
705 3523 748 3530 —
760 3504 772 3522 ‘¹
790 3506 871 3538 Fore
887 3507 946 3538 sibi
961 3507 1110 3539 dedecori
1119 3514 1272 3548 perpetuo
1289 3505 1383 3539 RMS.
