2970 4152
1004 406 1316 458 EXPOSl'l'lO
1351 408 1410 458 ΙΝ
1443 407 1837 457 HEXAMERON.
2387 410 2480 461 633

364 500 616 554 tendamus
639 505 998 571 proprietatem.
1024 505 1266 570 Scriptum
1288 504 1467 569 quippe
1489 514 1560 551 est
1580 504 1631 551 in
1652 502 1900 567 evangelio
1922 501 1984 549 de
2005 499 2101 549 hoc
2121 502 2227 567 ipso
2250 504 2339 550 Dei
2365 508 2483 552 Ver-

364 585 429 632 bo
443 588 455 611 ¹
478 603 489 633 :
515 605 538 631 «
559 584 703 643 Quod
727 585 905 634 factum
927 595 1016 646 est,
1041 586 1091 632 in
1113 586 1221 650 ipso
1240 585 1338 632 vita
1359 593 1511 632 erat.»
1525 584 1674 642 Quod
1690 594 1851 631 tamen
1869 582 2147 649 philosophi
2165 584 2323 648 ipsum
2341 585 2486 632 etiam

363 665 538 714 divinae
559 666 871 732 providentiae
893 676 1183 732 conceptum
1195 664 1450 713 &mundum
1483 663 1750 730 appellant,
1781 663 1842 712 ab
1869 663 2194 712 ecclesiasticae
2230 665 2487 713 locutionis

365 761 454 792 usu
478 746 739 812 plurimum
761 746 1012 794 dissentire
1028 746 1236 794 videtur.
1263 744 1404 792 Unde
1433 744 1719 808 Augustinus
1746 745 1796 792 in
1830 745 1988 809 primo
2019 747 2421 792 Retractationum
2434 748 2449 770 ²
2472 764 2482 792 :

368 845 392 870 «
412 826 663 892 Displicet,
691 846 714 871 »
739 827 916 891 inquit,
947 846 971 872 α
993 826 1113 874 mihi
1135 825 1269 891 quod
1296 823 1614 891 philosophos
1641 841 1742 872 non
1777 839 1891 872 vera
1925 825 2100 889 pietate
2134 825 2357 889 praeditos
2391 825 2489 872 dixi

364 905 552 952 virtutis
573 905 679 954 luce
701 905 900 953 fulsisse.
933 909 991 953 Et
1012 905 1146 970 quod
1169 904 1292 953 duos
1314 904 1549 963 mundos,
1573 919 1727 951 unum
1754 902 2053 962 sensibilem,
2079 903 2281 951 alterum
2314 904 2489 952 intelli-

366 984 559 1049 gibilem
595 987 662 1033 sic
694 986 1033 1034 commendavi
1054 996 1286 1051 tanquam
1312 984 1409 1033 hoc
1437 985 1582 1033 etiam
1607 984 1845 1032 Dominus
1879 982 2084 1047 figurare
2117 984 2343 1043 voluerit,
2377 986 2491 1049 quia

367 1079 467 1112 non
491 1066 583 1113 ait⁸
603 1084 615 1113 ε
644 1085 667 1110 «
689 1068 905 1130 Regnum
928 1082 1092 1113 meum
1112 1082 1212 1113 non
1237 1076 1308 1113 est
1329 1065 1391 1113 de
1412 1063 1623 1124 mundo,
1649 1064 1758 1123 sed,
1784 1080 1987 1129 regnum
2009 1080 2172 1111 meum
2193 1080 2294 1111 non
2325 1075 2395 1112 est
2430 1065 2491 1112 de

366 1145 461 1194 hoc
482 1145 687 1195 mundo.
711 1166 735 1192 ι)
761 1151 880 1194 Item
907 1165 918 1194 ε
947 1167 971 1192 κ
992 1150 1089 1194 Nec
1110 1147 1242 1195 Plato
1265 1146 1463 1211 quidem
1484 1147 1536 1193 in
1558 1145 1654 1193 hoc
1678 1146 1854 1195 erravit
1874 1145 1988 1210 quia
2016 1161 2117 1192 esse
2146 1145 2384 1192 mundum
2418 1147 2492 1192 in-

367 1224 659 1290 telligibilem
688 1227 828 1286 dixit,
852 1228 892 1275 si
919 1243 1020 1274 non
1052 1226 1344 1274 vocabulum
1377 1225 1512 1291 quod
1546 1225 1874 1273 ecclesiasticae
1910 1225 2247 1272 consuetudini
2269 1226 2319 1271 in
2343 1241 2394 1272 re
2415 1225 2495 1272 illa

367 1306 565 1354 minime
586 1308 814 1356 usitatum
836 1318 929 1368 est,
954 1307 1040 1355 sed
1063 1308 1218 1373 ipsam
1237 1323 1342 1355 rem
1365 1306 1589 1354 volumus
1617 1306 1865 1355 attendere
1892 1324 1903 1353 z
1930 1306 2170 1353 mundum
2204 1307 2384 1371 quippe
2418 1306 2496 1353 ille

367 1389 711 1453 intelligibilem
734 1391 1032 1455 nuncupavit
1059 1391 1214 1455 ipsam
1240 1390 1480 1437 rationem
1508 1405 1605 1455 qua
1631 1389 1742 1437 fecit
1776 1393 1905 1437 Deus
1939 1385 2195 1436 mundum.
2222 1392 2380 1446 Quam
2415 1390 2497 1453 qui

367 1483 469 1516 esse
490 1479 632 1532 negat
649 1506 661 1528 ,
686 1469 900 1533 sequitur
920 1478 974 1516 ut
994 1468 1124 1516 dicat
1145 1468 1554 1527 irrationabiliter,
1578 1471 1736 1516 Deum
1758 1467 1922 1515 fecisse
1945 1484 2051 1532 quae
2074 1468 2201 1526 fecit.
2228 1486 2252 1512 »
2286 1468 2420 1515 Idem
2440 1467 2499 1515 de

371 1550 567 1596 Ciuitate
586 1551 683 1597 Dei
698 1550 824 1597 libro
847 1550 1036 1597 decimo
1063 1559 1196 1597 sexto
1217 1547 1345 1597 hanc
1367 1550 1607 1597 internam
1628 1550 1717 1597 Dei
1738 1548 2035 1597 locutionem
2054 1586 2065 1608 ,
2092 1540 2494 1607 et‘intellectualffi

368 1644 470 1676 non
493 1629 720 1690 audibile,
744 1629 948 1678 verbum
970 1629 1224 1694 diligenter
1243 1628 1520 1677 describens
1543 1647 1554 1677 ε
1580 1648 1604 1675 «
1627 1629 1740 1688 Dei,
1766 1648 1791 1674 ι)
1816 1630 1998 1694 inquit,
2025 1639 2136 1677 ante
2159 1629 2339 1677 factum
2357 1645 2499 1676 suum

369 1709 549 1757 locutio
571 1711 719 1775 ipsius
735 1747 747 1770 ,
774 1710 884 1758 facti
907 1711 981 1758 sui
1003 1720 1074 1758 est
1098 1709 1505 1758 incommutabilis
1532 1710 1656 1757 ratio
1674 1746 1687 1769 ,
1717 1726 1823 1775 quae
1853 1726 1955 1757 non
1990 1709 2138 1757 habet
2171 1725 2347 1757 sonum
2379 1719 2499 1756 stre-

369 1798 565 1853 pentem
600 1798 744 1854 atque
783 1799 1112 1838 transeuntem
1130 1825 1142 1849 ,
1176 1789 1262 1838 sed
1296 1788 1412 1837 inde
1450 1790 1740 1854 sempiterne
1778 1798 2055 1837 manentem
2090 1798 2137 1835 et
2172 1788 2499 1854 temporaliter

370 1878 667 1934 operantem.
692 1889 715 1915 »

435 1950 581 2007 Quod
597 1951 758 2015 itaque
773 1949 956 1998 dictum
978 1960 1075 1998 est:
1101 1970 1123 1996 t<
1139 1951 1266 1998 Dixit
1283 1952 1411 1998 Deus
1432 1968 1442 1998 :
1470 1950 1570 1998 Fiat
1585 1950 1665 1997 lux
1694 1958 1742 1997 et
1772 1949 1895 1998 facta
1914 1959 1985 1997 est
2000 1949 2098 2009 lux,
2120 1967 2144 1994 ι)
2164 1949 2259 1997 tale
2276 1959 2347 1997 est
2365 1948 2498 2013 quod

371 2030 492 2077 sicut
512 2031 645 2095 prius
667 2031 716 2077 in
737 2030 889 2097 verbo
912 2032 1088 2079 mentis
1118 2030 1384 2090 ordinavit,
1409 2041 1492 2079 aut
1522 2031 1720 2096 propria
1754 2030 1941 2078 ratione
1974 2029 2249 2077 faciendum
2284 2045 2386 2076 esse
2417 2029 2502 2076 de·

371 2110 543 2169 crevit,
570 2111 635 2157 ita
654 2110 969 2175 postmodum
991 2127 1137 2177 opere
1159 2110 1437 2177 complevit.
1463 2113 1640 2158 Lucem
1667 2126 1786 2158 vero
1812 2110 1978 2169 istam,
2011 2125 2118 2174 quae
2148 2108 2398 2175 praedictas
2432 2118 2503 2155 te-

372 2190 545 2238 nebras
568 2191 796 2251 removit,
822 2192 975 2257 ipsam
998 2193 1303 2257 sequentium
1324 2206 1529 2257 operum
1550 2191 1912 2238 distinctionem
1937 2191 2198 2256 accipimus
2215 2227 2228 2250 ,
2253 2205 2348 2255 qua
2370 2189 2503 2237 vide-

371 2270 480 2318 licet
500 2265 701 2320 confusa
723 2271 803 2320 illa
825 2273 1096 2336 congeries,
1118 2289 1224 2337 quae
1248 2288 1299 2320 se
1321 2272 1545 2320 nondum
1574 2270 1813 2319 visibilem
1837 2270 2106 2336 praebebat,
2136 2287 2226 2318 nec
2253 2271 2360 2318 usui
2394 2280 2503 2335 apta

371 2350 511 2399 alicui
531 2353 759 2416 cognosci
780 2362 993 2417 poterat,
1018 2352 1095 2400 vel
1116 2352 1178 2400 ad
1200 2351 1319 2417 quid
1340 2361 1500 2400 creata
1521 2361 1666 2411 esset,
1693 2367 1750 2399 ex
1772 2351 1878 2416 ipsa
1900 2350 2061 2399 adhuc
2081 2351 2265 2416 percipi
2285 2349 2499 2407 valebat,

374 2431 435 2479 ad
457 2448 564 2480 eam
586 2432 942 2480 ordinationem
963 2433 1197 2497 perducta
1215 2441 1310 2491 est,
1330 2444 1383 2479 ut
1393 2433 1495 2496 jam
1513 2448 1564 2479 se
1583 2432 1787 2479 omnino
1809 2432 1923 2496 ipsis
1945 2440 2110 2496 aptam
2127 2430 2379 2495 praeberet.
2404 2449 2427 2474 «
2449 2432 2505 2476 Et

375 2512 497 2559 sacta
515 2511 593 2559 lux
607 2550 618 2571 ,
639 2531 662 2557 υ
679 2513 776 2559 hoc
799 2522 868 2559 est
881 2549 892 2571 ,
908 2513 1042 2576 juxta
1055 2512 1152 2559 hoc
1168 2511 1302 2576 quod
1325 2512 1373 2558 in
1397 2511 1548 2558 verbo
1572 2511 1745 2558 mentis
1761 2526 1857 2557 suae
1877 2512 2006 2558 Deus
2029 2509 2336 2557 ordinaverat
2357 2525 2503 2574 opere

374 2591 656 2656 complevit,
682 2590 772 2638 illis
799 2590 1020 2638 videlicet
1053 2590 1348 2638 confusionis
1363 2626 1375 2649 ‚
1399 2606 1519 2655 quas
1555 2590 1785 2648 diximus,
1817 2588 2027 2637 tenebris
2060 2589 2302 2654 sequentis
2334 2588 2503 2636 distin·

374 2670 547 2719 ctionis
568 2672 675 2719 luce
695 2671 910 2718 remotis.

441 2754 536 2800 Nec
559 2762 629 2799 est
652 2750 1038 2817 praetereundum
1060 2750 1194 2816 quod
1216 2751 1433 2816 superius
1454 2751 1504 2797 in
1528 2749 1772 2798 creatione
1794 2748 1901 2797 coeli
1922 2759 1970 2797 et
1992 2759 2129 2796 terrae
2158 2765 2259 2796 non
2289 2758 2360 2796 est
2387 2749 2504 2796 scri-

375 2842 514 2898 ptum
536 2850 546 2879 ε
571 2851 594 2877 «
615 2833 742 2879 Dixit
763 2835 890 2879 Deus
913 2842 960 2879 et
982 2831 1161 2879 factum
1183 2841 1255 2879 est
1283 2832 1372 2891 ita,
1397 2850 1421 2876 »
1446 2832 1569 2879 sicut
1600 2831 1650 2877 in
1682 2830 1993 2895 sequentibus
2025 2845 2113 2895 per
2143 2829 2329 2893 singula
2357 2844 2505 2894 opera

376 2913 606 2978 scriptum
629 2911 848 2960 videmus
876 2930 888 2958 :
914 2911 998 2959 sed
1027 2912 1163 2977 quasi
1190 2911 1350 2977 primo
1380 2912 1530 2960 tacuit
1558 2913 1686 2958 Deus
1701 2948 1712 2970 ,
1744 2920 1793 2958 et
1820 2926 1849 2959 a
1878 2910 1985 2958 luce
2017 2909 2152 2975 loqui
2188 2926 2383 2958 exorsus
2413 2918 2500 2956 est.

378 2996 505 3040 Bene
528 2992 780 3057 equidem3
807 2993 942 3057 quasi
977 2993 1106 3040 enim
1137 2992 1424 3058 imperando
1456 2991 1573 3038 dicit
1602 2991 1840 3039 Dominus
1864 3009 1876 3038 :
1906 3010 1930 3036 κ
1953 2991 2079 3050 Fiat,
2106 3010 2128 3035 υ
2154 2999 2201 3038 et
2226 2991 2269 3037 ei
2291 2989 2504 3053 subjecta

378 3072 636 3122 famulatur
663 3082 879 3120 creatura
896 3110 907 3132 ,
942 3082 1386 3138 quantumcumque
1415 3071 1704 3120 irrationalis
1737 3072 1798 3119 sit
1832 3070 1907 3119 vel
1937 3071 2080 3118 bruta
2099 3108 2111 3130 ,
2143 3081 2374 3135 tanquam
2403 3069 2503 3132 ejus

380 3154 584 3203 audierit
606 3164 748 3219 atque
769 3153 1051 3201 intellexerit
1073 3155 1329 3220 imperium
1350 3172 1361 3200 ε
1384 3154 1506 3201 sicut
1527 3163 1575 3201 et
1597 3153 1825 3200 Jeremias
1853 3152 2072 3199 meminit
2092 3151 2257 3199 dicens
2270 3153 2284 3175 ⁸
2312 3169 2322 3197 ε
2352 3169 2376 3195 «
2395 3152 2504 3197 Per-

381 3235 490 3283 fecit
510 3244 687 3282 terram
710 3245 757 3282 et
779 3234 1057 3299 adimplevit
1078 3251 1185 3283 eam
1212 3233 1501 3300 pecudibus,
1527 3234 1719 3281 vocavit
1754 3248 1860 3280 eam
1889 3242 1936 3280 et
1966 3231 2148 3280 audivit
2175 3232 2224 3278 in
2260 3241 2499 3288 tremore;

382 3316 525 3365 stellae
545 3327 706 3365 autem
728 3315 967 3365 dederunt
988 3316 1151 3364 lumen
1177 3316 1225 3363 in
1249 3315 1480 3364 custodiis
1509 3315 1629 3374 suis,
1658 3323 1706 3362 et
1733 3313 1897 3361 loetatae
1931 3322 2045 3361 sunt
2062 3350 2074 3373 ,
2105 3323 2287 3361 vocatae
2317 3321 2429 3360 sunt
2457 3320 2502 3357 et

430 3497 440 3514 ¹
465 3497 573 3539 Joan„
587 3509 659 3543 cap.
677 3511 705 3540 ι,
723 3510 756 3532 v.
769 3502 796 3533 3.
814 3499 874 3524 —2
889 3499 969 3542 Cap.
984 3509 1037 3540 ιιι,
1055 3499 1137 3541 Opp.
1152 3505 1175 3531 t.
1191 3499 1224 3541 l,
1240 3497 1305 3532 col.
1322 3498 1355 3532 6.
1367 3514 1411 3524 -
1426 3496 1439 3515 ⁵
1453 3497 1564 3538 loom,
1579 3506 1653 3543 cap.
1669 3507 1747 3531 xvm
1761 3521 1770 3536 ,
1782 3505 1814 3529 v,
1831 3496 1883 3529 36.
1901 3514 1923 3521 -
1955 3495 1969 3512 ⁴
1981 3495 2111 3536 Barac.¹
2126 3504 2201 3540 cap.
2217 3505 2270 3535 ιιι,
2288 3504 2319 3525 v.
2338 3494 2393 3525 39.

546 3569 560 3597 1
2295 3554 2347 3592 80
