2970 4152
593 384 687 429 200
1166 383 1338 429 PETRI
1373 383 1687 431 ABAELARDI
1723 385 1797 432 ET
1830 384 2132 431 HELOlSSAE

588 476 745 539 ipsum
768 476 858 522 illis
882 485 953 523 est
979 476 1133 524 cultus
1148 512 1161 533 ,
1191 476 1324 541 quod
1350 487 1460 525 sunt
1478 477 1680 526 incultae.
1705 481 2013 543 Quaecunque
2031 479 2172 542 igitur
2190 478 2319 526 hunc
2335 479 2511 543 appetit
2529 477 2708 525 cultum

590 556 661 602 vel
694 573 791 603 non
819 558 974 604 renuit
1001 557 1243 617 oblatum,
1273 559 1498 606 castitatis
1528 560 1685 625 perdit
1713 560 2053 608 testimonium.
2083 562 2142 625 Et
2167 576 2463 624 quaecunque
2480 559 2583 606 talis
2602 570 2670 606 est
2693 596 2705 618 ,

588 653 687 682 non
715 653 764 683 se
789 637 1006 700 religioni
1028 654 1291 703 praeparare
1308 675 1320 698 ,
1361 639 1444 686 sed
1471 640 1771 698 fornicationi
1793 639 2038 699 credatur,
2075 656 2165 686 nec
2191 649 2287 686 tam
2311 638 2529 685 monialis
2564 655 2708 703 quam

590 718 807 764 meretrix
838 728 1101 778 censeatur,
1131 720 1208 765 cui
1232 729 1278 766 et
1301 719 1403 784 ipse
1429 720 1583 767 cultus
1614 709 1685 768 est
1709 730 1938 784 tanquam
1960 719 2147 767 lenonis
2175 720 2467 784 praeconium
2486 755 2498 778 ,
2527 719 2609 783 qui
2641 720 2711 766 in-

590 809 771 845 cestum
797 799 957 863 prodit
981 800 1220 858 animum,
1251 801 1370 848 sicut
1395 801 1722 866 scriptum'est
1739 805 1750 826 ¹
1781 820 1791 847 ε
1824 822 1846 846 «
1873 801 2080 848 Amictus
2106 800 2347 865 corporis,
2379 810 2427 847 et
2449 800 2571 846 risus
2597 799 2712 846 den-

591 880 710 925 tium
728 916 739 937 ,
775 890 822 926 et
845 880 1080 944 ingressus
1105 881 1314 928 hominis
1340 882 1589 929 enuntiant
1611 882 1672 929 de
1703 881 1802 929 illo.
1829 901 1853 926 »
1886 882 2103 945 Legimus
2130 881 2392 928 Dominum
2418 881 2465 927 in
2497 883 2679 927 Joanne
2695 916 2707 939 ,

591 970 641 1005 ut
662 960 761 1022 jam
786 976 929 1024 supra
951 962 1280 1022 meminimus,
1312 962 1539 1010 vilitatem
1564 979 1647 1009 seu
1675 963 1975 1027 asperitatem
2003 962 2206 1009 vestium
2236 963 2394 1027 potius
2425 977 2570 1026 quam
2595 977 2711 1008 escae

591 1041 952 1088 commendasse
983 1051 1123 1106 atque
1158 1042 1375 1090 laudasse
1397 1061 1406 1089 :
1436 1062 1459 1087 «
1479 1043 1607 1100 Quid
1627 1043 1800 1090 exiistis
1815 1079 1827 1102 ,
1853 1062 1876 1087 »
1900 1043 2081 1107 inquit²
2102 1078 2114 1102 ,
2148 1062 2171 1087 «
2192 1043 2240 1089 in
2261 1042 2499 1100 desertum
2517 1041 2711 1089 videre?

592 1120 839 1168 hominem
864 1121 1086 1169 mollibus
1113 1122 1369 1169 vestitum?
1395 1142 1418 1166 »
1453 1122 1606 1170 Habet
1636 1123 1765 1170 enim
1794 1140 2146 1187 nonnunquam
2172 1140 2284 1170 usus
2311 1124 2632 1187 pretiosorum
2651 1122 2715 1168 ci-

592 1201 766 1248 borum
791 1202 955 1249 utilem
976 1202 1184 1267 aliquam
1201 1202 1604 1267 dispensationem
1623 1239 1634 1262 ,
1655 1203 1739 1252 sed
1754 1204 1955 1251 vestium
1973 1203 2170 1250 nullam.
2195 1206 2312 1261 Quae
2329 1202 2546 1249 videlicet
2564 1211 2715 1248 vestes

591 1292 771 1346 quanto
812 1292 922 1329 sunt
959 1283 1290 1347 pretiosiores,
1334 1293 1465 1330 tanto
1493 1284 1646 1330 carius
1674 1283 2037 1343 custodiuntur,
2072 1293 2119 1331 et
2160 1283 2314 1329 minus
2344 1281 2632 1347 proficiunt,
2662 1290 2714 1332 ,εἰ

590 1373 831 1410 ementem
861 1363 1063 1429 amplius
1097 1374 1320 1427 gravant,
1352 1374 1398 1410 et
1423 1381 1519 1428 prae
1547 1364 1802 1411 subtilitate
1830 1365 1902 1410 sui
1932 1363 2112 1411 facilius
2138 1373 2336 1428 possunt
2369 1363 2641 1428 corrumpi,
2671 1373 2717 1409 et

592 1447 749 1491 minus
776 1445 968 1509 corpori
992 1444 1204 1510 praebent
1229 1445 1443 1491 fomenti.
1475 1444 1597 1491 Nulli
1634 1460 1749 1491 vero
1776 1445 1923 1509 panni
1954 1445 2102 1508 magis
2132 1460 2277 1508 quam
2314 1444 2435 1506 nigri
2467 1443 2716 1507 lugubrem

592 1526 877 1589 poenitentiae
901 1525 1116 1572 habitum
1146 1525 1318 1572 decent
1334 1561 1344 1580 ‚
1375 1542 1464 1571 nec
1488 1525 1609 1571 adeo
1636 1526 1822 1589 sponsis
1853 1524 2024 1571 Christi
2049 1524 2195 1589 pelles
2213 1523 2381 1587 aliquae
2404 1517 2714 1582 conveniunt,

591 1607 709 1652 sicut
733 1606 914 1670 agninae
936 1624 944 1651 :
971 1615 1022 1652 ut
1048 1606 1152 1670 ipso
1179 1622 1372 1669 quoque
1394 1605 1558 1653 habitu
1593 1622 1767 1669 agnum
1795 1622 2027 1670 sponsum
2051 1605 2289 1669 virginum
2319 1603 2496 1651 indutae
2520 1603 2716 1650 videan-

590 1695 695 1744 tur,
729 1685 803 1732 vel
830 1685 1029 1732 induere
1057 1695 1358 1732 moneantur.
1392 1685 1503 1732 Vela
1531 1701 1645 1732 vero
1671 1701 1837 1732 earum
1863 1701 1960 1731 non
1988 1684 2049 1731 de
2075 1685 2253 1744 serico,
2282 1683 2447 1744 sedbde
2469 1685 2617 1730 tincto
2637 1682 2718 1730 ali-

589 1784 686 1830 quo
725 1767 851 1814 lineo
887 1784 1049 1831 panno
1075 1766 1205 1814 fiant.
1245 1771 1354 1814 Duo
1378 1778 1537 1814 autem
1571 1766 1791 1814 velorum
1818 1782 1990 1831 genera
2021 1783 2122 1813 esse
2147 1765 2394 1825 volumus,
2424 1775 2476 1811 ut
2503 1764 2592 1812 alia
2626 1765 2719 1811 sint

591 1848 764 1895 scilicet
790 1848 1026 1912 virginum
1050 1848 1149 1911 jam
1181 1847 1241 1894 ab
1267 1849 1370 1912 ipso
1397 1858 1804 1907 consecratarum,
1841 1847 1931 1894 alia
1953 1864 2066 1895 vero
2095 1847 2306 1893 minime.
2338 1849 2454 1903 Quae
2484 1862 2598 1893 vero
2636 1862 2719 1910 pu-

591 1930 850 1982 dictarum³
875 1940 986 1976 sunt
1014 1930 1280 1993 virginum,
1309 1930 1461 1976 crucis
1487 1929 1576 1977 sibi
1604 1930 1793 1994 signum
1826 1929 2034 1976 habeant
2069 1929 2379 1994 impressum;
2419 1944 2516 1991 quo
2542 1926 2717 1974 scilicet

592 2011 701 2074 ipsae
731 2010 997 2073 integritate
1025 2026 1219 2073 quoque
1244 2009 1458 2072 corporis
1495 2009 1554 2056 ad
1590 2009 1831 2056 Christum
1868 2010 2073 2056 maxime
2105 2009 2343 2074 pertinere
2372 2016 2716 2066 monstrentur,

593 2101 640 2137 et
665 2092 784 2137 sicut
805 2091 854 2136 in
880 2091 1239 2137 consecratione
1268 2089 1442 2137 distare
1470 2108 1496 2138 a
1521 2091 1699 2137 caeteris
1720 2126 1732 2150 ,
1762 2091 1825 2137 ita
1853 2101 1898 2137 et
1925 2091 2020 2137 hoc
2051 2089 2240 2136 habitus
2268 2089 2402 2153 signo
2423 2088 2719 2151 distinguan-

593 2181 685 2229 tur,
710 2188 807 2235 quo
835 2181 880 2218 et
905 2171 1081 2235 quique
1106 2170 1321 2218 fidelium
1340 2172 1510 2230 territi,
1540 2171 1687 2235 magis
1705 2170 1995 2217 abhorreant
2019 2170 2068 2216 in
2093 2168 2529 2234 concupiscentiam
2554 2183 2718 2214 earum

594 2251 916 2299 exardescere.
955 2255 1058 2298 Hoc
1091 2261 1250 2298 autem
1275 2252 1463 2315 signum
1494 2251 1733 2315 virginalis
1769 2250 2013 2297 munditiae
2045 2250 2093 2295 in
2124 2249 2394 2295 summitate
2418 2248 2583 2313 capitis
2614 2263 2721 2293 can-

594 2332 717 2379 didis
756 2349 1030 2398 expressum
1071 2331 1160 2379 filis
1184 2333 1317 2396 virgo
1345 2332 1568 2396 gestabit,
1603 2342 1649 2378 et
1677 2332 1770 2379 hoc
1796 2331 2093 2389 nullatenus,
2119 2339 2374 2393 antequam
2405 2328 2465 2375 ab
2494 2329 2722 2393 episcopo

594 2423 900 2460 consecretur
920 2449 932 2472 ,
972 2423 1153 2476 gestare
1175 2423 1444 2478 praesumat.
1479 2412 1617 2459 Nulla
1644 2422 1802 2459 autem
1834 2411 1924 2458 alia
1947 2411 2049 2458 vela
2073 2410 2167 2457 hoc
2197 2411 2332 2474 signo
2358 2410 2578 2473 insignita
2611 2409 2719 2455 sint.

593 2494 822 2541 lnterulas
850 2494 1055 2540 mundas
1074 2494 1135 2540 ad
1152 2511 1347 2541 carnem
1372 2493 1583 2541 habeant
1603 2530 1614 2553 ,
1643 2495 1692 2540 in
1716 2493 1890 2557 quibus
1916 2493 2058 2539 etiam
2076 2492 2240 2538 cinctae
2259 2507 2446 2555 semper
2462 2489 2720 2536 dormiant.

593 2574 906 2621 Culcitrarum
933 2591 1127 2638 quoque
1156 2574 1405 2621 mollitiem
1430 2574 1503 2620 vel
1532 2573 1861 2620 linteaminum
1895 2589 2035 2619 usum
2060 2571 2258 2618 infirmae
2282 2572 2491 2636 ipsarum
2515 2585 2614 2616 non
2643 2585 2724 2615 ne-

594 2673 758 2718 gamus
794 2665 989 2707 naturae.
1033 2655 1236 2718 Singulae
1273 2672 1388 2701 vero
1430 2654 1674 2701 dormiant
1714 2664 1761 2701 et
1796 2653 2068 2700 comedant.
2105 2651 2240 2698 Nulla
2277 2651 2466 2716 penitus
2492 2649 2725 2713 indignari

596 2746 874 2800 praesumat,
899 2736 936 2782 si
962 2746 1114 2782 vestes
1142 2735 1218 2782 vel
1246 2752 1543 2799 quaecunque
1575 2734 1665 2782 alia
1696 2734 1785 2781 sibi
1820 2733 1881 2780 ab
1906 2732 2140 2797 aliquibus
2164 2732 2436 2779 transmissa
2452 2767 2464 2789 ,
2491 2730 2591 2789 alii,
2621 2746 2727 2794 quae

596 2815 798 2880 amplius
822 2815 1029 2879 indiget,
1059 2815 1387 2862 concedantur
1415 2815 1599 2873 sorori3
1638 2814 1723 2862 sed
1751 2824 1865 2860 tunc
1890 2814 2095 2860 maxime
2121 2812 2324 2876 gaudeat
2342 2848 2353 2870 ,
2383 2827 2534 2876 quum
2565 2810 2613 2857 in
2646 2826 2728 2856 so-

597 2898 717 2943 roris
742 2897 1018 2944 necessitate
1043 2896 1252 2942 fructum
1277 2895 1497 2942 habuerit
1522 2895 1861 2958 eleemosynae,
1885 2893 1960 2940 vel
1979 2910 2027 2940 se
2048 2892 2305 2958 respexerit
2323 2908 2421 2938 non
2439 2890 2596 2938 solum
2615 2890 2720 2948 sibi,

597 2977 679 3024 sed
717 2977 816 3024 aliis
850 2977 1025 3023 vivere.
1058 2976 1279 3040 Alioquin
1305 2975 1366 3022 ad
1398 2985 1570 3022 sanctae
1594 2975 1831 3022 societatis
1856 2973 2194 3021 fraternitatem
2231 2989 2330 3019 non
2367 2971 2598 3036 pertinet,
2636 2987 2726 3017 nec

598 3058 898 3122 proprietatis
929 3057 1171 3121 sacrilegio
1203 3066 1347 3103 caret.
1380 3055 1604 3102 Sufficere
1635 3065 1793 3102 autem
1823 3054 1884 3100 ad
1910 3070 2085 3119 corpus
2110 3051 2463 3116 contegendum
2487 3051 2726 3098 credimus

597 3138 874 3197 interulam,
903 3138 1180 3202 pelliceam,
1210 3147 1400 3201 togam,
1433 3147 1479 3183 et
1513 3152 1663 3199 quum
1700 3134 1905 3181 multum
1938 3132 2283 3199 exasperaverit
2322 3131 2494 3195 frigus,
2532 3131 2726 3195 insuper

598 3217 892 3264 mantellum.
926 3221 1035 3275 Quo
1061 3217 1280 3265 videlicet
1304 3216 1531 3263 mantello
1554 3232 1643 3281 pro
1670 3214 1913 3280 opertorio
1934 3230 2128 3279 quoque
2155 3213 2224 3260 uti
2244 3212 2454 3276 Jacentes
2475 3220 2718 3276 poterunt.

599 3297 851 3363 Oportebit
872 3307 1030 3344 autem
1053 3315 1142 3362 pro
1168 3298 1468 3344 infestatione
1486 3296 1720 3343 vermium
1739 3294 1813 3341 vel
1833 3294 2104 3358 gravamine
2128 3292 2342 3340 sordium
2360 3290 2725 3348 abluendarum,

648 3486 656 3501 ¹
685 3485 805 3522 Eccli.‚
822 3495 894 3527 cap.
914 3495 984 3523 xix,
1007 3497 1035 3518 v.
1053 3488 1105 3518 27.
1123 3504 1163 3510 -—
1181 3486 1192 3502 ²
1208 3486 1338 3526 Matth.‚
1353 3496 1425 3529 cap.
1443 3495 1542 3526 x1,v.
1558 3487 1591 3518 8.
1609 3502 1643 3507 --
1667 3483 1680 3501 ³
1696 3483 1750 3516 Sic
1766 3482 1845 3516 edit.
1861 3481 1956 3515 Amb.
1971 3482 2158 3524 Legendum
2178 3481 2259 3514 forte
2274 3482 2519 3522 praedictarum.
