2970 4152
566 400 665 447 732
1526 397 1726 445 INDEX.

610 513 660 522 --
675 494 720 529 In
737 494 1000 540 Assumptione
1017 492 1130 529 beatae
1147 492 1270 528 Mariae
1279 517 1501 528 ..........
1531 493 1600 528 520
1657 490 1796 527 Contra
1813 493 2014 541 quemdam
2039 495 2262 530 canonicum
2285 494 2495 543 regularem
2526 497 2590 544 qui

610 553 865 602 -Expositio
889 553 929 589 in
956 552 1168 601 evangelica
1197 551 1356 588 lectione
1388 551 1504 600 ipsius
1701 552 1948 589 monasticum
1970 552 2142 590 ordinem
2159 553 2393 602 deprimebat
2418 561 2456 590 et
2481 565 2590 590 suum

658 614 733 650 diei
740 637 1495 650 ................................
1526 612 1597 658 527
1697 611 1752 647 illi
1769 613 1997 650 anteferebat
2002 640 2582 651 .........................
2613 617 2683 651 686

609 694 659 702 -
674 674 719 709 In
744 673 806 709 die
837 674 954 710 sancti
978 672 1184 710 Marcellini
1210 685 1310 721 papae
1337 679 1375 709 et
1399 684 1500 708 mar·
1651 671 1836 708 Invectiva
1851 673 1890 708 in
1906 673 2290 722 quemdamignarum
2302 673 2512 710 dialectices
2523 675 2587 721 qui

657 734 764 781 tyris,
789 757 1494 771 ..............................
1526 734 1595 771 529
1700 739 1823 768 tamen
1838 734 1918 781 ejus
1936 733 2102 769 studium
2123 733 2438 782 reprehendebat,
2457 741 2495 770 et
2513 745 2591 769 om-

608 813 656 822 -—
671 795 715 830 In
732 794 966 831 dedicatione
992 792 1163 830 Ecclesiae
1171 819 1492 830 ..............
1525 795 1595 830 533
1697 792 1758 828 nia
1776 793 1855 839 ejus
1872 792 2047 841 dogmata
2065 793 2219 841 putabat
2236 793 2460 841 sophismata
2472 799 2510 829 et
2523 792 2589 829 de-

608 875 654 881 -—
670 855 725 890 De
742 861 866 890 sancta
881 854 1048 890 Susanna
1051 879 1494 891 ...................
1524 854 1595 891 537
1697 854 1901 901 ceptiones.
1923 879 2533 891 ..........................
2545 879 2556 906 .·
2571 880 2578 887 .
2611 855 2682 890 695

605 934 653 943 -—
668 915 723 950 De
739 914 978 962 Eleemosyna
984 938 1493 950 ......................
1524 914 1593 950 547

607 996 649 1001 -
668 976 714 1010 In
731 975 852 1011 Natali
869 975 986 1011 sancti
1003 974 1183 1022 Stephani
1194 1000 1490 1010 .............
1522 976 1592 1011 553
2034 952 2301 989 ᾹΡΡΕΝΒῙΧ·
2607 996 2611 1000 >

604 1035 723 1072 -De
739 1035 848 1072 laude
865 1036 980 1072 sancti
998 1035 1179 1083 Stephani
1196 1036 1493 1084 protomartyri&
1522 1035 1592 1072 557
1646 1035 1678 1072 Ι.
1706 1034 1872 1083 Epistola
1898 1034 2074 1071 Fulconis
2100 1034 2238 1082 prioris
2265 1034 2311 1070 de
2342 1033 2506 1081 Diogillo
2539 1033 2586 1068 ad

603 1116 651 1124 —-
667 1096 722 1131 De
738 1102 866 1132 sancto
881 1097 903 1132 J
904 1107 1023 1132 oanne
1046 1095 1207 1144 Baptista
1217 1121 1490 1133 ............
1522 1098 1591 1132 566
1691 1095 1736 1133 Ρ.
1766 1095 2003 1134 Abaelardum
2012 1118 2574 1132 ........................
2606 1094 2676 1130 ’103

606 1177 649 1183 --
667 1156 712 1191 ln
729 1155 852 1192 Natali
869 1157 1118 1192 Innocentum
1123 1179 1488 1194 ................
1521 1158 1590 1195 592
1645 1156 1696 1192 II.
1724 1157 1850 1205 Elegia
1881 1168 1955 1204 qua
1990 1155 2156 1192 Hilarius
2185 1154 2229 1191 P.
2253 1154 2436 1190 Abaelardi
2468 1154 2581 1191 disci-

556 1216 725 1264 Magistri
748 1216 790 1252 P.
808 1216 992 1252 Abaelardi
1016 1215 1199 1265 expositio
1222 1215 1403 1253 orationis
1427 1216 1493 1252 do·
1691 1216 1802 1264 pulus
1821 1216 1965 1265 plangit
1981 1227 2166 1252 recessum
2195 1215 2430 1264 praeceptoris
2456 1215 2514 1251 sui
2539 1226 2582 1250 ex

601 1276 746 1312 minicae
755 1301 1487 1313 ...............................
1520 1279 1588 1314 596
1690 1279 1891 1316 Paraclito.
1911 1303 1921 1314 .
1943 1299 2576 1313 ...........................
2605 1276 2674 1312 708

554 1336 742 1384 Expositio
766 1336 923 1383 symboli
929 1361 1486 1374 .......................
1518 1339 1588 1375 603
1643 1340 1714 1376 ΙΙΙ.
1741 1339 1906 1387 Epistola
1915 1338 2017 1375 Petri
2029 1336 2264 1376 Venerabilis
2275 1336 2418 1373 abbatis
2429 1335 2579 1372 Clunia-

553 1396 743 1444 Expositio
767 1395 852 1432 fidei
871 1397 910 1432 in
927 1394 1138 1444 symbolum
1153 1397 1347 1433 Athanasii
1358 1423 1485 1433 ......
1517 1400 1557 1436 64
1566 1402 1586 1435 3
1688 1400 1807 1436 censis
1818 1398 1866 1435 ad
1878 1398 2074 1435 dominum
2086 1397 2348 1435 Innocentium
2362 1396 2413 1441 ΙΙ,
2429 1408 2575 1444 papam,

550 1457 721 1504 Magistri
746 1458 788 1493 P.
807 1456 992 1494 Abaelardi
1015 1458 1171 1506 epistola
1188 1458 1234 1495 ad
1250 1457 1379 1495 divum
1403 1459 1491 1496 Ber·
1688 1472 1757 1508 pro
1771 1461 1816 1497 P.
1833 1458 2042 1496 Abaelardo.
2053 1484 2062 1493 .
2077 1485 2086 1493 .
2101 1484 2110 1493 .
2126 1484 2134 1492 .
2150 1484 2158 1492 .
2173 1484 2183 1493 .
2198 1485 2206 1493 .
2222 1484 2230 1492 .
2245 1484 2255 1493 .
2269 1483 2278 1493 .
2293 1483 2303 1494 .
2318 1484 2325 1492 .
2342 1484 2350 1492 .
2365 1483 2375 1493 .
2390 1462 2400 1493 “.
2414 1483 2567 1494 .......
2600 1458 2672 1493 709

595 1517 773 1561 nardum,
798 1517 1102 1555 claraevallensem
1126 1519 1339 1557 abbatem..
1355 1547 1374 1566 ,ἱ
1380 1546 1483 1557 .....
1516 1523 1584 1558 648
1641 1520 1713 1559 IV.
1741 1519 1904 1568 Epistola
1929 1518 2096 1566 ejusdem
2119 1518 2222 1554 Petri
2251 1517 2393 1553 abbatis
2422 1516 2577 1553 Clunia-

548 1577 719 1624 Magistri
743 1577 787 1613 P.
817 1576 1001 1613 Abaelardi
1026 1578 1207 1625 expositio
1239 1579 1279 1615 in
1311 1579 1492 1616 Hexame-
1687 1581 1805 1618 censis
1821 1580 1869 1616 ad
1887 1579 2094 1616 Heloissam
2114 1577 2287 1615 Paracliti
2304 1577 2544 1614 abbatissam.
2560 1603 2569 1612 .
2599 1578 2671 1613 7⁴0

596 1649 665 1672 ron
675 1662 1482 1678 ..................................
1514 1643 1583 1680 625
1641 1643 1691 1681 V.
1718 1640 1882 1689 Epistola
1894 1639 2070 1677 Heloissae
2082 1638 2129 1676 ad
2140 1640 2295 1676 Petrum
2306 1638 2476 1675 abbatem
2489 1638 2576 1674 Clu·
2636 1671 2639 1674 .

548 1698 718 1745 Magistri
734 1698 777 1733 P.
796 1697 982 1735 Abaelardi
997 1699 1153 1747 epistola
1171 1706 1209 1736 et
1228 1699 1315 1737 fidei
1340 1702 1487 1738 coufes—
1686 1704 1913 1739 niacensem.
1935 1726 2567 1738 ...........................
2598 1700 2669 1736 7⁴5

598 1760 651 1794 sio
669 1758 716 1793 ad
732 1758 940 1795 Heloissam
945 1784 1480 1798 .......................
1512 1765 1581 1801 680
1639 1764 1709 1803 VJ.
1737 1762 1901 1811 Epistola
1932 1762 2034 1798 Petri
2066 1760 2322 1798 cluniacensis
2353 1759 2496 1795 abbatis
2527 1759 2575 1794 ad

547 1818 711 1866 Epistola
727 1818 900 1855 adversus
916 1832 979 1856 eos
995 1820 1061 1869 qui
1077 1832 1121 1856 ex
1137 1821 1364 1858 authoritate
1381 1821 1485 1858 Bedae
1500 1860 1506 1864 ,
1683 1824 1908 1861 Heloissam.
1932 1847 2565 1859 ...........................
2596 1823 2666 1858 ’116

590 1891 747 1927 arguere
772 1886 956 1916 conantur
982 1879 1201 1928 Dionysium
1231 1883 1482 1930 areopagitam
1636 1886 1724 1924 VII.
1751 1883 1953 1932 Epitaphia
1981 1881 2164 1919 Abaelardi
2173 1906 2565 1917 .................
2595 1881 2667 1918 ¹7⁴7

591 1938 703 1976 fuisse
743 1939 965 1988 Dionysium
1005 1940 1293 1978 Corinthiorum
1338 1944 1482 1991 episco-
1633 1947 1742 1986 VIII.
1770 1944 2013 1994 Epitaphium
2036 1942 2212 1980 Heloissae
2220 1968 2564 1978 ...............
2595 1942 2664 1978 749

591 2012 681 2047 pum
697 2029 706 2044 ‚
742 2007 779 2036 et
807 2012 881 2037 non
914 2002 1031 2050 magis
1057 2001 1170 2039 fuisse
1195 2003 1485 2041 Atheniensium
1630 2008 1701 2045 IX.
1730 2007 1876 2044 Litterae
1898 2018 1964 2042 seu
1980 2005 2184 2054 diplomata
2195 2015 2428 2039 summorum
2443 2003 2568 2051 ponti-

591 2061 805 2108 episcopum
814 2087 1471 2102 ............................
1506 2069 1568 2106 68⁴
1663 2069 1775 2107 ficum
1794 2067 1841 2106 ad
1865 2066 2074 2104 Heloissam
2095 2063 2270 2116 paracliti
2299 2063 2559 2100 abbatissam..
2592 2065 2662 2100 ’749
