2970 4152
526 365 620 412 350
1331 363 1502 410 PETRI
1540 362 1851 412 ABAELARDI

527 457 804 500 numerandus
825 464 907 507 est,
937 462 1022 497 tum
1049 469 1123 511 pro
1143 455 1337 510 singulari
1356 458 1648 500 sententiarum
1666 458 1859 512 audacia,
1879 465 1964 501 tum
1991 472 2066 514 pro
2089 461 2142 502 iis
2161 474 2251 516 quae
2275 461 2326 504 de
2351 465 2645 507 monachorum

525 527 589 568 sui
617 527 811 581 temporis
827 524 1009 567 moribus
1032 523 1232 579 perhibet.
1254 526 1337 566 Nos
1352 531 1489 566 autem
1509 525 1721 568 deficiente
1740 527 1903 578 codice,
1929 527 2000 567 vix
2019 540 2224 582 perpauca
2241 530 2426 583 quaedam
2445 531 2646 586 impresso

525 594 631 636 libro
650 594 976 645 immutavimus,
1004 605 1095 647 quae
1121 592 1194 633 tibi
1209 592 1293 646 jam
1318 592 1540 635 indicanda
1557 600 1664 636 sunt.
1697 595 1861 638 Scilicet
1879 593 2086 636 decimum
2107 602 2296 650 quartum
2316 597 2359 638 in
2377 598 2648 641 Amboesiana

526 662 704 703 editione
719 662 731 684 ¹
749 673 978 703 sermonem
996 661 1046 701 de
1066 661 1194 702 Gruce
1210 660 1428 702 undecimo
1442 662 1492 703 de
1508 652 1640 703 Rebus
1655 665 1780 714 qestis
1799 665 1845 703 in
1861 663 1928 703 die
1943 664 2171 712 Passionis,
2189 664 2256 704 cui
2271 665 2336 706 vel
2350 666 2646 718 continuando,

525 730 587 770 vel
623 728 872 783 perficiendo
902 728 1040 769 forsan
1068 727 1274 789 haerebat,
1301 730 1632 783 postposuimus3
1664 734 1882 784 postquam
1909 730 2019 771 enim
2047 736 2228 772 extrema
2252 733 2430 774 narravit
2454 746 2647 788 quaecun-

525 811 603 851 que
627 799 669 838 in
694 803 827 839 morte
851 796 1015 838 Domini
1039 801 1284 849 evenerunt,
1303 796 1539 839 Abaelardus
1567 798 1627 839 sic
1652 797 1883 852 perorando
1909 798 2077 852 incipit:
2100 817 2118 835 «ι
2132 801 2239 841 Ecce
2264 801 2410 842 seriem
2432 800 2649 845 dominicae

526 867 746 920 passionis,
775 871 897 921 prout
919 865 1129 907 memoriae
1157 865 1357 918 occurrit,
1389 873 1465 907 etc.
1487 885 1505 902 »
1534 868 1636 908 Tum
1667 878 1911 908 sermonem
1931 867 2186 921 trigesimum
2206 869 2457 911 secundum¹
2474 871 2516 912 in
2535 879 2650 914 sexta

525 936 625 977 feria
644 941 739 989 post
757 940 943 976 octavam
961 934 1239 986 Ascensionis,
1260 935 1505 976 retraximus
1522 935 1575 976 ad
1599 935 1750 976 calcem
1771 947 1914 976 eorum
1934 936 2003 990 qui
2022 937 2075 978 de
2093 937 2236 979 eadem
2255 938 2472 982 festivitate
2489 940 2648 982 haben-

526 1013 603 1047 tur.
626 1007 752 1048 Suum
771 1005 939 1060 insuper
960 1004 1214 1045 restituimus
1232 1003 1276 1044 in
1294 1003 1430 1045 locum
1450 1016 1681 1045 sermonem
1708 1004 1834 1045 istum
1860 1004 1911 1045 de
1942 1006 2234 1048 Innocentibus
2262 1007 2306 1047 in
2336 1007 2486 1049 Codice
2518 1009 2649 1051 Einsi-

526 1075 709 1118 delnensi
739 1086 883 1117 recens
912 1078 1140 1128 repertum,
1173 1079 1214 1115 et
1243 1074 1363 1115 aliam
1390 1073 1442 1114 de
1468 1075 1509 1115 S.
1533 1074 1739 1129 Stephano
1764 1074 1990 1117 orationem
2021 1089 2113 1130 quae
2145 1075 2248 1118 falso
2273 1077 2325 1118 ab
2343 1077 2562 1120 Amboesio
2582 1080 2649 1121 in-

525 1145 675 1198 scripta
694 1149 780 1186 erat
799 1144 986 1197 Epistola
1003 1142 1058 1183 ad
1083 1144 1266 1195 Virqines
1276 1142 1571 1195 paraclitenses
1595 1143 1644 1183 cle
1666 1143 1787 1184 laude
1809 1144 1852 1185 S.
1869 1144 2067 1197 Stephani
2081 1148 2399 1199 protomartyris
2416 1146 2443 1186 ³.
2467 1147 2651 1201 Denique

524 1220 568 1254 ut
596 1212 900 1255 concionatoria
927 1210 1124 1252 Abaelardi
1155 1222 1408 1265 quaecunque
1434 1209 1487 1251 ad
1513 1223 1590 1251 nos
1614 1217 1909 1265 pervenerunt,
1939 1212 2054 1266 quasi
2084 1213 2126 1253 in
2156 1211 2308 1254 fascem
2339 1213 2509 1255 collecta
2536 1214 2651 1268 lege-

524 1289 675 1332 rentur,
704 1288 788 1323 tres
811 1279 1071 1323 sermonibus
1097 1279 1375 1334 expositiones
1401 1278 1676 1333 subjiciendas
1693 1292 1784 1321 esse
1804 1280 2017 1333 duximus,
2041 1293 2142 1335 quas
2160 1287 2301 1323 noster
2319 1283 2651 1337 pronuntiavisse

524 1351 697 1403 videtur,
718 1338 841 1392 unam
862 1348 1018 1390 scilicet
1040 1349 1081 1389 in
1103 1349 1337 1389 Orationem
1353 1349 1635 1396 Dominieam,
1658 1348 1825 1389 alteram
1844 1352 1890 1390 in
1905 1350 2142 1403 Symbolum
2160 1351 2467 1403 Apostolorum,
2489 1352 2649 1393 tertiam

525 1422 570 1459 in
592 1419 824 1471 Symbolum
838 1419 973 1458 saneti
988 1416 1241 1457 Athanasii'ss
1264 1416 1335 1455 11ae
1353 1414 1519 1468 quidem
1540 1421 1700 1457 exstant
1729 1416 1771 1456 in
1797 1416 1940 1458 codice
1967 1417 2177 1458 Victorino
2194 1421 2272 1461 397
2287 1436 2297 1468 ;
2317 1418 2426 1459 illius
2453 1431 2551 1460 vero
2572 1431 2647 1460 co-

525 1486 658 1527 dicem
695 1485 850 1527 nullum
890 1484 1092 1525 novimus.
1127 1475 1352 1524 Verisimile
1384 1487 1445 1524 est
1476 1495 1545 1524 eas
1577 1484 1828 1538 compositas
1859 1484 1985 1526 fuisse
2002 1517 2011 1534 ‚
2052 1484 2151 1526 dum
2192 1491 2333 1528 noster
2369 1486 2476 1540 apud
2511 1487 2648 1528 Sancti

526 1555 693 1597 Gildasii
709 1555 912 1597 abbatiam
932 1558 1125 1595 maneret.

1081 2011 1443 2071 EPISTOLA
1486 2012 1587 2070 AD
1635 2011 2085 2073 HELOISSAM.

588 2195 766 2244 Libello
795 2194 1008 2260 quodam
1029 2194 1323 2258 hymnorum
1347 2193 1422 2241 vel
1446 2194 1798 2258 sequentiarum
1823 2211 1851 2242 a
1876 2211 1953 2242 me
1984 2211 2139 2260 nuper
2163 2193 2385 2260 precibus
2411 2195 2503 2242 tuis
2527 2209 2643 2242 con-

523 2286 786 2336 summato,
812 2274 1084 2323 veneranda
1119 2274 1169 2321 in
1205 2273 1392 2321 Christo
1427 2283 1473 2320 et
1506 2273 1712 2321 amanda
1747 2290 1884 2322 soror
1915 2274 2128 2322 Heloissa
2145 2310 2157 2334 ,
2187 2273 2419 2322 nonnulla
2450 2274 2645 2339 insuper

523 2356 751 2422 opuscula
769 2371 1071 2416 sermonum,
1094 2353 1227 2418 juxta
1252 2353 1532 2419 petitionem
1555 2363 1710 2414 tuam,
1739 2363 1835 2401 tam
1861 2353 1947 2401 tibi
1971 2370 2118 2418 quam
2142 2353 2430 2419 spiritalibus
2458 2352 2644 2400 filiabus

520 2438 613 2484 tuis
634 2438 682 2484 in
709 2436 919 2483 oratorio
951 2445 1116 2483 nostro
1143 2435 1462 2499 congregatiS,
1491 2434 1695 2482 scribere
1720 2444 1890 2500 praeter
1914 2433 2313 2482 consuetudinem
2346 2444 2558 2481 nostram
2576 2443 2647 2480 ut-

521 2534 710 2581 cunque
735 2517 983 2590 maturayi.
1024 2516 1134 2563 Plus
1161 2516 1340 2581 quippe
1366 2515 1559 2564 lectioni
1582 2531 1728 2580 quam
1759 2515 1971 2563 sermoni
1996 2514 2211 2577 deditus,
2238 2515 2546 2581 expositionis
2571 2515 2644 2561 in·

520 2598 632 2644 sisto
660 2596 928 2662 planitiem,
959 2612 1060 2643 non
1088 2595 1371 2660 eloquentiae
1401 2595 1800 2660 compositionem
1824 2613 1834 2641 :
1863 2612 2056 2643 sensum
2080 2595 2266 2657 litterae,
2293 2612 2394 2642 non
2420 2604 2644 2642 ornatum

520 2678 780 2726 rhetoricae.
827 2681 891 2725 Ac
921 2677 1117 2724 fortasse
1147 2692 1268 2741 pura
1295 2676 1453 2724 minus
1487 2693 1633 2740 quam
1666 2686 1832 2723 ornata
1857 2675 2036 2723 locutio
2061 2686 2241 2741 quanto
2266 2675 2455 2742 planior
2478 2675 2639 2734 fuerit,

520 2770 652 2807 tanto
696 2759 982 2825 simplicium
1022 2757 1339 2822 intelligentiae
1381 2757 1684 2804 commodior
1726 2757 1842 2816 erit-3
1886 2767 1934 2805 et
1973 2774 2063 2822 pro
2104 2756 2328 2822 qualitate
2369 2755 2644 2803 auditorum

519 2843 619 2906 ipsa
640 2840 807 2888 inculti
825 2839 1057 2887 sermonis
1081 2838 1314 2886 rusticitas
1335 2837 1554 2902 quaedam
1573 2838 1661 2885 erit
1679 2847 1874 2885 ornatus
1897 2836 2162 2898 urbanitas,
2190 2846 2237 2884 et
2261 2835 2509 2901 quoddam
2526 2851 2643 2882 con-

520 2921 787 2969 dimentum
820 2920 1002 2986 saporis
1028 2918 1334 2984 parvularum
1358 2917 1665 2983 intelligentia
1689 2917 1850 2966 facilis.
1885 2921 1939 2965 In
1970 2918 2045 2965 his
2072 2927 2233 2966 autem
2266 2915 2529 2964 scribendis
2560 2931 2642 2962 seu

520 3001 830 3067 disponendis
858 2999 1079 3047 ordinem
1110 2999 1411 3046 festivitatum
1435 3008 1626 3059 tenens,
1654 2998 1715 3045 ab
1745 2998 1849 3064 ipso
1873 3008 2047 3046 nostrae
2071 2996 2414 3063 redemptionis
2446 2994 2643 3043 exordio

520 3098 627 3128 sum
652 3099 861 3129 exorsus.
882 3080 997 3129 Vale
1016 3081 1066 3127 in
1084 3080 1314 3141 Domino,
1335 3079 1435 3144 ejus
1460 3079 1651 3140 ancilla,
1675 3079 1793 3127 mihi
1817 3080 2063 3144 quondam
2087 3080 2139 3127 in
2164 3078 2325 3127 seculo
2350 3093 2485 3137 cara,
2512 3093 2643 3124 nunc

521 3162 570 3207 in
596 3161 779 3209 Christo
798 3162 1067 3210 carissima:
1096 3161 1147 3208 in
1170 3177 1311 3209 carne
1336 3171 1450 3208 tunc
1474 3177 1619 3220 uxor,
1653 3177 1782 3208 nunc
1810 3160 1860 3208 in
1888 3161 2053 3226 spiritu
2077 3175 2239 3219 soror,
2277 3168 2420 3222 atque
2453 3158 2503 3204 in
2533 3173 2644 3222 pro-

523 3241 721 3288 fessione
740 3242 859 3288 sacri
877 3242 1110 3306 propositi
1128 3258 1344 3289 consors.

568 3401 575 3417 ⁴
603 3400 676 3434 vid.
707 3400 865 3436 Abaelardi
886 3402 1003 3444 opera,
1028 3402 1174 3442 Parisiis,
1203 3402 1305 3443 1616,
1327 3413 1362 3445 p.
1382 3402 1548 3435 aso-865.
1566 3419 1603 3425 -
1622 3399 1634 3417 ⁸
1655 3400 1754 3440 ibid„
1780 3411 1812 3445 p.
1833 3400 1997 3434 ees-971.
2015 3397 2189 3438 --21bid,
2210 3409 2246 3441 p.
2267 3397 2489 3430 aaa-zea-
2507 3394 2521 3412 ⁴
2543 3394 2642 3434 ΠΜ,

522 3469 554 3501 p.
575 3459 736 3491 359-384..
