2970 4152
555 410 651 458 456
1354 411 1525 458 PETRI
1561 411 1874 459 ABAELARDI

555 504 751 568 plenum
767 542 777 562 ,
804 506 1160 550 Deuteronomic'
1184 503 1305 551 liber
1326 504 1401 552 his
1429 505 1586 553 verbis
1614 505 1892 571 profitetur¹
1918 522 1928 549 :
1966 524 1988 549 «
2007 504 2215 561 Quando
2238 505 2504 569 peccaverit
2525 503 2674 551 homo

553 584 686 648 quod
715 593 869 630 morte
902 582 1211 647 plectendum
1239 593 1332 644 est,
1365 595 1413 631 et
1434 585 1733 652 adjudicatus
1755 585 1900 631 morti
1928 600 2166 649 appensus
2195 579 2335 630 fuerit
2361 584 2411 630 in
2433 583 2671 649 patibulo,

555 681 654 710 non
680 662 980 728 permanebit
1003 663 1208 711 cadaver
1230 665 1330 727 ejus
1352 665 1402 711 in
1425 664 1579 729 ligno,
1611 665 1696 712 sed
1718 666 1768 712 in
1798 665 1968 711 eadem
1990 663 2068 710 die
2090 663 2365 728 sepelietur,
2398 664 2510 728 quia
2532 663 2678 710 male-

553 744 706 789 dictus
730 759 757 789 a
784 745 887 789 Deo
910 743 993 807 qui
1015 743 1246 808 pependit
1272 744 1322 791 in
1351 744 1481 808 ligno
1510 764 1520 791 :
1547 755 1595 792 et
1621 760 1928 809 nequaquam
1949 743 2298 790 contaminabit
2318 753 2493 791 terram
2515 753 2671 800 tuam,

552 839 697 886 quam
730 822 967 869 Dominus
995 822 1182 871 dederit
1208 823 1296 871 tibi
1324 825 1374 870 in
1410 826 1778 889 possessionem.
1810 843 1832 868 »
1874 823 2017 887 Cujus
2045 823 2241 887 quidem
2268 823 2462 888 capituli
2489 840 2675 871 memor

552 902 828 967 Apostolus,
861 920 1011 968 quum
1040 904 1218 952 Galatis
1251 904 1503 964 scriberet,
1536 906 1622 953 ait²ss
1650 925 1659 951 ;
1690 923 1714 949 «
1740 904 1953 951 Christus
1982 921 2071 951 nos
2099 903 2302 951 redemit
2329 904 2390 951 de
2419 903 2674 951 maledicto

550 984 688 1047 legis,
710 984 871 1038 vfactus
893 1001 983 1049 pro
1006 984 1147 1032 nobis
1176 985 1511 1044 maledictum,
1538 986 1650 1049 quia
1672 986 1904 1049 scriptum
1926 994 1996 1031 est
2023 1003 2032 1031 :
2070 1004 2092 1029 «
2113 985 2389 1032 Maledictus
2413 985 2570 1032 omnis
2592 985 2674 1048 qui

554 1085 576 1108 «
600 1065 780 1129 pendet
801 1065 850 1111 in
874 1065 1021 1129 ligno.
1047 1085 1070 1109 »

617 1150 682 1192 Ex
718 1146 792 1193 his
826 1148 987 1212 itaque
1023 1147 1182 1194 verbis
1215 1148 1395 1212 liquide
1429 1157 1723 1194 monstratur
1741 1185 1752 1207 ,
1784 1164 1930 1212 quam
1965 1148 2341 1211 ignominiosum
2374 1147 2528 1194 crucis
2554 1147 2676 1211 pati-

548 1227 717 1273 bulum
739 1227 868 1292 apud
897 1228 1084 1275 Judaeos
1118 1228 1354 1293 praecipue
1382 1227 1651 1275 habebatur
1669 1265 1680 1286 ,
1719 1228 1802 1292 qui
1829 1228 1982 1275 solam
2015 1227 2180 1275 litterae
2213 1226 2537 1293 superficiem,
2574 1242 2674 1273 non

549 1311 774 1372 mysticos
796 1326 963 1357 sensus
986 1310 1035 1356 in
1058 1310 1159 1372 lege
1182 1309 1483 1374 perquirunt.
1505 1309 1599 1356 Sed
1622 1309 1740 1373 quid
1761 1319 1833 1356 est
1853 1309 2003 1373 magis
2026 1309 2312 1366 absurdum,
2338 1324 2485 1372 quam
2507 1323 2677 1354 omnes

545 1407 627 1436 eos
647 1390 820 1437 divinae
842 1391 1192 1438 maledictionis
1215 1391 1527 1438 damnatione
1550 1391 1723 1455 dignos
1746 1391 1901 1450 credi,
1923 1392 2006 1455 qui
2025 1391 2120 1438 hoc
2139 1406 2312 1454 genere
2332 1390 2499 1436 mortis
2516 1389 2677 1454 potius

545 1488 691 1534 quam
715 1471 808 1518 alio
837 1472 1127 1536 puniantur?
1156 1474 1261 1518 Non
1292 1473 1423 1518 enim
1451 1472 1626 1519 modus
1656 1489 1833 1537 poenae,
1868 1472 1953 1519 sed
1981 1472 2142 1536 lapsus
2170 1471 2320 1536 culpae
2348 1486 2485 1517 reum
2512 1468 2671 1515 efficit.

547 1552 683 1598 Unde
702 1562 748 1598 et
767 1552 998 1616 scriptum
1017 1554 1105 1599 est³
1127 1570 1136 1597 :
1163 1555 1354 1598 «Justus
1375 1568 1471 1616 qua
1489 1562 1645 1599 morte
1661 1562 1992 1617 praeocupatus
2012 1552 2151 1597 fuerit
2163 1588 2174 1608 ,
2195 1551 2244 1596 in
2268 1549 2511 1612 refrigerio
2528 1547 2633 1594 erit.
2650 1566 2673 1591 υ

545 1633 625 1677 Sin
651 1641 811 1678 autem
835 1631 1051 1677 velamen
1075 1632 1227 1694 Moysi
1250 1631 1558 1679 detrahentes
1580 1632 1789 1679 revelata
1810 1632 1929 1678 facie
1950 1631 2106 1694 legem
2126 1630 2325 1677 interius
2348 1627 2672 1694 speculemur,

544 1713 885 1758 convenienter
898 1711 1023 1758 hanc
1043 1709 1432 1757 maledictionem
1454 1719 1554 1756 tam
1577 1711 1773 1773 singulis
1795 1711 2074 1758 hominibus
2097 1728 2182 1775 per
2205 1710 2397 1775 culpam
2418 1725 2565 1774 quam
2585 1709 2675 1774 ipsi
2704 1732 2706 1734 ’

543 1791 730 1838 Christo
754 1809 840 1855 per
858 1807 1053 1855 poenam
1069 1790 1333 1854 poterimus
1349 1789 1606 1854 applicare.
1631 1793 1722 1837 Pro
1738 1800 1938 1855 peccato
1955 1791 2134 1855 quippe
2150 1791 2367 1855 priorum
2389 1799 2642 1855 parentum
2658 1826 2670 1848 ,

543 1870 673 1933 quod
696 1871 744 1915 in
770 1870 899 1933 ligno
929 1870 1077 1916 vetito
1107 1870 1418 1916 commissum
1446 1879 1540 1928 est,
1567 1886 1736 1917 omnes
1764 1869 1878 1916 inde
1903 1870 2266 1918 damnationem
2288 1870 2598 1928 incurrimuS,
2626 1878 2674 1915 et

542 1962 771 2014 tanquam
794 1951 843 1996 in
866 1950 996 2014 ligno
1021 1951 1279 2010 morimur,
1306 1951 1389 2015 qui
1412 1967 1524 1998 cum
1547 1951 1767 2015 originali
1796 1960 1995 2016 peccato
2025 1951 2283 2009 nascimur,
2305 1951 2439 2013 juxta
2465 1949 2600 2013 quod
2626 1959 2674 1996 et

543 2032 776 2077 Dominus
799 2031 951 2078 Adam
973 2032 1251 2097 increpans,
1278 2042 1325 2079 et
1353 2032 1490 2096 quasi
1512 2031 1862 2079 maledictionis
1891 2031 2179 2079 sententiam
2206 2032 2512 2094 intorquens,
2544 2029 2632 2076 ait*
2659 2047 2669 2075 :

546 2101 567 2155 ξ(
588 2111 839 2158 Maledicta
860 2121 986 2159 terra
1014 2112 1063 2158 in
1088 2129 1233 2177 opere
1256 2123 1358 2159 tuo.
1383 2132 1406 2157 »
1448 2115 1628 2160 Omnes
1660 2113 1845 2178 itaque,
1877 2112 2163 2159 sententiam
2195 2112 2322 2158 hanc
2351 2109 2674 2157 damnationis

542 2192 603 2238 ab
627 2192 779 2239 Adam
802 2192 1140 2240 contrahentes
1154 2231 1164 2251 ,
1191 2194 1327 2258 quasi
1350 2194 1555 2241 cadaver
1577 2195 1679 2241 sine
1703 2195 1801 2240 vita
1822 2194 2063 2240 nascimur
2086 2202 2133 2239 et
2155 2208 2493 2257 permanemus
2509 2228 2520 2249 ,
2546 2200 2675 2238 ante-

541 2289 687 2335 quam
721 2289 778 2318 ex
814 2289 938 2337 aqua
972 2283 1019 2320 et
1055 2274 1226 2338 spiritu
1261 2275 1437 2333 renati,
1484 2274 1545 2321 ab
1579 2274 1669 2321 hac
1707 2274 1877 2321 animae
1918 2283 2073 2320 morte
2108 2271 2421 2319 vivificemur.
2461 2271 2675 2319 Cadaver

541 2363 700 2399 autem
729 2353 1042 2417 suspensione
1071 2353 1186 2417 ligni
1215 2365 1463 2401 mortuum
1492 2354 1662 2401 eadem
1691 2354 1769 2401 die
1804 2354 1992 2419 sepeliri
2020 2354 2314 2419 praecipitur,
2353 2353 2466 2416 quia
2499 2353 2550 2398 in
2582 2352 2675 2400 hac

541 2434 642 2498 ipsa
672 2434 765 2480 vita
788 2435 1008 2498 praesenti
1037 2451 1133 2498 qua
1154 2436 1422 2494 nascimur,
1448 2435 1807 2499 consepeliendi
1829 2435 2017 2481 Christo
2047 2451 2133 2499 per
2160 2433 2454 2498 baptismum
2482 2449 2671 2491 sumus;

540 2531 599 2560 ne
622 2506 842 2561 videlicet
864 2525 990 2562 terra
1013 2525 1179 2562 nostra
1201 2517 1556 2563 contaminetur
1570 2554 1580 2574 ,
1607 2516 1702 2562 hoc
1726 2526 1820 2574 est,
1847 2533 1908 2562 ne
1931 2516 1980 2562 in
2005 2515 2229 2581 contagio
2252 2524 2451 2560 terrenae
2481 2529 2676 2577 genera-

541 2597 681 2642 tionis
704 2613 1060 2655 remaneamus,
1093 2598 1132 2643 si
1154 2599 1419 2661 regenerati
1447 2598 1714 2662 specialiter
1743 2614 1844 2644 non
1875 2597 2120 2644 fuerimus.
2161 2599 2287 2642 Bene
2309 2595 2471 2659 itaque
2500 2593 2673 2642 dicitur

539 2678 819 2725 maledictus
848 2695 875 2726 a
904 2681 1006 2724 Deo
1036 2680 1119 2743 qui
1149 2679 1328 2744 pendet
1356 2680 1406 2725 in
1437 2679 1594 2743 ligno,
1627 2680 1741 2743 quia
1767 2680 1856 2726 etsi
1884 2679 2106 2726 nondum
2140 2677 2335 2742 propria
2373 2677 2672 2738 incurramus

539 2768 757 2821 peccata,
783 2757 900 2804 illud
923 2768 1085 2805 tamen
1109 2776 1262 2805 unum
1285 2759 1418 2823 quod
1442 2759 1671 2822 originale
1695 2759 1869 2806 dicitur
1891 2768 2143 2823 peccatum
2165 2758 2215 2803 in
2237 2756 2391 2819 ligno,
2415 2765 2467 2802 ut
2489 2755 2671 2802 dictum

539 2849 630 2895 est,
667 2839 873 2884 scientiae
907 2838 1026 2885 boni
1061 2849 1108 2885 et
1131 2839 1244 2886 mali
1273 2840 1584 2886 commissum
1618 2839 1680 2886 ad
1718 2840 2080 2886 damnationem
2108 2847 2323 2884 nostram
2357 2835 2552 2894 sufficit,
2594 2835 2671 2881 cui

540 2918 705 2965 divino
723 2919 908 2985 judicio
931 2919 1149 2984 deputati
1172 2936 1360 2978 sumus,
1395 2930 1442 2966 et
1465 2920 1533 2966 ob
1552 2920 1647 2966 hoc
1671 2936 1699 2966 a
1719 2923 1823 2967 Deo
1846 2919 2058 2984 quadam
2079 2918 2416 2966 maledictione
2438 2916 2667 2981 percussi.

541 3001 654 3054 Quae
689 2999 886 3063 quidem
921 2998 1219 3057 maledictio,
1255 3009 1302 3045 et
1333 2999 1383 3044 in
1415 2999 1658 3046 Christum
1686 3009 1993 3064 retorquetur
2021 3015 2108 3064 per
2135 3013 2353 3063 poenam,
2385 3012 2529 3060 quem
2564 3011 2672 3059 per-

539 3095 730 3125 cussum
750 3097 777 3127 a
796 3083 898 3126 Deo
922 3090 969 3127 et
991 3080 1207 3127 attritum
1223 3089 1421 3144 propter
1437 3080 1616 3127 scelera
1632 3090 1797 3127 nostra
1818 3079 2056 3145 Propheta
2074 3079 2216 3142 longe
2239 3087 2350 3125 ante
2368 3076 2667 3141 praedixerat.

544 3162 597 3203 Et
632 3161 752 3205 sicut
786 3161 941 3206 caeteri
970 3161 1019 3207 in
1051 3159 1206 3223 ligno,
1243 3169 1295 3206 ut
1330 3159 1513 3205 dictum
1548 3170 1642 3218 est,
1682 3170 1888 3207 mortem
1923 3160 2092 3207 animae
2125 3159 2452 3213 incurrerunt,
2486 3155 2552 3201 sic
2582 3155 2671 3201 iste

544 3248 748 3285 mortem
771 3241 1009 3304 corporis,
1037 3251 1089 3287 ut
1111 3257 1196 3304 per
1225 3240 1350 3286 hanc
1380 3239 1441 3286 ab
1471 3239 1550 3286 illa
1578 3257 1666 3286 nos
1694 3240 1927 3299 liberans,
1960 3238 2349 3287 maledictionem
2378 3244 2592 3282 nostram
2619 3234 2669 3280 in

588 3438 596 3453 ¹
623 3439 734 3476 Dent„
757 3449 829 3482 cap.
850 3451 913 3479 xx,
929 3451 957 3472 v.
981 3443 1022 3473 22
1043 3448 1075 3474 et
1090 3454 1138 3486 sq.
1158 3462 1194 3467 —-
1210 3442 1222 3459 ³
1242 3444 1366 3481 Galat„
1385 3453 1456 3486 cap.
1487 3454 1538 3482 ιιι,
1560 3453 1591 3475 ν.
1617 3444 1667 3475 13.
1684 3460 1723 3466 -
1741 3442 1753 3459 ³
1772 3455 1786 3472 α
1807 3443 1914 3476 Justus
1929 3449 2035 3475 autem
2051 3440 2078 3474 si
2095 3446 2199 3473 morte
2224 3444 2469 3481 praeoccupatus
2482 3436 2631 3470 fuerit...
2653 3447 2668 3464 ι

541 3498 657 3538 (Sap.,
673 3507 746 3540 cap.
765 3508 808 3538 iv,
828 3509 858 3531 v.
875 3498 921 3540 7.)
935 3516 972 3522 —
991 3498 1005 3516 ⁴
1022 3501 1148 3539 Genes„
1167 3512 1241 3545 cap.
1261 3513 1315 3541 ιιι,
1336 3513 1367 3534 v.
1393 3503 1444 3534 ¹7.
