2970 4152
810 412 887 458 DE
922 411 1148 460 SANCTO
1182 411 1409 458 JOANNE
1444 411 1726 459 BAPTISTA
1760 413 1976 460 SERMO.
2362 418 2455 466 587

338 506 644 570 praesumptio
666 506 826 554 videat
846 506 1013 557 locum
1030 496 1267 570 occupare
1289 505 1523 564 melioris,
1549 515 1596 553 et
1616 523 1702 571 per
1725 506 2040 554 ambitionem
2062 507 2362 571 sacrilegium
2383 527 2457 558 ra-

337 585 462 650 pinae
489 587 806 634 committere.
838 587 1056 651 Denique
1090 602 1242 650 quum
1269 585 1804 650 Apostolusdiligenter
1836 586 2118 652 episcopum
2153 587 2455 648 describens,

320 663 496 729 “dicat-¹¹
525 683 535 712 :
565 685 588 711 «
616 668 819 731 Oportet
841 682 954 730 ergo
977 666 1258 730 episcopum
1280 662 1750 729 irreprehensibilem
1771 682 1896 724 esse,
1928 667 2069 713 unius
2093 668 2252 714 uxoris
2274 661 2453 728 virum,

337 734 606 805 doctorem,
627 763 727 794 non
750 747 998 812 oppidum,
1023 763 1118 794 suae
1139 746 1306 793 domui
1327 745 1453 792 bene
1475 746 1802 810 praepositum,
1822 746 1945 793 filios
1966 747 2227 794 habentem
2241 749 2460 797 subditos

336 842 449 873 cum
471 827 605 873 omni
627 828 858 888 castitate.
874 828 923 874 Si
943 828 1052 893 quis
1074 836 1236 874 autem
1257 826 1427 875 domui
1448 843 1543 873 suae
1565 843 1765 890 praeesse
1782 827 1949 885 nescit,
1969 827 2219 891 quomodo
2238 829 2456 876 Ecclesiae

335 905 424 952 Dei
446 902 742 969 dilige'ntiam
762 905 988 953 habebit?
1011 907 1215 972 Oportet
1237 916 1399 962 autem
1419 905 1556 953 illum
1579 915 1626 952 et
1647 906 1976 953 testimonium
1991 906 2169 954 habere
2190 907 2377 956 bonum
2397 909 2457 956 ab

335 985 409 1035 his
431 988 516 1051 qui
534 986 649 1034 foris
672 996 784 1034 sunt
798 1024 810 1045 ,
836 997 889 1034 ut
912 1004 1011 1034 non
1036 988 1087 1034 in
1111 986 1431 1052 opprobrium
1451 986 1655 1045 incidat,
1681 996 1773 1033 etc.
1803 1006 1827 1031 »

383 1057 549 1115 ‘Multa
571 1068 621 1114 in
644 1068 968 1132 descriptione
989 1067 1114 1115 illius
1128 1105 1140 1127 ,
1167 1069 1250 1133 qui
1272 1067 1532 1134 episcopali
1553 1067 1726 1131 dignus
1748 1067 1808 1115 sit
1830 1067 2086 1127 electione,
2113 1085 2228 1117 cura
2246 1070 2460 1134 diligenti

335 1146 549 1212 collegit,
575 1165 631 1196 ex
654 1148 829 1213 quibus
851 1165 1005 1214 pauca
1026 1149 1075 1196 in
1099 1149 1231 1196 hunc
1261 1149 1424 1196 locum
1445 1148 1737 1196 contulimus
1753 1186 1764 1207 ,
1797 1149 1881 1195 sed
1911 1166 1967 1196 ea
1996 1166 2102 1214 quae
2122 1149 2340 1198 sufficere
2362 1166 2462 1196 cre-

335 1227 494 1277 dimus
517 1228 592 1277 his
612 1220 662 1276 in
687 1230 1042 1277 excusationem
1064 1230 1137 1276 sui
1158 1230 1478 1296 praetendere,
1505 1229 1588 1294 qui
1621 1246 1672 1276 se
1696 1230 1872 1277 invitos
1894 1230 1956 1277 ad
1982 1231 2312 1296 episcopatum
2335 1230 2460 1278 trahi

334 1308 638 1372 profitentur.
665 1310 714 1356 Si
736 1310 867 1356 enim
889 1309 1096 1357 dixerint
1116 1309 1214 1369 his,
1241 1327 1268 1357 a
1287 1310 1462 1374 quibus
1484 1309 1759 1369 trahuntur,
1794 1327 1844 1358 se
1866 1310 2179 1375 apostolicam
2201 1328 2344 1375 super
2364 1311 2460 1357 hoc

333 1389 620 1436 sententiam
640 1388 762 1436 velle
784 1389 969 1450 audire,
989 1399 1037 1437 et
1055 1389 1246 1453 qualem
1269 1390 1377 1454 eligi
1400 1400 1622 1455 oporteat
1638 1390 1919 1455 episcopum
1941 1389 2004 1438 ab
2021 1390 2126 1455 ipso
2149 1406 2457 1453 cognoscere,

333 1477 485 1532 quum
513 1469 709 1518 recitata
730 1486 786 1516 ex
808 1470 996 1533 integro
1017 1469 1156 1517 suerit
1179 1468 1240 1516 ab
1265 1469 1494 1534 Apostolo
1518 1469 1707 1534 prolata
1728 1468 1987 1534 descriptio
2015 1487 2026 1515 z
2052 1468 2201 1528 nulla,
2229 1469 2279 1515 ni
2302 1468 2455 1524 fallor,

333 1550 562 1614 reperiet,
587 1549 763 1614 quibus
784 1567 835 1598 se
857 1550 1204 1598 rationabiliter
1226 1552 1405 1615 poterit
1429 1567 1678 1610 excusare,
1711 1567 1810 1616 quo
1839 1551 1989 1614 magis
2016 1543 2324 1615 Apostolum,
2356 1551 2455 1596 imo

333 1630 553 1694 spiritum
574 1631 662 1678 Dei
683 1632 733 1677 in
756 1648 814 1678 eo
837 1631 1140 1696 loquentem,
1172 1647 1318 1695 quam
1340 1632 1643 1678 coactionem
1668 1631 1924 1678 hominum
1949 1630 2082 1694 sequi
2111 1630 2300 1677 debeat.
2328 1630 2456 1687 Quid

333 1719 405 1758 est
426 1712 556 1759 enim
574 1712 709 1776 quod
730 1713 890 1760 statim
909 1713 958 1759 in
974 1713 1079 1777 ipsa
1098 1712 1255 1759 fronte
1277 1712 1613 1777 descriptionis
1635 1711 1861 1777 praemisit
1885 1729 1908 1756 «
1924 1710 2417 1775 irreprehensibilem?
2432 1729 2454 1754 n

333 1792 451 1848 Quis
473 1791 534 1838 de
562 1791 712 1839 salute
733 1809 817 1839 sua
840 1792 1068 1840 soHicitus
1088 1828 1100 1851 ‚
1142 1792 1237 1839 hoc
1275 1791 1464 1850 audito,
1501 1792 1662 1839 statim
1689 1791 1864 1856 pedem
1886 1807 1987 1837 non
2021 1790 2255 1848 retrahat,
2287 1801 2335 1837 et
2353 1807 2457 1838 non

333 1871 483 1935 magis
519 1871 637 1918 illud
672 1871 863 1919 alterius
900 1871 1105 1936 apostoli
1141 1871 1324 1918 dICtum
1362 1871 1578 1918 attendat
1600 1873 1615 1896 ²
1640 1890 1650 1917 ι
1680 1890 1703 1915 κ
1728 1874 1782 1917 ln
1819 1869 1979 1917 multis
2009 1870 2140 1917 enim
2171 1869 2461 1918 offendimus

333 1952 529 1999 omnes?
553 1971 577 1997 n
604 1955 797 2010 Quanto
820 1952 965 1999 etiam
1001 1951 1273 2015 diligentius
1295 1952 1412 1998 illud
1435 1961 1506 1999 est
1538 1951 1911 2026 attendend9m‚
1941 1950 2076 2016 quod
2107 1950 2320 1998 secundo
2349 1951 2458 1998 loco

333 2031 536 2095 adjecit:
568 2052 591 2078 «
617 2034 759 2080 unius
793 2034 955 2080 uxoris
988 2034 1169 2091 virum,
1200 2051 1223 2077 »
1250 2042 1297 2079 et
1331 2042 1441 2096 post
1469 2031 1672 2079 modum
1694 2031 1931 2078 rationem
1959 2030 2234 2095 supposuit,
2267 2030 2454 2077 dicens:

336 2129 359 2156 κ
384 2110 645 2158 habentem
667 2111 791 2159 filios
818 2112 1037 2160 subditos
1065 2129 1176 2159 cum
1198 2112 1332 2158 omni
1355 2111 1587 2158 castitate.
1613 2111 1660 2157 Si
1683 2111 1790 2175 quis
1815 2120 1975 2158 autem
1997 2109 2165 2157 domui
2187 2126 2298 2167 suae,
2319 2120 2410 2156 etc.
2434 2129 2456 2153 »

331 2191 597 2239 Consulens
627 2193 806 2257 quippe
839 2192 1065 2257 probatas
1095 2193 1144 2239 in
1169 2191 1341 2239 saeculo
1375 2207 1605 2256 personas
1633 2190 1694 2238 de
1726 2190 1993 2238 minoribus
2015 2189 2078 2237 ad
2100 2192 2282 2253 majora
2303 2200 2458 2236 trans·

306 2323 318 2337 Ο
332 2270 441 2318 ser-ri
450 2271 584 2335 juxta
596 2271 715 2319 illud
727 2272 1046 2319 dominicum⁸
1065 2291 1075 2319 ε
1101 2272 1225 2330 «Qui
1240 2271 1392 2318 fidelis
1411 2272 1502 2319 erit
1520 2272 1568 2318 in
1588 2271 1808 2329 minimo,
1829 2270 1982 2317 fidelis
1995 2271 2086 2317 erit
2099 2279 2146 2316 et
2158 2270 2207 2316 in
2223 2270 2453 2333 majore,»

330 2350 426 2398 hoc
447 2352 750 2417 potissimum
771 2352 952 2416 praebet
973 2352 1250 2410 consilium,
1276 2362 1329 2398 ut
1351 2352 1434 2416 qui
1457 2353 1506 2398 in
1534 2352 1844 2399 matrimonio
1863 2351 2006 2415 positi
2029 2350 2238 2408 fuerant,
2265 2360 2311 2396 et
2333 2350 2456 2396 circa

320 2429 646 2490 ‚domesticam
678 2448 844 2478 curam
884 2431 1008 2478 bene
1050 2449 1101 2478 se
1138 2432 1332 2494 gessisse
1355 2431 1565 2496 probati
1603 2442 1738 2489 sunt,
1781 2431 1918 2496 quasi
1955 2429 2215 2494 spiritalem
2258 2446 2457 2477 uxorem

332 2509 535 2568 ducant,
562 2519 609 2557 et
637 2509 890 2556 dominicae
917 2510 1091 2557 domus
1120 2526 1286 2557 curam
1314 2510 1590 2574 suscipiant.
1624 2509 1769 2566 Quod
1799 2518 1847 2556 et
1874 2509 1975 2573 ipse
2003 2508 2228 2555 dominus
2255 2509 2455 2573 proprio

332 2590 590 2638 declaravit
609 2590 845 2655 exemplo,
870 2607 1022 2655 quum
1043 2590 1302 2638 duodecim
1324 2590 1569 2655 apostolos
1588 2605 1902 2653 congregans,
1928 2605 2137 2653 quorum
2157 2589 2369 2653 episcopi
2391 2588 2458 2635 lo-

332 2686 444 2717 cum
464 2669 702 2729 obtinent,
721 2669 878 2716 nullos
903 2680 984 2717 aut
1006 2686 1184 2734 paucos
1204 2670 1294 2716 nisi
1315 2669 1597 2732 conjugatos
1621 2669 1891 2733 assumpsit.
1913 2670 1971 2715 Et
1987 2668 2206 2732 quamvis
2218 2671 2455 2715 Joannem

331 2750 566 2818 virginem
594 2751 742 2815 magis
772 2767 919 2815 quam
939 2754 1130 2797 Petrum
1152 2750 1375 2815 copulam
1403 2751 1679 2815 nuptiarum
1703 2758 1973 2814 expertum,
1999 2759 2046 2796 et
2070 2749 2238 2796 domui
2258 2766 2352 2796 suae
2371 2749 2454 2796 diu

331 2831 640 2896 praepositum
662 2831 877 2879 dilexerit
892 2869 903 2890 ,
929 2848 1028 2878 non
1048 2841 1209 2878 tamen
1232 2831 1367 2878 illum
1388 2832 1510 2878 sicut
1531 2831 1674 2877 istum
1697 2830 1964 2895 principem
1984 2829 2311 2894 apostolorum
2335 2846 2452 2876 con-

323 2911 497 2959 stituit.
525 2913 635 2968 Quo
663 2928 777 2975 ergo
806 2911 1007 2975 quisque
1036 2911 1097 2958 de
1124 2911 1391 2958 monastico
1420 2920 1546 2957 coetu
1574 2919 1843 2974 assumptus
1870 2909 1997 2956 circa
2026 2925 2190 2972 curam
2219 2910 2378 2956 uxoris
2410 2921 2456 2956 et

332 2990 708 3038 domesticorum
729 2991 888 3037 minus
910 2990 1141 3055 probatus
1161 3000 1248 3049 est,
1271 2991 1419 3053 magis
1442 2990 1504 3038 ad
1526 2990 1855 3054 episcopatum
1875 2988 2100 3036 accedere
2121 2988 2341 3053 trepidet.
2360 2991 2452 3046 Qui

332 3069 476 3120 etiam
511 3071 722 3118 doctoris
758 3071 971 3118 officium
1004 3081 1185 3135 quanto
1221 3072 1379 3118 minus
1412 3081 1484 3118 est
1511 3080 1759 3135 expertus,
1789 3070 1922 3133 juxta
1943 3068 2061 3116 illud
2099 3070 2376 3133 Hieronymi
2398 3072 2412 3095 ⁴
2438 3088 2448 3116 :

337 3144 640 3217 fflonachus
655 3167 756 3197 non
779 3150 1012 3209 doctoris,
1032 3150 1115 3197 sed
1137 3150 1404 3215 plangentis
1427 3150 1639 3197 officium
1658 3148 1820 3206 habet,
1846 3149 1927 3213 qui
1949 3165 2000 3195 se
2019 3148 2254 3196 mundum
2275 3148 2449 3213 lugeat,

333 3242 380 3278 et
406 3232 601 3279 Domini
632 3231 833 3296 pavidus
855 3231 1151 3296 praestoletur
1172 3232 1431 3284 adventurn
1447 3269 1458 3290 ,
1486 3250 1508 3275 »
1535 3241 1669 3278 tanto
1696 3230 1844 3293 magis
1866 3230 2053 3292 ignorat
2077 3229 2192 3294 quid
2217 3230 2451 3295 populum

379 3428 390 3445 ¹
415 3428 496 3461 Tim,
510 3430 542 3468 1,
559 3440 633 3474 cap.
648 3442 700 3472 ιιι,
718 3443 748 3466 v.
765 3434 797 3466 2.
812 3450 855 3458 —
869 3432 881 3450 ⁸
896 3433 997 3467 Jacob
1014 3459 1022 3474 ,
1038 3443 1108 3476 cap.
1128 3445 1180 3473 ιιι,
1201 3445 1230 3466 v.
1248 3436 1276 3466 ‘l
1300 3452 1336 3457 ·-
1356 3432 1368 3450 ⁸
1388 3433 1478 3470 Luc„
1506 3442 1662 3474 cnp.xv1,
1681 3441 1711 3463 v.
1733 3431 1782 3463 10.
1797 3447 1839 3454 -
1856 3429 1867 3446 ⁸
1883 3431 1963 3462 Adv.
1997 3430 2199 3471 Viqilantium
2216 3454 2223 3466 ,
2254 3428 2335 3468 Opp.
2356 3435 2376 3460 t.
2397 3427 2450 3469 lv,

330 3495 419 3532 part.
438 3489 487 3531 ΙΙ,
501 3490 564 3523 col.
581 3491 658 3523 288.
