2970 4152
965 373 1024 421 IN
1057 371 1270 420 NATALI
1304 370 1513 420 DOMINI
1548 361 1770 418 SERMO.'
2329 361 2423 409 377

370 475 596 538 Superest
621 480 807 528 autem,
842 479 892 516 ut
920 470 1064 516 tertiae
1096 467 1460 532 respondentes,
1489 476 1769 532 praesentem
1792 477 1989 529 operam
2019 475 2421 508 consummemus.

304 556 407 600 ‘Cur
427 550 647 599 videlicet
670 550 905 597 Dominus
935 549 1089 613 legem
1113 547 1306 607 finiens,
1335 556 1382 595 et
1402 546 1712 611 Evangelium
1744 544 1999 603 inchoans,
2033 542 2134 606 ipsa
2157 540 2298 586 etiam
2323 553 2427 602 quae

311 633 462 681 finivit
485 631 652 697 legalia
675 631 903 696 suscepit,
932 630 1068 695 quasi
1091 646 1180 676 nos
1205 645 1294 676 suo
1319 627 1579 675 adhortans
1603 626 1846 691 exemplo,
1874 635 1927 671 ut
1952 641 1979 671 a
2002 623 2103 687 lege
2123 621 2423 686 incipienteS,

310 713 358 759 in
385 712 640 777 Evangelio
666 727 1074 768 consummemur,
1103 725 1192 756 nec
1217 708 1282 755 sic
1306 707 1368 755 ad
1392 723 1518 754 nova
1548 717 1843 754 transeamus
1868 710 2182 760 sacramenta,
2213 709 2264 747 ut
2288 698 2428 746 dere-

308 791 582 858 linquamus
600 793 808 856 antiqua.
839 793 898 838 Et
917 791 1118 856 quippe,
1139 799 1193 836 ut
1209 788 1437 858 Salomon
1454 789 1563 835 ait¹:
1590 807 1612 833 «
1632 787 1770 834 Oculi
1790 783 2010 850 sapientis
2028 783 2077 829 in
2096 782 2248 847 capite
2268 780 2383 843 ejuS.
2402 798 2424 822 »

311 873 455 931 Quod
474 873 610 938 quasi
631 888 875 937 exponens
902 871 1193 936 apostolus²z
1227 870 1362 928 «Qui
1390 869 1504 917 dicit
1527 886 1576 916 se
1600 869 1649 915 in
1676 868 1886 927 Christo,
1909 886 1931 910 »
1959 865 2136 929 inquit,
2167 879 2424 924 «manere,

310 952 453 1000 debet
469 952 590 999 sicut
607 951 684 999 ille
703 950 962 998 ambulavit
981 961 1028 997 et
1046 951 1146 1016 ipse
1167 949 1428 997 ambulare.
1448 969 1471 993 »
1492 949 1621 996 Sicut
1639 965 1752 1012 ergo
1772 947 2030 1005 DominuS,
2050 945 2133 1010 qui
2149 945 2256 991 ait³:
2282 964 2306 988 «
2323 947 2427 990 Non

310 1035 420 1082 veni
444 1033 627 1081 solvere
652 1033 829 1096 legem,
858 1031 941 1078 sed
964 1031 1249 1096 adimplere,
1268 1049 1292 1076 ιι
1317 1040 1428 1097 post
1451 1030 1861 1078 circumcisionem
1886 1027 2091 1092 suscepit
2113 1026 2425 1093 baptismum,

308 1122 418 1178 post
440 1112 611 1160 veteris
637 1110 826 1158 Paschae
850 1109 1134 1157 sacrificium
1159 1110 1414 1158 celebravit
1439 1126 1647 1170 novum3
1683 1110 1746 1155 ita
1776 1123 1866 1154 nos
1888 1107 1987 1171 ejus
2014 1107 2203 1171 vestigia
2229 1123 2428 1170 sequen-

310 1201 402 1253 tes,
429 1191 491 1239 ab
513 1192 589 1239 his
614 1191 833 1250 minime,
862 1190 1072 1254 inquies,
1110 1191 1334 1237 convenit
1357 1189 1613 1237 declinare.
1650 1189 1742 1236 Sed
1774 1187 1824 1235 id
1845 1187 2059 1254 profecto
2090 1196 2216 1234 recte
2252 1186 2431 1233 dicere-

311 1282 404 1330 tur,
433 1274 473 1320 si
501 1271 669 1320 eadem
695 1287 824 1318 nunc
854 1271 903 1317 in
931 1270 1071 1318 nobis
1093 1272 1218 1318 ratio
1247 1279 1390 1330 esset,
1416 1287 1525 1334 quae
1552 1271 1601 1317 in
1631 1270 1713 1318 illo
1741 1269 1989 1334 quondam
2016 1268 2180 1315 extitit.
2221 1271 2279 1314 Ut
2306 1268 2432 1315 enim

311 1355 588 1404 scandalum
614 1353 894 1414 declinaret,
923 1363 971 1401 et
994 1352 1088 1400 hoc
1110 1352 1271 1418 quoad
1296 1368 1569 1418 possemus,
1590 1351 1773 1400 vitandi
1797 1352 2000 1398 formam
2020 1349 2159 1397 nobis
2177 1349 2429 1416 praeberet,

310 1437 505 1500 antiqua
531 1434 736 1500 'suscepit
763 1443 1072 1481 sacramenta.
1107 1432 1327 1497 Alioquin
1351 1442 1512 1498 aperte
1537 1448 1644 1480 reus
1674 1431 1788 1496 legis
1814 1430 2103 1489 crederetur,
2133 1439 2179 1477 et
2202 1447 2228 1477 a
2254 1431 2433 1478 semine

313 1514 510 1564 Kbrahae
529 1524 575 1562 et
589 1524 692 1562 toto
709 1512 982 1560 Judaeorum
999 1512 1180 1578 populo
1197 1513 1386 1578 penitus
1404 1512 1606 1572 alienus,
1628 1510 1757 1558 unde
1776 1511 2037 1577 promissus
2057 1510 2427 1576 exspectabatur.

312 1599 449 1643 Juxta
473 1610 681 1658 namque
705 1593 901 1640 Domini
927 1593 1232 1650 sententiam,
1262 1592 1475 1657 quisquis
1504 1593 1551 1638 in
1581 1591 1671 1639 illis
1698 1591 2003 1639 circumcisus
2033 1608 2132 1638 non
2164 1591 2339 1652 fuerat,
2374 1593 2434 1639 de

310 1666 493 1743 populo
519 1693 607 1722 suo
632 1674 839 1742 peribat,
863 1690 1013 1739 quum
1038 1675 1140 1729 sine
1164 1673 1259 1721 hoc
1287 1683 1584 1720 sacramento
1613 1690 1756 1721 nemo
1782 1683 1896 1720 tunc
1919 1683 2079 1738 posset
2101 1676 2435 1721 connumerari

312 1755 506 1814 Judaeis,
537 1755 657 1802 sicut
681 1771 770 1802 nec
796 1753 943 1802 modo
970 1753 1071 1801 sine
1096 1753 1333 1818 baptismo
1359 1753 1640 1800 christianis.
1666 1753 1804 1800 Unde
1827 1762 1874 1799 et
1897 1769 1986 1818 pro
2009 1752 2233 1799 scandalo
2253 1753 2435 1800 Judaeo-

311 1851 418 1882 rum
446 1834 641 1882 vitando
667 1835 715 1881 in
742 1833 941 1882 exordio
973 1834 1209 1881 nascentis
1239 1833 1480 1893 Ecclesiae,
1516 1832 1735 1880 nondum
1768 1832 2037 1897 evangelica
2066 1834 2260 1881 veritate
2290 1832 2435 1880 robo-

311 1926 437 1972 rata,
465 1915 513 1962 in
541 1925 723 1962 tantum
751 1915 954 1981 apostoli
992 1915 1241 1980 superfluis
1272 1915 1372 1979 jam
1408 1915 1523 1979 legis
1553 1914 1778 1981 operibus
1810 1914 2126 1980 dispensative
2157 1916 2219 1963 ad
2250 1927 2436 1982 tempus

311 2005 681 2054 consenserunt,
711 2005 764 2042 ut
792 1995 966 2042 Paulus
993 1995 1094 2060 ipse
1119 1996 1352 2043 maximus
1380 1996 1495 2059 legis
1524 2005 1800 2061 persecutor
1823 1994 2125 2043 Timotheum
2152 1996 2435 2062 discipulum

312 2076 670 2124 circumcideret
680 2078 711 2137 ⁴,
737 2087 784 2124 et
808 2078 908 2143 ipse
930 2077 1242 2143 postmodum
1262 2094 1318 2125 ex
1341 2077 1541 2125 consilio
1568 2076 1754 2138 Jacobi,
1777 2087 1823 2125 et
1842 2077 1923 2141 qui
1947 2077 2285 2143 Hierosolymis
2303 2093 2437 2129 erant

313 2157 548 2218 fidelium,
584 2158 836 2224 assumptis
865 2158 1151 2223 quibusdam
1184 2158 1285 2207 aliis
1314 2159 1423 2206 viris
1454 2159 1718 2207 secundum
1747 2162 2075 2222 Nazaraeorum
2103 2161 2244 2208 ritum
2276 2162 2437 2210 obser-

313 2256 423 2287 vare
439 2257 488 2287 se
505 2239 657 2305 legem
680 2239 961 2288 exhiberet⁶.
983 2241 1077 2299 Qui
1094 2251 1252 2289 tamen
1275 2240 1586 2307 postmodum
1604 2240 1664 2289 de
1679 2241 1780 2307 ipsa
1800 2240 1914 2306 legis
1929 2241 2228 2290 simulatione
2246 2246 2436 2291 Petrum

314 2319 558 2368 manifeste
583 2320 772 2384 arguit⁶,
800 2320 882 2368 ubi
898 2321 998 2385 jam
1022 2320 1240 2369 videlicet
1267 2322 1588 2386 evangelicam
1619 2322 1865 2370 veritatem
1889 2321 2220 2388 confirmatam
2244 2341 2346 2371 esse
2366 2325 2438 2371 in-

316 2399 490 2447 tellexit
510 2419 519 2447 :
544 2401 740 2449 diversis
763 2402 921 2466 itaque
940 2402 1000 2450 de
1019 2403 1198 2461 causis,
1229 2403 1313 2451 sed
1335 2404 1544 2468 utrisque
1566 2402 1947 2463 rationabilibus,
1973 2406 2100 2450 Deus
2125 2414 2221 2462 tarn
2245 2407 2438 2470 antiqua

316 2495 461 2543 quam
493 2496 618 2527 nova
648 2481 852 2546 suscepit
880 2492 1189 2528 sacramenta.
1223 2482 1304 2529 Illa
1335 2483 1537 2548 quippe,
1569 2493 1622 2529 ut
1652 2481 1831 2529 dictum
1852 2492 1943 2543 est,
1973 2499 2061 2548 pro
2081 2484 2277 2531 vitando
2303 2502 2437 2532 scan-

317 2558 452 2618 dalo,
479 2558 582 2606 haec
610 2559 658 2606 in
690 2569 862 2607 nostrae
890 2561 1163 2608 imitationis
1180 2561 1417 2628 exemplo.
1447 2562 1577 2609 Sicut
1599 2562 1727 2609 enim
1752 2561 1987 2612 mediator
2011 2562 2098 2609 Dei
2122 2573 2169 2610 et
2185 2563 2439 2611 hominum

316 2639 464 2688 factus
488 2639 607 2687 duas
636 2641 684 2687 in
713 2646 762 2688 ‘se
789 2651 980 2688 naturas
1003 2641 1191 2702 habuit,
1223 2641 1433 2689 divinam
1459 2642 1635 2690 scilicet
1654 2638 1803 2707 'atque
1824 2641 2108 2702 humanam,
2131 2659 2249 2707 quas
2274 2662 2439 2692 recon—

316 2719 473 2767 ciliare
502 2721 628 2767 venit
649 2739 658 2766 ε
683 2721 746 2768 ita
774 2720 896 2769 duos
922 2721 1128 2787 populos
1155 2721 1245 2770 sibi
1270 2722 1590 2793 conjungens,
1614 2733 1660 2770 et
1687 2723 1822 2788 quasi
1846 2722 1968 2770 duos
1991 2724 2192 2788 parietes
2214 2724 2332 2789 lapis
2355 2741 2439 2771 an-

316 2800 487 2864 gularis
497 2800 754 2866 colligans,
778 2812 875 2849 tam
900 2803 1117 2868 priorum
1138 2791 1353 2850 fidelium
1372 2820 1517 2868 quam
1539 2805 1861 2870 posteriorum
1886 2815 2178 2852 sacramenta
2203 2807 2405 2871 suscepit
2425 2825 2434 2851 t

316 2891 367 2927 ut
388 2881 521 2944 juxta
549 2881 664 2930 illud
687 2882 938 2947 Apostoli⁷,
968 2903 990 2928 «
1012 2883 1245 2934 omnibus.
1261 2885 1423 2931 omnia
1447 2885 1619 2945 factus,
1652 2902 1821 2933 omnes
1851 2885 2202 2933 lucrifaceret.»
2238 2887 2285 2933 Si
2312 2889 2440 2934 enim

316 2978 366 3008 se
384 2977 411 3008 a
430 2962 737 3011 sacramentis
761 2962 1032 3017 Judaeorum
1061 2963 1343 3012 subtrahens
1372 2981 1455 3012 eos
1481 2965 1841 3024 scandalizat-,et
1870 2965 2018 3030 magis
2046 2983 2129 3013 eos
2155 2983 2182 3013 a
2208 2983 2258 3014 se
2288 2967 2440 3033 repel-

316 3041 455 3102 leret,
480 3059 624 3106 quam
646 3043 735 3090 sibi
751 3038 973 3091 alliceret.
998 3045 1222 3110 Quisquis
1242 3046 1370 3092 enim
1389 3045 1450 3092 ab
1468 3045 1543 3093 his
1562 3047 1685 3094 inter
1703 3063 1825 3111 quos
1843 3046 1980 3106 vivit,
2004 3046 2277 3107 dissimilem
2297 3049 2441 3095 vitam

317 3121 466 3187 eligit,
507 3124 656 3187 magis
690 3135 859 3171 eorum
890 3124 1254 3179 familiaritatem
1286 3110 1374 3173 s'ibi
1408 3125 1545 3173 tollit.
1583 3126 1720 3174 Unde
1751 3137 1798 3174 et
1830 3082 1983 3192 angeli
2016 3128 2293 3176 hominibus
2328 3129 2442 3176 olim

319 3214 625 3269 apparentes,
648 3222 796 3269 quum
818 3223 906 3253 nec
923 3205 1132 3272 hospitio
1158 3224 1246 3255 nec
1270 3207 1378 3261 cibo
1404 3218 1617 3292 egerent,
1637 3207 1738 3255 haec
1761 3218 1921 3256 tamen
1947 3226 2036 3274 pio
2063 3211 2335 3258 necessitate
2361 3228 2445 3276 po-

364 3346 530 3388 ⁴Eccle.,
546 3359 620 3392 cap.
640 3361 682 3391 11,
698 3361 728 3383 v.
751 3353 804 3384 14.
817 3369 861 3376 -
875 3351 999 3386 'leam
1017 3353 1029 3386 1
1044 3367 1056 3394 ,*
1074 3363 1146 3397 cap.
1167 3365 1210 3394 ιι,
1226 3365 1257 3387 v.
1278 3356 1358 3386 6.—
1413 3365 1445 3388 v.
1468 3355 1518 3388 14.
1536 3373 1580 3379 —
1630 3367 1644 3384 α
1657 3333 1811 3388 Omnibus
1827 3355 1935 3388 omnia
1951 3355 2054 3389 sactus
2071 3367 2141 3389 sum
2154 3364 2166 3397 ,¹
2179 3363 2214 3390 ut
2233 3367 2344 3390 omnes
2357 3356 2445 3388 sace-

292 3446 293 3449 Ἴ
321 3403 334 3419 ³
362 3403 491 3444 Matth.‚
509 3415 583 3449 cap.
604 3418 635 3446 v,
658 3418 687 3439 v.
709 3409 757 3439 17.
774 3425 814 3431 —
831 3407 929 3456 *Αεᾼ
948 3410 1074 3450 Αροεε.,
1091 3420 1164 3453 cap.
1181 3422 1253 3453 xvr,
1274 3422 1304 3443 v.
1323 3413 1356 3443 8.
1413 3422 1479 3444 rem
1497 3412 1614 3445 salvos.
1634 3426 1648 3442 υ
1667 3413 1816 3455 (Galat.,
1829 3422 1903 3456 cap.
1925 3423 1975 3451 tx,
1991 3423 2023 3446 v.
2044 3412 2120 3455 22.)

321 3478 361 3483 —
380 3460 392 3476 ⁸
410 3461 508 3500 thid„
529 3473 601 3505 cap.
630 3475 686 3504 xv,
713 3474 743 3496 v.
775 3465 811 3496 13
837 3471 869 3497 et
893 3475 941 3507 sq.
966 3473 988 3490 ι·
1016 3465 1028 3482 ⁰
1048 3467 1172 3505 Galat„
1202 3478 1275 3511 cap.
1310 3479 1357 3510 ιι,
1584 3467 1589 3471 ’

479 3531 492 3558 1
2233 3526 2282 3566 48
