2970 4152
483 419 577 465 280
1175 412 1476 459 HELOlSSAE
1507 411 1903 459 PROBLEMATA

482 516 650 570 Annae,
681 511 798 557 sicut
826 519 872 556 et
902 507 1020 555 illud
1043 507 1245 571 Virginis
1268 523 1491 567 summae,
1530 507 1736 555 Ecclesia
1760 507 1964 554 maxime
1990 507 2289 570 frequentare
2316 507 2584 565 consuevit,

479 607 576 637 non
610 589 764 636 solum
790 605 876 653 pro
911 588 1157 634 sanctitate
1185 587 1372 646 matris,
1402 587 1479 634 vel
1503 587 1730 659 dignitate
1761 596 1924 652 partus
1950 587 1993 633 ei
2022 586 2236 633 concessi
2260 586 2308 632 in
2345 586 2585 644 Samuele,

481 670 657 716 scilicet
683 685 709 715 a
738 683 835 732 quo
867 666 1131 732 specialiter
1162 666 1407 732 prophetae
1431 666 1654 713 dicuntur
1682 666 1956 731 incoepisse,
1990 675 2037 712 et
2067 665 2149 729 qui
2173 665 2356 730 primus
2382 681 2409 712 a
2440 675 2590 713 matre

481 751 688 796 Domino
724 757 794 795 est
824 747 1011 794 oblatus
1040 765 1049 793 :
1087 747 1398 794 verumetiam
1437 747 1549 811 quia
1582 746 1741 793 nullus
1768 755 1878 793 ante
1908 745 2252 811 prophetarum
2281 755 2468 811 tempus
2493 756 2589 792 tam

482 830 725 877 manifeste
744 828 1001 887 Christum,
1024 837 1071 875 et
1086 827 1187 891 ejus
1204 828 1457 893 imperium
1476 827 1525 873 in
1545 827 1641 873 suis
1672 827 1888 882 canticis,
1913 827 2032 873 sicut
2051 842 2181 872 nunc
2207 829 2363 885 Anna,
2383 825 2590 891 prophe·
2635 811 2638 814 ⁴

478 921 596 957 tasse
632 908 833 956 videtur.
872 909 947 955 Sic
975 908 1153 973 quippe
1183 908 1246 954 ait
1279 907 1341 954 de
1373 917 1506 971 patre
1544 907 1718 953 Christi
1752 916 1799 954 et
1833 907 1960 971 ipso¹
1995 924 2004 952 :
2037 926 2061 950 «
2090 906 2325 952 Dominus
2360 905 2591 969 judicabit

481 986 599 1033 fines
624 989 855 1044 terrae,'et
878 984 1009 1032 dabit
1026 985 1280 1050 imperium
1305 985 1401 1048 regi
1426 1000 1513 1031 suo
1529 1020 1541 1043 ,
1565 994 1609 1030 et
1635 982 1906 1030 sublimabit
1925 999 2073 1029 cornu
2103 982 2276 1029 Christi
2294 983 2381 1029 sui.
2408 1000 2432 1026 υ
2458 985 2593 1029 Non·-

483 1066 598 1113 dum
624 1066 801 1130 quippe
828 1081 910 1112 rex
934 1065 983 1112 in
1008 1064 1150 1112 Israel
1175 1074 1275 1111 erat
1296 1064 1600 1120 constitutuS‚
1640 1059 1870 1127 ad‘quem
1893 1062 1994 1109 haec
2018 1062 2324 1128 prophetissae
2343 1062 2590 1126 gratulatio

480 1147 751 1212 pertineret.
796 1149 899 1211 Ipsa
923 1146 1079 1211 primo
1112 1144 1378 1203 Christum,
1412 1144 1506 1191 hoc
1539 1153 1610 1191 est
1644 1143 1860 1190 Messiam
1892 1159 2060 1190 verum
2087 1152 2302 1208 patenter
2329 1142 2592 1206 exprimere

482 1230 679 1287 meruit,
713 1229 812 1293 ipsa
839 1227 1083 1275 manifeste
1118 1226 1400 1291 praenuntiat
1432 1225 1666 1283 futurum,
1703 1224 1836 1288 quod
1868 1225 2012 1271 Maria
2051 1224 2272 1271 decantat.
2300 1222 2592 1288 completum

478 1318 703 1373 tanquam
726 1307 871 1355 fidem
895 1307 1086 1371 virginis
1107 1316 1204 1353 tam
1226 1305 1477 1371 prophetia
1496 1321 1640 1369 quam
1662 1314 1826 1371 partus
1849 1305 2100 1352 instrueret
2124 1303 2308 1351 sterilis.

1186 1460 1427 1491 PROBLEMA
1459 1460 1681 1491 HELOISSAE
1716 1460 1860 1490 XXXIV
1869 1478 1878 1489 0

543 1570 664 1617 Illud
683 1570 825 1617 etiam
854 1580 1030 1629 movet,
1055 1569 1187 1634 quod
1208 1569 1286 1617 hic
1315 1569 1532 1617 dicitur’:
1569 1588 1594 1614 «
1611 1572 1778 1616 Donec
1795 1568 1963 1616 sterilis
1980 1568 2165 1632 peperit
2190 1567 2437 1633 plurimos.
2463 1569 2594 1615 »Et-

478 1651 516 1697 si
544 1652 672 1698 enim
699 1652 937 1716 Scriptura
968 1650 1277 1716 postmodum
1306 1651 1500 1710 referat,
1530 1648 1663 1714 quod
1689 1659 1799 1714 post
1834 1647 2104 1696 Samuelem
2128 1647 2286 1694 adhuc
2322 1657 2416 1706 tres
2445 1647 2590 1706 filios,
2663 1712 2665 1714 Υ

479 1742 524 1778 et
544 1731 662 1778 duas
688 1731 806 1778 filias
835 1734 967 1778 Anna
985 1732 1246 1796 pepererit,
1281 1730 1502 1777 nondum
1532 1740 1715 1788 tamen,
1742 1729 1859 1776 dum
1882 1729 1978 1776 hoc
2006 1729 2185 1776 diceret
2210 1728 2474 1787 canticum,
2503 1728 2594 1775 nisi

479 1811 746 1859 Samuelem
770 1811 989 1858 habuisse
1009 1811 1222 1858 refertur.
1243 1810 1504 1868 Quomodo
1523 1810 1665 1857 etiam
1683 1809 1745 1856 de
1763 1808 1870 1856 filiis
1894 1810 1990 1856 suis
2000 1808 2136 1867 dicit,
2169 1826 2193 1852 «
2214 1807 2463 1873 plurimos,
2494 1826 2518 1851 »
2548 1818 2594 1855 et

480 1892 540 1938 de
557 1891 662 1938 filiis
680 1891 860 1938 aemulae
878 1908 972 1938 suae
991 1895 1248 1950 Fenennae,
1271 1891 1383 1938 dicit
1401 1890 1601 1950 multos,
1623 1899 1852 1954 tanquam
1877 1890 1978 1954 ipsa
2003 1889 2163 1954 plures
2183 1888 2419 1948 habuerit,
2447 1904 2592 1951 quam

478 1971 586 2018 illa?
607 1972 833 2028 Quamvis
864 1972 991 2019 enim
1016 1972 1256 2036 Scriptura
1280 1988 1380 2018 non
1400 1970 1616 2029 definiat,
1643 1980 1762 2034 quot
1787 1969 1910 2016 filios
1936 1969 2155 2017 habuerit
2178 1973 2401 2016 Fenenna
2418 2004 2430 2026 ,
2471 1985 2592 2016 non·

482 2052 598 2099 nulli
625 2062 783 2099 tamen
807 2062 1024 2099 astruunt
1049 2068 1155 2100 eam
1173 2051 1333 2117 plures
1351 2051 1588 2109 habuisse,
1612 2067 1756 2116 quam
1776 2053 1978 2110 Annam,
1999 2049 2094 2098 hoc
2119 2059 2206 2110 est,
2234 2058 2432 2115 septem.

1300 2194 1480 2240 Solutio
1513 2191 1771 2258 Abcelardi.

543 2310 646 2354 Non
672 2317 741 2354 est
766 2324 956 2355 necesse
987 2317 1038 2354 ut
1074 2327 1098 2352 «
1135 2306 1367 2372 plurimos
1408 2326 1430 2351 »
1457 2307 1552 2353 hoc
1583 2306 1719 2364 loco,
1750 2321 1840 2370 pro
1859 2304 2018 2370 plures
2046 2304 2368 2368 comparative
2398 2302 2619 2367 accipia··

482 2405 602 2448 mus,
629 2391 845 2454 respectu
872 2389 1152 2453 pauciorum
1180 2407 1189 2434 :
1219 2388 1302 2436 sed
1329 2388 1562 2453 plurimos
1584 2386 1700 2434 dicit
1723 2385 1962 2444 absolute,
1988 2386 2110 2432 sicut
2134 2394 2182 2432 et
2205 2384 2405 2443 multos,
2439 2382 2596 2430 verbis

480 2469 528 2514 in
564 2469 731 2515 eodem
762 2485 902 2515 sensu
944 2468 1147 2515 variatis.
1185 2471 1280 2515 Nec
1314 2467 1537 2532 impedit,
1575 2467 1614 2513 si
1645 2467 1744 2529 jam
1780 2465 1957 2512 multos
1992 2464 2114 2511 filios
2149 2464 2391 2510 habuisset
2431 2466 2592 2521 Anna,

480 2548 671 2610 quando
691 2549 928 2595 canticum
954 2547 1080 2594 istud
1105 2548 1314 2594 Domino
1340 2546 1588 2612 persolvit,
1619 2546 1836 2610 quamvis
1873 2545 2113 2610 Scriptura
2140 2543 2359 2590 nondum
2386 2542 2597 2589 retulerit

480 2644 583 2675 eam
603 2628 823 2675 habuisse
847 2629 937 2675 nisi
953 2627 1237 2675 Samuelem.
1268 2630 1399 2692 Saepe
1419 2643 1627 2691 namque
1655 2627 1798 2672 series
1822 2625 2074 2690 Scriptuiae
2098 2640 2196 2670 non
2223 2632 2351 2670 tenet
2377 2622 2596 2669 ordinem

481 2708 711 2766 historiae,
749 2708 834 2755 sed
863 2708 1094 2755 nonnulla
1133 2717 1294 2754 narrat
1334 2716 1636 2772 praepostere.
1676 2705 1833 2752 Potuit
1875 2705 2018 2751 etiam
2051 2703 2176 2749 istud
2210 2719 2296 2767 per
2338 2701 2598 2766 prophetiae

481 2790 696 2853 spiritum
713 2792 845 2835 Anna
863 2789 1037 2847 dicere,
1059 2805 1209 2852 quum
1226 2787 1381 2834 solum
1393 2787 1552 2833 adhuc
1570 2785 1770 2832 haberet
1784 2783 2068 2831 Samuelem.
2092 2783 2308 2846 Denique
2326 2798 2415 2828 nec
2434 2782 2597 2828 incon-

483 2885 595 2931 grue
615 2869 772 2916 dicere
790 2868 945 2933 potuit
963 2884 1053 2932 pro
1078 2867 1182 2914 solo
1202 2866 1443 2923 Samuele,
1473 2875 1526 2912 ut
1542 2866 1642 2930 ipse
1658 2864 1834 2911 scilicet
1857 2863 2005 2928 pluris
2029 2872 2150 2910 esset
2168 2863 2215 2908 in
2246 2864 2422 2927 pretio,
2451 2877 2597 2925 quam

484 2948 566 2995 filii
598 2952 852 3007 Fenennae,
879 2946 988 2995 licet
1018 2964 1142 2995 unus
1168 2947 1217 2994 in
1243 2963 1464 2993 numero.
1499 2949 1601 2992 Hoc
1633 2945 1759 2991 enim
1792 2943 1940 2990 modo
1966 2959 2315 3006 nonnunquam
2340 2942 2592 3005 contingit,

487 3038 537 3074 ut
554 3028 687 3075 illum
713 3030 926 3076 dicamus
944 3028 1051 3093 plus
1068 3027 1263 3086 babere,
1286 3043 1431 3091 quam
1452 3025 1615 3084 alium,
1638 3025 1721 3089 qui
1737 3025 1961 3090 pauciora
1981 3040 2202 3083 numero,
2222 3022 2306 3069 sed
2318 3022 2598 3087 pretiosiora

486 3109 708 3171 possidet.

1201 3221 1443 3252 PROBLEMA
1476 3220 1697 3253 HELOISSAE
1732 3221 1875 3250 XXXV.

555 3321 868 3369 obsecramus
892 3333 939 3369 et
965 3323 1080 3387 quid
1100 3323 1217 3370 illud
1236 3323 1294 3370 sit
1313 3325 1326 3348 ³
1349 3340 1359 3367 z
1395 3342 1417 3367 «
1446 3320 1636 3368 Samuel
1663 3331 1821 3368 autem
1844 3318 2136 3368 ministrabat
2158 3326 2268 3365 ante
2294 3316 2461 3363 faciem
2493 3317 2598 3361 Do-

532 3494 541 3508 ‘
573 3493 649 3534 Req.
675 3495 704 3530 1,
725 3504 795 3536 rap.
814 3505 835 3526 u
850 3520 857 3533 ‚
876 3505 906 3527 v.
927 3496 1020 3526 10.--
1047 3494 1058 3510 ²
1074 3494 1169 3527 lbid..
1188 3506 1216 3527 v.
1232 3497 1263 3527 5.
1283 3512 1316 3518 -
1342 3493 1474 3535 ⁸1bid.,
1493 3495 1596 3526 v.18.
