2970 4152
563 408 656 455 320

608 498 720 546 Apud
740 498 853 535 Israel
872 505 1002 535 notum
1021 507 1139 545 antea,

607 558 752 594 Nomen
774 559 923 595 Domini
941 572 1043 596 nunc
1056 560 1102 597 ad
1121 562 1246 598 omnia

607 619 678 653 Per
703 618 771 655 hos
790 619 932 667 prodiit
949 620 1082 656 mundi
1107 620 1267 658 climata.

608 716 666 751 Ad
684 716 757 752 hoc
774 718 944 754 omnium
961 719 1099 768 linguis
1116 721 1261 769 praediti

607 776 652 812 Et
670 777 855 814 miraculis
873 786 978 815 erant
1004 780 1208 832 splendidi,

609 837 735 873 Verbo
754 840 894 885 pariter
912 847 949 875 et
972 853 1011 876 re
1032 842 1194 879 maximi.

607 936 742 984 Perpes
763 938 895 985 gloria,
919 947 990 975 etc.

1005 1073 1143 1111 LXIV.

603 1175 749 1223 Regum
769 1177 877 1221 solia,
899 1178 1148 1226 philosophici

557 1274 567 1284 ,
602 1236 725 1272 Celsas
745 1237 856 1273 modo
872 1241 882 1258 ⁴
903 1237 1097 1274 cathedras
1114 1240 1337 1287 magisterii,

604 1297 653 1333 Hi
671 1298 876 1356 subjiciunt
890 1298 983 1347 jugo
1001 1299 1164 1335 Domini.

602 1397 639 1432 Si
660 1409 718 1432 res
740 1397 887 1433 bellicas
906 1397 1009 1446 plebs
1026 1398 1202 1442 invalida,

602 1455 861 1504 Eloquentiam
879 1457 1004 1505 lingua
1024 1459 1161 1494 rustica
1175 1487 1187 1503 ‚

599 1515 786 1551 Mundum
804 1517 944 1564 subigit
958 1517 1069 1552 turba
1086 1518 1243 1554 modica.

599 1616 691 1652 Inde
715 1617 846 1664 gladiis
862 1629 966 1665 reges
983 1617 1163 1654 dimicant
1174 1646 1184 1662 ‚

601 1677 700 1712 Hinc
716 1676 930 1735 philosophi
949 1677 1071 1713 verbis
1086 1677 1258 1714 intonant
1272 1706 1281 1721 ‚

597 1736 668 1772 Sed
689 1737 876 1772 miraculis
895 1737 982 1774 victi
1001 1737 1221 1786 supplicant.

591 1836 729 1883 Perpes
748 1836 862 1883 gloria
882 1838 961 1886 regi
980 1839 1146 1886 perpeti,
1164 1845 1235 1874 etc.

1008 1977 1128 2016 LXV.

595 2085 715 2121 Stulta
733 2085 872 2130 saeculi,
894 2085 1026 2121 mundi
1045 2085 1191 2129 infima,

595 2146 768 2182 Christus
787 2145 928 2194 eligens
948 2146 1125 2194 sapientia

597 2207 761 2254 Quaeque
784 2206 945 2241 conterit
963 2213 1000 2242 et
1019 2205 1205 2241 sublimia.

595 2305 658 2340 Nil
674 2304 866 2341 urbanitas
890 2305 954 2341 hic
972 2304 1183 2349 rhetoricae,

594 2365 658 2401 Nil
675 2365 876 2401 verbositas
889 2365 905 2385 ²
926 2365 1053 2413 logicae
1064 2393 1075 2412 ,

596 2425 668 2461 Sed
687 2425 903 2473 simplicitas
932 2425 1017 2461 fidei
1044 2437 1164 2461 sacrae.

593 2523 814 2572 Eloquentia
832 2525 943 2560 cessit
962 2522 1099 2567 Tullii,

594 2584 692 2620 Tace
711 2584 854 2620 dictum
872 2591 928 2620 est
943 2583 1136 2620 Aristoteli
1153 2599 1162 2628 3

595 2646 708 2693 Leges
724 2643 920 2692 proferunt
937 2644 1078 2680 mundo
1097 2645 1242 2683 rustici.

595 2745 731 2792 Perpes
752 2744 867 2790 gloria
876 2771 885 2787 ‚
908 2751 978 2779 ete.

1000 2876 1137 2914 LXVI.

595 2984 798 3019 Piscatoria
819 2983 930 3019 modo
946 2983 1053 3027 linia,

596 3044 835 3091 Imperatoris
856 3055 948 3091 saepe
967 3055 1087 3090 genua

594 3102 672 3137 Deo
690 3102 899 3149 supplicant
919 3102 1215 3150 procumbentia.

596 3200 680 3235 Non
699 3202 819 3248 impar
836 3202 972 3238 Paulus
990 3203 1069 3238 vitae
1088 3203 1226 3238 merito

596 3260 812 3297 Diademate
836 3261 950 3309 pollet
970 3265 1140 3310 gemino,

597 3320 718 3366 Virgo
738 3321 916 3366 candido,
940 3330 1079 3370 martyr
1097 3324 1249 3359 rube05.

1366 413 1536 459 PETRI
1572 413 1885 464 ABAELARDI

1696 510 1931 548 Beatissimos
1951 512 2082 548 mundi
2100 514 2286 562 principes

1696 570 1796 608 Bello
1813 572 1931 608 socios
1944 600 1953 617 ‚
1978 579 2098 609 morte
2117 574 2293 618 comites,

1629 655 1636 670 ,
1697 631 1784 667 Haec
1799 631 1845 667 ad
1869 644 2022 680 superos
2046 633 2252 670 transmisit
2269 633 2360 670 dies.

1697 730 1834 777 Perpes
1853 729 1969 777 gloria
1978 759 1986 775 ,
2009 738 2079 766 etc.

2095 855 2252 893 LXVII.

1694 954 1875 1001 Princeps
1892 954 2006 1002 apicis
2025 953 2236 1002 apostolici,

1691 1014 1825 1049 Pastor
1842 1014 1966 1049 ovium
1986 1015 2109 1062 gregis
2128 1014 2298 1065 Domini,

1695 1074 1772 1109 Has
1790 1074 1957 1109 custodia
1975 1085 2075 1110 serva
2097 1073 2212 1122 vigili.

1692 1176 1785 1209 Arte
1802 1173 1935 1209 melius
1952 1180 2060 1209 utens
2075 1174 2231 1221 pristina
2245 1201 2256 1219 ‚

1693 1233 1843 1269 Piscans
1861 1233 2033 1270 homines
2053 1234 2160 1270 trahe
2177 1234 2289 1279 retia,

1695 1293 1896 1342 Complens
1912 1293 2064 1330 Domini
2080 1294 2130 1330 sic
2147 1293 2325 1342 pollicita.

1696 1393 1807 1429 Forte
1825 1392 1984 1443 clayiger
2005 1393 2094 1430 aulae
2110 1393 2259 1438 coelicae,

1693 1454 1807 1490 Fores
1826 1455 1948 1501 aperi,
1970 1445 2121 1490 ¹manum
2147 1454 2317 1502 porrige;

1699 1515 1804 1559 Quos
1821 1513 1866 1549 ad
1884 1513 2088 1550 Dominum
2107 1514 2213 1549 ducis
2232 1513 2389 1565 suscipe.

1693 1614 1830 1661 Perpes
1848 1613 1964 1661 gloria
1974 1640 1984 1658 ,
2002 1620 2075 1649 etc.

2071 1746 2248 1784 LXVIII.

1694 1853 1802 1889 Tuba
1818 1853 1989 1897 Domini,
2011 1853 2144 1899 Paule,
2165 1852 2323 1888 maxima
2337 1880 2346 1896 ‚

1691 1915 1746 1950 De
1766 1913 1977 1951 coelestibus
1994 1913 2084 1949 dans
2102 1913 2285 1956 tonitrua,

1697 1975 1829 2010 Hostes
1845 1973 2027 2022 dissipans
2043 1973 2138 2009 cives
2155 1984 2327 2021 aggrega.

1687 2073 1828 2108 Doctor
1849 2072 2020 2120 gentium
2043 2083 2082 2108 es
2099 2071 2328 2119 praecipuus‚

1693 2132 1769 2169 Vas
1785 2131 1825 2167 in
1841 2130 2017 2179 poculum
2037 2131 2156 2167 factus
2172 2129 2365 2171 omnibus,

1691 2192 1886 2240 Sapientiae
1902 2191 2055 2239 plenum
2071 2189 2279 2226 haustibus.

1692 2294 1800 2329 Mane
1820 2292 2013 2340 Benjamin
2037 2291 2197 2340 praedani
2216 2292 2358 2339 rapuit,

1690 2354 1798 2390 Escas
1814 2365 1964 2402 vespere
1981 2353 2101 2401 largas
2117 2352 2270 2397 dividit,

1689 2414 1787 2451 Vitae
1803 2413 1953 2449 ferculis
1970 2412 2154 2448 mundum
2170 2411 2302 2448 reficit.

1689 2514 1742 2549 Ut
1757 2513 1975 2549 rhinoceros
1991 2519 2047 2548 est
2064 2511 2271 2548 indomitus
2283 2539 2294 2559 ,

1689 2574 1812 2620 Quem
1829 2572 1877 2608 ad
1892 2579 2058 2615 aratrum
2077 2572 2197 2620 ligans
2212 2571 2415 2614 Dominus,

1690 2633 1828 2669 Glebas
1845 2632 1993 2669 vallium
2015 2632 2156 2679 frangit
2179 2632 2363 2680 protinus.

1688 2732 1798 2768 Nunc
1816 2732 1989 2781 nequitiae
2004 2730 2132 2767 laudat
2147 2730 2310 2766 villicum
2321 2758 2330 2772 ,

1690 2794 1813 2839 Quem
1833 2792 2039 2840 prudentiae
2056 2791 2152 2827 dicit
2169 2790 2365 2839 praeditum

1687 2856 1742 2888 Ac
1759 2864 1828 2900 pro
1850 2852 1934 2888 filiis
1955 2851 2047 2887 lucis
2065 2850 2277 2900 providum.

1639 2988 1643 2991 ,
1691 2953 1827 3000 perpes
1853 2952 1989 3000 gloria,
2007 2959 2079 2988 etc.

2092 3092 2230 3128 LXIX.

1694 3203 1795 3240 Coelo
1814 3202 1946 3238 celsius
1965 3200 2088 3237 volans
2110 3197 2251 3248 aquila,

1686 3263 1745 3299 Ad
1762 3262 1941 3314 dominici
1961 3262 2063 3298 sinus
2082 3259 2208 3295 abdita

1692 3322 1778 3357 Nidi
1798 3321 1957 3358 contulit
1971 3318 2197 3356 habitacula.

594 3503 602 3519 ¹
630 3504 724 3537 Modo
740 3504 912 3539 delendum
937 3513 996 3539 est.
1018 3524 1058 3529 -
1070 3507 1082 3524 ²
1097 3508 1155 3541 Hic
1176 3508 1307 3542 verbum
1329 3509 1445 3542 deesse
1462 3508 1599 3542 videtur.
1618 3525 1656 3534 —
1672 3507 1685 3526 ³
1699 3507 1782 3541 Cod.
1800 3509 1890 3541 rube.
