2970 4152
560 414 654 460 564
1353 413 1524 461 PETRI
1559 414 1871 461 ABAELARDI

560 508 760 566 tinetur,
786 524 934 571 quum
958 506 1157 552 dicitur¹
1186 524 1195 552 :
1221 525 1243 550 «
1270 507 1415 569 Igitur
1437 508 1520 571 qui
1543 508 1742 573 dispersi
1759 518 1894 555 erant
1918 505 2271 572 pertransibant
2293 506 2671 570 evangelizantes

562 586 763 633 verbum
793 587 903 644 Dei,
929 585 1171 650 Philippus
1196 595 1356 632 autem
1379 586 1674 635 descendens
1697 589 1745 634 in
1766 588 2005 634 civitatem
2029 587 2250 634 Samariae
2272 586 2560 651 praedicabat
2580 586 2670 634 illis

561 667 818 714 Christum.
852 666 1172 713 Intendebant
1195 677 1354 714 autem
1377 667 1527 715 turbae
1548 667 1622 715 his
1647 685 1752 732 quae
1780 685 1806 715 a
1838 668 2056 732 Philippo
2080 666 2361 714 dicebantur
2382 667 2671 717 unanimiter

560 746 806 792 audientes
833 755 878 791 et
901 745 1117 792 videntes
1144 746 1277 809 signa
1300 764 1404 811 quae
1432 747 1651 794 faciebat.
1677 747 1812 793 Multi
1838 747 1966 793 enim
1989 746 2181 793 illorum
2203 747 2286 810 qui
2313 745 2557 792 habebant
2577 746 2672 811 spi-

558 828 674 873 ritus
697 826 973 873 immundos
991 826 1250 875 clamantes
1265 844 1384 875 voce
1404 845 1575 891 magna
1588 827 1830 885 exiebant,
1857 827 1994 873 multi
2016 826 2262 892 paralytici
2279 836 2325 873 et
2341 826 2498 873 claudi
2519 827 2671 874 curati

556 915 681 951 sunt.
709 908 904 952 Factum
926 916 996 952 est
1013 923 1125 970 ergo
1150 907 1376 970 gaudium
1405 924 1632 970 magnum
1655 907 1704 952 in
1728 906 1807 952 illa
1828 906 2034 953 civitate.
2057 925 2080 950 »
2106 906 2250 963 Quod
2273 906 2416 952 etiam
2444 905 2671 969 gaudium

557 995 790 1049 quantum
804 986 1032 1050 apostolis
1044 986 1183 1033 suerit
1196 1004 1296 1034 non
1314 997 1495 1035 tacetur
1509 1004 1659 1051 quum
1670 986 1868 1032 dicitur:
1891 989 2085 1043 «Quum
2106 986 2348 1033 audissent
2370 996 2531 1033 autem
2551 1001 2670 1050 apo-

556 1065 663 1112 stoli
689 1067 773 1130 qui
808 1077 943 1113 erant
974 1067 1280 1131 Jerosolymis
1309 1069 1421 1132 quia
1448 1068 1702 1131 recepisset
1731 1067 1944 1114 Samaria
1968 1066 2170 1113 verbum
2204 1067 2315 1125 Dei,
2349 1067 2582 1113 miserunt
2608 1066 2671 1114 ad

555 1146 660 1193 illos
683 1150 873 1194 Petrum
900 1157 947 1195 et
969 1148 1255 1208 Johannem,
1277 1158 1367 1195 etc.
1390 1167 1412 1192 »
1435 1151 1573 1194 Hunc
1596 1156 1755 1193 autem
1782 1146 2054 1211 Philippum
2083 1163 2194 1192 eum
2221 1163 2322 1193 esse
2351 1155 2561 1205 constat,
2587 1145 2672 1210 qui

556 1228 700 1274 etiam
722 1228 845 1274 inter
867 1228 996 1292 ipsos
1019 1238 1202 1293 septem
1225 1228 1455 1275 diaconos
1484 1238 1642 1274 vestro
1666 1227 1913 1274 famulatui
1942 1227 2197 1292 deputatos
2222 1227 2509 1291 evangelista
2528 1243 2671 1292 supe-

555 1307 652 1353 rius
672 1308 937 1355 secundum
957 1319 1068 1373 post
1080 1308 1374 1373 Stephanum
1393 1308 1706 1373 computavit,
1726 1307 1889 1354 dicens
1902 1310 1942 1352 ²:
1973 1327 1995 1352 «
2014 1311 2073 1354 Et
2095 1307 2338 1371 elegerunt
2354 1307 2668 1372 Stephanum,

554 1389 712 1435 virum
734 1389 931 1454 plenum
948 1389 1042 1437 fide
1061 1400 1108 1437 et
1129 1390 1302 1454 Spiritu
1323 1400 1507 1449 sancto,
1533 1400 1580 1436 et
1604 1388 1893 1454 Philippum,
1919 1399 2010 1436 etc.
2039 1391 2105 1435 Ex
2127 1406 2225 1453 quo
2248 1389 2392 1436 etiam
2415 1389 2570 1453 liquet
2584 1405 2672 1454 per

557 1467 686 1514 hunc
708 1487 901 1534 quoque
930 1469 1184 1516 diaconem
1207 1473 1416 1517 vestrum
1439 1470 1574 1533 quasi
1595 1469 1655 1515 de
1684 1468 1833 1516 domo
1855 1478 2012 1515 vestra
2039 1469 2246 1534 primam
2275 1478 2468 1532 agentes
2496 1467 2673 1533 praedi-

557 1548 795 1595 cationem
823 1549 996 1596 Christi
1025 1550 1220 1597 dilatam
1255 1550 1396 1597 fuisse
1432 1560 1478 1596 et
1511 1549 1743 1613 primitias
1771 1549 1984 1611 gentium
2012 1549 2061 1594 in
2094 1548 2290 1595 horreas
2313 1547 2487 1594 Christi
2507 1564 2673 1612 perve-

557 1628 698 1675 nisse.
737 1631 880 1693 Cujus
915 1631 1059 1677 etiam
1093 1630 1280 1677 filiabus
1308 1640 1540 1694 quantam
1574 1630 1774 1693 gratiam
1806 1629 2117 1694 praerogativa
2138 1628 2383 1692 virginitas
2417 1627 2672 1677 contulerit

556 1709 696 1773 longe
713 1711 908 1759 inferius
924 1712 1220 1776 Evangelista
1230 1729 1331 1759 non
1345 1712 1510 1758 reticet
1524 1711 1708 1758 dicens³
1728 1729 1738 1757 :
1754 1730 1777 1755 «
1795 1710 1950 1757 Altera
1968 1721 2128 1758 autem
2144 1710 2222 1757 die
2240 1710 2442 1775 profecti
2454 1710 2672 1756 venimus

558 1792 817 1838 Caesaream
845 1802 892 1839 et
918 1794 1149 1840 intrantes
1173 1793 1376 1841 domum
1401 1792 1604 1857 Philippi
1627 1792 1954 1856 evangelistae,
1981 1793 2064 1856 qui
2086 1801 2187 1839 erat
2215 1808 2340 1838 unus
2363 1790 2424 1837 de
2458 1799 2667 1855 septem,

559 1872 819 1919 mansimus
841 1873 971 1938 apud
988 1891 1115 1921 eum.
1142 1875 1262 1921 Huic
1285 1884 1444 1921 autem
1466 1884 1602 1921 erant
1623 1872 1729 1920 filiae
1751 1883 1958 1938 quatuor
1970 1873 2176 1936 virgines
2198 1870 2558 1937 prophetantes.
2579 1888 2602 1913 υ

621 1955 683 1998 Ut
699 1969 811 2015 ergo
836 1970 965 2000 nunc
981 1954 1042 2001 ad
1064 1955 1312 2019 superiora
1329 1954 1599 2014 redeamus,
1624 1953 1739 2000 libet
1754 1955 1897 2001 etiam
1916 1969 2046 2000 nunc
2062 1952 2237 1999 intueri
2255 1961 2486 2016 quantam
2506 1965 2672 1996 curam

556 2031 813 2095 sepeliendi
833 2034 1182 2080 sanctissimum
1205 2034 1425 2098 martyris
1449 2034 1522 2081 sui
1536 2051 1711 2098 corpus
1733 2033 1955 2080 habuerit
1976 2032 2395 2095 Dominus,quum
2412 2030 2473 2078 de
2494 2030 2672 2077 caeteris

559 2110 619 2157 ad
656 2111 812 2174 ipsum
841 2112 1155 2174 ingemiscens
1188 2113 1434 2159 Psalmista
1464 2122 1787 2176 conqueratur
1818 2112 1982 2158 dicens
2009 2130 2020 2157 :
2045 2113 2059 2136 ¹·
2076 2131 2098 2156 «
2121 2115 2387 2158 Posuerunt
2418 2110 2672 2157 morticina

557 2208 805 2237 servorum
827 2201 1021 2238 tuorum
1052 2208 1182 2239 escas
1210 2192 1482 2239 volatilibus
1510 2192 1633 2251 coeli,
1662 2208 1826 2239 carnes
1856 2201 2133 2239 sanctorum
2163 2191 2325 2238 bestiis
2355 2201 2507 2238 terrae.
2539 2189 2670 2237 Effu-

559 2271 731 2317 derunt
762 2273 1043 2334 sanguinem
1076 2282 1354 2319 sanctorum
1382 2273 1431 2319 in
1463 2273 1664 2319 circuitu
1686 2272 1945 2319 Jerusalem
1970 2282 2017 2318 et
2039 2288 2138 2318 non
2162 2281 2263 2318 erat.
2284 2271 2367 2335 qui
2387 2270 2622 2336 sepeliret.
2643 2289 2667 2315 »

559 2353 611 2415 In
635 2349 715 2396 illa
736 2351 914 2414 quippe
942 2361 1076 2398 tanta
1095 2354 1428 2416 persecutione
1455 2362 1502 2399 et
1529 2351 1828 2417 dispersione
1851 2351 2066 2398 fidelium
2089 2367 2194 2415 quae
2219 2361 2334 2397 tunc
2364 2351 2670 2415 Jerosolymis

558 2429 681 2475 facta
708 2439 801 2488 est,
828 2446 927 2475 non
959 2429 1213 2478 defuerunt
1241 2430 1404 2478 fideles
1437 2432 1519 2495 qui
1550 2448 1662 2478 cum
1694 2431 1890 2495 planctu
1919 2447 2094 2495 magno
2117 2430 2167 2476 in
2188 2439 2323 2477 tanta
2339 2430 2413 2476 sui
2437 2430 2671 2477 anxietate

558 2520 832 2573 martyrem,
854 2510 1142 2575 sepelierunt
1158 2512 1279 2558 sicut
1292 2513 1523 2577 scriptum
1536 2522 1607 2559 est
1619 2514 1632 2536 ⁵
1652 2531 1662 2558 ε
1689 2531 1711 2556 «
1731 2511 2029 2576 Sepelierunt
2047 2510 2343 2576 Stephanum
2358 2511 2448 2558 viri
2461 2511 2671 2558 timorati

557 2598 603 2634 et
636 2588 849 2636 fecerunt
882 2589 1127 2653 planctum
1160 2607 1387 2654 magnum
1423 2608 1566 2656 super
1593 2608 1721 2638 eum.
1747 2610 1772 2636 »
1804 2592 1891 2637 Hic
1929 2601 1999 2638 est
2029 2590 2107 2637 ille
2140 2590 2353 2655 ploratus
2387 2599 2434 2636 et
2465 2589 2671 2638 ululatus

559 2668 734 2715 multus
751 2668 967 2716 Rachelis
987 2679 1171 2729 vestrae,
1185 2670 1259 2716 hae
1272 2681 1383 2718 sunt
1397 2671 1486 2718 illae
1507 2671 1843 2736 compatientis
1863 2670 2080 2717 Ecclesiae
2093 2671 2182 2735 piae
2202 2670 2438 2734 lacrymae,
2458 2686 2564 2734 quae
2584 2686 2671 2734 per

557 2749 808 2796 Jeremiam
824 2748 1122 2813 praefigurata
1142 2760 1253 2797 sunt
1275 2750 1538 2797 dicentem⁸
1565 2769 1576 2797 ε
1608 2770 1631 2795 «
1651 2754 1756 2799 Vox
1770 2751 1820 2797 in
1838 2749 2022 2797 excelso
2045 2749 2207 2796 audita
2225 2758 2295 2796 est
2315 2748 2669 2796 lamentationis

560 2839 606 2875 et
628 2829 799 2888 luctus,
825 2828 1041 2876 Rachelis
1068 2829 1310 2895 ,plorantis
1344 2830 1466 2877 filios
1496 2848 1626 2890 suos,
1658 2841 1749 2877 etc.
1773 2849 1797 2875 »
1829 2834 1888 2877 Et
1918 2847 2004 2877 vos
2033 2847 2164 2893 ergo,
2196 2845 2383 2876 sorores
2407 2829 2456 2876 in
2479 2828 2669 2876 Christo

557 2910 822 2967 carissimae,
848 2908 992 2955 talem
1014 2925 1068 2955 ac
1090 2919 1278 2956 tantum
1293 2911 1341 2956 in
1364 2920 1520 2958 vestro
1537 2910 1767 2957 famulatu
1789 2910 2068 2957 defunctum
2084 2910 2164 2975 pia
2180 2909 2520 2956 lamentatione
2535 2908 2670 2974 plan·

563 2989 679 3050 gite3
705 2989 784 3053 pia
811 2989 1156 3053 compassionis
1179 2989 1436 3036 devotione
1458 2989 1755 3037 venerandas
1777 2990 1998 3054 exequias
2026 2988 2286 3047 celebrate,
2313 2998 2360 3035 et
2382 2988 2518 3052 quasi
2537 2987 2669 3034 hunc

562 3069 795 3133 praecipue
817 3079 1030 3116 vestrum
1051 3068 1112 3116 ad
1134 3069 1406 3134 sepulcrum
1425 3080 1768 3134 prosequentes
1790 3070 1890 3133 ejus
1908 3069 2160 3135 sepulturae
2186 3069 2406 3133 lacrymis
2428 3077 2666 3131 unguenta

560 3142 785 3209 perficite,
813 3157 859 3194 et
880 3147 1009 3195 fideli
1032 3149 1131 3212 ejus
1153 3150 1278 3196 circa
1299 3166 1386 3196 vos
1409 3148 1641 3213 obsequio
1665 3150 1800 3214 quasi
1822 3159 2039 3197 aromata
2059 3132 2336 3214 praeparate.

623 3226 838 3288 Legimus
860 3228 908 3273 in
931 3227 1020 3275 illis
1045 3228 1280 3276 sceleratis
1313 3228 1464 3276 turbis
1499 3245 1603 3292 quae
1634 3229 1695 3276 ad
1723 3229 2100 3293 crucifigendum
2116 3227 2357 3275 ducebant
2378 3227 2662 3286 Dominum,

603 3431 612 3448 ⁴
634 3432 705 3465 Act.
721 3432 846 3472 Apost„
863 3442 936 3475 cap.
952 3443 1005 3466 vm
1017 3458 1025 3472 ,
1040 3445 1070 3466 v.
1090 3434 1105 3464 4
1124 3440 1157 3466 et
1170 3444 1219 3478 sq.
1232 3433 1409 3473 -¹1bid.‚
1423 3443 1496 3477 cap.
1513 3444 1542 3466 νι
1553 3457 1561 3472 ,
1578 3444 1607 3465 v.
1625 3434 1656 3466 5.
1668 3432 1843 3474 -—³1bid.,
1857 3443 1931 3476 cap.
1948 3444 2005 3466 xxi
2018 3457 2027 3473 ‚
2043 3442 2075 3465 ν.
2093 3432 2112 3463 8
2129 3437 2161 3464 et
2173 3441 2224 3474 sq.
2240 3447 2277 3453 —-
2291 3428 2304 3445 ⁴
2319 3429 2435 3462 Psalm.
2449 3438 2566 3462 Lxxvm
2577 3451 2587 3466 ‚
2603 3438 2633 3460 v.
2646 3429 2666 3459 2

560 3498 590 3521 οι
606 3491 635 3521 3.
657 3507 690 3512 -—
707 3488 719 3504 ‘⁵
733 3490 945 3529 Act..›11›ose.,
967 3501 1040 3533 cap.
1055 3502 1109 3524 vn·
1122 3517 1129 3530 .
1145 3502 1175 3526 v.
1195 3493 1228 3525 2.
1240 3510 1284 3517 --
1296 3492 1309 3510 ⁶
1324 3492 1459 3532 Jerem.,
1471 3502 1545 3535 cap.
1559 3501 1658 3530 xxxi,
1672 3502 1704 3524 v.
1725 3493 1772 3524 15.
