2970 4152
1201 429 1517 479 EPlSTOLAE.
2358 434 2419 478 33

314 524 500 572 Christo
529 534 672 589 atque
704 524 930 589 apostolis
962 524 1027 572 ita
1059 524 1419 590 inseparabiles¹
1449 525 1646 572 comites
1678 525 1925 573 adhaesisse
1949 524 2265 585 demonstrat,
2294 536 2345 573 ut
2376 538 2422 574 et

313 622 423 652 cum
449 606 514 652 eis
548 605 690 652 etiam
726 604 785 652 ad
818 604 1203 670 praedicationem
1227 605 1558 672 procederent.
1593 625 1617 650 «
1647 605 1718 653 Ad
1746 606 1842 653 hoc
1875 607 2039 667 enim¹,
2066 625 2090 650 »
2116 607 2293 671 inquit,
2330 626 2353 651 «
2378 618 2426 654 et

313 683 477 732 fideles
506 685 725 733 mulieres
754 684 983 733 habentes
1010 695 1248 736 terrenam
1277 685 1586 733 substantiam
1615 685 1749 732 ibant
1774 703 1884 733 cum
1909 688 1997 747 eis,
2026 697 2073 734 et
2096 679 2426 734 ministrabant

312 766 379 812 eis
401 765 464 813 de
481 782 567 814 sua
584 765 868 826 substantia,
891 775 945 813 ut
959 766 1134 814 nullius
1158 764 1426 830 indigerent
1441 765 1618 813 horum
1637 783 1742 831 quae
1757 766 1818 813 ad
1834 766 2144 814 substantiam
2162 767 2267 814 vitae
2283 766 2425 831 hujus

312 846 618 910 pertinerent.
643 865 666 890 »
694 849 752 892 Et
776 847 991 911 quisquis
1021 863 1121 894 non
1145 856 1282 912 putat
1309 846 1371 894 ab
1401 846 1630 912 apostolis
1654 845 1782 906 fieri,
1812 856 1865 894 ut
1887 863 1997 894 cum
2024 847 2090 893 eis
2114 858 2285 895 sanctae
2312 862 2425 895 con·-

314 926 590 972 versationis
622 926 844 973 mulieres
874 927 1181 974 cursitarent³
1203 927 1495 991 quocunque
1524 926 1822 991 evangelium
1849 926 2189 988 praedicabant,
2227 944 2425 992 evange-

313 1004 426 1051 lium
458 1005 640 1063 audiat,
677 1016 724 1053 et
755 1015 1011 1070 cognoscat
1046 1005 1584 1075 quemadmodum'hoc
1615 1006 1763 1072 ipsius
1799 1006 1994 1053 Domini
2028 1006 2249 1071 exemplo
2283 1007 2427 1054 facie-

312 1083 444 1131 bant.
473 1087 543 1132 ‘In
576 1085 829 1150 evangelio¹
854 1087 983 1134 enim
1019 1087 1246 1152 scriptum
1276 1088 1371 1134 est*
1397 1105 1414 1133 2:
1448 1106 1474 1131 α
1503 1086 1740 1152 Deinceps
1775 1095 1823 1133 et
1854 1086 1956 1151 ipse
1986 1087 2076 1134 iter
2106 1086 2303 1133 faciebat
2343 1103 2427 1151 per

313 1163 522 1211 civitates
557 1175 604 1212 et
643 1165 831 1213 castella
849 1204 862 1227 ,
905 1166 1231 1230 evangelizans
1273 1178 1479 1230 regnum¹
1512 1166 1627 1226 Dei,
1669 1175 1716 1214 et
1761 1165 2016 1213 duodecim
2067 1182 2177 1213 cum
2219 1165 2300 1213 illo
2321 1203 2334 1227 ,
2383 1177 2430 1214 et

313 1243 533 1291 mulieres
569 1244 760 1311 aliquae‚
797 1263 902 1311 quae
930 1256 1066 1293 erant
1089 1256 1263 1294 curatae
1291 1263 1319 1293 a
1350 1245 1595 1312 spiritibus
1630 1245 1928 1306 immundis‘,
1966 1255 2014 1293 et
2050 1245 2425 1305 infirmitatibus,

312 1324 481 1384 Maria,
510 1342 615 1389 quae
642 1336 839 1374 vocatur
866 1326 1167 1391 Magdalena,
1196 1337 1244 1373 et
1271 1330 1484 1386 Joanna,
1524 1343 1644 1374 uxor
1676 1329 1812 1373 Cuzae
1844 1326 2166 1392 procuratoris
2203 1326 2426 1386 Herodis,

313 1412 359 1450 et
385 1405 623 1466 Susanna,
654 1416 701 1454 et
736 1406 836 1454 aliae
863 1406 1022 1454 multae
1052 1423 1157 1472 quae
1184 1405 1516 1454 ministrabant
1543 1407 1587 1454 ei
1619 1405 1680 1453 de
1711 1405 2008 1453 facultatibus
2045 1406 2156 1453 suis.
2183 1426 2206 1450 »
2244 1409 2300 1453 Et
2337 1409 2431 1454 Leo

314 1484 503 1531 Nonus⁶
541 1496 708 1533 contra
747 1486 995 1552 epistolam
1032 1486 1333 1534 Parmeniani
1374 1485 1432 1533 de
1470 1485 1635 1533 Studio
1679 1488 1964 1533 Monasteric'
2006 1505 2020 1532 :
2065 1506 2088 1531 a
2130 1487 2368 1546 Omnino,
2407 1506 2428 1529 »

313 1562 487 1626 inquit,
512 1584 535 1608 α
559 1565 843 1629 profitemur
858 1582 958 1613 non
980 1565 1123 1614 licere
1145 1568 1390 1632 episcopo,
1419 1565 1722 1631 Presbytero,
1745 1565 1978 1626 diacono,
2000 1565 2298 1614 subdiacono
2322 1583 2432 1632 pro-

312 1641 465 1703 priam
489 1658 688 1690 uxorem
713 1660 855 1692 causa
883 1644 1126 1708 religionis
1154 1643 1363 1708 abjicere.
1380 1660 1497 1692 cura
1518 1661 1630 1705 sua,
1660 1653 1712 1692 ut
1737 1661 1843 1693 non.
1861 1645 1905 1692 ei
1933 1645 2111 1692 victum
2140 1656 2187 1692 et
2210 1646 2428 1693 vestitum

313 1719 552 1784 largiatur,
579 1722 663 1769 sed
688 1739 787 1770 non
813 1733 866 1770 ut
883 1740 994 1771 cum
1010 1723 1092 1771 ⁴illa
1117 1723 1368 1772 carnaliter
1380 1723 1549 1789 jaceat.
1578 1724 1657 1771 Sic
1677 1730 1727 1772 et
1752 1733 1941 1772 sanctos
1965 1724 2207 1790 apostolos
2232 1725 2429 1789 legimus

313 1802 460 1866 egisse
490 1801 631 1849 beato
660 1803 806 1849 Paulo
827 1803 1068 1850 dicente⁷:
1059 1804 1324 1869 ·Nanquid
1348 1822 1445 1852 non
1476 1805 1698 1853 habemus
1716 1817 1998 1871 potestatem
2023 1817 2232 1853 sororem
2266 1807 2427 1854 mulie·

314 1898 413 1928 rem
451 1881 848 1939 circumducendi,
881 1884 1001 1929 secut
1010 1881 1201 1945 fratres
1231 1885 1432 1929 Domi'nz
1456 1895 1506 1930 et
1534 1885 1751 1951 Cepluzs?
1779 1884 1941 1933 Vide
1930 1886 2155 1951 msipiens
2185 1887 2295 1950 quia
2330 1903 2426 1933 non

313 1960 461 2008 dixit:
486 1961 712 2027 Nunquid
743 1978 842 2008 non
876 1961 1108 2009 habemus
1136 1972 1420 2026 potestatem
1453 1980 1670 2011 sororem
1694 1963 1941 2012 mulierem
1973 1966 2319 2030 amplectendi?
2346 1967 2427 2013 sed

313 2040 718 2099 circumducendc;
752 2041 932 2094 scilicet
962 2051 1016 2089 ut
1051 2041 1271 2097 mercede
1301 2041 1662 2107 praedicationis
1692 2054 2071 2093 sustentarentur
2106 2045 2167 2092 ab
2202 2046 2295 2106 eiS,
2343 2063 2429 2093 nec

313 2130 472 2168 tamen
502 2120 729 2186 deinceps
754 2120 878 2169 foret
909 2121 1033 2168 inter
1056 2137 1139 2169 eos
1164 2121 1352 2170 carnale
1381 2123 1677 2187 conjugium.
1705 2143 1742 2168 »v
1757 2126 1866 2189 Ipse.
1880 2135 2020 2172 certe·
2035 2125 2315 2190 pharisaeus,
2347 2128 2429 2191 qui

313 2201 435 2249 intra
464 2217 514 2248 se
544 2200 604 2250 de
629 2201 839 2249 Domino
868 2201 986 2248 ait⁸2
1014 2222 1037 2246 «
1069 2201 1181 2261 Hic,
1211 2202 1249 2249 si
1283 2212 1405 2250 esset
1428 2202 1692 2268 propheta,
1729 2203 1870 2256 sciret
1900 2204 2062 2272 utique
2079 2221 2186 2269 quae
2211 2215 2259 2253 et
2281 2206 2430 2270 qualis

312 2290 434 2328 esset
458 2281 628 2328 mulier
649 2297 755 2346 quae
774 2281 923 2346 tangit
939 2298 1077 2341 eum,
1100 2282 1212 2346 quia
1236 2283 1474 2347 peccatrix
1497 2292 1590 2342 est;
1618 2301 1642 2327 »
1671 2282 1822 2331 multo
1848 2284 2250 2345 commodiorem,
2278 2302 2429 2351 quan-

313 2369 415 2415 tum
433 2361 494 2408 ad
512 2360 778 2409 humanum
798 2361 1033 2425 judicium
1053 2371 1256 2427 spectat,
1281 2361 1590 2427 turpitudinis
1613 2363 1938 2426 conjecturam
1965 2363 2026 2412 de
2044 2365 2254 2412 Domino
2273 2366 2431 2413 conci-

313 2456 425 2504 pere
448 2451 658 2507 poterat,
687 2458 834 2507 quam
858 2441 919 2490 de
946 2441 1088 2489 nobis
1117 2441 1218 2502 isti;
1246 2451 1329 2489 aut
1352 2443 1436 2507 qui
1460 2452 1663 2491 matrem
1690 2443 1792 2507 ejus
1813 2443 1979 2508 juveni
2003 2444 2425 2504 commendatam⁹‚

313 2521 387 2568 vel
417 2521 676 2587 prophetas
711 2539 822 2571 cum
856 2522 1011 2570 viduis
1047 2523 1253 2570 maxime
1279 2522 1509 2588 hospitari
1534 2533 1677 2587 atque
1699 2524 2005 2571 conversari¹⁰
2034 2524 2248 2584 videbat,
2277 2525 2427 2573 multo

312 2599 683 2664 probabiliorem
701 2601 814 2649 inde
829 2602 1150 2667 suspicionem
1169 2601 1468 2649 contrahere.
1493 2602 1620 2660 Quid
1639 2603 1782 2650 etiam
1801 2602 2027 2651 dixissent
2044 2604 2120 2651 isti
2138 2603 2427 2653 detractores

312 2680 485 2740 nostri,
514 2681 552 2728 si
578 2681 816 2728 Malchum
846 2681 978 2729 illum
1007 2682 1247 2747 captivum
1280 2681 1597 2742 monachum,
1620 2682 1681 2730 de
1697 2699 1795 2747 quo
1819 2682 1986 2732 beatus
2012 2683 2174 2731 scribit
2200 2685 2427 2749 Hierony·

314 2763 469 2821 mus¹¹,
501 2761 675 2809 eodem
699 2761 1017 2818 contubernio
1044 2778 1155 2808 cum
1182 2777 1328 2820 uxore
1360 2762 1649 2812 victitantem
1677 2763 2039 2828 conspicerent?
2059 2767 2249 2822 Quanto
2274 2765 2324 2812 id
2342 2767 2427 2813 cri-

315 2841 431 2888 mini
454 2841 768 2903 ascriberent,
803 2842 936 2907 quod
963 2842 1178 2907 egregius
1206 2841 1283 2890 ille
1314 2841 1486 2890 doctor
1510 2859 1663 2908 quum
1690 2843 1908 2904 vidisset,
1941 2845 2144 2892 maxime
2180 2862 2424 2895 commen-

315 2921 434 2968 dans
458 2921 523 2968 ait
551 2940 561 2967 :
594 2942 616 2966 «
641 2925 751 2969 Erat
779 2922 874 2970 illic
904 2939 1047 2971 senex
1079 2921 1275 2986 quidam
1307 2923 1504 2970 nomine
1528 2922 1766 2983 MalchuS‚
1790 2924 2003 2987 ejusdem
2029 2924 2121 2972 loci
2146 2925 2368 2990 indigena
2381 2930 2419 2974 ¹².

319 3142 321 3144 ,
360 3115 368 3131 “
387 3115 637 3155 Inseriturfidas
650 3114 744 3148 Rus.
757 3133 779 3138 ›-
801 3113 813 3132 ¹
826 3114 906 3158 cup.
922 3124 951 3147 iv
981 3114 1233 3156 opp.‚t²nrisiis‚
1251 3115 1345 3154 1685,

314 3171 434 3211 iti-sol„
447 3178 470 3204 t.
483 3170 537 3209 Vl,
552 3171 616 3205 col.
628 3164 1088 3204 ⁴78.-⁸cfr‘ffifr?‘·c‘'m.—⁴
1101 3171 1181 3205 Luc.
1195 3181 1267 3215 cap.
1278 3182 1346 3211 vui,

314 3237 345 3258 v.
366 3230 376 3258 1
398 3233 431 3260 et
446 3237 540 3269 sq.—
552 3227 565 3244 ⁸
579 3228 729 3270 Haliqnis
742 3227 810 3261 MS.
827 3227 923 3262 Amb.
937 3244 979 3251 -—
995 3227 1008 3245 ⁶
1022 3227 1071 3261 lta
1085 3226 1217 3271 quidem
1233 3226 1350 3271 legitur

313 3286 345 3317 in
365 3283 531 3317 codicibus
553 3285 778 3329 manuscriptis
794 3291 826 3318 et
841 3282 1056 3325 editionibus3
1074 3294 1186 3317 verum
1206 3283 1285 3317 nihil
1301 3290 1350 3317 est

313 3340 399 3383 quod
416 3340 482 3373 Leo
502 3341 612 3374 Nonus
628 3349 740 3374 contra
758 3342 937 3382 Epi-stolum
958 3341 1169 3373 Parmenioni
1185 3341 1224 3373 de
1244 3342 1350 3373 studio

314 3399 495 3430 monasterii
502 3397 679 3441 scripserit.
693 3397 796 3430 Locus
806 3408 901 3441 quem
914 3395 1100 3430 Abaelardus
1111 3395 1214 3436 affert,
1223 3396 1351 3440 reperi-

314 3460 364 3485 tur
375 3453 406 3486 in
419 3453 630 3496 responsione
642 3452 808 3486 Humberti
823 3453 862 3486 ad
876 3452 1020 3486 libellum
1035 3451 1155 3486 Nicetae
1171 3451 1349 3496 presbyteri

314 3517 345 3541 et
362 3509 510 3543 monachi
525 3508 678 3543 adversus
691 3509 820 3542 Latinos
839 3509 960 3542 editum
972 3522 980 3549 3
994 3519 1090 3552 quam
1103 3508 1349 3551 responsionem

497 3593 508 3621 l

1389 3125 1487 3159 quum
1500 3116 1668 3159 scripserit
1683 3117 1815 3150 nomine
1827 3116 1943 3150 Leonis
1958 3116 2001 3150 lx
2012 3142 2021 3158 ,
2040 3117 2130 3160 cujus
2145 3125 2215 3151 erat
2227 3118 2350 3162 legatus
2362 3145 2370 3159 ,
2387 3131 2424 3152 ea

1390 3178 1478 3205 recte
1491 3173 1620 3205 nomine
1633 3172 1734 3217 ipsius
1747 3173 1864 3205 citatur
1873 3172 1905 3205 in
1917 3173 2022 3216 prima
2032 3180 2125 3217 parte
2136 3174 2426 3216 decretiGratiani,

1392 3227 1467 3262 dist.
1482 3229 1596 3270 XXXI,
1609 3239 1683 3272 cap.
1700 3228 1800 3262 x.—'¹
1818 3229 1963 3263 Corinth.
1976 3231 2012 3270 Ι,
2024 3240 2098 3274 cap.
2113 3242 2146 3264 ix
2157 3256 2166 3271 ,
2180 3242 2212 3264 v.
2230 3231 2329 3264 5.—·
2342 3232 2423 3266 Luc.

1393 3295 1465 3328 cap.
1481 3295 1523 3318 vu
1537 3310 1545 3325 ,
1562 3295 1594 3318 v.
1612 3287 1666 3318 39.
1682 3304 1709 3309 -
1731 3285 1744 3302 ⁹
1760 3285 1853 3319 Joan.
1870 3296 1945 3330 cap.
1959 3298 2035 3327 xix,
2050 3298 2080 3321 v.
2098 3289 2153 3320 27.
2176 3306 2201 3311 —
2218 3287 2248 3305 ¹⁰
2261 3288 2341 3331 Περ.
2360 3288 2424 3327 111,

1393 3351 1467 3384 cap.
1483 3353 1559 3380 xvii,
1575 3352 1604 3374 v.
1622 3343 1660 3373 10
1674 3348 1707 3373 et
1717 3342 1844 3385 erp—⁴¹
1859 3343 1921 3375 Vir.
1936 3344 2071 3382 malchi,
2090 3344 2171 3385 Opp.
2187 3351 2210 3376 t.
2228 3344 2281 3383 lV,
2293 3344 2356 3378 col.
2370 3346 2423 3378 91.

1392 3395 1472 3420 —-¹’
1486 3396 1558 3429 Tria
1577 3396 1674 3429 verba
1688 3397 1746 3430 ista
1760 3398 1952 3432 Amboesius
1975 3400 2089 3433 asserit
2114 3410 2178 3432 non
2204 3398 2314 3433 haberi
2339 3401 2424 3445 apud

1392 3451 1520 3485 beatum
1544 3452 1776 3496 Hieronymum
1790 3479 1799 3494 ‚
1818 3454 1877 3487 sed
1892 3466 2003 3488 eurum
2022 3455 2094 3489 loco
2111 3456 2291 3499 αὐτόχθων,
2314 3467 2424 3490 vocem

1392 3508 1537 3551 ejusdem
1548 3518 1681 3549 sensus;
1698 3509 1848 3552 leguntur
1864 3518 1969 3545 tamen
1986 3511 2018 3544 in
2033 3512 2178 3545 editione
2194 3513 2348 3553 Parisina,
2360 3513 2380 3545 1.
2393 3524 2422 3544 c.

2213 3587 2239 3627 ⁵
