2970 4152
531 397 590 443 ΙΝ
623 391 814 440 SEXTA
847 389 1026 435 FERIA
1064 387 1208 433 POST
1244 386 1511 432 OCTAVAS
1546 365 1919 432 ASCENSIONIS
1952 383 2168 430 SERMO.
2308 384 2403 430 483

291 488 564 552 quagesima
584 486 662 533 die
679 484 912 542 dandum,
934 492 980 529 et
994 482 1147 545 legem
1165 480 1341 527 amoris
1361 480 1520 544 potius
1545 497 1690 543 quam
1709 479 1893 525 timoris
1912 477 2281 551 imprimendam
2297 494 2404 524 cor-

291 569 432 615 dibus
445 584 613 615 eorum
635 566 940 631 promiserat,
966 563 1147 609 dicens¹
1169 580 1179 608 z
1210 580 1232 605 «
1251 560 1448 624 Rogabo
1462 570 1658 624 ,patrem
1680 577 1864 618 meum,
1891 569 1937 606 et
1959 559 2104 605 alium
2126 558 2405 623 paraclitum

290 647 426 695 dabit
441 647 596 705 vobis,
617 657 670 693 ut
690 654 882 692 maneat
900 643 1151 691 vobiscum
1170 642 1220 688 in
1240 651 1520 694 aeternum.»
1545 644 1603 686 Et
1620 642 1830 686 rursum²
1848 659 1857 686 :
1885 639 2053 704 «Apud
2071 656 2208 698 vos,»
2230 639 2401 703 inquit,

294 747 317 772 t<
337 727 567 785 manebit,
589 736 635 772 et
650 727 697 772 in
715 725 851 772 vobis
869 725 1006 771 erit.»
1027 723 1110 769 Illa
1122 723 1286 786 utique
1303 722 1488 768 mansio
1506 720 1793 766 duodecima
1810 719 2099 778 Judaeorum,
2121 736 2216 783 qua
2230 718 2304 766 lex
2321 719 2405 766 da-

290 817 385 866 tur,
405 807 633 871 Spiritum
651 804 966 870 praesignabat
983 820 1147 850 veram
1164 802 1390 868 apostolis
1408 801 1562 864 legem
1580 800 1891 858 crediturum,
1915 810 1961 846 et
1979 800 2028 845 in
2051 800 2117 846 eis
2136 816 2235 846 non
2252 809 2406 847 trans-

290 886 435 945 itum,
458 885 541 932 sed
561 885 862 932 mansionem
886 884 1139 931 facturum.
1169 882 1378 948 Populus
1397 876 1475 928 ille
1498 881 1559 928 ad
1578 881 1731 944 legem
1751 880 1879 926 illam
1904 879 2247 944 imperfectam,
2266 881 2407 928 tertio

289 965 369 1012 die
387 965 758 1030 suscipiendam,
779 963 970 1011 duobus
983 981 1033 1010 se
1050 964 1333 1029 praeparavit
1346 962 1532 1009 diebus.
1560 964 1656 1008 Nos
1670 960 1732 1007 ad
1748 977 2026 1025 supremum
2043 961 2242 1025 Spiritus
2258 963 2409 1008 sancti

289 1045 576 1104 adventum,
610 1045 694 1108 qui
726 1044 840 1107 legis
865 1044 1209 1109 perfectionem
1243 1042 1472 1109 apostolis
1509 1041 1687 1100 attulit,
1718 1040 1793 1087 his
1818 1040 1985 1087 saltem
2013 1040 2202 1088 duobus
2226 1058 2408 1107 praepa-

289 1142 448 1173 remus
485 1125 678 1184 diebus,
724 1135 778 1172 ut
814 1134 955 1172 tantae
989 1125 1148 1187 gratiae
1181 1125 1435 1189 participes
1466 1138 1737 1170 mereamur
1774 1138 1892 1168 esse.
1934 1124 2047 1169 Post
2083 1122 2409 1170 ascensionem

288 1206 494 1271 apostoli
510 1222 538 1253 a
556 1216 720 1253 monte
743 1205 916 1252 Oliveti
936 1205 1240 1269 Jerosolymae
1264 1205 1464 1264 reversi,
1493 1220 1644 1268 quum
1666 1203 1715 1250 in
1739 1202 2038 1250 coenaculum
2059 1202 2405 1263 ascendissent,

289 1286 587 1333 orationibus
622 1296 670 1332 et
710 1286 900 1349 jejuniis
942 1286 1232 1350 promissum
1268 1285 1470 1350 Spiritus
1508 1284 1661 1331 sancti
1698 1282 1960 1330 adventum
1998 1293 2291 1330 meruerunt.
2339 1287 2409 1331 De

288 1366 463 1430 quibus
499 1366 715 1431 profecto
749 1366 940 1429 jejuniis
976 1375 1086 1431 post
1126 1366 1456 1412 ascensionem
1489 1381 1626 1411 suam
1666 1363 1857 1420 futuris,
1893 1364 2128 1410 Dominus
2165 1363 2266 1428 ipse
2289 1381 2409 1430 prae-

289 1446 493 1494 dixerat³
519 1465 529 1492 :
560 1466 583 1491 «
603 1446 808 1493 Venient
829 1445 930 1492 dies
945 1483 956 1505 ,
989 1462 1139 1510 quum
1163 1445 1401 1492 auferetur
1424 1444 1485 1492 ab
1508 1445 1574 1492 eis
1597 1461 1824 1510 sponsus,
1858 1453 1905 1490 et
1926 1453 2041 1490 tunc
2056 1442 2360 1507 jejunabunt.
2385 1464 2407 1488 »

291 1529 404 1574 Post
428 1527 589 1591 itaque
620 1526 721 1573 dies
743 1526 1062 1589 jejuniorum,
1095 1526 1210 1573 istos
1240 1525 1341 1573 dies
1364 1535 1617 1590 sequentes
1651 1535 1760 1590 post
1794 1534 1986 1572 octavas
2016 1524 2340 1584 Ascensionis,
2366 1535 2413 1572 et

289 1606 610 1671 praecedentes
648 1606 776 1653 diem
810 1609 1108 1653 Pentecostes
1126 1643 1137 1664 ,
1176 1622 1276 1653 non
1318 1607 1582 1669 incongrue
1620 1606 1906 1670 accepimus.
1942 1607 2103 1662 Quum
2131 1605 2260 1652 enim
2282 1604 2410 1653 festi-

289 1688 409 1735 vitas
437 1687 737 1734 Ascensionis
765 1686 941 1734 habeat
969 1697 1161 1734 octavas
1177 1724 1188 1746 ,
1219 1696 1377 1734 totum
1400 1686 1518 1734 illud
1551 1696 1740 1751 tempus
1771 1695 1881 1732 octo
1904 1684 2092 1732 dierum
2112 1685 2411 1733 Ascensionis

289 1777 360 1815 est
396 1767 683 1826 dicendum;
727 1767 840 1831 quia
873 1784 1077 1832 sponsus
1101 1768 1161 1814 ‘in
1200 1767 1347 1815 coelos
1380 1765 1665 1824 ascendens,
1704 1765 1951 1813 obtutibus
1974 1765 2303 1830 apostolorum
2323 1783 2410 1832 per

288 1848 587 1913 praesentiam
624 1848 780 1895 carnis
813 1848 1082 1895 subtractus
1116 1847 1290 1895 dicitur
1329 1848 1404 1896 vel
1434 1848 1637 1896 ablatus.
1689 1846 1827 1894 Unde
1861 1863 1991 1894 nunc
2023 1847 2123 1894 duo
2154 1857 2409 1912 praesentes

288 1929 390 1977 dies
405 1929 671 1976 secundum
690 1928 984 1977 dominicam
1003 1930 1288 1977 sententiam
1301 1929 1493 1993 jejuniis
1512 1927 1777 1993 deputandi
1797 1927 2037 1975 videntur.
2060 1930 2177 1986 Quae
2191 1927 2408 1993 profecto

283 2009 465 2073 jejunia
492 2025 592 2055 non
615 2009 905 2074 poenitentiae
931 2019 1066 2068 sunt,
1093 2019 1146 2056 ut
1169 2025 1198 2056 a
1218 2009 1425 2075 peccatis
1454 2024 1715 2074 purgemur
1730 2044 1741 2065 ,
1766 2007 1851 2055 sed
1882 2017 1936 2054 ut
1959 2006 2205 2055 desideriis
2224 2008 2410 2055 accensi

290 2088 352 2136 ad
372 2087 673 2153 sequendum
709 2106 966 2154 sponsum,
992 2099 1129 2137 tanto
1165 2090 1370 2155 amplius
1404 2089 1604 2155 Spiritus
1629 2089 1780 2136 sancti
1804 2104 2074 2136 mereamur
2095 2088 2406 2150 descensum,

287 2179 471 2233 quanto
493 2169 736 2217 ardentius
764 2169 826 2218 ad
848 2169 1006 2229 illum,
1033 2170 1281 2235 sequendo
1305 2170 1570 2229 Christum,
1604 2169 1884 2217 anhelamus
1907 2185 2174 2217 ascensum.
2202 2169 2341 2218 Unde
2363 2180 2411 2218 et

287 2249 488 2315 ipsemet
511 2251 626 2298 ait⁴2
656 2270 679 2296 «
701 2251 799 2299 Nisi
826 2268 915 2315 ego
939 2251 1127 2310 abiero,
1156 2251 1412 2299 Paraclitus
1441 2269 1540 2298 non
1570 2251 1745 2298 veniet.
1769 2269 1792 2295 >›
1818 2251 1962 2309 Quod
1985 2261 2056 2298 est
2082 2250 2243 2299 dicere
2271 2271 2281 2299 :
2313 2253 2409 2299 Nisi

290 2330 468 2379 avobis
483 2347 739 2390 recessero,
758 2331 975 2396 superius
994 2330 1319 2390 ascendendo,
1341 2347 1649 2396 nequaquam
1664 2330 1754 2378 illis
1765 2348 1854 2379 vos
1867 2330 2114 2378 desideriis
2127 2331 2404 2392 accendam,

288 2411 463 2476 quibus
491 2411 787 2459 advenientis
821 2412 1022 2476 Spiritus
1052 2413 1423 2477 promereamini
1455 2413 1671 2476 gratiam.
1699 2415 1832 2460 Hanc
1859 2413 1960 2477 ipse
1982 2412 2182 2477 Spiritus
2210 2414 2408 2478 gratiam

289 2509 380 2539 nos
410 2492 476 2539 ita
498 2491 638 2539 faciat
667 2492 952 2557 praevenire,
975 2502 1028 2539 ut
1049 2492 1206 2557 ipsum
1232 2492 1294 2540 ab
1317 2509 1374 2540 eo
1398 2508 1668 2539 mereamur
1690 2493 1950 2557 percipere.
1984 2494 2151 2539 Amen.

334 2651 343 2669 ⁴
369 2651 480 2694 Joan.,
496 2662 570 2696 cap.
588 2662 656 2692 xiv,
673 2662 704 2685 v.
728 2654 778 2685 16.
795 2670 837 2677 —
853 2651 865 2670 ¹
884 2652 983 2694 ibid„
1000 2664 1029 2687 v.
1053 2655 1105 2687 17.
1118 2671 1160 2678 -
1176 2653 1189 2671 ⁸
1204 2653 1333 2693 Matih„
1347 2663 1421 2698 cap.
1437 2665 1468 2687 ix
1482 2680 1490 2695 ,
1506 2665 1537 2687 v.
1557 2655 1608 2687 15.
1630 2672 1662 2678 -—
1681 2652 1695 2670 ⁴
1711 2653 1820 2694 Joan.,
1839 2663 1915 2697 cap.
1934 2664 2008 2694 xvi,
2022 2664 2053 2687 v.
2070 2655 2103 2687 7.
