2970 4152
531 413 625 460 306
1330 411 1502 458 PETR1
1537 412 1851 462 ABAELARDI

1618 506 1797 543 Nostrum
1814 514 1871 544 est
1886 508 2036 544 interim
2054 515 2216 544 mentem
2234 510 2392 557 erigere,

951 574 1136 611 XXVIII,
1617 567 1664 603 Et
1682 568 1769 604 totis
1788 568 1944 616 patriam
1962 568 2056 604 votis
2078 575 2269 616 appetere,

1594 654 1600 667 ,
1620 627 1667 663 Et
1683 628 1730 664 ad
1745 627 1950 664 Jerusalem
1967 641 1987 664 a
2008 627 2226 676 Babylonia,

533 690 566 724 Ο
592 695 728 737 quanta
742 716 751 733 ,
776 687 899 737 qualia
917 694 1003 724 sunt
1020 687 1081 724 illa
1101 688 1272 735 sabbata,
1620 687 1706 724 Post
1730 687 1841 737 longa
1858 688 2006 737 regredi
2025 687 2173 724 tandem
2193 688 2313 725 exilia.

531 751 620 794 Quae
637 760 782 796 semper
796 747 957 784 celebrat
974 759 1133 795 superna
1146 748 1269 784 curia!

530 810 619 854 Quae
637 808 738 844 sessis
755 808 920 856 requieS,
948 819 1028 857 quae
1047 820 1187 844 merces
1213 809 1393 854 fortibus,
1620 800 1701 836 11110
1720 800 1896 836 ῐῐῑΟῙθδῐῆΒ
1913 800 2028 837 finitis
2044 801 2219 837 omnibus

530 870 655 913 Quum
674 869 746 903 erit
763 869 888 904 omnia
905 868 1005 904 Deus
1027 869 1065 903 in
1085 869 1280 905 omnibus!
1621 861 1751 897 securi
1767 861 1908 897 cantica
1926 860 2017 898 Sion
2035 861 2284 907 cantabimus,

1619 922 1664 957 Et
1675 921 1786 969 juges
1807 922 1942 969 gratias
1956 922 2002 957 de
2017 921 2125 958 donis
2147 923 2271 971 gratiae

529 981 628 1017 Vere
643 979 846 1016 Jerusalem
866 980 942 1015 illic
958 987 1014 1016 est
1033 981 1159 1016 civitas
1616 987 1722 1020 Beata
1745 984 1878 1020 referet
1896 984 2000 1032 plebs
2016 984 2105 1029 tibi,
2132 985 2312 1031 [Domine
2327 984 2366 1033 Ρ]

527 1041 643 1088 Cujus
661 1053 729 1089 pax
741 1040 844 1089 jugis
862 1048 918 1078 est·
936 1053 1080 1077 summa
1091 1041 1328 1089 jucunditas,

527 1102 602 1137 Ubi
621 1113 696 1137 non
715 1101 889 1149 praevenit
909 1114 990 1138 rem
1007 1101 1234 1138 desiderium
1246 1130 1256 1146 ‚
1617 1098 1698 1134 lllic
1718 1111 1762 1134 ex
1779 1097 1933 1134 sabbato
1951 1098 2124 1134 succedet
2142 1097 2336 1133 sabbatum
2348 1126 2357 1142 ,

527 1163 604 1197 Nec
619 1161 805 1198 desiderio
824 1163 946 1198 minus
963 1169 1019 1198 est
1034 1162 1240 1210 praemium.
1619 1165 1755 1213 Perpes
1772 1164 1898 1201 laetitia
1915 1164 2221 1201 sabbatizantium
2233 1193 2243 1209 ,

1618 1225 1652 1261 N
1655 1237 1696 1261 ec
1713 1223 1915 1261 ineffabiles
1932 1224 2128 1261 cessabunt
2139 1224 2274 1272 jubili,

526 1277 620 1322 QUiS
640 1277 724 1312 ¹⁸⁶⁸!
753 1288 833 1324 <1¹1ae
853 1275 978 1311 curia!
1000 1274 1109 1324 quale
1129 1274 1308 1333 Palatium,
1324 1275 1331 1309 !
1619 1285 1725 1331 Quos
1743 1284 2023 1322 decantabimus
2042 1292 2080 1321 et
2097 1297 2164 1322 nos
2183 1292 2221 1321 et
2239 1283 2374 1333 angeli.

527 1337 616 1383 Quae
634 1338 723 1385 pax!
746 1349 826 1386 quae
844 1336 1013 1385 requies!
1036 1335 1137 1384 quod
1164 1334 1258 1371 illud
1287 1334 1487 1383 gaudium!

530 1396 648 1444 Hujus
666 1397 865 1445 participes
883 1402 1069 1445 exponant
1088 1395 1231 1443 gloriae,
1617 1399 1777 1435 Perenni
1798 1398 1960 1435 Domino
1973 1426 1981 1441 ‚
2000 1406 2071 1435 etc.

527 1458 584 1502 Si,
607 1465 789 1506 quantum
808 1457 993 1501 sentiunt,
1014 1457 1157 1504 possint
1171 1456 1393 1504 exprimere.

1555 1916 1628 1966 ΙΙ.

589 2102 892 2167 Tripartitum
917 2112 986 2148 est
1007 2101 1156 2148 divini
1177 2101 1331 2148 cultus
1356 2100 1583 2148 officium.
1609 2104 1787 2149 Doctor
1804 2101 2017 2166 gentium
2035 2103 2085 2149 in
2111 2103 2311 2167 epistola
2333 2104 2401 2150 ad
2431 2105 2656 2169 Ephesios

527 2182 765 2230 ordinavit
788 2181 972 2229 dicens¹
1001 2200 1011 2228 :
1039 2202 1060 2226 «
1092 2184 1150 2228 Et
1173 2181 1320 2229 nolite
1354 2181 1578 2230 inebriari
1596 2182 1709 2229 vino
1733 2183 1782 2229 in
1814 2199 1912 2247 quo
1947 2193 2017 2230 est
2045 2183 2252 2244 luxuria,
2290 2184 2374 2231 sed
2389 2185 2657 2250 implemini

524 2264 700 2329 Spiritu
732 2263 983 2327 loquentes
1017 2262 1367 2328 vobismetipsis
1401 2264 1449 2310 in
1477 2262 1671 2328 psalmis
1715 2273 1762 2310 et
1797 2263 1988 2326 hymnis
2023 2273 2070 2311 et
2111 2264 2305 2311 canticis
2339 2265 2652 2330 spiritalibus,

524 2353 766 2391 cantantes
800 2353 846 2390 et
876 2342 1129 2408 psallentes
1153 2344 1203 2390 in
1235 2342 1460 2390 cordibus
1493 2343 1658 2390 vestris
1683 2343 1910 2390 Domino.
1936 2362 1958 2387 »
1996 2346 2055 2391 Et
2090 2360 2254 2390 rursus
2288 2343 2355 2390 acl
2387 2344 2657 2392 Colosenses

523 2424 695 2488 inquit²
721 2442 730 2469 :
752 2442 775 2467 «
792 2421 999 2469 Verbum
1022 2422 1195 2470 Christi
1211 2422 1392 2469 habitet
1410 2424 1459 2469 in
1478 2422 1615 2469 vobis
1630 2422 1931 2470 abundanter
1947 2423 1997 2469 in
2011 2424 2145 2470 omni
2162 2424 2408 2489 sapientia,
2429 2424 2658 2472 docentes

525 2516 570 2551 et
593 2513 955 2551 commonentes
978 2503 1294 2568 vosmetipsos
1320 2503 1534 2568 psalmiS,
1572 2503 1763 2567 hymnis
1804 2514 1852 2551 et
1869 2504 2064 2550 canticis
2089 2504 2401 2569 spiritalibus,
2438 2505 2485 2550 in
2512 2506 2657 2568 gratia

525 2593 766 2631 cantantes
789 2583 838 2629 in
864 2582 1090 2630 cordibus
1114 2583 1280 2630 vestris
1298 2584 1525 2630 Domino.
1543 2602 1566 2627 »

594 2664 766 2711 Psalmi
789 2680 904 2711 vero
929 2673 976 2711 et
994 2664 1179 2711 cantica
1211 2664 1442 2728 quoniam
1468 2681 1525 2711 ex
1549 2664 1792 2711 canonicis
1817 2664 2078 2728 antiquitus
2101 2674 2360 2729 praeparata
2397 2675 2505 2711 sunt
2537 2666 2659 2712 Scri·

528 2746 701 2808 pturis‚
731 2761 820 2792 nec
843 2754 1008 2791 nostro
1032 2761 1121 2792 nec
1145 2744 1343 2808 alicujus
1363 2755 1502 2809 egent
1528 2744 1685 2792 studio
1706 2754 1757 2792 ut
1781 2744 1930 2792 modo
1954 2755 2325 2810 componantur.

593 2828 663 2872 De
690 2825 881 2889 hymnis
916 2841 1030 2871 vero
1066 2841 1216 2888 quum
1249 2824 1369 2871 nihil
1401 2826 1451 2871 in
1479 2826 1787 2891 superpositis
1821 2825 2100 2873 distinctum
2127 2825 2362 2873 habeatur
2387 2826 2653 2891 scripturis,

475 2947 482 2951 ..
530 2906 745 2969 quamvis
770 2916 817 2953 et
845 2904 1067 2953 nonnulli
1096 2904 1268 2970 psalmi
1298 2922 1478 2952 nomen
1509 2905 1801 2970 hymnorum
1824 2907 1922 2953 sive
1953 2908 2248 2954 canticorum
2274 2916 2550 2954 sanctorum
2581 2906 2655 2952 in-

530 2987 755 3051 scriptum
778 2986 924 3035 titulis
947 2986 1178 3046 habeant,
1207 2987 1400 3051 passim'
1417 3003 1445 3033 a
1470 2986 1686 3052 pluribus
1709 2998 1875 3052 postea
1899 2989 2130 3054 scriptum
2154 2998 2247 3048 est,
2287 2998 2334 3035 et
2360 3004 2450 3054 pro
2470 2998 2657 3053 tempo-

531 3083 637 3113 rum
676 3077 757 3114 aut
809 3067 1037 3115 horarum
1073 3083 1156 3114 seu
1193 3067 1497 3115 festivitatum
1544 3068 1769 3115 varietate
1809 3068 2079 3133 quibusque
2120 3069 2303 3134 proprii
2337 3068 2504 3132 hymni
2548 3077 2658 3115 sunt

533 3147 794 3207 constituti,
821 3157 868 3194 et
891 3147 981 3195 hos
1005 3164 1135 3194 nunc
1160 3148 1353 3212 proprie
1379 3147 1586 3211 hymnos
1611 3147 1932 3212 appellamus,
1972 3149 2191 3214 quamvis
2223 3148 2482 3213 antiquitus
2515 3146 2657 3194 indif-

534 3226 735 3273 ferenter
767 3227 986 3274 nonnulli
1013 3237 1109 3275 tam
1140 3227 1347 3292 hymnos
1380 3244 1526 3292 quam
1562 3227 1773 3293 psalmos
1809 3228 2023 3277 dicerent
2055 3227 2276 3294 quaelibet
2302 3227 2473 3275 divinae
2505 3227 2658 3275 laudis

534 3306 715 3353 cantica
739 3306 962 3371 rhythmo
981 3308 1056 3355 vel
1085 3319 1237 3356 metro
1263 3309 1544 3374 composita.
1578 3308 1716 3357 Unde
1742 3310 1972 3358 Eusebius
1997 3309 2290 3358 Caesariensis
2317 3308 2658 3356 Ecclesiasticoe

582 3490 590 3507 ¹
618 3489 754 3531 Ephes„
775 3499 848 3532 cap.
867 3500 898 3529 v,
916 3500 947 3523 v.
967 3492 1003 3523 18
1017 3516 1026 3530 ,
1045 3493 1095 3524 19.
1110 3491 1178 3517 -2
1193 3493 1331 3531 Coloss„
1345 3501 1421 3535 cap.
1439 3502 1492 3532 m,
1510 3501 1541 3524 v.
1562 3493 1614 3524 16.
