2970 4152
455 420 549 467 228
1255 418 1425 464 PETR1
1461 417 1773 465 ABAELARDl

454 531 597 577 quam
633 530 804 578 pavere
841 512 901 559 ad
937 511 1134 575 singula.
1170 511 1320 558 Trade
1347 510 1601 581 Eustochio
1627 511 1904 575 parvulam:
1928 510 2056 557 illam
2087 511 2250 575 primis
2282 513 2477 560 miretur
2512 513 2572 561 ab

454 595 614 653 annis;
638 594 771 656 cujus
796 602 842 639 et
867 608 1050 651 sermo,
1075 601 1122 638 et
1139 592 1348 639 incessus
1365 627 1377 651 ,
1401 601 1447 638 et
1463 590 1655 668 habitus
1679 591 1895 638 doctrina
1925 591 2154 645 virtutum
2185 601 2270 637 est.
2300 593 2368 639 Sit
2391 594 2439 640 in
2472 611 2571 658 gre-

453 674 550 720 mio
573 673 708 732 aviae,
739 688 842 735 quae
861 670 1005 735 longo
1033 688 1121 718 usu
1146 671 1309 718 didicit
1327 672 1535 732 nutrire,
1560 687 1746 718 servare
1762 706 1774 728 ,
1798 670 1972 717 docere
1996 670 2213 734 virgines,
2240 673 2372 718 Anna
2393 672 2540 720 filium
2556 711 2568 734 ,

452 770 594 817 quem
630 756 730 799 Deo
756 762 979 811 voverat,
1014 761 1268 818 postquam
1289 751 1461 801 obtulit
1485 752 1535 798 in
1561 750 1866 798 tabernaculo
1882 788 1894 811 ,
1930 767 2178 815 nunquam
2210 752 2402 816 recepit.
2432 756 2536 817 Ipse
2556 791 2567 813 ,

451 833 489 878 si
517 831 709 878 Paulam
742 832 951 891 miseris,
979 841 1027 879 et
1051 832 1326 896 magistrum
1351 848 1450 891 me,
1487 841 1532 878 et
1560 831 1808 877 nutritium
1836 829 2069 895 spondeo.
2093 829 2301 877 Gestabo
2326 830 2567 892 humeris,

451 911 760 958 balbutientia
803 928 946 958 senex
981 910 1126 958 verba
1165 910 1382 958 formabo
1397 947 1409 971 ,
1447 910 1595 957 multo
1643 910 1893 974 gloriosior
1932 909 2102 956 mundi
2134 909 2423 975 philosopho
2438 947 2450 971 ,
2490 913 2571 976 qui
2638 906 2641 908 ³

450 1007 548 1037 non
577 1008 738 1055 regem
767 991 1086 1039 Macedonum
1100 1027 1112 1050 ,
1139 990 1396 1055 babylonio
1416 992 1680 1055 periturum
1701 1007 1888 1037 veneno
1907 1026 1918 1050 ,
1942 990 2025 1037 sed
2045 989 2264 1037 ancillam
2283 1000 2330 1037 et
2347 1008 2572 1056 sponsam

449 1071 621 1119 Christi
639 1072 879 1133 erudiam,
903 1073 1058 1137 regnis
1077 1071 1343 1120 coelestibus
1366 1070 1676 1118 offerendam.
1701 1089 1723 1115 »
1752 1070 2061 1135 Perpendite,
2086 1087 2274 1117 sorores
2305 1071 2354 1117 in
2385 1071 2572 1118 Christo

448 1153 748 1214 charissimae,
768 1154 942 1219 pariter
961 1164 1007 1200 et.
1025 1169 1280 1211 conservae,
1301 1161 1528 1215 quantam
1549 1167 1712 1197 curam
1734 1160 1892 1197 tantus
1917 1150 2136 1198 Ecclesiae
2155 1150 2326 1197 doctor
2344 1151 2394 1197 in
2413 1150 2572 1198 erudi-

448 1235 577 1281 tione
615 1235 753 1281 unius
784 1234 990 1299 parvulae
1018 1233 1299 1297 susceperit,
1332 1232 1381 1278 in
1410 1248 1503 1295 qua
1529 1241 1626 1277 tam
1658 1230 1908 1294 diligenter
1937 1240 2107 1277 cuncta
2142 1230 2434 1292 distinxerit,
2469 1249 2574 1296 quae

448 1316 710 1362 necessaria
735 1315 962 1362 doctrinae
987 1314 1278 1372 decreverit,
1303 1312 1486 1377 abipso
1512 1311 1764 1377 alphabeto
1785 1328 1977 1358 sumens
2001 1311 2265 1358 exordium.
2291 1315 2387 1359 Nec
2416 1312 2572 1359 solum
2618 1345 2621 1348 r

452 1395 511 1442 de
541 1394 908 1460 pronuntiandis
933 1393 1146 1458 syllabiS,
1176 1403 1221 1439 et
1246 1393 1410 1440 litteris
1445 1391 1816 1455 conjungendis,
1850 1408 2016 1438 verum
2048 1392 2190 1439 etiam
2221 1391 2282 1438 de
2313 1392 2574 1439 scribendis

451 1475 645 1522 adhibet
662 1476 1005 1522 documentum
1023 1493 1032 1520 ε
1055 1490 1143 1520 nec
1163 1490 1261 1519 non
1280 1482 1326 1519 et
1345 1472 1404 1519 de
1424 1472 1563 1518 sociis
1579 1471 1799 1537 providet
1820 1471 2151 1535 adjungendis,
2175 1488 2382 1536 quorum
2402 1472 2568 1531 livore,

451 1556 526 1602 vel
549 1556 690 1603 laude
712 1556 972 1621 plurimum
1000 1564 1262 1601 moveatur.
1287 1552 1430 1610 Quod
1450 1553 1618 1613 etiam,
1642 1551 1774 1617 [utP]
1802 1562 2064 1617 spontanea
2080 1553 2228 1616 magis
2246 1569 2391 1616 quam
2410 1563 2573 1600 coacta

451 1638 602 1696 faciat,
621 1647 667 1684 et
686 1636 1083 1700 majoribstudium
1104 1651 1267 1681 amore
1286 1633 1647 1698 complectatur,
1673 1632 1936 1694 blanditiis,
1957 1643 2003 1680 et
2025 1633 2247 1680 laudibus
2260 1671 2271 1690 ‚
2301 1650 2391 1680 nec
2410 1651 2507 1681 non
2527 1644 2573 1681 et

451 1716 744 1763 munusculis
766 1716 948 1763 incitari
972 1715 1217 1762 admonet.
1246 1717 1352 1780 Ipsa
1377 1731 1571 1778 quoque
1597 1714 1795 1760 nomina
1820 1713 2066 1778 distinguit
2091 1731 2148 1761 ex
2171 1714 2412 1779 scripturis
2431 1715 2574 1761 sacris

447 1798 738 1862 colligenda,
771 1798 820 1844 in
851 1796 1023 1861 quibus
1054 1795 1350 1861 proferendis
1374 1812 1424 1842 se
1451 1796 1661 1860 primum
1683 1812 1934 1856 exercens,
1961 1795 2063 1842 haec
2088 1795 2330 1842 memoriae
2355 1811 2448 1842 suae
2466 1794 2573 1859 plu-

447 1881 622 1927 rimum
653 1878 986 1939 commendet,
1013 1878 1145 1942 juxta
1175 1877 1294 1925 illud
1321 1878 1590 1942 poeticum¹
1615 1896 1624 1923 :

875 2028 964 2075 Quo
984 2026 1110 2067 semel
1130 2031 1191 2067 est
1210 2025 1366 2066 imbuta
1385 2036 1530 2066 recens
1544 2056 1555 2076 ,
1575 2024 1754 2065 servabit
1772 2024 1945 2065 odorem

877 2097 996 2136 Testa
1015 2094 1100 2136 diu.

450 2252 611 2310 Qualis
651 2252 791 2299 etiam
821 2251 1041 2314 magister
1074 2249 1135 2296 ad
1169 2248 1262 2295 hoc
1288 2250 1346 2295 sit
1371 2247 1644 2313 eligendus,
1683 2247 1931 2311 diligenter
1965 2246 2187 2294 describit
2220 2264 2229 2291 :
2264 2262 2354 2292 nec
2380 2256 2574 2310 praeter-

450 2333 593 2379 mittit
625 2331 865 2397 praefixam
901 2347 1002 2378 esse
1042 2316 1218 2377 debere
1247 2345 1522 2376 mensuram
1554 2328 1798 2387 lectionis,
1825 2344 1969 2392 quam
2005 2326 2314 2373 cordetenus
2338 2325 2573 2372 firmatam

449 2413 661 2478 quotidie
700 2411 955 2478 persolvat.
996 2413 1054 2457 Et
1089 2410 1199 2475 quia
1238 2426 1295 2457 eo
1335 2419 1578 2474 tempore,
1624 2425 1882 2473 graecarum
1922 2424 2115 2471 quoque
2154 2407 2418 2454 litterarum
2461 2423 2574 2453 usus

450 2497 609 2540 Romae
657 2490 958 2550 abundabat,
1004 2507 1094 2537 nec
1135 2506 1392 2554 graecarum
1432 2489 1695 2536 litterariim
1737 2498 1980 2553 expertem
2020 2504 2125 2534 eam
2166 2504 2264 2534 esse
2301 2487 2569 2552 permittit:

449 2574 678 2629 maxime,
719 2582 770 2618 ut
805 2571 1037 2630 arbitror,
1075 2579 1273 2634 propter
1304 2569 1961 2616 translationem'divinorum
1997 2568 2230 2614 librorum
2268 2584 2295 2614 a
2328 2567 2489 2631 graecis
2514 2566 2574 2614 ad

448 2672 536 2701 nos
563 2653 850 2712 derivatam,
883 2651 1012 2698 unde
1037 2651 1306 2698 discernere
1325 2660 1487 2715 posset
1503 2652 1543 2709 ²,
1571 2649 1688 2714 quid
1707 2650 1834 2714 apud
1859 2666 1948 2696 nos
1969 2649 2148 2707 minus,
2173 2648 2248 2695 vel
2264 2648 2399 2695 aliter
2416 2657 2536 2712 esset
2560 2666 2570 2692 ε

449 2746 495 2782 et
519 2735 714 2781 fortasse
740 2743 942 2799 propter.
961 2731 1228 2779 liberalium
1263 2731 1589 2796 disciplinam³
1617 2731 1789 2777 artium
1806 2767 1818 2790 ,
1857 2747 1962 2794 quae
1996 2729 2096 2789 his,
2133 2730 2216 2793 qui
2240 2729 2302 2775 ad
2324 2728 2574 2793 perfectio·

449 2834 559 2864 nem
585 2816 813 2863 doctrinae
844 2815 1118 2872 nituntur'·,
1149 2812 1371 2859 nonnihil
1397 2812 1601 2859 afferunt
1630 2811 1858 2859 utilitatis.
1892 2811 1987 2868 Qui
2003 2800 2020 2836 ⁵⁵⁴
2049 2811 2191 2857 etiam
2225 2809 2575 2856 eruditionem⁶

448 2898 601 2944 latinae
635 2897 805 2960 linguae
820 2894 1087 2961 praemittit,
1117 2893 1251 2957 quasi
1270 2892 1330 2939 ab
1349 2893 1452 2956 ipsa
1468 2894 1482 2916 ⁷
1500 2901 1718 2938 nostrum
1735 2891 2033 2938 inchoaverit
2049 2890 2390 2953 magisterium.
2413 2892 2573 2947 Quum

451 2989 607 3026 autem
633 2995 659 3024 a
685 2994 806 3024 sono
842 2992 1015 3023 vocum
1050 2974 1111 3021 ad
1142 2990 1306 3021 earum
1340 2972 1610 3038 pervenerit
1641 2989 1863 3031 sensum,
1901 2982 1951 3019 ut
1981 2989 2086 3036 quae
2112 2972 2326 3036 proferre
2358 2970 2576 3017 didicerit

445 3058 542 3121 jam
583 3058 842 3122 intelligere
869 3056 982 3103 velit
1016 3074 1025 3102 ε
1068 3054 1258 3102 codices
1282 3053 1326 3124 ei
1360 3052 1603 3116 distinguit
1641 3052 1882 3112 diversos,
1924 3062 2021 3099 tam
2055 3051 2116 3098 de
2149 3067 2334 3098 canone
2367 3050 2574 3097 duorum

449 3142 880 3197 Testamentorum,
909 3154 1054 3202 quam
1078 3136 1139 3183 de
1165 3133 1405 3200 opusculis
1428 3132 1708 3193 doctorum,
1732 3150 1787 3179 ex
1810 3149 2019 3197 quorum
2045 3131 2312 3179 eruditione
2336 3129 2570 3195 proficiat,

453 3230 504 3267 ut
528 3231 901 3267 consummetur.
932 3223 1059 3266 Inter
1076 3217 1329 3267 canonicas
1346 3225 1506 3263 autem
1524 3216 1779 3280 scripturas
1793 3252 1805 3275 ,
1835 3216 1898 3262 ita
1914 3216 1956 3262 ei
1977 3213 2229 3277 Evangelia
2247 3211 2570 3270 commendat,

497 3399 506 3415 ¹
533 3399 645 3431 Horat.
672 3400 792 3440 Epist„
816 3399 850 3438 Ι,
875 3410 908 3439 ι,
932 3411 960 3433 v·
986 3400 1041 3431 69.
1057 3417 1100 3423 —
1112 3398 1124 3415 ²
1143 3400 1232 3431 Unde
1257 3405 1288 3430 et
1311 3399 1491 3430 discernere
1534 3396 1617 3430 Cod.
1634 3395 1718 3430 Vict.
1733 3412 1755 3420 -
1770 3395 1985 3429 Condicionem
1999 3393 2087 3427 Edit.
2102 3391 2198 3426 Amb.
2212 3410 2255 3416 —
2270 3391 2281 3408 '
2302 3392 2353 3424 Ad
2370 3394 2469 3432 ipsum
2488 3389 2570 3422 eod.

451 3456 533 3489 Cod.
555 3455 637 3489 Vict.
651 3473 690 3478 —
705 3454 717 3471 ³
732 3456 922 3488 Liberalium
943 3466 1065 3496 quoque
1083 3457 1283 3497 disciplinam
1301 3454 1382 3487 Cod.
1404 3453 1490 3486 vict.
1534 3452 1618 3487 Vict.

449 3529 492 3538 —
509 3512 520 3529 ⁴
545 3513 680 3546 Utuntur
706 3511 788 3546 Cod.
818 3511 902 3545 Vici.
923 3531 957 3535 —
977 3512 989 3529 ⁸
1009 3512 1111 3549 Quam
1137 3512 1219 3545 Cod.
1246 3510 1332 3544 Vict.
1351 3530 1388 3535 -
1406 3509 1420 3527 ⁶
1437 3509 1491 3543 Sic
