2970 4152
534 378 626 425 508
1335 372 1506 422 PETRI
1542 375 1851 424 ABAELARDI

529 490 672 538 quem
689 469 1055 518 ibimuSPVerba
1076 469 1182 515 vitae
1196 477 1380 516 aeternae
1401 469 1568 516 habes.
1588 489 1610 514 »
1636 472 1701 516 Ex
1724 470 1815 517 hac
1837 469 2044 533 denique
2066 469 2330 534 intrepidus
2352 473 2640 532 constantia,

530 570 675 617 quam
701 563 816 599 tunc
838 552 886 597 in
911 550 1072 597 animo
1097 548 1312 612 gerebat,
1343 559 1389 596 et
1411 550 1618 597 maxima
1643 567 1831 615 semper
1858 549 2113 597 dilectione
2141 550 2392 614 flagrabat,
2427 553 2642 617 profiteri

531 650 629 680 non
658 632 838 679 timuit¹
866 648 876 677 :
906 650 929 674 «
950 630 1047 676 Etsi
1078 646 1246 676 omnes
1274 629 1585 678 scandalizati*
1606 631 1780 678 fuerint
1813 631 1862 677 in
1891 640 1960 689 te,
1993 647 2081 694 ego
2119 647 2367 696 nunquam
2406 633 2644 682 scandali-

528 714 688 760 zabor.
714 731 735 756 »
768 714 825 758 Et
853 727 1042 757 rursum
1070 730 1079 756 :
1104 710 1340 756 «Etiamsi
1363 711 1629 775 oportuerit
1650 727 1727 758 me
1760 711 1884 757 mori
1906 720 2087 770 tecum,
2113 728 2213 758 non
2236 721 2283 759 te
2305 712 2509 776 negabo.
2536 732 2559 758 »
2586 716 2647 761 Et

529 794 722 840 iterum’
743 809 752 838 ε
777 791 1042 850 «Domine,
1069 800 1229 837 tecum
1250 800 1442 854 paratus
1464 807 1588 849 sum,
1614 801 1661 837 et
1682 791 1731 836 in
1748 806 1988 837 carcerem
2010 800 2056 838 et
2078 791 2127 837 in
2151 801 2355 839 mortem
2378 793 2463 839 ire.
2487 811 2509 837 >2
2537 795 2643 841 Non

530 873 658 920 enim
681 871 855 918 minori
879 870 1107 917 charitate
1125 886 1396 928 succensus,
1417 886 1563 933 quam
1583 870 1735 916 fuerat
1756 869 1851 916 fide
1874 869 2056 917 firmus.
2083 873 2199 928 Quae
2221 888 2429 936 namque
2451 871 2530 920 illa
2545 884 2647 920 erat

530 954 577 999 in
605 970 663 999 eo
689 951 865 999 amoris
888 951 1103 1009 flamma,
1130 967 1280 1014 quum
1301 950 1565 996 Dominum
1587 966 1677 996 nec
1701 967 1790 1014 pro
1813 950 2145 1016 redemptione
2167 968 2253 999 sua
2272 953 2371 1017 pati
2395 952 2643 1012 toleraret,

529 1050 679 1098 quum
710 1033 753 1079 ei
783 1031 1055 1096 passionem
1087 1047 1224 1077 suam
1257 1030 1531 1095 praedicenti
1567 1030 1905 1094 responderet⁸
1932 1049 1941 1077 :
1973 1031 2253 1096 «Propitius
2280 1042 2382 1079 esto
2410 1033 2520 1092 tibi,
2545 1036 2646 1080 Do-

527 1115 680 1173 mine,
706 1130 767 1160 ne
789 1112 872 1159 fiat
892 1112 1004 1159 hoc.
1025 1130 1048 1156 »
1075 1114 1231 1169 Quem
1254 1111 1460 1175 denique
1483 1111 1638 1158 zelum
1660 1111 1836 1158 amoris
1856 1112 1905 1158 in
1928 1112 2031 1176 ipsa
2055 1113 2277 1177 captione
2299 1114 2496 1160 Domini
2518 1125 2648 1162 03510-

527 1195 590 1242 115
626 1193 849 1241 omnibus
881 1191 1168 1256 fugientibus
1202 1192 1267 1239 ita
1301 1191 1539 1250 exhibuit,
1575 1201 1629 1237 ut
1662 1191 1711 1237 in
1746 1201 1881 1238 tanto
1911 1191 2242 1256 trepidationis
2264 1193 2480 1255 articulo,
2507 1211 2646 1242 servo

526 1274 753 1339 principis
781 1290 945 1320 aurem
979 1282 1263 1336 amputaret.
1300 1273 1336 1318 A
1358 1288 1453 1335 qua
1480 1270 1675 1336 quidem
1703 1271 1886 1318 ultione
1909 1288 1999 1318 nec
2018 1272 2196 1319 caeteris
2217 1274 2480 1320 Dominum
2511 1290 2646 1321 com·

527 1353 934 1419 prehendentibus
957 1361 1196 1417 parceret,
1222 1352 1313 1398 nisi
1335 1351 1395 1398 ab
1419 1352 1523 1416 ipso
1545 1351 1757 1398 Domino
1780 1351 1875 1398 cito
1899 1361 2146 1416 correptus
2168 1352 2347 1400 fuisset.

593 1436 777 1481 Memor
803 1435 962 1498 itaque
991 1422 1126 1479 illius>
1142 1431 1371 1478 dominici
1403 1431 1661 1478 sermonis‘
1684 1449 1695 1479 :
1725 1451 1748 1476 ι(
1771 1432 2000 1495 Majorem
2021 1430 2148 1480 hanc
2171 1432 2478 1480 dilectionem
2499 1449 2647 1482 nemo

527 1515 688 1576 habet,
709 1533 854 1581 quam
875 1525 929 1562 ut
947 1515 1156 1562 animam
1178 1530 1314 1561 suam
1335 1523 1485 1578 ponat
1507 1514 1612 1577 quis
1634 1530 1723 1577 pro
1743 1514 1906 1561 amicis
1928 1514 2023 1561 suis
2036 1551 2047 1573 ‚
2073 1533 2096 1558 11
2129 1515 2272 1561 morti
2296 1531 2347 1561 se
2369 1515 2649 1580 opponebat

530 1614 555 1644 a
578 1614 673 1662 qua
699 1594 962 1645 Dominum
995 1595 1198 1642 liberare
1220 1593 1429 1641 volebat.
1466 1594 1561 1652 Qui
1588 1604 1756 1641 contra
1777 1594 1892 1640 vitia
1922 1595 2170 1659 ipsamque
2191 1594 2404 1642 radicem
2428 1595 2647 1645 omnium

525 1678 763 1724 malorum
777 1675 1086 1741 cupiditatem
1108 1683 1288 1739 quanto
1307 1683 1573 1720 armaretur
1589 1673 1710 1733 zelo,
1729 1673 1943 1720 vindicta
1961 1673 2042 1721 illa
2061 1674 2111 1721 in
2134 1674 2368 1722 Ananiam
2380 1684 2428 1722 et
2448 1661 2647 1739 uxorem

524 1759 623 1822 ejus
645 1768 863 1823 patenter
885 1755 1141 1814 ostendit⁶;
1164 1771 1285 1819 quos
1307 1770 1408 1801 non
1432 1753 1589 1818 gladio
1613 1754 1735 1801 sicut
1759 1753 1941 1801 dictum
1963 1771 2154 1802 servum
2174 1756 2423 1820 percussit,
2448 1755 2533 1803 sed
2555 1756 2645 1803 mi-

523 1838 718 1886 rabilius
752 1837 875 1885 servi
902 1836 974 1884 sui
1003 1835 1177 1883 virtute
1204 1835 1424 1900 peremit.
1461 1833 1697 1882 Toleravit
1724 1833 1808 1880 diu
1835 1835 2070 1882 Dominus
2099 1835 2345 1883 avaritiam
2373 1835 2528 1896 Judae,
2558 1837 2646 1884 iste

525 1936 613 1967 1100
643 1919 703 1967 ad
732 1927 1033 1965 momentum
1061 1916 1284 1963 sustinuit
1311 1915 1610 1978 sacrilegium
1635 1914 1906 1980 cupiditatis
1933 1915 2214 1963 commissae.
2247 1918 2356 1973 Quo
2384 1916 2515 1963 enim
2542 1909 2657 1964 3111-.

523 2000 687 2064 plioris
708 1999 795 2046 zeli
816 1999 990 2046 virtute
1010 1996 1240 2055 fervebat,
1264 2012 1410 2043 omne
1431 1995 1594 2043 virtuti
1617 1995 1914 2042 contrarium
1935 1996 2094 2043 minus
2114 1995 2373 2056 tolerabat,
2400 2006 2447 2044 et
2473 2013 2572 2061 quo
2594 2011 2644 2044 se

525 2079 726 2144 amplius
751 2094 780 2126 a
799 2077 1010 2125 Domino
1039 2075 1285 2123 sublimari
1313 2084 1540 2134 noverat,
1569 2075 1719 2138 magis
1740 2091 1790 2121 se
1811 2091 1901 2139 pro
1929 2075 2141 2123 Domino
2168 2092 2357 2139 semper
2390 2075 2644 2124 humiliare

522 2159 760 2206 studebat.
799 2157 938 2205 Unde
971 2165 1018 2204 et
1051 2155 1113 2203 ad
1146 2155 1420 2220 passionem
1447 2154 1600 2205 crucis
1627 2153 1826 2200 tandem
1847 2153 2068 2212 veniens,
2099 2170 2198 2219 quo
2220 2154 2442 2202 videlicet
2470 2171 2644 2219 genere

526 2240 694 2287 mortis
706 2239 969 2286 Dominum
991 2236 1196 2283 maxime
1211 2243 1399 2282 secutus
1416 2243 1503 2293 est,
1525 2234 1646 2281 sicut
1668 2234 1711 2280 ei
1733 2243 1873 2280 antea
1895 2230 2193 2298 praedixerat,
2213 2251 2314 2282 non
2336 2245 2435 2282 tam
2459 2235 2520 2283 de
2541 2252 2645 2302 pas-

526 2322 659 2368 sione
680 2336 766 2367 sua
787 2318 1023 2385 trepiduS,
1049 2333 1195 2382 quam
1223 2315 1285 2363 de
1314 2315 1505 2362 11011010
1525 2315 1721 2362 Domini
1746 2313 2002 2376 sollicitus,
2033 2331 2339 2380 nequaquam
2360 2316 2572 2381 crucifigi
2596 2334 2647 2364 se

528 2402 740 2467 permisit
772 2411 825 2447 ut
854 2399 1149 2458 Dominum,
1180 2396 1265 2445 sed
1287 2396 1441 2462 capite
1472 2395 1697 2444 deorsum
1727 2412 1867 2444 verso
1900 2396 2198 2462 pedibusque
2230 2414 2419 2445 sursum
2452 2399 2642 2457 erectis,

529 2499 582 2529 ex
611 2483 712 2547 ipsa
744 2495 937 2545 quoque
969 2479 1185 2544 corporis
1208 2478 1280 2525 sui
1301 2477 1540 2542 positione
1568 2487 1877 2541 augmentum
1905 2476 2045 2542 elegit
2076 2494 2245 2543 poenae.
2278 2480 2346 2524 Ex
2378 2494 2473 2542 qua
2504 2479 2647 2526 etiam

526 2578 609 2609 sua
630 2560 961 2608 humiliatione
982 2569 1218 2624 quantum
1240 2575 1267 2606 a
1288 2558 1500 2606 Domino
1523 2558 1696 2605 meruit
1716 2557 1927 2618 exaltari,
1953 2557 2154 2606 dubium
2176 2574 2276 2606 non
2298 2568 2457 2624 potest
2477 2576 2595 2619 esse,
2621 2576 2647 2607 a

528 2644 659 2707 cujus
691 2643 833 2690 etiam
866 2641 1056 2688 honore
1083 2657 1173 2688 nec
1202 2639 1251 2688 id
1287 2656 1398 2688 reor
1424 2639 1634 2687 alienum
1663 2657 1791 2700 esse,
1823 2639 1956 2704 quod
1983 2640 2268 2705 quantocius
2301 2639 2471 2688 mundi
2503 2650 2647 2705 caput

528 2723 837 2788 praeminebat
859 2707 1061 2769 romana
1082 2721 1237 2781 sedes,
1253 2721 1354 2785 ejus
1376 2720 1501 2768 facta
1522 2719 1680 2786 est‚{ut
1704 2717 1965 2768 hoc'etiam
1983 2721 2089 2786 jure
2110 2721 2159 2769 in
2182 2731 2286 2769 toto
2308 2721 2494 2768 mundo
2514 2722 2647 2787 prin-

527 2804 735 2868 cipatum
759 2802 1012 2850 obtineret.
1048 2804 1136 2848 Per
1164 2817 1271 2848 eam
1291 2800 1512 2849 videlicet
1534 2801 1752 2847 omnium
1775 2817 2035 2865 regnorum
2062 2801 2352 2867 principem,
2378 2814 2523 2866 quam
2545 2802 2646 2867 ipse

526 2884 723 2948 proprio
746 2882 975 2946 sanguine
1003 2881 1215 2928 Domino
1243 2880 1561 2939 consecravit,
1599 2890 1646 2927 et
1675 2879 1771 2927 hoc
1801 2890 2031 2945 tanquam
2059 2880 2377 2928 indissolubili
2407 2880 2641 2928 bitumine

529 2964 661 3027 quasi
691 2962 891 3010 aliarum
925 2959 1293 3008 fundamentum
1327 2958 1559 3006 fundavit.
1598 2959 1670 3006 Ad
1703 2960 1836 3023 cujus
1870 2960 2065 3026 insuper
2091 2961 2292 3008 civitatis
2320 2960 2520 3024 gloriam
2541 2959 2591 3006 id
2613 2976 2639 3007 3

529 3044 739 3090 Domino
771 3042 998 3090 collatum
1031 3051 1118 3100 est,
1154 3050 1208 3087 ut
1234 3057 1385 3105 quum
1415 3049 1593 3087 caeterae
1616 3039 1752 3087 sedes
1777 3041 2106 3105 apostolorum
2127 3040 2337 3106 reliquiis
2359 3057 2527 3088 eorum
2548 3041 2643 3087 sint

532 3124 739 3188 privatae,
759 3122 855 3169 hoc
876 3123 936 3170 de
958 3137 1158 3170 romana
1178 3121 1413 3167 Dominus
1435 3137 1536 3167 non
1558 3119 1734 3180 tulerit,
1750 3138 1812 3168 ne
1834 3120 1896 3168 ad
1917 3122 2327 3187 comparationem
2349 3121 2447 3184 ejus
2470 3129 2646 3167 caeterae

530 3204 714 3268 possint
735 3202 947 3265 gloriari3
973 3203 1071 3249 imo
1094 3211 1141 3249 et
1162 3201 1224 3248 de
1245 3216 1449 3266 corpore
1470 3200 1735 3265 coapostoli
1759 3201 1890 3249 Pauli
1911 3218 2018 3250 eam
2039 3201 2191 3250 voluit
2211 3200 2442 3264 insigniri,
2469 3209 2520 3246 ut
2542 3198 2643 3247 haec

576 3400 587 3418 ¹
612 3401 743 3440 Matth„
757 3411 831 3444 cap.
859 3412 946 3434 xxvu
962 3426 971 3441 ,
992 3413 1020 3434 v.
1041 3404 1144 3434 33.—
1159 3401 1170 3419 ¹
1184 3402 1281 3444 Luc..
1297 3412 1370 3446 cap.
1401 3412 1484 3444 xxn,
1506 3412 1537 3435 v,
1556 3402 1610 3436 33.
1625 3419 1667 3427 --
1682 3402 1695 3420 ⁸
1710 3417 1725 3430 κ
1739 3402 1832 3436 Absit
1850 3413 1868 3436 a
1888 3409 1939 3444 te,
1956 3402 2113 3443 Domine;
2134 3413 2197 3437 non
2217 3402 2278 3436 erit
2294 3401 2350 3435 tibi
2370 3402 2443 3435 hoc.
2460 3414 2475 3431 ι
2497 3399 2646 3444 (matth,

530 3470 602 3502 cap.
622 3470 688 3500 xvi,
704 3470 734 3492 v.
752 3459 880 3501 22.)--
898 3459 910 3476 ⁴
923 3460 1031 3497 Joan..
1046 3470 1120 3503 cap.
1133 3471 1186 3502 xv,
1203 3471 1232 3494 v.
1256 3463 1306 3494 13.
1325 3477 1361 3485 -
1377 3460 1472 3494 'Aca
1487 3461 1612 3503 Apost„
1625 3469 1699 3505 cap.
1711 3471 1744 3502 v,
1760 3471 1792 3494 v.
1805 3462 1838 3495 9.
