2970 4152
1087 647 1517 749 EPISTOLA
1570 647 1711 730 111,

857 839 956 876 01]AE
988 838 1065 869 EST
1097 836 1378 869 RESCRIPTUM
1415 836 1544 867 PETRI
1580 834 1638 866 Au
1670 834 1936 867 RELOISSAM.

374 1002 379 1032 ¹
1223 1014 1578 1057 ARGUMENTUM.

344 1100 347 1101 γ
368 1099 369 1110 ,
384 1091 422 1113 5„
611 1108 613 1110 Ι

339 1134 519 1182 Superiori
534 1135 687 1183 epistolae
703 1135 865 1171 Heloissae
887 1134 1075 1183 respondet
1096 1134 1320 1179 Ahaelardus,
1340 1147 1380 1170 ac
1397 1147 1432 1169 se
1447 1133 1598 1169 candide
1615 1142 1757 1168 excusat
1770 1160 1780 1177 ‚
1798 1132 1895 1180 quod
1915 1141 2013 1167 tanto
2034 1141 2192 1180 tempore
2209 1131 2255 1166 ad
2276 1133 2370 1166 illam
2388 1145 2460 1166 non

350 1231 355 1236 η
386 1187 579 1236 scripserit,
602 1188 744 1224 minime
764 1188 810 1224 de
828 1189 964 1224 incuria
981 1188 1020 1223 in
1035 1201 1113 1223 eam
1131 1189 1287 1225 venisse:
1307 1188 1369 1224 sed
1384 1187 1482 1235 quod
1500 1187 1545 1223 de
1560 1185 1771 1235 prudentia,
1791 1185 1973 1230 doctrina,
1991 1187 2139 1233 pietate,
2157 1194 2191 1220 et
2206 1186 2373 1232 religione
2387 1187 2460 1232 ejus

385 1249 523 1276 tantum
538 1242 750 1287 confidunt,
767 1251 809 1278 ut
821 1254 900 1278 eam
917 1244 972 1278 vel
991 1243 1258 1286 exhortatione,
1283 1243 1340 1278 vel
1364 1242 1606 1278 consolatione
1620 1253 1696 1276 non
1718 1239 1877 1287 indigere
1894 1213 2065 1279 crederet.
2084 1240 2208 1278 Mouet
2220 1248 2339 1277 autem
2358 1248 2401 1273 ut.
2412 1239 2458 1274 ad

385 1306 422 1328 se
439 1295 626 1338 rescribat,
644 1295 731 1343 quid
748 1295 815 1344 sibi
830 1296 1083 1331 exhortationis
1099 1297 1154 1331 vel
1173 1296 1422 1331 consolationis
1445 1295 1574 1331 divinae
1596 1294 1640 1329 ab
1665 1306 1708 1328 eo
1735 1293 1879 1328 rescribi
1907 1293 2009 1328 velit:
2031 1301 2065 1327 et
2088 1293 2162 1340 ipse
2185 1294 2259 1340 ejus
2286 1292 2460 1329 desiderio

354 1343 356 1345 ’
386 1336 490 1382 'radet
505 1347 597 1382 satis
614 1349 728 1396 Rogat
744 1354 841 1393 eam,
859 1357 899 1384 ut
915 1357 988 1384 tam
1004 1347 1080 1396 ipsa
1094 1361 1200 1396 quam
1215 1361 1314 1384 sacer
1330 1350 1403 1397 ejus
1419 1342 1597 1396 virginum
1613 1359 1654 1382 ac
1671 1345 1856 1381 viduarum
1875 1346 2004 1382 chorus
2019 1359 2055 1381 se
2066 1345 2162 1394 apud
2175 1347 2288 1380 Deum
2300 1346 2462 1393 precibus

385 1401 502 1446 juvet,
513 1410 664 1447 qmntas
684 1401 813 1449 apud
803 1414 921 1449 ipsum
942 1402 1032 1438 vires
1054 1403 1168 1438 oratio
1193 1404 1347 1439 maxime
1374 1415 1528 1438 uxorum
1548 1414 1617 1450 pro
1644 1401 1726 1436 vix-is
1752 1401 1899 1444 habeat,
1925 1401 2121 1437 luculenter
2146 1413 2190 1435 ex
2210 1400 2460 1447 scripturarum

387 1454 592 1489 auctoritate
608 1454 777 1490 disserens
787 1480 799 1498 ,
817 1464 851 1491 et
867 1455 1149 1490 commemoratis
1165 1456 1328 1503 precibus
1340 1482 1351 1500 ‚
1369 1468 1446 1501 quae
1461 1454 1656 1493 hactenus
1647 1467 1683 1488 in
1700 1454 1777 1501 ipso
1795 1453 2006 1488 monasterio
2022 1467 2088 1501 pro
2107 1466 2142 1488 se
2158 1466 2178 1488 a
2195 1453 2299 1488 sacris
2326 1454 2462 1487 feminis
2531 1478 2533 1481 -

383 1505 507 1541 flerent
524 1507 569 1542 ad
588 1508 702 1542 Deum
725 1508 869 1555 singulis
890 1508 987 1542 horis
1004 1507 1183 1543 canonicis
1193 1534 1203 1551 ,
1223 1508 1307 1543 alias
1325 1509 1409 1543 item
1424 1521 1501 1554 quae
1518 1519 1586 1555 pro
1601 1508 1711 1542 salute
1727 1507 1880 1542 absentis
1896 1507 1983 1542 fiant
1998 1507 2160 1543 instituit.
2181 1507 2349 1542 Praeterea
2364 1516 2463 1552 rogat

386 1568 424 1593 ut
448 1571 660 1607 quocunque
682 1560 792 1596 modo
822 1561 876 1597 vel
903 1562 984 1596 loco
1008 1572 1090 1596 eum
1117 1573 1162 1595 ex
1186 1562 1255 1596 hac
1278 1561 1350 1597 vita
1377 1562 1527 1607 migrare
1550 1561 1788 1608 contingeret,
1815 1561 1975 1597 defuncti
2001 1573 2129 1609 corpus
2157 1559 2202 1596 ad
2229 1561 2462 1607 paracletense

387 1613 586 1648 coenobium
605 1613 752 1657 deferri,
771 1614 889 1660 ibique
907 1614 1045 1661 sepeliri
1061 1622 1212 1648 curaret.

567 1743 756 1782 Heloissae
774 1719 1047 1783 dilectissimae
1064 1746 1193 1783 sorori
1211 1755 1292 1783 suae
1311 1746 1355 1783 in
1374 1743 1538 1785 Christo
1559 1743 1796 1784 Abaelardus
1807 1743 1947 1795 frater
1965 1746 2051 1796 ejus
2070 1746 2114 1783 in
2132 1745 2230 1795 ipse.

404 1862 547 1919 Quod
586 1874 694 1929 post
730 1873 943 1912 nostram
975 1881 1004 1912 a
1040 1863 1201 1912 seculo
1235 1864 1297 1911 ad
1324 1867 1480 1911 Deum
1516 1865 1882 1912 conversionem
1916 1864 2135 1914 nondum
2170 1865 2254 1912 tibi
2279 1866 2456 1930 aliquid

339 1942 679 1991 consolationis
703 1943 779 1992 vel
803 1943 1148 1992 exhortationis
1172 1945 1466 2009 scripserim,
1512 1961 1610 1992 non
1637 1944 1931 2008 negligentiae
1965 1961 2080 1993 meae
2102 1982 2114 2005 ,
2146 1946 2229 1995 sed
2255 1957 2370 2005 tuae,
2400 1947 2478 2011 de·-

340 2040 434 2087 qua
462 2041 650 2090 semper
675 2025 938 2091 plurimum
964 2025 1188 2086 confido,
1208 2025 1472 2092 prudentiae
1489 2025 1826 2092 imputandum
1852 2021 2075 2073 est-'Non
2104 2027 2234 2074 enim
2256 2043 2359 2074 eam
2385 2026 2459 2074 his

340 2103 551 2168 indigere
575 2105 758 2153 credidi
778 2142 790 2166 ,
819 2107 896 2154 cui
920 2106 1221 2154 abundanter
1239 2109 1366 2172 quae¹
1391 2107 1659 2158 necessaria
1682 2116 1793 2154 sunt
1812 2106 1977 2154 divina
1998 2106 2148 2171 gratia
2166 2107 2424 2173 impertivit
2428 2127 2454 2175 ,-

339 2193 391 2236 ut
416 2194 514 2232 tam
538 2186 692 2234 verbis
721 2203 867 2251 quam
898 2186 1129 2253 exemplis
1156 2196 1368 2236 errantes
1401 2187 1556 2235 valeas
1584 2186 1805 2246 docere’,
1837 2186 2161 2252 pusillanimes
2186 2187 2452 2245 consolari,

327 2265 524 2330 tepidos
551 2267 816 2329 exhortari,
841 2269 964 2316 sicut
987 2278 1034 2316 et
1059 2268 1210 2318 facere
1230 2268 1331 2332 jam
1359 2268 1546 2321 dudum
1576 2268 1890 2330 consuevisti,
1924 2285 2075 2333 <suum
2103 2267 2194 2316 sub
2223 2268 2456 2317 abbatissa

338 2344 601 2408 prioratum
636 2347 893 2397 obtineres..
941 2348 1086 2406 Quod
1116 2349 1155 2396 si
1197 2364 1327 2396 nunc
1366 2359 1495 2396 tanta
1535 2348 1779 2413 diligentia
1820 2349 1912 2398 tuis
1949 2348 2204 2417 provideas
2242 2338 2451 2409 filiabus,

340 2436 518 2490 quanta
544 2437 658 2476 tunc
694 2429 964 2491 sororibus,
993 2430 1102 2477 satis
1133 2445 1233 2477 esse
1251 2429 1513 2490 credimus,
1552 2440 1604 2477 ut
1618 2431 1719 2493 jam
1743 2430 1945 2477 omnino
1970 2430 2259 2495 superfluam
2284 2430 2457 2478 doctri-

340 2522 453 2554 nam
471 2508 543 2555 vel
564 2508 941 2558 exhortationem
958 2521 1172 2559 nostram
1191 2510 1492 2558 arbitremur.
1513 2511 1594 2558 Sin
1614 2520 1774 2558 autem
1799 2509 2051 2558 humilitati
2070 2520 2161 2558 tuae
2179 2510 2311 2558 aliter
2330 2497 2457 2556 vide-

339 2598 446 2650 tur,
473 2600 520 2637 et
545 2590 593 2637 in
627 2591 683 2638 iis
718 2591 863 2638 etiam
894 2608 998 2656 quae
1030 2591 1092 2638 ad
1126 2594 1282 2638 Deum
1315 2592 1555 2656 pertinent
1593 2591 1861 2655 magisterio
1895 2600 2062 2640 nostro
2103 2600 2244 2654 atque
2272 2592 2456 2656 scriptis

338 2668 545 2734 indiges,
575 2687 718 2736 super
734 2670 808 2719 his
831 2688 938 2736 quuae
962 2671 1076 2718 velis
1100 2671 1255 2720 scribe
1272 2671 1414 2730 mihi,
1441 2681 1491 2718 ut
1514 2671 1576 2718 ad
1598 2671 1752 2737 ipsam
1778 2670 2034 2720 rescribam
2053 2681 2199 2736 prout
2219 2672 2457 2719 Dominus

334 2749 455 2796 ‚mihi
480 2751 714 2799 annuerit.
743 2754 848 2799 Deo
875 2762 1038 2799 autem
1069 2753 1265 2816 gratias,
1293 2752 1378 2816 qui
1401 2752 1787 2816 gravissimorum
1813 2761 1860 2798 et
1883 2750 2185 2799 assiduorum
2218 2753 2454 2821 periculo—

340 2845 445 2876 rum
469 2831 1076 2880 meorum'sollici-tudinem
1095 2832 1261 2878 vestris
1290 2831 1539 2879 cordibus³
1564 2832 1822 2897 inspirans,
1852 2831 2144 2881 afflictionis⁴
2168 2847 2283 2878 meae
2306 2834 2450 2897 parti-

335 2910 462 2973 cipes
481 2926 566 2957 vos
593 2911 723 2971 fecit;
739 2912 1093 2963 .ut0rationum
1115 2912 1336 2976 suffragio
1364 2922 1628 2960 vestrarum
1655 2912 1815 2960 divina
1841 2913 2080 2960 miseratio
2106 2929 2182 2960 me
2205 2924 2447 2979 protegat,

333 2990 640 3038 etvelociteu·
675 2991 931 3039 Sathanam
953 2991 1061 3040 *sub
1092 2992 1295 3057 pedibus
1330 2993 1504 3040 nostris
1543 3002 1772 3040 conterat.
1813 2993 1882 3040 Ad
1913 2992 2009 3041 hoc
2032 3002 2191 3040 autem
2214 2996 2450 3060 praecipue

335 3070 639 3133 Psaltert‘um,
663 3071 797 3135 quod
812 3088 839 3119 a
858 3071 1151 3124 mesollicite
1170 3073 1428 3137 requisisti,
1452 3090 1590 3121 soror
1615 3074 1662 3120 in
1682 3072 1843 3121 seculo
1865 3073 2114 3137 quondam
2129 3074 2299 3134 chara,
2324 3092 2451 3123 nunc

339 3152 386 3198 in
410 3151 598 3199 Christo
632 3152 929 3212 charissima,
968 3154 1152 3200 mittere
1173 3155 1419 3201 maturavi.
1449 3157 1500 3200 ln
1528 3170 1625 3217 quo
1651 3153 1866 3200 videlicet
1890 3170 1979 3217 pro
2010 3155 2184 3201 nostris
2203 3156 2384 3219 magnis
2409 3167 2451 3202 et

339 3232 497 3280 multis
521 3234 816 3293 excessibus,
845 3244 890 3281 et
916 3233 1193 3299 quotidiana
1217 3235 1546 3300 'periculorum
1574 3250 1792 3281 meorum
1819 3234 2089 3294 instantia⁸,
2105 3234 2217 3299 juge
2242 3237 2451 3282 Domino

334 3311 616 3362 sacrificium
647 3314 867 3362 immoles
892 3315 1182 3362 orationum.
1214 3318 1459 3373 Quantum
1487 3325 1646 3363 autem
1672 3314 1833 3361 locum
1857 3314 1987 3380 apud
2010 3317 2167 3363 Deum
2194 3327 2239 3363 et
2263 3328 2451 3365 sanctos

382 3472 390 3488 ¹
420 3473 622 3515 Quaecunque
648 3473 685 3507 D.
706 3491 750 3500 —-·
769 3473 782 3491 ¹
801 3475 982 3517 Insormare
1010 3473 1104 3508 RMS.
1122 3492 1158 3499 —
1175 3474 1188 3492 ⁸
1208 3475 1361 3509 Gor-dibus
1381 3475 1473 3509 deest
1492 3476 1523 3508 in
1539 3474 1578 3507 Ι).
1602 3494 1635 3498 -—
1653 3473 1667 3491 ⁴
1684 3475 1787 3508 Sortis
1807 3477 1924 3517 iuiquoe
1941 3474 2033 3510 RMS.
2072 3497 2090 3500 <·
2110 3476 2122 3493 ⁵
2136 3478 2329 3510 Assiduitate
2353 3477 2444 3510 RMS.
