2970 4152
551 371 646 420 602
1288 368 1298 375 '
1315 370 1528 418 ιι-ΡΕΤΒΙ
1554 370 1866 420 ABAELARDI

548 464 724 527 gilitate
757 465 831 512 vel
866 465 1007 511 etiam
1043 464 1253 528 pernicie
1280 480 1370 511 nos
1402 464 1565 513 videas
1592 483 1696 514 non
1726 466 1964 514 dimittere
1992 467 2114 512 sicut
2146 465 2401 543 debemus,
2429 466 2493 513 da
2518 465 2662 513 nobis

549 545 746 608 gratiam
774 555 827 591 ut
854 542 1119 591 secundum
1146 543 1444 592 voluntatem
1471 555 1604 594 tuam
1631 535 1954 606 dimittamus,
1987 556 2034 593 et
2061 546 2127 592 sic
2153 523 2306 596 tuani'
2315 545 2662 610 indulgentiam

547 641 914 688 consequamur.
940 627 1013 670 Da
1046 633 1101 670 ut
1128 624 1195 671 sic
1225 623 1479 689 diligamus
1498 626 1739 687 homines,
1764 638 1818 674 ut
1845 644 2014 674 eorum
2045 642 2158 674 non
2175 626 2436 690 diligamus
2455 643 2659 685 errores,

547 715 599 751 ut
632 707 697 751 sic
730 706 779 750 in
817 706 882 751 eis
911 704 1161 768 diligamus
1190 710 1436 766 naturam,
1469 717 1522 754 ut
1560 725 1660 755 non
1694 708 1944 772 diligamus
1978 706 2170 771 culpam
2190 744 2202 765 ‚
2227 716 2281 753 ut
2308 707 2374 753 sic
2396 696 2663 770 ..diligamus

546 784 676 847 quod
698 794 831 842 sunt,
854 795 905 830 ut
924 801 1023 830 non
1048 784 1298 848 diligamus
1313 786 1447 850 quod
1465 787 1589 834 male
1609 787 1803 835 faciunt.
1832 807 1853 831 «
1874 786 2070 833 Dimitte
2092 785 2232 832 nobis
2255 785 2415 833 debita
2438 795 2618 832 nostra.
2638 803 2658 829 »

1418 944 1598 989 PETITIO
1632 945 1773 974 SEXTA
1780 964 1789 973 .

610 1070 631 1094 «
651 1054 710 1097 Et
732 1067 793 1097 ne
815 1068 904 1098 nos
926 1051 1127 1098 inducas
1149 1052 1198 1099 in
1222 1055 1554 1101 tentationem.
1578 1073 1602 1098 »
1624 1057 1785 1112 Quum
1799 1055 2039 1119 scriptum
2060 1055 2162 1100 sit¹:
2194 1073 2217 1098 «
2241 1057 2368 1102 Deus
2396 1055 2659 1101 intentator

540 1131 777 1179 malorum
807 1142 903 1192 est,
940 1133 1041 1197 ipse
1077 1134 1322 1181 neminem
1348 1144 1499 1182 tentat
1532 1154 1542 1180 :
1579 1135 1905 1199 unusquisque
1943 1145 2104 1182 autem
2137 1144 2348 1182 tentatur
2381 1151 2407 1182 a
2437 1135 2662 1198 concupi-

538 1212 718 1260 scentia
739 1228 825 1259 sua
846 1211 1111 1260 abstractus
1134 1224 1180 1260 et
1200 1213 1401 1273 illectus,
1422 1234 1445 1259 »
1465 1214 1584 1279 quid
1598 1225 1669 1262 est
1691 1215 1825 1280 quod
1841 1215 2047 1280 petimus
2061 1232 2213 1280 quum
2230 1215 2433 1262 dicimus
2453 1233 2463 1260 :
2484 1217 2586 1262 ‹oEt
2599 1229 2661 1260 ne

538 1308 627 1340 nos
649 1292 853 1340 inducas
871 1293 922 1339 in
940 1294 1285 1341 tentationem?
1304 1314 1327 1339 »
1347 1298 1429 1342 Est
1445 1296 1587 1359 igitur
1604 1312 1769 1344 sensus
1791 1314 1802 1343 :
1827 1299 1894 1344 Ne
1917 1313 2007 1343 nos
2030 1295 2228 1343 inducas
2245 1295 2297 1342 in
2320 1294 2657 1351 tentationem,

537 1389 636 1418 non
660 1383 712 1419 ut
733 1389 984 1437 nunquam
1013 1391 1101 1421 nos
1126 1375 1372 1438 permittas
1394 1376 1591 1436 tentari,
1622 1375 1707 1424 sed
1725 1386 1778 1423 ut
1799 1392 2051 1440 nunquam
2073 1376 2319 1440 permittas
2342 1391 2370 1421 a
2396 1373 2661 1421 tentatione

535 1454 776 1517 superari;
807 1464 854 1500 et
882 1453 944 1500 da
979 1464 1031 1501 ut
1064 1472 1150 1519 per
1172 1456 1460 1503 tentationes
1490 1457 1773 1521 probemur,
1805 1474 1906 1504 non
1930 1456 2267 1521 reprobemur.
2294 1455 2499 1506 Multum
2531 1453 2663 1501 enim

532 1544 736 1597 prosunt
769 1535 1056 1581 tentationes
1090 1535 1273 1595 electis3
1303 1537 1417 1600 quia
1443 1554 1530 1602 per
1560 1538 1886 1584 tentationum
1911 1537 2163 1583 victoriam
2191 1535 2468 1600 pertingunt
2494 1533 2559 1580 ,ad
2586 1549 2663 1578 co-

534 1631 721 1662 ronam.
762 1615 899 1663 Unde
922 1615 1128 1663 Jacobus
1154 1617 1455 1680 apostolus2:
1485 1638 1507 1663 «
1533 1621 1705 1665 Beatus
1733 1619 1807 1665 vir
1835 1618 1920 1682 qui
1953 1617 2118 1664 suffert
2153 1616 2607 1681 tentationemnetc.
2635 1631 2663 1656 »-

533 1696 694 1740 Item³z
718 1697 911 1743 «Omne
925 1696 1152 1759 gaudium
1169 1698 1448 1757 existimate,
1466 1697 1651 1758 fratres,
1671 1715 1822 1762 quum
1839 1699 1888 1745 in
1907 1698 2063 1745 varias
2076 1697 2364 1745 tentationes
2380 1693 2658 1751 incideritiS,

530 1775 731 1822 scientes
759 1774 892 1840 quod
919 1777 1143 1841 probatio
1169 1777 1282 1825 fidei
1305 1787 1494 1838 vestrae,
1525 1798 1548 1822 υ
1581 1795 1710 1843 quae,
1732 1778 1984 1838 subaudis,
2013 1795 2099 1843 per
2123 1777 2413 1825 tentationes
2437 1772 2560 1833 fit‚‘«
2583 1789 2662 1838 pa-

530 1857 743 1903 tientiam
768 1867 994 1922 operatur
1016 1875 1026 1903 ε
1055 1876 1078 1902 »
1099 1857 1230 1904 unde
1246 1894 1257 1916 ,
1287 1876 1311 1902 «
1332 1858 1382 1905 in
1413 1860 1644 1923 patientia
1671 1870 1830 1907 vestra
1855 1859 2160 1924 possidebitis
2191 1858 2374 1905 animas
2398 1866 2578 1903 vestras
2593 1856 2658 1900 ⁴.»

531 1939 867 1984 Tentationum
893 1948 1102 2002 quatuor
1127 1939 1308 2002 species
1333 1950 1445 1986 sunt
1476 1959 1485 1986 :
1517 1940 1607 1987 alia
1632 1941 1763 1987 enim
1783 1940 1900 1987 levis
1922 1950 1969 1986 et
1998 1938 2186 1986 occulta
2210 1957 2220 1984 :
2245 1937 2338 1985 alia
2358 1937 2474 1983 levis
2496 1945 2662 1981 etma-

531 2003 728 2064 nifesta}
751 2018 842 2065 alia
865 2020 1018 2080 gravis
1037 2028 1084 2064 et
1107 2019 1293 2066 occulta
1317 2038 1326 2065 :
1348 2019 1438 2067 alia
1461 2021 1685 2083 graviset
1707 2020 1974 2067 manifesta.
1998 2019 2105 2066 Tria
2128 2028 2290 2065 autem
2311 2027 2422 2064 sunt
2443 2031 2549 2080 quae
2571 2031 2661 2062 nos

531 2104 716 2141 tentant
731 2133 742 2154 ,
762 2113 895 2154 caro,
922 2097 1155 2155 mundus,
1183 2097 1420 2144 diabolus.
1448 2101 1571 2145 Caro
1595 2116 1684 2144 nos
1708 2109 1858 2145 tentat
1880 2115 1966 2162 per
1989 2097 2148 2161 gulam
2168 2106 2218 2143 et
2239 2096 2475 2144 luxuriam
2495 2114 2504 2141 :
2525 2111 2662 2141 mun-

530 2175 619 2222 dus
647 2193 733 2240 per
761 2192 993 2240 prospera
1020 2186 1068 2223 et
1090 2176 1288 2223 adversa
1313 2196 1323 2223 :
1347 2194 1433 2241 per
1460 2195 1691 2243 prospera
1712 2187 1765 2224 ut
1787 2178 2017 2242 decipiat,
2049 2193 2136 2241 per
2157 2177 2357 2224 adversa
2378 2186 2431 2222 ut
2451 2176 2655 2238 frangat.

530 2254 760 2301 Diabolus
784 2255 1010 2302 omnibus
1030 2254 1188 2302 modis
1208 2272 1298 2302 nos
1317 2257 1606 2320 aggreditur,
1630 2268 1677 2304 et
1699 2256 1762 2304 ad
1781 2273 1979 2304 omnem
1997 2257 2263 2320 nequitiam
2282 2271 2372 2311 nos
2394 2254 2659 2319 perducere

531 2347 748 2383 conatur.
774 2356 796 2381 «
814 2340 967 2395 Pater,
989 2353 1155 2384 ne-nos
1178 2338 1377 2385 inducas
1400 2339 1449 2384 in
1472 2339 1790 2386 tentationem
1810 2356 1819 2385 ε
1839 2354 1941 2385 »ne
1957 2353 2047 2384 nos
2064 2337 2311 2402 permittas
2329 2336 2501 2383 tentari
2515 2350 2660 2399 supra

531 2416 579 2462 id
602 2416 734 2480 quod
756 2433 1012 2481 possumus
1037 2435 1046 2463 :
1073 2418 1158 2464 sed
1181 2417 1254 2465 fac
1277 2419 1422 2466 etiam
1440 2435 1552 2466 cum
1573 2419 1840 2466 tentatione
1862 2427 2172 2483 provectum,
2197 2427 2251 2463 ut
2271 2416 2511 2481 possimus
2527 2414 2662 2462 stisti-

532 2514 660 2544 nere.
693 2517 713 2542 α
733 2500 800 2544 Ne
822 2515 912 2546 nos
936 2498 1137 2546 inducas
1155 2499 1205 2546 in
1227 2501 1561 2547 tentationem.
1582 2519 1606 2545 »

1381 2643 1561 2673 ΡΕΤΙΤΙΟ
1596 2643 1809 2673 SEPTIMA.

602 2754 624 2779 «
649 2735 741 2782 Sed
775 2736 924 2783 libera
952 2752 1041 2783 nos
1066 2752 1094 2784 a
1120 2737 1266 2785 malo
1299 2756 1321 2782 »
1350 2737 1496 2786 Multa
1531 2748 1643 2786 sunt
1674 2738 1822 2797 mala,
1852 2737 2025 2802 quibus
2056 2737 2269 2793 humana
2303 2734 2519 2783 conditio
2551 2733 2659 2780 sub·

527 2815 674 2876 jacet,
704 2827 751 2863 et
774 2833 984 2880 quorum
1010 2834 1283 2882 pressuram
1308 2835 1394 2883 per
1418 2835 1468 2865 se
1489 2820 1687 2866 minime
1709 2775 1913 2866 evadere
1933 2817 2087 2876 valet3
2113 2832 2218 2881 quae
2241 2810 2657 2881 generaliteffcon-

531 2896 734 2944 siderata
767 2913 845 2944 sex
868 2897 1026 2944 modis
1054 2897 1344 2962 distinguere
1366 2915 1639 2963 possumus.
1664 2899 1843 2946 Malum
1864 2899 1995 2946 enim
2016 2897 2149 2945 aliud
2169 2906 2239 2943 est
2260 2895 2502 2960 corporis,
2528 2895 2659 2942 aliud

532 2977 717 3023 animae.
740 2981 861 3024 Item
883 2977 1014 3025 aliud
1036 2988 1107 3025 est
1125 2978 1330 3037 malum,
1357 2979 1490 3043 quod
1511 2990 1581 3026 est
1602 2979 1767 3044 culpa,
1794 2978 1925 3026 aliud
1954 2978 2089 3043 quod
2111 2987 2182 3024 est
2203 2992 2362 3044 poena7
2386 2979 2509 3022 Item
2524 2974 2659 3023 aliud

533 3060 775 3120 praesentis
798 3058 979 3117 saeculi,
999 3069 1046 3106 et
1071 3058 1200 3106 aliud
1223 3059 1387 3106 futuri,
1415 3059 1488 3106 Ab
1512 3059 1739 3107 omnibus
1756 3060 1874 3119 istis,
1901 3069 1949 3106 et
1971 3058 2032 3106 ab
2056 3057 2157 3105 aliis
2180 3073 2286 3122 quae
2307 3073 2393 3121 per
2415 3056 2510 3106 ista
2525 3071 2661 3102 com-

533 3138 897 3200 prehenduntur
921 3140 1127 3204 petimus
1150 3140 1359 3188 liberari.
1386 3144 1446 3187 Et
1464 3140 1553 3188 sub
1576 3141 1675 3188 istis
1697 3141 2027 3200 continentur,
2051 3139 2249 3205 quando
2271 3152 2465 3185 oramus
2488 3135 2655 3183 dicen-

532 3214 602 3262 te's
629 3236 639 3262 ε
661 3219 858 3266 «Libera
881 3237 971 3267 nos
993 3220 1054 3268 ab
1078 3220 1212 3267 omni
1235 3220 1364 3268 malo
1385 3239 1408 3265 »
1433 3239 1444 3268 ι
1471 3221 1584 3285 quia
1606 3221 1697 3267 nisi
1720 3231 1773 3267 tu
1794 3221 1968 3269 liberes
1997 3238 2110 3279 nos,
2136 3211 2236 3266 noh
2259 3217 2523 3285 'paterimus
2551 3215 2654 3262 sine

531 3308 577 3343 te
599 3297 806 3345 liberari.
839 3300 1088 3347 «Libera»
1115 3318 1228 3363 ergo
1255 3318 1427 3348 «nos»
1455 3311 1526 3360 tu,
1555 3304 1709 3359 Pater,
1739 3318 1808 3348 «a
1831 3301 1976 3348 malo.
1992 3320 2022 3366 ρ

580 3458 588 3474 '
614 3459 741 3498 Jacob.,
757 3469 816 3501 cap
850 3470 878 3497 ι,
897 3469 925 3490 v.
949 3460 996 3491 13.
1016 3459 1081 3484 -’
1101 3460 1197 3501 ibid„
1212 3472 1242 3494 v.
1261 3463 1310 3495 12.
1327 3479 1370 3487 —
1386 3461 1399 3480 ³
1415 3462 1514 3501 lbid.,
1533 3473 1562 3494 v.
1581 3464 1609 3494 3.
1629 3435 1697 3503 ἑά
1712 3462 1899 3502 Luc.,xx1‚
1920 3473 1949 3494 v.
1972 3463 2021 3494 19.
