2970 4152
549 432 639 477 148
1116 430 1284 475 PETRI
1323 430 1634 476 ABAELARDt
1673 431 1744 478 ET
1778 432 2079 478 HELOlSSAE

546 526 721 583 facere,
762 535 806 571 et
847 524 984 570 nobis
1023 524 1319 587 reperientur
1357 524 1557 570 omnino
1594 512 1862 589 proficere?
1899 528 2017 571 Nam
2057 525 2179 577 inter
2224 540 2395 588 magna
2436 526 2659 574 miracula

546 606 747 652 deorum
779 620 975 650 suorum
1013 603 1225 668 profecto
1252 619 1478 667 magnum
1502 604 1619 651 illud
1650 615 1742 665 est,
1771 604 1899 669 quod
1926 607 2077 651 Varro
2101 614 2447 652 commemorat
2464 641 2476 665 ,
2513 615 2662 653 vesta-

546 685 638 731 lem
660 685 914 747 virginem‚
939 700 1089 746 quum
1113 683 1456 748 periclitaretur
1476 684 1589 731 falsa
1605 686 1875 750 suspicione
1892 684 1952 732 de
1977 694 2168 749 stupro,
2207 684 2416 732 cribrum
2443 686 2662 751 implesse

546 781 668 827 aqua
688 763 748 810 de
766 762 934 826 Tyberi
948 798 960 822 ,
983 773 1030 809 et
1048 762 1109 810 ad
1125 780 1236 810 suos
1255 763 1455 826 judices,
1477 764 1606 811 nulla
1629 765 1729 828 ejus
1751 774 1884 830 parte
1903 764 2124 825 stillante,
2149 775 2377 830 portasse.
2393 766 2511 824 Quis
2528 782 2662 831 aquae

544 844 735 908 pondus
764 844 914 890 tenuit
939 853 1010 890 tot
1034 844 1246 891 cavernis
1272 844 1577 909 patentibus?
1616 839 1743 891 Itane
1775 847 1903 891 Deus
1928 845 2232 910 omnipotens
2256 855 2445 893 terreno
2470 847 2663 911 corpori

544 942 682 988 grave
716 921 907 989 pondus
933 925 1116 972 auferre
1150 942 1248 972 non
1284 926 1482 990 poterit,
1527 935 1577 972 ut
1608 926 1655 971 in
1693 924 1865 973 eodem
1895 925 2130 973 elemento
2161 925 2341 973 habitet
2376 925 2662 974 vivificatum

543 1021 744 1068 corpus,
777 1005 825 1050 in
865 1021 961 1070 quo
999 1004 1200 1052 voluerit
1229 1005 1471 1052 vivificans
1507 1005 1730 1069 spiritus?
1756 1024 1778 1048 n
1808 1008 1903 1052 Nec
1934 1006 2107 1052 mirum
2144 1006 2182 1052 si
2213 1006 2270 1053 iis
2302 1005 2378 1054 vel
2404 1005 2505 1053 aliis
2534 1008 2664 1053 Deus

544 1084 780 1130 miraculis
811 1083 1076 1131 infidelium
1107 1102 1299 1149 quoque
1335 1086 1594 1132 castitatem
1630 1085 1874 1146 extulerit,
1907 1085 1981 1133 vel
2011 1084 2170 1133 officio
2201 1085 2476 1134 daemonum
2503 1086 2664 1135 extolli

543 1165 837 1227 permiserit:
870 1174 1072 1227 utrtanto
1099 1165 1300 1231 amplius
1331 1182 1461 1212 nunc
1485 1164 1649 1212 fideles
1674 1164 1735 1212 ad
1766 1166 1916 1230 ipsam
1947 1166 2298 1226 animarentur,
2329 1176 2509 1230 quanto
2537 1165 2665 1214 lianc
2721 1212 2727 1216 .

543 1244 590 1290 in
617 1243 885 1291 infidelibus
906 1262 1099 1309 quoque
1118 1245 1319 1311 amplius
1344 1245 1534 1292 exaltari
1560 1246 1887 1309 cognoverint.
1918 1246 2101 1293 Scimus
2114 1256 2166 1293 *et
2188 1246 2378 1312 Caiphae
2401 1246 2666 1312 praelationi

543 1340 639 1371 uon
674 1342 886 1389 personae
912 1326 1108 1390 gratiam
1129 1343 1230 1373 esse
1257 1325 1502 1388 collatam,
1532 1335 1577 1372 et
1602 1325 1786 1391 pseudo
1812 1343 2006 1391 quoque
2024 1327 2266 1392 apostolos
2285 1326 2522 1374 miraculis
2540 1343 2663 1388 non-

542 1422 778 1469 nusquam
807 1423 1108 1466 coruscasse,
1142 1417 1188 1454 et
1224 1406 1323 1453 haec
1354 1423 1453 1453 non
1488 1407 1704 1471 personis
1735 1423 1933 1467 eorum,
1971 1407 2056 1454 sed
2093 1407 2251 1454 officio
2281 1424 2381 1455 esse
2408 1423 2657 1455 ‘concessa‘

543 1485 672 1542 Quid
692 1486 832 1550 igitur
852 1487 1047 1546 mirum,
1076 1486 1114 1532 si
1134 1487 1369 1533 Dominus
1398 1503 1497 1532 non
1523 1487 1738 1550 personis
1762 1485 2028 1534 infidelium
2054 1487 2367 1546 feminarum,
2392 1487 2478 1534 sed
2503 1487 2664 1547 virtuti

542 1567 843 1613 continentiae
860 1567 1068 1631 ipsarum
1088 1566 1182 1613 hoc
1201 1566 1512 1624 concesserit,
1534 1566 1595 1612 ad
1611 1567 1934 1613 innocentiam
1953 1567 2145 1630 virginis
2163 1567 2329 1614 saltem
2350 1566 2668 1627 liberandam,

543 1655 588 1691 et
612 1645 735 1692 falsae
760 1646 1070 1692 accusationis
1098 1644 1453 1710 improbitatem
1479 1645 1856 1691 conterendam?
1889 1648 2083 1693 Constat
2109 1646 2288 1710 quippe
2313 1662 2534 1694 amorem
2550 1648 2670 1694 com

541 1726 747 1772 tinentiae
770 1725 955 1776 honum
975 1742 1073 1771 esse
1100 1735 1146 1771 et
1172 1725 1219 1770 in
1240 1723 1536 1783 infidelibus,
1565 1724 1684 1771 sicut
1711 1733 1756 1771 et
1775 1724 2045 1788 conjugalis
2062 1725 2294 1791 pactionis
2314 1724 2669 1789 observantiam

540 1804 723 1852 donum
753 1806 841 1852 Dei
877 1805 1006 1870 apud
1033 1822 1200 1852 omnes
1225 1822 1350 1863 esse;
1383 1803 1587 1868 ideoque
1619 1803 1833 1851 mirabile
1859 1821 1958 1851 non
1984 1804 2159 1864 videri,
2193 1805 2346 1852 si'sua
2377 1805 2665 1866 donasmm

540 1903 750 1933 errorem
783 1885 1071 1933 infidelitatis
1105 1903 1190 1951 per
1225 1887 1357 1950 signa
1389 1902 1494 1949 quae
1524 1884 1795 1933 infidelibus
1820 1885 1966 1945 fiunt,
2007 1902 2106 1932 non
2143 1884 2391 1945 fidelibus,
2420 1889 2549 1934 Deus
2574 1886 2666 1935 ho·

544 1977 682 2013 noret
703 1986 712 2012 :
745 1968 948 2014 maxime
966 1967 1161 2030 quando
1188 1984 1274 2031 per
1291 1966 1417 2026 haec,
1443 1976 1493 2012 ut
1513 1966 1693 2013 dictum
1712 1976 1809 2026 est,
1838 1966 2111 2014 innocentia
2130 1965 2384 2027 liberatur,
2413 1977 2460 2015 et
2473 1973 2666 2033 perver-

541 2064 703 2093 sorum
729 2047 983 2094 hominum
1008 2047 1181 2094 malitia
1210 2047 1510 2112 reprimitur,
1539 2058 1586 2094 et
1616 2047 1678 2094 ad
1706 2046 1802 2094 hoc
1840 2047 1973 2111 quod
2000 2047 2064 2094 ita
2091 2047 2448 2112 magnificatur,
2482 2047 2667 2096 bonum

541 2127 758 2175 homines
778 2128 980 2193 amplius
1005 2127 1321 2174 cohortantur
1338 2164 1349 2187 ,
1378 2145 1464 2192 per
1487 2127 1619 2192 quod
1644 2137 1778 2175 tanto
1798 2128 1957 2175 minus
1975 2127 2036 2175 ab
2053 2127 2326 2176 infidelibus
2343 2145 2537 2193 quoque
2555 2145 2667 2194 pec·

542 2219 701 2267 catur,
738 2218 918 2273 quanto
948 2207 1151 2271 amplius
1182 2224 1208 2254 a
1241 2207 1562 2273 voluptatibus
1587 2207 1740 2254 carnis
1772 2208 2023 2255 receditur.
2054 2208 2198 2266 Quod
2230 2225 2357 2255 nunc
2388 2209 2530 2256 etiam
2556 2225 2667 2255 cum

542 2289 778 2353 plerisque
804 2289 906 2335 aliis
936 2288 1160 2335 adversus
1187 2288 1467 2353 praedictum
1491 2288 1865 2352 incontinentem
1887 2288 2163 2336 haereticum
2186 2287 2352 2336 beatus
2373 2306 2471 2336 non
2503 2289 2667 2336 incon-

544 2370 786 2416 venienter
811 2369 998 2415 induxit
1015 2369 1358 2433 Hieronymus,
1393 2378 1443 2415 ut
1472 2385 1576 2433 quae
1596 2385 1693 2415 non
1724 2369 1921 2415 miratur
1949 2369 1997 2415 in
2025 2369 2314 2429 christianis,
2349 2369 2595 2416 erubescat
2617 2370 2668 2416 in

543 2451 756 2497 ethnicis.
787 2451 903 2508 Quis
929 2451 1069 2497 etiam
1095 2450 1223 2497 dona
1250 2451 1338 2497 Dei
1367 2467 1467 2497 esse
1493 2450 1719 2514 deneget,
1755 2459 2037 2515 potestatem
2067 2451 2211 2497 etiam
2236 2449 2500 2498 infidelium
2537 2451 2667 2514 prin-

545 2533 733 2596 cipum,
781 2532 867 2578 etsi
903 2548 1121 2595 perverse
1155 2531 1257 2595 ipsa
1295 2541 1512 2590 utantur,
1554 2531 1628 2577 vel
1659 2547 1874 2578 amorem
1896 2531 2115 2594 justitiae,
2151 2530 2226 2578 vel
2254 2530 2667 2578 mansuetudinem

545 2629 686 2675 quam
705 2612 884 2659 habent
900 2649 911 2671 ‚
935 2612 1036 2675 lege
1055 2612 1271 2658 instructi
1290 2611 1509 2671 naturali,
1532 2611 1608 2658 vel
1628 2621 1793 2658 caetera
1810 2628 1915 2675 quae
1931 2611 2102 2658 decent
2120 2611 2387 2678 principes?
2408 2612 2524 2669 Quis
2541 2610 2669 2658 bona

546 2710 646 2739 esse
683 2693 976 2740 contradicat
1010 2694 1116 2757 quia
1153 2693 1285 2740 malis
1311 2703 1421 2739 sunt
1445 2692 1705 2758 permixta?
1731 2693 1990 2758 praesertim
2018 2710 2193 2758 quum,
2228 2693 2279 2739 ut
2313 2693 2478 2739 beatus
2507 2693 2669 2739 astruit

547 2776 830 2838 Augustinus
848 2811 859 2833 ,
890 2785 937 2822 et
963 2774 1207 2821 manifesta
1235 2775 1352 2821 ratio
1377 2784 1599 2834 testatur,
1634 2774 1755 2821 mala
1772 2791 1873 2821 esse
1898 2785 2138 2838 nequeant
2155 2774 2244 2821 nisi
2262 2774 2307 2821 in
2327 2783 2493 2821 natura
2511 2772 2668 2821 bona?

548 2856 664 2912 Quis
688 2873 785 2902 non
813 2855 931 2902 illud
956 2854 1188 2920 approbet
1209 2854 1341 2919 quod
1360 2855 1546 2920 poetica
1572 2854 1791 2919 perhibet
1810 2855 2042 2902 sententia
2057 2857 2068 2878 ¹
2096 2873 2105 2900 :

1089 3008 1270 3049 Oderunt
1289 3020 1456 3062 peccare
1476 3007 1574 3049 boni
1594 3009 1752 3049 virtutis
1770 3011 1937 3050 amore?

551 3159 667 3215 Quis
703 3160 975 3224 Vespasiani
1015 3158 1234 3206 nondum
1264 3157 1563 3223 imperatoris
1597 3158 1906 3219 miraculum,
1939 3159 2072 3223 quod
2096 3159 2349 3206 Suetonius
2383 3157 2576 3217 refert’‚
2610 3157 2672 3204 de

553 3254 674 3284 caeco
703 3238 919 3285 videlicet
946 3249 992 3285 et
1020 3238 1192 3285 claudo
1219 3255 1304 3302 per
1332 3254 1442 3284 eum
1469 3238 1642 3284 curatis
1659 3274 1671 3297 ,
1707 3255 1806 3285 non
1834 3239 1982 3303 magis
2007 3238 2239 3304 approbet
2262 3254 2405 3302 quam
2428 3246 2591 3301 neget,
2622 3247 2672 3283 ut

554 3317 653 3379 ejus
692 3317 911 3364 virtutem
948 3318 1149 3383 amplius
1185 3317 1393 3365 aemulari
1432 3317 1578 3364 velint
1615 3318 1853 3382 principes
1864 3354 1878 3377 ‚
1922 3329 2003 3366 aut
2039 3318 2171 3383 quod
2207 3318 2267 3365 de
2305 3318 2463 3365 anima
2487 3317 2671 3380 'frajani

606 3516 611 3530 ¹
641 3515 750 3547 Horat.
771 3516 889 3556 Epist„
907 3516 938 3554 l,
959 3527 1029 3556 xvi,
1045 3528 1075 3549 v.
1091 3517 1143 3549 52.
1162 3516 1220 3540 —’
1239 3516 1411 3549 Suetonius
1430 3515 1461 3548 in
1482 3516 1696 3556 Vespasiano,
1713 3525 1786 3558 cap.
1803 3527 1858 3548 vu.

1718 3778 1849 3991 ,f
