<?xml version="1.0" encoding="UTF-8"?>
<!DOCTYPE html PUBLIC "-//W3C//DTD XHTML 1.0 Transitional//EN"
    "http://www.w3.org/TR/xhtml1/DTD/xhtml1-transitional.dtd">
<html xmlns="http://www.w3.org/1999/xhtml" xml:lang="en" lang="en">
 <head>
  <title>
</title>
<meta http-equiv="Content-Type" content="text/html;charset=utf-8" />
  <meta name='ocr-system' content='tesseract 3.04.00' />
  <meta name='ocr-capabilities' content='ocr_page ocr_carea ocr_par ocr_line ocrx_word'/>
</head>
<body>
  <div class='ocr_page' id='page_1' title='image "./operahactenusseo01abeluoft_0368.png"; bbox 0 0 2970 4152; ppageno 0'>
   <div class='ocr_carea' id='block_1_1' title="bbox 534 399 1858 471">
    <p class='ocr_par' dir='ltr' id='par_1_1' title="bbox 534 399 1858 471">
     <span class='ocr_line' id='line_1_1' title="bbox 534 399 1858 471; baseline -0.001 -1"><span class='ocrx_word' id='word_1_1' title='bbox 534 424 630 471; x_wconf 75' lang='lat'>354</span> <span class='ocrx_word' id='word_1_2' title='bbox 750 399 752 401; x_wconf 51' lang='grc'><strong>“</strong></span> <span class='ocrx_word' id='word_1_3' title='bbox 1152 464 1154 467; x_wconf 79' lang='grc'>,</span> <span class='ocrx_word' id='word_1_4' title='bbox 1334 422 1504 468; x_wconf 80' lang='lat' dir='ltr'><strong>PETRI</strong></span> <span class='ocrx_word' id='word_1_5' title='bbox 1542 422 1858 470; x_wconf 73' lang='lat' dir='ltr'>ABAELARm</span> 
     </span>
    </p>
   </div>
   <div class='ocr_carea' id='block_1_2' title="bbox 535 499 2722 3401">
    <p class='ocr_par' dir='ltr' id='par_1_2' title="bbox 535 499 2722 3401">
     <span class='ocr_line' id='line_1_2' title="bbox 535 499 2663 584; baseline 0 -20"><span class='ocrx_word' id='word_1_6' title='bbox 535 516 784 584; x_wconf 79' lang='lat' dir='ltr'>plenitudo</span> <span class='ocrx_word' id='word_1_7' title='bbox 821 516 1092 574; x_wconf 77' lang='lat' dir='ltr'><strong>ascribitur,</strong></span> <span class='ocrx_word' id='word_1_8' title='bbox 1132 524 1180 561; x_wconf 89' lang='lat' dir='ltr'>ut</span> <span class='ocrx_word' id='word_1_9' title='bbox 1221 514 1406 561; x_wconf 76' lang='lat' dir='ltr'>tantum</span> <span class='ocrx_word' id='word_1_10' title='bbox 1440 516 1483 563; x_wconf 90' lang='lat' dir='ltr'>ei</span> <span class='ocrx_word' id='word_1_11' title='bbox 1516 516 1721 564; x_wconf 90' lang='lat' dir='ltr'>conferri</span> <span class='ocrx_word' id='word_1_12' title='bbox 1758 517 2140 574; x_wconf 84' lang='lat' dir='ltr'><strong>demonstretur,</strong></span> <span class='ocrx_word' id='word_1_13' title='bbox 2182 499 2415 579; x_wconf 87' lang='lat' dir='ltr'>quantum</span> <span class='ocrx_word' id='word_1_14' title='bbox 2443 516 2663 564; x_wconf 86' lang='lat' dir='ltr'>humanae</span> 
     </span>
     <span class='ocr_line' id='line_1_3' title="bbox 535 595 2662 664; baseline 0 -19"><span class='ocrx_word' id='word_1_15' title='bbox 535 608 714 645; x_wconf 89' lang='lat' dir='ltr'>naturae</span> <span class='ocrx_word' id='word_1_16' title='bbox 747 596 1008 643; x_wconf 86' lang='lat' dir='ltr'>infirmitati</span> <span class='ocrx_word' id='word_1_17' title='bbox 1035 595 1342 661; x_wconf 83' lang='lat' dir='ltr'>promittitur.</span> <span class='ocrx_word' id='word_1_18' title='bbox 1385 596 1530 654; x_wconf 86' lang='lat' dir='ltr'>Quod</span> <span class='ocrx_word' id='word_1_19' title='bbox 1561 597 1757 664; x_wconf 74' lang='lat' dir='ltr'>quidem</span> <span class='ocrx_word' id='word_1_20' title='bbox 1781 597 1984 662; x_wconf 86' lang='lat' dir='ltr'>qualiter</span> <span class='ocrx_word' id='word_1_21' title='bbox 2011 595 2168 654; x_wconf 87' lang='lat' dir='ltr'>fieret,</span> <span class='ocrx_word' id='word_1_22' title='bbox 2206 596 2244 642; x_wconf 92' lang='lat' dir='ltr'>si</span> <span class='ocrx_word' id='word_1_23' title='bbox 2263 595 2362 659; x_wconf 88' lang='lat' dir='ltr'>jam</span> <span class='ocrx_word' id='word_1_24' title='bbox 2387 597 2435 643; x_wconf 92' lang='lat' dir='ltr'>in</span> <span class='ocrx_word' id='word_1_25' title='bbox 2461 614 2662 645; x_wconf 89' lang='lat' dir='ltr'>consen-</span> 
     </span>
     <span class='ocr_line' id='line_1_4' title="bbox 538 676 2664 741; baseline 0 -16"><span class='ocrx_word' id='word_1_26' title='bbox 538 695 643 725; x_wconf 87' lang='lat' dir='ltr'>sum</span> <span class='ocrx_word' id='word_1_27' title='bbox 690 677 888 724; x_wconf 90' lang='lat' dir='ltr'>carnalis</span> <span class='ocrx_word' id='word_1_28' title='bbox 935 676 1329 741; x_wconf 72' lang='lat' dir='ltr'>concupiscentiae</span> <span class='ocrx_word' id='word_1_29' title='bbox 1371 686 1518 724; x_wconf 90' lang='lat' dir='ltr'>tracta</span> <span class='ocrx_word' id='word_1_30' title='bbox 1559 678 1718 725; x_wconf 90' lang='lat' dir='ltr'>fuisset</span> <span class='ocrx_word' id='word_1_31' title='bbox 1739 714 1751 738; x_wconf 90' lang='lat'>,</span> <span class='ocrx_word' id='word_1_32' title='bbox 1792 677 1922 725; x_wconf 88' lang='lat' dir='ltr'>nulla</span> <span class='ocrx_word' id='word_1_33' title='bbox 1963 677 2084 723; x_wconf 86' lang='lat' dir='ltr'>ratio</span> <span class='ocrx_word' id='word_1_34' title='bbox 2128 676 2286 723; x_wconf 88' lang='lat' dir='ltr'>habet.</span> <span class='ocrx_word' id='word_1_35' title='bbox 2328 676 2467 724; x_wconf 91' lang='lat' dir='ltr'>Unde</span> <span class='ocrx_word' id='word_1_36' title='bbox 2505 688 2664 735; x_wconf 88' lang='lat' dir='ltr'>autem</span> 
     </span>
     <span class='ocr_line' id='line_1_5' title="bbox 539 755 2661 823; baseline -0.003 -18"><span class='ocrx_word' id='word_1_37' title='bbox 539 758 899 823; x_wconf 86' lang='lat' dir='ltr'>amplitudinem</span> <span class='ocrx_word' id='word_1_38' title='bbox 927 757 1083 821; x_wconf 87' lang='lat' dir='ltr'>gratiae</span> <span class='ocrx_word' id='word_1_39' title='bbox 1102 756 1273 821; x_wconf 87' lang='lat' dir='ltr'>adepta</span> <span class='ocrx_word' id='word_1_40' title='bbox 1295 756 1374 816; x_wconf 90' lang='lat' dir='ltr'>sit,</span> <span class='ocrx_word' id='word_1_41' title='bbox 1404 757 1693 804; x_wconf 84' lang='lat' dir='ltr'>subinfertur</span> <span class='ocrx_word' id='word_1_42' title='bbox 1717 774 1868 821; x_wconf 91' lang='lat' dir='ltr'>quum</span> <span class='ocrx_word' id='word_1_43' title='bbox 1897 755 2100 802; x_wconf 89' lang='lat' dir='ltr'>dicitur:</span> <span class='ocrx_word' id='word_1_44' title='bbox 2131 756 2410 803; x_wconf 86' lang='lat' dir='ltr'>«Dominus</span> <span class='ocrx_word' id='word_1_45' title='bbox 2437 765 2612 803; x_wconf 90' lang='lat' dir='ltr'>tecum.</span> <span class='ocrx_word' id='word_1_46' title='bbox 2639 776 2661 800; x_wconf 90' lang='lat'>»</span> 
     </span>
     <span class='ocr_line' id='line_1_6' title="bbox 538 836 2666 903; baseline -0 -19"><span class='ocrx_word' id='word_1_47' title='bbox 538 841 738 895; x_wconf 88' lang='lat' dir='ltr'>Tecum,</span> <span class='ocrx_word' id='word_1_48' title='bbox 782 838 958 902; x_wconf 89' lang='lat' dir='ltr'>inquit,</span> <span class='ocrx_word' id='word_1_49' title='bbox 1000 838 1159 903; x_wconf 90' lang='lat' dir='ltr'>potius</span> <span class='ocrx_word' id='word_1_50' title='bbox 1193 853 1338 901; x_wconf 88' lang='lat' dir='ltr'>quam</span> <span class='ocrx_word' id='word_1_51' title='bbox 1377 838 1426 884; x_wconf 90' lang='lat' dir='ltr'>in</span> <span class='ocrx_word' id='word_1_52' title='bbox 1463 848 1524 885; x_wconf 89' lang='lat' dir='ltr'>te.</span> <span class='ocrx_word' id='word_1_53' title='bbox 1562 838 1655 895; x_wconf 87' lang='lat' dir='ltr'>Qui</span> <span class='ocrx_word' id='word_1_54' title='bbox 1686 839 1814 884; x_wconf 90' lang='lat' dir='ltr'>enim</span> <span class='ocrx_word' id='word_1_55' title='bbox 1849 837 2027 901; x_wconf 91' lang='lat' dir='ltr'>ubique</span> <span class='ocrx_word' id='word_1_56' title='bbox 2053 854 2140 902; x_wconf 91' lang='lat' dir='ltr'>per</span> <span class='ocrx_word' id='word_1_57' title='bbox 2166 837 2464 901; x_wconf 73' lang='lat' dir='ltr'>praesentiam</span> <span class='ocrx_word' id='word_1_58' title='bbox 2499 836 2666 884; x_wconf 88' lang='lat' dir='ltr'>divini-</span> 
     </span>
     <span class='ocr_line' id='line_1_7' title="bbox 540 917 2662 983; baseline -0.001 -17"><span class='ocrx_word' id='word_1_59' title='bbox 540 921 643 967; x_wconf 89' lang='lat' dir='ltr'>tatis</span> <span class='ocrx_word' id='word_1_60' title='bbox 675 920 773 983; x_wconf 88' lang='lat' dir='ltr'>jam</span> <span class='ocrx_word' id='word_1_61' title='bbox 808 935 858 965; x_wconf 93' lang='lat' dir='ltr'>se</span> <span class='ocrx_word' id='word_1_62' title='bbox 895 919 1033 965; x_wconf 89' lang='lat' dir='ltr'>unire</span> <span class='ocrx_word' id='word_1_63' title='bbox 1075 917 1360 983; x_wconf 82' lang='lat' dir='ltr'>disponebat</span> <span class='ocrx_word' id='word_1_64' title='bbox 1398 919 1529 965; x_wconf 91' lang='lat' dir='ltr'>carni</span> <span class='ocrx_word' id='word_1_65' title='bbox 1571 918 1761 982; x_wconf 90' lang='lat' dir='ltr'>virginis</span> <span class='ocrx_word' id='word_1_66' title='bbox 1798 934 1882 983; x_wconf 90' lang='lat' dir='ltr'>per</span> <span class='ocrx_word' id='word_1_67' title='bbox 1916 918 2293 983; x_wconf 84' lang='lat' dir='ltr'>assumptionem</span> <span class='ocrx_word' id='word_1_68' title='bbox 2329 917 2662 976; x_wconf 88' lang='lat' dir='ltr'>humanitatis;</span> 
     </span>
     <span class='ocr_line' id='line_1_8' title="bbox 542 998 2667 1064; baseline -0.001 -17"><span class='ocrx_word' id='word_1_69' title='bbox 542 1012 591 1048; x_wconf 87' lang='lat' dir='ltr'>ut</span> <span class='ocrx_word' id='word_1_70' title='bbox 616 1012 795 1059; x_wconf 88' lang='lat' dir='ltr'>tecum,</span> <span class='ocrx_word' id='word_1_71' title='bbox 821 999 916 1046; x_wconf 93' lang='lat' dir='ltr'>hoc</span> <span class='ocrx_word' id='word_1_72' title='bbox 943 1009 1033 1059; x_wconf 89' lang='lat' dir='ltr'>est,</span> <span class='ocrx_word' id='word_1_73' title='bbox 1063 1015 1174 1046; x_wconf 87' lang='lat' dir='ltr'>cum</span> <span class='ocrx_word' id='word_1_74' title='bbox 1203 1016 1344 1046; x_wconf 90' lang='lat' dir='ltr'>carne</span> <span class='ocrx_word' id='word_1_75' title='bbox 1372 1008 1454 1045; x_wconf 89' lang='lat' dir='ltr'>tua</span> <span class='ocrx_word' id='word_1_76' title='bbox 1480 1016 1631 1045; x_wconf 90' lang='lat' dir='ltr'>unum</span> <span class='ocrx_word' id='word_1_77' title='bbox 1656 998 1737 1046; x_wconf 87' lang='lat' dir='ltr'>fiat</span> <span class='ocrx_word' id='word_1_78' title='bbox 1761 999 1810 1045; x_wconf 91' lang='lat' dir='ltr'>in</span> <span class='ocrx_word' id='word_1_79' title='bbox 1829 1014 2049 1064; x_wconf 89' lang='lat' dir='ltr'>persona.</span> <span class='ocrx_word' id='word_1_80' title='bbox 2080 1018 2103 1042; x_wconf 88' lang='lat'>«</span> <span class='ocrx_word' id='word_1_81' title='bbox 2125 998 2378 1046; x_wconf 88' lang='lat' dir='ltr'>Benedicta</span> <span class='ocrx_word' id='word_1_82' title='bbox 2405 1008 2456 1045; x_wconf 92' lang='lat' dir='ltr'>tu</span> <span class='ocrx_word' id='word_1_83' title='bbox 2484 999 2533 1046; x_wconf 89' lang='lat' dir='ltr'>in</span> <span class='ocrx_word' id='word_1_84' title='bbox 2559 1014 2667 1045; x_wconf 92' lang='lat' dir='ltr'>mu-</span> 
     </span>
     <span class='ocr_line' id='line_1_9' title="bbox 540 1079 2668 1145; baseline -0.001 -17"><span class='ocrx_word' id='word_1_85' title='bbox 540 1081 747 1130; x_wconf 92' lang='lat' dir='ltr'>lieribus.</span> <span class='ocrx_word' id='word_1_86' title='bbox 775 1100 797 1125; x_wconf 90' lang='lat'>»</span> <span class='ocrx_word' id='word_1_87' title='bbox 829 1080 1056 1145; x_wconf 91' lang='lat' dir='ltr'>Nunquid</span> <span class='ocrx_word' id='word_1_88' title='bbox 1083 1090 1128 1127; x_wconf 87' lang='lat' dir='ltr'>et</span> <span class='ocrx_word' id='word_1_89' title='bbox 1153 1081 1202 1127; x_wconf 90' lang='lat' dir='ltr'>in</span> <span class='ocrx_word' id='word_1_90' title='bbox 1228 1081 1355 1127; x_wconf 87' lang='lat' dir='ltr'>viros</span> <span class='ocrx_word' id='word_1_91' title='bbox 1376 1096 1472 1126; x_wconf 92' lang='lat' dir='ltr'>non</span> <span class='ocrx_word' id='word_1_92' title='bbox 1493 1079 1731 1127; x_wconf 87' lang='lat' dir='ltr'>redundat</span> <span class='ocrx_word' id='word_1_93' title='bbox 1746 1079 2018 1127; x_wconf 84' lang='lat' dir='ltr'>benedictio</span> <span class='ocrx_word' id='word_1_94' title='bbox 2035 1080 2191 1127; x_wconf 88' lang='lat' dir='ltr'>Mariae</span> <span class='ocrx_word' id='word_1_95' title='bbox 2210 1079 2229 1125; x_wconf 75' lang='lat' dir='ltr'><strong>P</strong></span> <span class='ocrx_word' id='word_1_96' title='bbox 2251 1079 2478 1143; x_wconf 91' lang='lat' dir='ltr'>Nunquid</span> <span class='ocrx_word' id='word_1_97' title='bbox 2497 1089 2546 1126; x_wconf 91' lang='lat' dir='ltr'>et</span> <span class='ocrx_word' id='word_1_98' title='bbox 2565 1080 2668 1145; x_wconf 89' lang='lat' dir='ltr'>ipsa</span> 
     </span>
     <span class='ocr_line' id='line_1_10' title="bbox 542 1156 2668 1226; baseline -0.001 -16"><span class='ocrx_word' id='word_1_99' title='bbox 542 1163 602 1211; x_wconf 92' lang='lat' dir='ltr'>de</span> <span class='ocrx_word' id='word_1_100' title='bbox 629 1163 810 1210; x_wconf 89' lang='lat' dir='ltr'>semine</span> <span class='ocrx_word' id='word_1_101' title='bbox 839 1161 1058 1222; x_wconf 85' lang='lat' dir='ltr'>Abrahae,</span> <span class='ocrx_word' id='word_1_102' title='bbox 1088 1171 1133 1208; x_wconf 87' lang='lat' dir='ltr'>et</span> <span class='ocrx_word' id='word_1_103' title='bbox 1168 1179 1252 1226; x_wconf 90' lang='lat' dir='ltr'>per</span> <span class='ocrx_word' id='word_1_104' title='bbox 1286 1161 1414 1207; x_wconf 90' lang='lat' dir='ltr'>illam</span> <span class='ocrx_word' id='word_1_105' title='bbox 1446 1160 1659 1208; x_wconf 88' lang='lat' dir='ltr'>Christus</span> <span class='ocrx_word' id='word_1_106' title='bbox 1682 1156 1942 1208; x_wconf 73' lang='lat' dir='ltr'>¹descendit</span> <span class='ocrx_word' id='word_1_107' title='bbox 1971 1179 1980 1207; x_wconf 76' lang='grc' dir='ltr'><strong><em>ε</em></strong></span> <span class='ocrx_word' id='word_1_108' title='bbox 2017 1163 2065 1207; x_wconf 89' lang='lat' dir='ltr'>in</span> <span class='ocrx_word' id='word_1_109' title='bbox 2101 1177 2198 1224; x_wconf 90' lang='lat' dir='ltr'>quo</span> <span class='ocrx_word' id='word_1_110' title='bbox 2240 1159 2461 1207; x_wconf 87' lang='lat' dir='ltr'>videlicet</span> <span class='ocrx_word' id='word_1_111' title='bbox 2488 1160 2668 1207; x_wconf 89' lang='lat' dir='ltr'>semine</span> 
     </span>
     <span class='ocr_line' id='line_1_11' title="bbox 542 1239 2669 1307; baseline -0.002 -16"><span class='ocrx_word' id='word_1_112' title='bbox 542 1245 760 1291; x_wconf 90' lang='lat' dir='ltr'>omnium</span> <span class='ocrx_word' id='word_1_113' title='bbox 798 1243 1021 1307; x_wconf 22' lang='lat' dir='ltr'>gentium,</span> <span class='ocrx_word' id='word_1_114' title='bbox 1046 1241 1318 1289; x_wconf 87' lang='lat' dir='ltr'>benedictio</span> <span class='ocrx_word' id='word_1_115' title='bbox 1358 1241 1508 1288; x_wconf 87' lang='lat' dir='ltr'>fuerat</span> <span class='ocrx_word' id='word_1_116' title='bbox 1548 1242 1811 1306; x_wconf 79' lang='lat' dir='ltr'>promissa?</span> <span class='ocrx_word' id='word_1_117' title='bbox 1848 1241 1975 1299; x_wconf 87' lang='lat' dir='ltr'>Quid</span> <span class='ocrx_word' id='word_1_118' title='bbox 2017 1251 2116 1300; x_wconf 89' lang='lat' dir='ltr'>est,</span> <span class='ocrx_word' id='word_1_119' title='bbox 2154 1257 2343 1305; x_wconf 81' lang='lat' dir='ltr'>quaeso,</span> <span class='ocrx_word' id='word_1_120' title='bbox 2376 1240 2425 1286; x_wconf 93' lang='lat' dir='ltr'>in</span> <span class='ocrx_word' id='word_1_121' title='bbox 2466 1239 2669 1287; x_wconf 92' lang='lat' dir='ltr'>mulieri-</span> 
     </span>
     <span class='ocr_line' id='line_1_12' title="bbox 544 1321 2664 1387; baseline -0.002 -15"><span class='ocrx_word' id='word_1_122' title='bbox 544 1325 655 1385; x_wconf 91' lang='lat' dir='ltr'>bus,</span> <span class='ocrx_word' id='word_1_123' title='bbox 688 1335 735 1371; x_wconf 91' lang='lat' dir='ltr'>et</span> <span class='ocrx_word' id='word_1_124' title='bbox 764 1341 865 1371; x_wconf 90' lang='lat' dir='ltr'>non</span> <span class='ocrx_word' id='word_1_125' title='bbox 890 1323 1040 1387; x_wconf 84' lang='lat' dir='ltr'>magis</span> <span class='ocrx_word' id='word_1_126' title='bbox 1065 1323 1114 1369; x_wconf 93' lang='lat' dir='ltr'>in</span> <span class='ocrx_word' id='word_1_127' title='bbox 1140 1322 1365 1369; x_wconf 90' lang='lat' dir='ltr'>omnibus</span> <span class='ocrx_word' id='word_1_128' title='bbox 1393 1323 1506 1369; x_wconf 89' lang='lat' dir='ltr'>viris</span> <span class='ocrx_word' id='word_1_129' title='bbox 1538 1322 1714 1387; x_wconf 89' lang='lat' dir='ltr'>pariter</span> <span class='ocrx_word' id='word_1_130' title='bbox 1742 1338 1797 1369; x_wconf 93' lang='lat' dir='ltr'>ac</span> <span class='ocrx_word' id='word_1_131' title='bbox 1825 1321 2141 1368; x_wconf 75' lang='lat' dir='ltr'>mulieribus?</span> <span class='ocrx_word' id='word_1_132' title='bbox 2181 1325 2306 1368; x_wconf 87' lang='lat' dir='ltr'>Haec·</span> <span class='ocrx_word' id='word_1_133' title='bbox 2326 1322 2499 1368; x_wconf 90' lang='lat' dir='ltr'>iterum</span> <span class='ocrx_word' id='word_1_134' title='bbox 2531 1321 2664 1379; x_wconf 92' lang='lat' dir='ltr'>dico,</span> 
     </span>
     <span class='ocr_line' id='line_1_13' title="bbox 543 1400 2722 1470; baseline -0.003 -17"><span class='ocrx_word' id='word_1_135' title='bbox 543 1406 769 1470; x_wconf 87' lang='lat' dir='ltr'>virgines,</span> <span class='ocrx_word' id='word_1_136' title='bbox 796 1404 1048 1463; x_wconf 89' lang='lat' dir='ltr'>attendite,</span> <span class='ocrx_word' id='word_1_137' title='bbox 1087 1414 1134 1451; x_wconf 89' lang='lat' dir='ltr'>et</span> <span class='ocrx_word' id='word_1_138' title='bbox 1162 1404 1212 1450; x_wconf 90' lang='lat' dir='ltr'>in</span> <span class='ocrx_word' id='word_1_139' title='bbox 1236 1420 1321 1450; x_wconf 90' lang='lat' dir='ltr'>vos</span> <span class='ocrx_word' id='word_1_140' title='bbox 1347 1402 1613 1466; x_wconf 86' lang='lat' dir='ltr'>specialiter</span> <span class='ocrx_word' id='word_1_141' title='bbox 1641 1403 1778 1449; x_wconf 86' lang='lat' dir='ltr'>istam</span> <span class='ocrx_word' id='word_1_142' title='bbox 1805 1402 2189 1450; x_wconf 88' lang='lat' dir='ltr'>benedictionem</span> <span class='ocrx_word' id='word_1_143' title='bbox 2215 1402 2370 1449; x_wconf 87' lang='lat' dir='ltr'>Mariae</span> <span class='ocrx_word' id='word_1_144' title='bbox 2400 1400 2670 1448; x_wconf 90' lang='lat' dir='ltr'>redundare</span> <span class='ocrx_word' id='word_1_145' title='bbox 2719 1445 2722 1448; x_wconf 85' lang='lat'>.</span> 
     </span>
     <span class='ocr_line' id='line_1_14' title="bbox 544 1481 2671 1551; baseline -0.003 -18"><span class='ocrx_word' id='word_1_146' title='bbox 544 1486 759 1551; x_wconf 89' lang='lat' dir='ltr'>gaudete.</span> <span class='ocrx_word' id='word_1_147' title='bbox 790 1489 971 1532; x_wconf 91' lang='lat' dir='ltr'>Paucos</span> <span class='ocrx_word' id='word_1_148' title='bbox 990 1485 1168 1550; x_wconf 91' lang='lat' dir='ltr'>quippe</span> <span class='ocrx_word' id='word_1_149' title='bbox 1192 1484 1405 1530; x_wconf 89' lang='lat' dir='ltr'>virorum</span> <span class='ocrx_word' id='word_1_150' title='bbox 1426 1484 1716 1548; x_wconf 90' lang='lat' dir='ltr'>reperimus,</span> <span class='ocrx_word' id='word_1_151' title='bbox 1745 1484 1827 1547; x_wconf 93' lang='lat' dir='ltr'>qui</span> <span class='ocrx_word' id='word_1_152' title='bbox 1852 1484 1902 1529; x_wconf 90' lang='lat' dir='ltr'>in</span> <span class='ocrx_word' id='word_1_153' title='bbox 1929 1484 2100 1529; x_wconf 88' lang='lat' dir='ltr'>virtute</span> <span class='ocrx_word' id='word_1_154' title='bbox 2125 1483 2402 1546; x_wconf 86' lang='lat' dir='ltr'>virginitatis</span> <span class='ocrx_word' id='word_1_155' title='bbox 2430 1481 2671 1528; x_wconf 90' lang='lat' dir='ltr'>Christum</span> 
     </span>
     <span class='ocr_line' id='line_1_15' title="bbox 544 1561 2672 1628; baseline -0.003 -14"><span class='ocrx_word' id='word_1_156' title='bbox 544 1567 802 1613; x_wconf 89' lang='lat' dir='ltr'>imitentur.</span> <span class='ocrx_word' id='word_1_157' title='bbox 828 1565 997 1612; x_wconf 90' lang='lat' dir='ltr'>Multas</span> <span class='ocrx_word' id='word_1_158' title='bbox 1017 1581 1242 1628; x_wconf 86' lang='lat' dir='ltr'>sequaces</span> <span class='ocrx_word' id='word_1_159' title='bbox 1260 1564 1361 1611; x_wconf 88' lang='lat' dir='ltr'>haec</span> <span class='ocrx_word' id='word_1_160' title='bbox 1380 1564 1535 1611; x_wconf 86' lang='lat' dir='ltr'>Mariae</span> <span class='ocrx_word' id='word_1_161' title='bbox 1554 1564 1699 1628; x_wconf 86' lang='lat' dir='ltr'>gratia</span> <span class='ocrx_word' id='word_1_162' title='bbox 1719 1564 1768 1609; x_wconf 94' lang='lat' dir='ltr'>in</span> <span class='ocrx_word' id='word_1_163' title='bbox 1788 1563 1922 1610; x_wconf 90' lang='lat' dir='ltr'>vobis</span> <span class='ocrx_word' id='word_1_164' title='bbox 1940 1562 2107 1621; x_wconf 86' lang='lat' dir='ltr'>habet,</span> <span class='ocrx_word' id='word_1_165' title='bbox 2130 1579 2336 1625; x_wconf 87' lang='lat' dir='ltr'>quarum</span> <span class='ocrx_word' id='word_1_166' title='bbox 2365 1571 2496 1608; x_wconf 89' lang='lat' dir='ltr'>tanto</span> <span class='ocrx_word' id='word_1_167' title='bbox 2523 1561 2672 1607; x_wconf 90' lang='lat' dir='ltr'>virtus</span> 
     </span>
     <span class='ocr_line' id='line_1_16' title="bbox 546 1641 2674 1711; baseline -0.003 -17"><span class='ocrx_word' id='word_1_168' title='bbox 546 1648 744 1711; x_wconf 86' lang='lat' dir='ltr'>gratior,</span> <span class='ocrx_word' id='word_1_169' title='bbox 774 1656 954 1710; x_wconf 88' lang='lat' dir='ltr'>quanto</span> <span class='ocrx_word' id='word_1_170' title='bbox 974 1662 1111 1692; x_wconf 86' lang='lat' dir='ltr'>sexus</span> <span class='ocrx_word' id='word_1_171' title='bbox 1129 1643 1380 1691; x_wconf 88' lang='lat' dir='ltr'>infirmior.</span> <span class='ocrx_word' id='word_1_172' title='bbox 1413 1645 1572 1691; x_wconf 85' lang='lat' dir='ltr'>Virtus</span> <span class='ocrx_word' id='word_1_173' title='bbox 1596 1645 1773 1709; x_wconf 88' lang='lat' dir='ltr'>quippe</span> <span class='ocrx_word' id='word_1_174' title='bbox 1798 1645 1846 1690; x_wconf 91' lang='lat' dir='ltr'>in</span> <span class='ocrx_word' id='word_1_175' title='bbox 1865 1642 2139 1690; x_wconf 88' lang='lat' dir='ltr'>infirmitate</span> <span class='ocrx_word' id='word_1_176' title='bbox 2161 1642 2421 1708; x_wconf 87' lang='lat' dir='ltr'>perficitur.</span> <span class='ocrx_word' id='word_1_177' title='bbox 2451 1641 2580 1699; x_wconf 91' lang='lat' dir='ltr'>Quid</span> <span class='ocrx_word' id='word_1_178' title='bbox 2604 1651 2674 1688; x_wconf 91' lang='lat' dir='ltr'>est</span> 
     </span>
     <span class='ocr_line' id='line_1_17' title="bbox 546 1715 2672 1789; baseline -0.002 -16"><span class='ocrx_word' id='word_1_179' title='bbox 546 1737 704 1773; x_wconf 89' lang='lat' dir='ltr'>autem</span> <span class='ocrx_word' id='word_1_180' title='bbox 740 1715 1036 1783; x_wconf 86' lang='lat' dir='ltr'>benedictio,</span> <span class='ocrx_word' id='word_1_181' title='bbox 1071 1725 1162 1771; x_wconf 90' lang='lat' dir='ltr'>nisi</span> <span class='ocrx_word' id='word_1_182' title='bbox 1197 1724 1367 1770; x_wconf 86' lang='lat' dir='ltr'>divinae</span> <span class='ocrx_word' id='word_1_183' title='bbox 1398 1721 1554 1787; x_wconf 88' lang='lat' dir='ltr'>gratiae</span> <span class='ocrx_word' id='word_1_184' title='bbox 1582 1723 1953 1789; x_wconf 83' lang='lat' dir='ltr'>multiplicatio?</span> <span class='ocrx_word' id='word_1_185' title='bbox 1987 1722 2242 1769; x_wconf 89' lang='lat' dir='ltr'>Benedicta</span> <span class='ocrx_word' id='word_1_186' title='bbox 2273 1723 2414 1786; x_wconf 91' lang='lat' dir='ltr'>igitur</span> <span class='ocrx_word' id='word_1_187' title='bbox 2443 1718 2589 1768; x_wconf 73' lang='lat' dir='ltr'>MarIa</span> <span class='ocrx_word' id='word_1_188' title='bbox 2622 1722 2672 1768; x_wconf 91' lang='lat' dir='ltr'>in</span> 
     </span>
     <span class='ocr_line' id='line_1_18' title="bbox 547 1802 2674 1870; baseline -0.003 -16"><span class='ocrx_word' id='word_1_189' title='bbox 547 1806 823 1854; x_wconf 90' lang='lat' dir='ltr'>mulieribus</span> <span class='ocrx_word' id='word_1_190' title='bbox 843 1805 1001 1870; x_wconf 84' lang='lat' dir='ltr'>potius</span> <span class='ocrx_word' id='word_1_191' title='bbox 1020 1821 1167 1868; x_wconf 90' lang='lat' dir='ltr'>quam</span> <span class='ocrx_word' id='word_1_192' title='bbox 1188 1805 1236 1850; x_wconf 93' lang='lat' dir='ltr'>in</span> <span class='ocrx_word' id='word_1_193' title='bbox 1256 1804 1368 1851; x_wconf 85' lang='lat' dir='ltr'>viris</span> <span class='ocrx_word' id='word_1_194' title='bbox 1394 1803 1591 1864; x_wconf 86' lang='lat' dir='ltr'>dicitur,</span> <span class='ocrx_word' id='word_1_195' title='bbox 1626 1805 1737 1868; x_wconf 89' lang='lat' dir='ltr'>quia</span> <span class='ocrx_word' id='word_1_196' title='bbox 1767 1804 1868 1850; x_wconf 87' lang='lat' dir='ltr'>haec</span> <span class='ocrx_word' id='word_1_197' title='bbox 1891 1804 1991 1867; x_wconf 89' lang='lat' dir='ltr'>ejus</span> <span class='ocrx_word' id='word_1_198' title='bbox 2011 1803 2157 1867; x_wconf 88' lang='lat' dir='ltr'>gratia</span> <span class='ocrx_word' id='word_1_199' title='bbox 2181 1802 2418 1867; x_wconf 88' lang='lat' dir='ltr'>virginalis</span> <span class='ocrx_word' id='word_1_200' title='bbox 2440 1802 2674 1867; x_wconf 89' lang='lat' dir='ltr'>propositi</span> 
     </span>
     <span class='ocr_line' id='line_1_19' title="bbox 547 1881 2672 1948; baseline -0.002 -14"><span class='ocrx_word' id='word_1_201' title='bbox 547 1889 595 1934; x_wconf 88' lang='lat' dir='ltr'>in</span> <span class='ocrx_word' id='word_1_202' title='bbox 621 1886 807 1934; x_wconf 92' lang='lat' dir='ltr'>feminis</span> <span class='ocrx_word' id='word_1_203' title='bbox 833 1884 1036 1931; x_wconf 88' lang='lat' dir='ltr'>maxime</span> <span class='ocrx_word' id='word_1_204' title='bbox 1060 1900 1146 1948; x_wconf 90' lang='lat' dir='ltr'>per</span> <span class='ocrx_word' id='word_1_205' title='bbox 1171 1883 1272 1946; x_wconf 89' lang='lat' dir='ltr'>ejus</span> <span class='ocrx_word' id='word_1_206' title='bbox 1297 1883 1612 1930; x_wconf 89' lang='lat' dir='ltr'>imitationem</span> <span class='ocrx_word' id='word_1_207' title='bbox 1631 1883 1990 1948; x_wconf 89' lang='lat' dir='ltr'>multiplicanda</span> <span class='ocrx_word' id='word_1_208' title='bbox 2014 1883 2187 1943; x_wconf 91' lang='lat' dir='ltr'>fuerat,</span> <span class='ocrx_word' id='word_1_209' title='bbox 2217 1883 2337 1930; x_wconf 89' lang='lat' dir='ltr'>sicut</span> <span class='ocrx_word' id='word_1_210' title='bbox 2360 1893 2405 1929; x_wconf 89' lang='lat' dir='ltr'>et</span> <span class='ocrx_word' id='word_1_211' title='bbox 2429 1881 2672 1929; x_wconf 86' lang='lat' dir='ltr'>Psalmista</span> 
     </span>
     <span class='ocr_line' id='line_1_20' title="bbox 549 1962 2676 2031; baseline -0.003 -16"><span class='ocrx_word' id='word_1_212' title='bbox 549 1977 686 2016; x_wconf 88' lang='lat' dir='ltr'>antea</span> <span class='ocrx_word' id='word_1_213' title='bbox 703 1965 999 2031; x_wconf 84' lang='lat' dir='ltr'>praedixerat,</span> <span class='ocrx_word' id='word_1_214' title='bbox 1023 1963 1186 2010; x_wconf 91' lang='lat' dir='ltr'>dicens</span> <span class='ocrx_word' id='word_1_215' title='bbox 1202 1966 1213 1987; x_wconf 91' lang='lat'><strong>¹</strong></span> <span class='ocrx_word' id='word_1_216' title='bbox 1232 1981 1241 2009; x_wconf 80' lang='lat' dir='ltr'>z</span> <span class='ocrx_word' id='word_1_217' title='bbox 1266 1982 1289 2007; x_wconf 84' lang='lat'><em>«</em></span> <span class='ocrx_word' id='word_1_218' title='bbox 1311 1962 1494 2009; x_wconf 89' lang='lat' dir='ltr'>Adstitit</span> <span class='ocrx_word' id='word_1_219' title='bbox 1513 1964 1676 2027; x_wconf 88' lang='lat' dir='ltr'>regina</span> <span class='ocrx_word' id='word_1_220' title='bbox 1693 1980 1718 2010; x_wconf 87' lang='lat' dir='ltr'>a</span> <span class='ocrx_word' id='word_1_221' title='bbox 1738 1963 1912 2010; x_wconf 82' lang='lat' dir='ltr'>dextris</span> <span class='ocrx_word' id='word_1_222' title='bbox 1928 1963 2038 2023; x_wconf 89' lang='lat' dir='ltr'>tuis,</span> <span class='ocrx_word' id='word_1_223' title='bbox 2062 1973 2152 2010; x_wconf 87' lang='lat' dir='ltr'>etc.</span> <span class='ocrx_word' id='word_1_224' title='bbox 2175 1982 2198 2007; x_wconf 89' lang='lat'>»</span> <span class='ocrx_word' id='word_1_225' title='bbox 2215 1966 2272 2010; x_wconf 90' lang='lat' dir='ltr'>Et</span> <span class='ocrx_word' id='word_1_226' title='bbox 2285 1965 2495 2009; x_wconf 76' lang='lat' dir='ltr'>rursum²</span> <span class='ocrx_word' id='word_1_227' title='bbox 2511 1981 2569 2009; x_wconf 81' lang='lat'>:.«</span> <span class='ocrx_word' id='word_1_228' title='bbox 2587 1962 2676 2009; x_wconf 87' lang='lat' dir='ltr'>Ad-</span> 
     </span>
     <span class='ocr_line' id='line_1_21' title="bbox 551 2043 2670 2109; baseline -0.001 -16"><span class='ocrx_word' id='word_1_229' title='bbox 551 2047 785 2093; x_wconf 91' lang='lat' dir='ltr'>ducentur</span> <span class='ocrx_word' id='word_1_230' title='bbox 826 2045 924 2108; x_wconf 89' lang='lat' dir='ltr'>regi</span> <span class='ocrx_word' id='word_1_231' title='bbox 957 2044 1160 2108; x_wconf 86' lang='lat' dir='ltr'>virgines</span> <span class='ocrx_word' id='word_1_232' title='bbox 1195 2053 1303 2108; x_wconf 90' lang='lat' dir='ltr'>post</span> <span class='ocrx_word' id='word_1_233' title='bbox 1334 2060 1462 2102; x_wconf 88' lang='lat' dir='ltr'>eam,</span> <span class='ocrx_word' id='word_1_234' title='bbox 1507 2043 1807 2090; x_wconf 87' lang='lat' dir='ltr'>adducentur</span> <span class='ocrx_word' id='word_1_235' title='bbox 1833 2044 1882 2090; x_wconf 92' lang='lat' dir='ltr'>in</span> <span class='ocrx_word' id='word_1_236' title='bbox 1909 2044 2142 2109; x_wconf 90' lang='lat' dir='ltr'>templum</span> <span class='ocrx_word' id='word_1_237' title='bbox 2168 2044 2352 2107; x_wconf 86' lang='lat' dir='ltr'>regis.»</span> <span class='ocrx_word' id='word_1_238' title='bbox 2391 2047 2504 2090; x_wconf 89' lang='lat' dir='ltr'>Post</span> <span class='ocrx_word' id='word_1_239' title='bbox 2543 2059 2670 2103; x_wconf 91' lang='lat' dir='ltr'>eam,</span> 
     </span>
     <span class='ocr_line' id='line_1_22' title="bbox 552 2123 2672 2190; baseline -0.002 -17"><span class='ocrx_word' id='word_1_240' title='bbox 552 2127 720 2190; x_wconf 87' lang='lat' dir='ltr'>inquit,</span> <span class='ocrx_word' id='word_1_241' title='bbox 742 2124 1040 2172; x_wconf 86' lang='lat' dir='ltr'>adducentur</span> <span class='ocrx_word' id='word_1_242' title='bbox 1057 2124 1106 2170; x_wconf 90' lang='lat' dir='ltr'>in</span> <span class='ocrx_word' id='word_1_243' title='bbox 1125 2123 1357 2188; x_wconf 90' lang='lat' dir='ltr'>templum</span> <span class='ocrx_word' id='word_1_244' title='bbox 1377 2124 1514 2187; x_wconf 86' lang='lat' dir='ltr'>regis,</span> <span class='ocrx_word' id='word_1_245' title='bbox 1538 2124 1648 2187; x_wconf 89' lang='lat' dir='ltr'>quia</span> <span class='ocrx_word' id='word_1_246' title='bbox 1667 2140 1753 2188; x_wconf 90' lang='lat' dir='ltr'>per</span> <span class='ocrx_word' id='word_1_247' title='bbox 1772 2124 2086 2170; x_wconf 87' lang='lat' dir='ltr'>imitationem</span> <span class='ocrx_word' id='word_1_248' title='bbox 2101 2123 2243 2187; x_wconf 89' lang='lat' dir='ltr'>hujus</span> <span class='ocrx_word' id='word_1_249' title='bbox 2261 2139 2459 2169; x_wconf 87' lang='lat' dir='ltr'>summae</span> <span class='ocrx_word' id='word_1_250' title='bbox 2477 2123 2672 2186; x_wconf 85' lang='lat' dir='ltr'>reginae,</span> 
     </span>
     <span class='ocr_line' id='line_1_23' title="bbox 551 2202 2676 2272; baseline -0.002 -18"><span class='ocrx_word' id='word_1_251' title='bbox 551 2208 756 2271; x_wconf 87' lang='lat' dir='ltr'>virgines</span> <span class='ocrx_word' id='word_1_252' title='bbox 773 2207 1034 2253; x_wconf 89' lang='lat' dir='ltr'>innumerae</span> <span class='ocrx_word' id='word_1_253' title='bbox 1052 2204 1100 2250; x_wconf 90' lang='lat' dir='ltr'>in</span> <span class='ocrx_word' id='word_1_254' title='bbox 1119 2219 1286 2251; x_wconf 88' lang='lat' dir='ltr'>verum</span> <span class='ocrx_word' id='word_1_255' title='bbox 1309 2204 1396 2250; x_wconf 91' lang='lat' dir='ltr'>Dei</span> <span class='ocrx_word' id='word_1_256' title='bbox 1410 2204 1643 2269; x_wconf 89' lang='lat' dir='ltr'>templum</span> <span class='ocrx_word' id='word_1_257' title='bbox 1666 2214 1777 2251; x_wconf 90' lang='lat' dir='ltr'>sunt</span> <span class='ocrx_word' id='word_1_258' title='bbox 1800 2204 2150 2272; x_wconf 80' lang='lat' dir='ltr'>consecrandae.</span> <span class='ocrx_word' id='word_1_259' title='bbox 2178 2224 2201 2249; x_wconf 91' lang='lat'><strong><em>«</em></strong></span> <span class='ocrx_word' id='word_1_260' title='bbox 2223 2206 2339 2261; x_wconf 85' lang='lat' dir='ltr'>Quae</span> <span class='ocrx_word' id='word_1_261' title='bbox 2353 2218 2502 2267; x_wconf 90' lang='lat' dir='ltr'>quum</span> <span class='ocrx_word' id='word_1_262' title='bbox 2517 2202 2676 2250; x_wconf 90' lang='lat' dir='ltr'>audis—</span> 
     </span>
     <span class='ocr_line' id='line_1_24' title="bbox 555 2283 2678 2349; baseline -0.003 -14"><span class='ocrx_word' id='word_1_263' title='bbox 555 2298 624 2335; x_wconf 88' lang='lat' dir='ltr'>set</span> <span class='ocrx_word' id='word_1_264' title='bbox 638 2324 650 2347; x_wconf 95' lang='lat'>,</span> <span class='ocrx_word' id='word_1_265' title='bbox 675 2286 862 2334; x_wconf 87' lang='lat' dir='ltr'>turbata</span> <span class='ocrx_word' id='word_1_266' title='bbox 884 2287 994 2332; x_wconf 78' lang='lat' dir='ltr'>est³.</span> <span class='ocrx_word' id='word_1_267' title='bbox 1022 2304 1044 2329; x_wconf 68' lang='grc' dir='ltr'><strong>υ</strong></span> <span class='ocrx_word' id='word_1_268' title='bbox 1076 2284 1146 2331; x_wconf 84' lang='lat' dir='ltr'>Ad</span> <span class='ocrx_word' id='word_1_269' title='bbox 1166 2284 1308 2332; x_wconf 89' lang='lat' dir='ltr'>verba</span> <span class='ocrx_word' id='word_1_270' title='bbox 1325 2283 1584 2348; x_wconf 89' lang='lat' dir='ltr'>loquentis,</span> <span class='ocrx_word' id='word_1_271' title='bbox 1606 2294 1652 2331; x_wconf 90' lang='lat' dir='ltr'>et</span> <span class='ocrx_word' id='word_1_272' title='bbox 1671 2301 1845 2348; x_wconf 87' lang='lat' dir='ltr'>magno</span> <span class='ocrx_word' id='word_1_273' title='bbox 1863 2284 2102 2349; x_wconf 86' lang='lat' dir='ltr'>praeconio</span> <span class='ocrx_word' id='word_1_274' title='bbox 2121 2283 2274 2330; x_wconf 92' lang='lat' dir='ltr'>laudis</span> <span class='ocrx_word' id='word_1_275' title='bbox 2299 2300 2405 2331; x_wconf 91' lang='lat' dir='ltr'>eam</span> <span class='ocrx_word' id='word_1_276' title='bbox 2433 2283 2678 2330; x_wconf 89' lang='lat' dir='ltr'>salutantis</span> 
     </span>
     <span class='ocr_line' id='line_1_25' title="bbox 555 2363 2676 2431; baseline -0.002 -16"><span class='ocrx_word' id='word_1_277' title='bbox 555 2367 741 2415; x_wconf 89' lang='lat' dir='ltr'>turbata</span> <span class='ocrx_word' id='word_1_278' title='bbox 760 2376 1053 2414; x_wconf 89' lang='lat' dir='ltr'>memoratur</span> <span class='ocrx_word' id='word_1_279' title='bbox 1069 2382 1167 2413; x_wconf 91' lang='lat' dir='ltr'>esse</span> <span class='ocrx_word' id='word_1_280' title='bbox 1180 2402 1192 2425; x_wconf 90' lang='lat'>,</span> <span class='ocrx_word' id='word_1_281' title='bbox 1215 2382 1316 2412; x_wconf 90' lang='lat' dir='ltr'>non</span> <span class='ocrx_word' id='word_1_282' title='bbox 1337 2383 1446 2412; x_wconf 91' lang='lat' dir='ltr'>eum</span> <span class='ocrx_word' id='word_1_283' title='bbox 1469 2367 1551 2431; x_wconf 92' lang='lat' dir='ltr'>qui</span> <span class='ocrx_word' id='word_1_284' title='bbox 1569 2365 1854 2430; x_wconf 87' lang='lat' dir='ltr'>loquebatur</span> <span class='ocrx_word' id='word_1_285' title='bbox 1872 2366 2098 2431; x_wconf 86' lang='lat' dir='ltr'>aspicere.</span> <span class='ocrx_word' id='word_1_286' title='bbox 2122 2366 2244 2412; x_wconf 87' lang='lat' dir='ltr'>Fixis</span> <span class='ocrx_word' id='word_1_287' title='bbox 2263 2365 2440 2431; x_wconf 88' lang='lat' dir='ltr'>quippe</span> <span class='ocrx_word' id='word_1_288' title='bbox 2460 2363 2609 2411; x_wconf 93' lang='lat' dir='ltr'>oculis</span> <span class='ocrx_word' id='word_1_289' title='bbox 2627 2364 2676 2410; x_wconf 89' lang='lat' dir='ltr'>in</span> 
     </span>
     <span class='ocr_line' id='line_1_26' title="bbox 555 2446 2678 2512; baseline -0.002 -15"><span class='ocrx_word' id='word_1_290' title='bbox 555 2451 781 2509; x_wconf 92' lang='lat' dir='ltr'>lectione,</span> <span class='ocrx_word' id='word_1_291' title='bbox 803 2449 879 2496; x_wconf 92' lang='lat' dir='ltr'>vel</span> <span class='ocrx_word' id='word_1_292' title='bbox 898 2459 1031 2496; x_wconf 86' lang='lat' dir='ltr'>terrae</span> <span class='ocrx_word' id='word_1_293' title='bbox 1051 2447 1198 2495; x_wconf 85' lang='lat' dir='ltr'>affixis</span> <span class='ocrx_word' id='word_1_294' title='bbox 1219 2449 1267 2494; x_wconf 92' lang='lat' dir='ltr'>in</span> <span class='ocrx_word' id='word_1_295' title='bbox 1289 2449 1527 2508; x_wconf 89' lang='lat' dir='ltr'>oratione,</span> <span class='ocrx_word' id='word_1_296' title='bbox 1551 2465 1649 2512; x_wconf 93' lang='lat' dir='ltr'>quo</span> <span class='ocrx_word' id='word_1_297' title='bbox 1669 2449 1854 2495; x_wconf 90' lang='lat' dir='ltr'>animus</span> <span class='ocrx_word' id='word_1_298' title='bbox 1873 2447 2152 2512; x_wconf 82' lang='lat' dir='ltr'>intendebat</span> <span class='ocrx_word' id='word_1_299' title='bbox 2170 2457 2268 2494; x_wconf 88' lang='lat' dir='ltr'>tota</span> <span class='ocrx_word' id='word_1_300' title='bbox 2283 2446 2516 2506; x_wconf 86' lang='lat' dir='ltr'>inhiabat,</span> <span class='ocrx_word' id='word_1_301' title='bbox 2536 2455 2678 2510; x_wconf 89' lang='lat' dir='ltr'>atque</span> 
     </span>
     <span class='ocr_line' id='line_1_27' title="bbox 558 2526 2680 2593; baseline -0.002 -16"><span class='ocrx_word' id='word_1_302' title='bbox 558 2530 813 2578; x_wconf 88' lang='lat' dir='ltr'>immobilis</span> <span class='ocrx_word' id='word_1_303' title='bbox 842 2530 1076 2589; x_wconf 81' lang='lat' dir='ltr'>haerebat3</span> <span class='ocrx_word' id='word_1_304' title='bbox 1102 2546 1192 2576; x_wconf 89' lang='lat' dir='ltr'>nec</span> <span class='ocrx_word' id='word_1_305' title='bbox 1226 2529 1494 2576; x_wconf 88' lang='lat' dir='ltr'>humanum</span> <span class='ocrx_word' id='word_1_306' title='bbox 1528 2529 1724 2576; x_wconf 89' lang='lat' dir='ltr'>curabat</span> <span class='ocrx_word' id='word_1_307' title='bbox 1752 2538 2023 2593; x_wconf 86' lang='lat' dir='ltr'>aspectum,</span> <span class='ocrx_word' id='word_1_308' title='bbox 2052 2545 2157 2593; x_wconf 89' lang='lat' dir='ltr'>quae</span> <span class='ocrx_word' id='word_1_309' title='bbox 2186 2538 2372 2575; x_wconf 90' lang='lat' dir='ltr'>tantum</span> <span class='ocrx_word' id='word_1_310' title='bbox 2402 2526 2680 2574; x_wconf 87' lang='lat' dir='ltr'>intendebat</span> 
     </span>
     <span class='ocr_line' id='line_1_28' title="bbox 558 2607 2682 2674; baseline -0.003 -15"><span class='ocrx_word' id='word_1_311' title='bbox 558 2612 789 2659; x_wconf 89' lang='lat' dir='ltr'>divinum.</span> <span class='ocrx_word' id='word_1_312' title='bbox 813 2610 953 2657; x_wconf 91' lang='lat' dir='ltr'>Unde</span> <span class='ocrx_word' id='word_1_313' title='bbox 976 2619 1135 2657; x_wconf 90' lang='lat' dir='ltr'>autem</span> <span class='ocrx_word' id='word_1_314' title='bbox 1161 2609 1348 2657; x_wconf 88' lang='lat' dir='ltr'>turbata</span> <span class='ocrx_word' id='word_1_315' title='bbox 1368 2610 1386 2654; x_wconf 74' lang='lat' dir='ltr'>P</span> <span class='ocrx_word' id='word_1_316' title='bbox 1413 2610 1619 2656; x_wconf 87' lang='lat' dir='ltr'>Diversis</span> <span class='ocrx_word' id='word_1_317' title='bbox 1641 2609 1853 2674; x_wconf 90' lang='lat' dir='ltr'>undique</span> <span class='ocrx_word' id='word_1_318' title='bbox 1876 2609 1937 2656; x_wconf 92' lang='lat' dir='ltr'>de</span> <span class='ocrx_word' id='word_1_319' title='bbox 1960 2609 2129 2656; x_wconf 90' lang='lat' dir='ltr'>causis.</span> <span class='ocrx_word' id='word_1_320' title='bbox 2159 2611 2279 2655; x_wconf 86' lang='lat' dir='ltr'>Tum</span> <span class='ocrx_word' id='word_1_321' title='bbox 2312 2607 2425 2672; x_wconf 89' lang='lat' dir='ltr'>quia</span> <span class='ocrx_word' id='word_1_322' title='bbox 2455 2607 2541 2653; x_wconf 90' lang='lat' dir='ltr'>viri</span> <span class='ocrx_word' id='word_1_323' title='bbox 2570 2618 2682 2653; x_wconf 90' lang='lat' dir='ltr'>con-</span> 
     </span>
     <span class='ocr_line' id='line_1_29' title="bbox 558 2673 2684 2754; baseline -0.003 -16"><span class='ocrx_word' id='word_1_324' title='bbox 558 2692 758 2738; x_wconf 88' lang='lat' dir='ltr'>sortium</span> <span class='ocrx_word' id='word_1_325' title='bbox 777 2689 1009 2754; x_wconf 87' lang='lat' dir='ltr'>fugiebat,</span> <span class='ocrx_word' id='word_1_326' title='bbox 1036 2700 1139 2737; x_wconf 90' lang='lat' dir='ltr'>tum</span> <span class='ocrx_word' id='word_1_327' title='bbox 1157 2690 1269 2753; x_wconf 89' lang='lat' dir='ltr'>quia</span> <span class='ocrx_word' id='word_1_328' title='bbox 1287 2690 1480 2736; x_wconf 88' lang='lat' dir='ltr'>lectioni</span> <span class='ocrx_word' id='word_1_329' title='bbox 1498 2689 1573 2737; x_wconf 92' lang='lat' dir='ltr'>vel</span> <span class='ocrx_word' id='word_1_330' title='bbox 1596 2673 1802 2736; x_wconf 69' lang='lat' dir='ltr'>orationi</span> <span class='ocrx_word' id='word_1_331' title='bbox 1824 2698 1974 2736; x_wconf 90' lang='lat' dir='ltr'>totam</span> <span class='ocrx_word' id='word_1_332' title='bbox 1997 2704 2195 2754; x_wconf 88' lang='lat' dir='ltr'>operam</span> <span class='ocrx_word' id='word_1_333' title='bbox 2217 2686 2549 2752; x_wconf 89' lang='lat' dir='ltr'>impendebat,</span> <span class='ocrx_word' id='word_1_334' title='bbox 2573 2702 2684 2749; x_wconf 84' lang='lat' dir='ltr'>qua-</span> 
     </span>
     <span class='ocr_line' id='line_1_30' title="bbox 561 2755 2687 2836; baseline -0.004 -16"><span class='ocrx_word' id='word_1_335' title='bbox 561 2790 664 2820; x_wconf 90' lang='lat' dir='ltr'>rum</span> <span class='ocrx_word' id='word_1_336' title='bbox 689 2772 1011 2820; x_wconf 89' lang='lat' dir='ltr'>assiduitatem</span> <span class='ocrx_word' id='word_1_337' title='bbox 1036 2771 1286 2836; x_wconf 88' lang='lat' dir='ltr'>praepediri</span> <span class='ocrx_word' id='word_1_338' title='bbox 1305 2772 1507 2835; x_wconf 88' lang='lat' dir='ltr'>graviter</span> <span class='ocrx_word' id='word_1_339' title='bbox 1526 2770 1802 2818; x_wconf 88' lang='lat' dir='ltr'>sustinebat.</span> <span class='ocrx_word' id='word_1_340' title='bbox 1837 2774 1936 2817; x_wconf 86' lang='lat' dir='ltr'>«Et</span> <span class='ocrx_word' id='word_1_341' title='bbox 1957 2769 2218 2834; x_wconf 86' lang='lat' dir='ltr'>cogitabat,</span> <span class='ocrx_word' id='word_1_342' title='bbox 2247 2788 2269 2813; x_wconf 89' lang='lat'>»</span> <span class='ocrx_word' id='word_1_343' title='bbox 2297 2769 2449 2833; x_wconf 91' lang='lat' dir='ltr'>inquit</span> <span class='ocrx_word' id='word_1_344' title='bbox 2464 2771 2494 2828; x_wconf 74' lang='lat'>¹⁶,</span> <span class='ocrx_word' id='word_1_345' title='bbox 2529 2755 2552 2812; x_wconf 62' lang='grc' dir='ltr'>(ξ</span> <span class='ocrx_word' id='word_1_346' title='bbox 2576 2782 2687 2831; x_wconf 90' lang='lat' dir='ltr'>qua-</span> 
     </span>
     <span class='ocr_line' id='line_1_31' title="bbox 559 2848 2682 2917; baseline -0.002 -18"><span class='ocrx_word' id='word_1_347' title='bbox 559 2854 614 2901; x_wconf 91' lang='lat' dir='ltr'>lis</span> <span class='ocrx_word' id='word_1_348' title='bbox 638 2864 760 2902; x_wconf 89' lang='lat' dir='ltr'>esset</span> <span class='ocrx_word' id='word_1_349' title='bbox 778 2855 866 2900; x_wconf 92' lang='lat' dir='ltr'>ista</span> <span class='ocrx_word' id='word_1_350' title='bbox 884 2851 1118 2900; x_wconf 88' lang='lat' dir='ltr'>salutatio.</span> <span class='ocrx_word' id='word_1_351' title='bbox 1143 2871 1167 2897; x_wconf 87' lang='lat'>»</span> <span class='ocrx_word' id='word_1_352' title='bbox 1197 2856 1265 2899; x_wconf 85' lang='lat' dir='ltr'>Ex</span> <span class='ocrx_word' id='word_1_353' title='bbox 1285 2869 1379 2917; x_wconf 90' lang='lat' dir='ltr'>qua</span> <span class='ocrx_word' id='word_1_354' title='bbox 1401 2852 1618 2899; x_wconf 91' lang='lat' dir='ltr'>videlicet</span> <span class='ocrx_word' id='word_1_355' title='bbox 1635 2853 1900 2900; x_wconf 90' lang='lat' dir='ltr'>intentione</span> <span class='ocrx_word' id='word_1_356' title='bbox 1919 2851 2200 2917; x_wconf 90' lang='lat' dir='ltr'>procederet</span> <span class='ocrx_word' id='word_1_357' title='bbox 2217 2861 2378 2897; x_wconf 89' lang='lat' dir='ltr'>utrum</span> <span class='ocrx_word' id='word_1_358' title='bbox 2397 2848 2682 2897; x_wconf 86' lang='lat' dir='ltr'>adulationis</span> 
     </span>
     <span class='ocr_line' id='line_1_32' title="bbox 560 2931 2681 2997; baseline -0.003 -16"><span class='ocrx_word' id='word_1_359' title='bbox 560 2935 704 2982; x_wconf 85' lang='lat' dir='ltr'>verba</span> <span class='ocrx_word' id='word_1_360' title='bbox 721 2934 821 2982; x_wconf 90' lang='lat' dir='ltr'>haec</span> <span class='ocrx_word' id='word_1_361' title='bbox 840 2944 1018 2993; x_wconf 92' lang='lat' dir='ltr'>essent,</span> <span class='ocrx_word' id='word_1_362' title='bbox 1041 2949 1102 2979; x_wconf 88' lang='lat' dir='ltr'>an</span> <span class='ocrx_word' id='word_1_363' title='bbox 1121 2933 1328 2980; x_wconf 88' lang='lat' dir='ltr'>veritatis</span> <span class='ocrx_word' id='word_1_364' title='bbox 1349 2952 1358 2979; x_wconf 78' lang='lat' dir='ltr'><em>z</em></span> <span class='ocrx_word' id='word_1_365' title='bbox 1384 2949 1476 2997; x_wconf 86' lang='lat' dir='ltr'>qua</span> <span class='ocrx_word' id='word_1_366' title='bbox 1503 2934 1788 2993; x_wconf 91' lang='lat' dir='ltr'>temeritate,</span> <span class='ocrx_word' id='word_1_367' title='bbox 1818 2949 1915 2997; x_wconf 93' lang='lat' dir='ltr'>quo</span> <span class='ocrx_word' id='word_1_368' title='bbox 1941 2932 2072 2979; x_wconf 90' lang='lat' dir='ltr'>aditu</span> <span class='ocrx_word' id='word_1_369' title='bbox 2100 2932 2178 2979; x_wconf 94' lang='lat' dir='ltr'>ille</span> <span class='ocrx_word' id='word_1_370' title='bbox 2202 2931 2407 2978; x_wconf 90' lang='lat' dir='ltr'>cubiculi</span> <span class='ocrx_word' id='word_1_371' title='bbox 2435 2931 2508 2977; x_wconf 90' lang='lat' dir='ltr'>sui</span> <span class='ocrx_word' id='word_1_372' title='bbox 2533 2944 2681 2991; x_wconf 87' lang='lat' dir='ltr'>secre-</span> 
     </span>
     <span class='ocr_line' id='line_1_33' title="bbox 559 3011 2679 3079; baseline -0.003 -17"><span class='ocrx_word' id='word_1_373' title='bbox 559 3027 659 3063; x_wconf 90' lang='lat' dir='ltr'>tum</span> <span class='ocrx_word' id='word_1_374' title='bbox 686 3016 950 3079; x_wconf 89' lang='lat' dir='ltr'>inquietare</span> <span class='ocrx_word' id='word_1_375' title='bbox 975 3012 1313 3079; x_wconf 80' lang='lat' dir='ltr'>praesumeret?</span> <span class='ocrx_word' id='word_1_376' title='bbox 1341 3016 1497 3071; x_wconf 87' lang='lat' dir='ltr'>Quam</span> <span class='ocrx_word' id='word_1_377' title='bbox 1522 3014 1587 3060; x_wconf 91' lang='lat' dir='ltr'>ita</span> <span class='ocrx_word' id='word_1_378' title='bbox 1611 3013 1879 3078; x_wconf 88' lang='lat' dir='ltr'>perturbari</span> <span class='ocrx_word' id='word_1_379' title='bbox 1908 3013 2103 3077; x_wconf 85' lang='lat' dir='ltr'>angelus</span> <span class='ocrx_word' id='word_1_380' title='bbox 2130 3029 2231 3059; x_wconf 91' lang='lat' dir='ltr'>non</span> <span class='ocrx_word' id='word_1_381' title='bbox 2257 3011 2498 3076; x_wconf 86' lang='lat' dir='ltr'>perferens</span> <span class='ocrx_word' id='word_1_382' title='bbox 2521 3028 2530 3055; x_wconf 91' lang='lat'><strong>:</strong></span> <span class='ocrx_word' id='word_1_383' title='bbox 2564 3028 2590 3079; x_wconf 85' lang='lat'>.“</span> <span class='ocrx_word' id='word_1_384' title='bbox 2611 3011 2679 3055; x_wconf 89' lang='lat' dir='ltr'>Ne</span> 
     </span>
     <span class='ocr_line' id='line_1_34' title="bbox 562 3088 2681 3159; baseline -0.003 -18"><span class='ocrx_word' id='word_1_385' title='bbox 562 3096 748 3156; x_wconf 89' lang='lat' dir='ltr'>timeas,</span> <span class='ocrx_word' id='word_1_386' title='bbox 774 3115 797 3139; x_wconf 87' lang='lat'>»</span> <span class='ocrx_word' id='word_1_387' title='bbox 819 3095 995 3159; x_wconf 88' lang='lat' dir='ltr'>inquit,</span> <span class='ocrx_word' id='word_1_388' title='bbox 1028 3114 1051 3139; x_wconf 93' lang='lat'><strong><em>«</em></strong></span> <span class='ocrx_word' id='word_1_389' title='bbox 1072 3095 1232 3142; x_wconf 87' lang='lat' dir='ltr'>Maria.</span> <span class='ocrx_word' id='word_1_390' title='bbox 1260 3113 1282 3138; x_wconf 87' lang='lat'>»</span> <span class='ocrx_word' id='word_1_391' title='bbox 1317 3096 1423 3141; x_wconf 91' lang='lat' dir='ltr'>Non</span> <span class='ocrx_word' id='word_1_392' title='bbox 1443 3094 1639 3158; x_wconf 92' lang='lat' dir='ltr'>quidem</span> <span class='ocrx_word' id='word_1_393' title='bbox 1659 3095 1720 3141; x_wconf 88' lang='lat' dir='ltr'>ait</span> <span class='ocrx_word' id='word_1_394' title='bbox 1742 3113 1752 3141; x_wconf 67' lang='grc' dir='ltr'><em>ε</em></span> <span class='ocrx_word' id='word_1_395' title='bbox 1778 3097 1846 3141; x_wconf 93' lang='lat' dir='ltr'>Ne</span> <span class='ocrx_word' id='word_1_396' title='bbox 1863 3093 2178 3159; x_wconf 72' lang='lat' dir='ltr'>perturberis,</span> <span class='ocrx_word' id='word_1_397' title='bbox 2204 3092 2288 3141; x_wconf 91' lang='lat' dir='ltr'>sed</span> <span class='ocrx_word' id='word_1_398' title='bbox 2307 3110 2317 3139; x_wconf 72' lang='grc' dir='ltr'>ε</span> <span class='ocrx_word' id='word_1_399' title='bbox 2339 3095 2407 3138; x_wconf 92' lang='lat' dir='ltr'>Ne</span> <span class='ocrx_word' id='word_1_400' title='bbox 2427 3090 2575 3137; x_wconf 87' lang='lat' dir='ltr'>nimia</span> <span class='ocrx_word' id='word_1_401' title='bbox 2592 3088 2681 3135; x_wconf 91' lang='lat' dir='ltr'>sol-</span> 
     </span>
     <span class='ocr_line' id='line_1_35' title="bbox 561 3172 2682 3239; baseline -0.003 -19"><span class='ocrx_word' id='word_1_402' title='bbox 561 3174 803 3221; x_wconf 91' lang='lat' dir='ltr'>licitudine</span> <span class='ocrx_word' id='word_1_403' title='bbox 825 3175 1073 3239; x_wconf 79' lang='lat' dir='ltr'>affligaris:</span> <span class='ocrx_word' id='word_1_404' title='bbox 1101 3191 1162 3222; x_wconf 92' lang='lat' dir='ltr'>ne</span> <span class='ocrx_word' id='word_1_405' title='bbox 1189 3185 1270 3222; x_wconf 89' lang='lat' dir='ltr'>aut</span> <span class='ocrx_word' id='word_1_406' title='bbox 1295 3183 1346 3221; x_wconf 92' lang='lat' dir='ltr'>te·</span> <span class='ocrx_word' id='word_1_407' title='bbox 1365 3173 1581 3221; x_wconf 87' lang='lat' dir='ltr'>obtinere</span> <span class='ocrx_word' id='word_1_408' title='bbox 1610 3174 1833 3238; x_wconf 87' lang='lat' dir='ltr'>desperes</span> <span class='ocrx_word' id='word_1_409' title='bbox 1860 3173 1993 3238; x_wconf 92' lang='lat' dir='ltr'>quod</span> <span class='ocrx_word' id='word_1_410' title='bbox 2021 3172 2212 3232; x_wconf 81' lang='lat' dir='ltr'>vovisti,</span> <span class='ocrx_word' id='word_1_411' title='bbox 2242 3181 2323 3218; x_wconf 89' lang='lat' dir='ltr'>aut</span> <span class='ocrx_word' id='word_1_412' title='bbox 2349 3180 2577 3234; x_wconf 89' lang='lat' dir='ltr'>tanquam</span> <span class='ocrx_word' id='word_1_413' title='bbox 2601 3184 2682 3214; x_wconf 86' lang='lat' dir='ltr'>rea</span> 
     </span>
     <span class='ocr_line' id='line_1_36' title="bbox 564 3249 2680 3319; baseline -0.003 -19"><span class='ocrx_word' id='word_1_414' title='bbox 564 3254 866 3301; x_wconf 89' lang='lat' dir='ltr'>maledictum</span> <span class='ocrx_word' id='word_1_415' title='bbox 897 3256 1109 3302; x_wconf 88' lang='lat' dir='ltr'>incurras</span> <span class='ocrx_word' id='word_1_416' title='bbox 1135 3255 1264 3319; x_wconf 88' lang='lat' dir='ltr'>legis.</span> <span class='ocrx_word' id='word_1_417' title='bbox 1296 3257 1353 3301; x_wconf 91' lang='lat' dir='ltr'>Et</span> <span class='ocrx_word' id='word_1_418' title='bbox 1381 3254 1474 3300; x_wconf 93' lang='lat' dir='ltr'>hoc</span> <span class='ocrx_word' id='word_1_419' title='bbox 1505 3254 1699 3318; x_wconf 89' lang='lat' dir='ltr'>quidem</span> <span class='ocrx_word' id='word_1_420' title='bbox 1731 3254 1839 3301; x_wconf 94' lang='lat' dir='ltr'>loco</span> <span class='ocrx_word' id='word_1_421' title='bbox 1870 3263 2022 3318; x_wconf 83' lang='lat' dir='ltr'>quum</span> <span class='ocrx_word' id='word_1_422' title='bbox 2049 3253 2142 3299; x_wconf 90' lang='lat' dir='ltr'>ait:</span> <span class='ocrx_word' id='word_1_423' title='bbox 2177 3271 2199 3296; x_wconf 89' lang='lat'>«</span> <span class='ocrx_word' id='word_1_424' title='bbox 2221 3251 2388 3310; x_wconf 91' lang='lat' dir='ltr'>Maria,</span> <span class='ocrx_word' id='word_1_425' title='bbox 2415 3269 2438 3293; x_wconf 89' lang='lat'>»</span> <span class='ocrx_word' id='word_1_426' title='bbox 2470 3249 2680 3314; x_wconf 90' lang='lat' dir='ltr'>primum</span> 
     </span>
     <span class='ocr_line' id='line_1_37' title="bbox 563 3332 2683 3401; baseline -0.003 -19"><span class='ocrx_word' id='word_1_427' title='bbox 563 3353 669 3383; x_wconf 90' lang='lat' dir='ltr'>eam</span> <span class='ocrx_word' id='word_1_428' title='bbox 687 3346 826 3382; x_wconf 89' lang='lat' dir='ltr'>vocat</span> <span class='ocrx_word' id='word_1_429' title='bbox 845 3352 901 3382; x_wconf 83' lang='lat' dir='ltr'>ex</span> <span class='ocrx_word' id='word_1_430' title='bbox 924 3338 1142 3396; x_wconf 91' lang='lat' dir='ltr'>nomine,</span> <span class='ocrx_word' id='word_1_431' title='bbox 1171 3347 1223 3384; x_wconf 92' lang='lat' dir='ltr'>ut</span> <span class='ocrx_word' id='word_1_432' title='bbox 1247 3336 1382 3401; x_wconf 87' lang='lat' dir='ltr'>quasi</span> <span class='ocrx_word' id='word_1_433' title='bbox 1405 3334 1681 3383; x_wconf 87' lang='lat' dir='ltr'>familiarem</span> <span class='ocrx_word' id='word_1_434' title='bbox 1705 3334 1793 3381; x_wconf 92' lang='lat' dir='ltr'>sibi</span> <span class='ocrx_word' id='word_1_435' title='bbox 1819 3335 1986 3398; x_wconf 87' lang='lat' dir='ltr'>majori</span> <span class='ocrx_word' id='word_1_436' title='bbox 2010 3334 2187 3381; x_wconf 88' lang='lat' dir='ltr'>relevet</span> <span class='ocrx_word' id='word_1_437' title='bbox 2205 3332 2548 3381; x_wconf 88' lang='lat' dir='ltr'>consolatione.</span> <span class='ocrx_word' id='word_1_438' title='bbox 2587 3332 2683 3377; x_wconf 90' lang='lat' dir='ltr'>Cur</span> 
     </span>
    </p>
   </div>
   <div class='ocr_carea' id='block_1_3' title="bbox 608 3516 2063 3562">
    <p class='ocr_par' dir='ltr' id='par_1_3' title="bbox 608 3516 2063 3562">
     <span class='ocr_line' id='line_1_38' title="bbox 608 3516 2063 3562; baseline -0.001 -11"><span class='ocrx_word' id='word_1_439' title='bbox 608 3519 618 3536; x_wconf 88' lang='lat'>¹</span> <span class='ocrx_word' id='word_1_440' title='bbox 646 3518 762 3551; x_wconf 83' lang='lat' dir='ltr'>Psalm.</span> <span class='ocrx_word' id='word_1_441' title='bbox 783 3529 913 3558; x_wconf 83' lang='lat' dir='ltr'>x1.1v,v.</span> <span class='ocrx_word' id='word_1_442' title='bbox 935 3520 986 3551; x_wconf 87' lang='grc'>10.</span> <span class='ocrx_word' id='word_1_443' title='bbox 1004 3538 1044 3543; x_wconf 88' lang='lat'>—-</span> <span class='ocrx_word' id='word_1_444' title='bbox 1062 3517 1074 3534; x_wconf 77' lang='lat'>³</span> <span class='ocrx_word' id='word_1_445' title='bbox 1093 3518 1191 3560; x_wconf 88' lang='lat' dir='ltr'>lbid.,</span> <span class='ocrx_word' id='word_1_446' title='bbox 1207 3531 1236 3553; x_wconf 89' lang='lat' dir='ltr'>v.</span> <span class='ocrx_word' id='word_1_447' title='bbox 1256 3520 1308 3553; x_wconf 83' lang='lat'>15.</span> <span class='ocrx_word' id='word_1_448' title='bbox 1324 3538 1364 3544; x_wconf 86' lang='lat'><em>—</em></span> <span class='ocrx_word' id='word_1_449' title='bbox 1381 3519 1393 3537; x_wconf 81' lang='lat'>³</span> <span class='ocrx_word' id='word_1_450' title='bbox 1408 3520 1502 3559; x_wconf 65' lang='lat' dir='ltr'>Luc„</span> <span class='ocrx_word' id='word_1_451' title='bbox 1522 3529 1596 3562; x_wconf 83' lang='lat' dir='ltr'>cap.</span> <span class='ocrx_word' id='word_1_452' title='bbox 1618 3530 1645 3558; x_wconf 86' lang='grc' dir='ltr'>ι,</span> <span class='ocrx_word' id='word_1_453' title='bbox 1665 3530 1695 3551; x_wconf 94' lang='lat' dir='ltr'>v.</span> <span class='ocrx_word' id='word_1_454' title='bbox 1716 3519 1770 3551; x_wconf 83' lang='lat'>29.</span> <span class='ocrx_word' id='word_1_455' title='bbox 1788 3536 1825 3541; x_wconf 92' lang='lat'>——</span> <span class='ocrx_word' id='word_1_456' title='bbox 1840 3518 1852 3535; x_wconf 78' lang='lat'>⁸</span> <span class='ocrx_word' id='word_1_457' title='bbox 1873 3518 1964 3557; x_wconf 69' lang='lat' dir='ltr'>Luc..</span> <span class='ocrx_word' id='word_1_458' title='bbox 1984 3516 2063 3550; x_wconf 87' lang='lat' dir='ltr'>ibid.</span> 
     </span>
    </p>
   </div>
  </div>
 </body>
</html>
