2970 4152
556 428 650 475 386
1355 426 1526 473 PETRI
1563 425 1876 475 ABAELARDI

556 522 832 588 speluncam
851 521 898 567 in
918 536 1053 581 saxo,
1087 519 1296 567 fontibus
1321 529 1367 568 et
1391 519 1550 569 electis
1574 521 1824 570 arboribus
1853 521 2225 576 amoenissimus,
2261 521 2310 567 in
2339 538 2485 586 quem
2511 539 2680 571 ascen-

557 602 722 650 dentes
747 612 792 649 et
817 601 1024 648 lavantes
1049 618 1098 648 se
1124 599 1326 648 orabant
1351 611 1398 648 et
1420 601 1680 661 laudabant
1703 606 1858 650 Deum
1878 602 1929 649 in·
1944 601 2129 649 silentio
2152 600 2303 648 tribus
2323 601 2527 665 diebus,.
2544 615 2590 652 et
2614 605 2679 652 sic

557 683 788 730 faciebant
825 698 911 747 per
948 681 1152 746 singulas
1193 682 1521 746 generationes
1563 693 1864 749 expectantes
1896 699 2084 747 semper
2117 698 2178 729 ne
2208 681 2328 729 forte
2352 682 2402 729 in
2427 699 2512 730 sua
2540 701 2681 748 gene-

559 765 739 812 ratione
777 762 909 810 stella
933 763 1013 810 illa
1037 762 1342 811 beatitudinis
1379 764 1607 825 oriretur,
1652 764 1806 812 donec
1843 762 2061 829 apparuit
2101 763 2168 810 eis
2210 763 2503 812 descendens
2537 781 2681 830 super

557 847 769 892 Montem
794 844 928 891 illum
952 844 1280 905 Victorialem,
1313 844 1496 893 habens
1525 846 1575 892 in
1601 862 1650 892 se
1675 845 1807 910 quasi
1830 844 2031 891 formam
2054 844 2191 909 pueri
2214 844 2370 908 parvi,
2397 854 2444 891 et
2468 861 2610 910 super
2629 861 2680 894 se

556 925 912 973 similitudinem
937 926 1113 986 crucis;
1143 936 1190 973 et
1211 926 1371 974 locuta
1394 936 1463 974 est
1487 927 1578 987 eis,
1608 936 1655 973 et
1680 925 1843 973 docuit
1873 941 1981 985 eos,
2018 934 2064 972 et
2092 925 2317 990 praecepit
2339 934 2394 972 ut
2416 924 2682 990 proficisce-

556 1016 719 1053 rentur
737 1007 786 1052 in
804 1009 828 1053 J
833 1006 1031 1054 udaeam.
1055 1006 1466 1055 Proficiscentibus
1485 1016 1645 1054 autem
1663 1007 1747 1067 eiS,
1771 1022 1858 1071 per
1873 1005 2123 1053 biennium
2138 1005 2436 1071 praecedebat
2452 1005 2612 1067 stella,
2634 1016 2682 1054 et

555 1102 712 1150 neque
735 1103 843 1135 esca
873 1105 1029 1153 neque
1054 1097 1196 1154 potus
1231 1087 1400 1135 defecit
1437 1088 1486 1135 in
1516 1087 1640 1152 peris
1665 1103 1849 1134 eorum.
1881 1089 2047 1134 Cetera
2070 1096 2253 1147 autem,
2283 1103 2388 1151 quae
2418 1097 2547 1151 gesta
2578 1103 2681 1136 esse

554 1166 822 1214 referuntur
841 1167 901 1215 ab
921 1168 1010 1228 eiS‚
1033 1168 1083 1215 in
1106 1168 1359 1232 Evangelio
1383 1168 1726 1232 compendiose
1744 1167 1898 1232 posita
1918 1176 2043 1213 sunt.
2069 1166 2282 1214 Tandem
2297 1170 2309 1192 ¹
2334 1183 2484 1231 quum
2505 1169 2682 1216 reversi

555 1247 773 1306 fuissent,
804 1258 1082 1296 manserunt
1104 1248 1314 1296 colentes
1342 1259 1389 1295 et
1417 1248 1732 1312 glorificantes
1756 1251 1912 1294 Deum
1942 1247 2199 1294 studiosius
2233 1248 2380 1312 magis
2409 1265 2555 1312 quam
2581 1248 2680 1315 pri·

557 1345 711 1388 mum,
738 1339 783 1376 et
799 1329 1175 1394 praedicaverunt
1199 1328 1424 1375 omnibus
1449 1328 1499 1375 in
1525 1345 1696 1393 genere
1715 1345 1826 1389 suo,
1850 1338 1897 1375 et
1914 1328 2090 1375 multos
2109 1327 2443 1376 erudierunt.»
2462 1329 2682 1393 Legimus

559 1419 763 1457 mortem
790 1419 1090 1458 terrenorum
1123 1425 1312 1473 regum,
1354 1409 1429 1456 vel
1471 1409 1871 1456 commutationes
1906 1425 2165 1473 regnorum
2195 1409 2339 1457 stellis
2367 1409 2677 1474 quibusdam,

555 1506 670 1554 quas
695 1500 905 1537 cometas
933 1490 1173 1556 appellant
1204 1489 1440 1553 designari
1474 1490 1628 1538 solere
1653 1507 1662 1536 τ
1692 1506 1790 1536 non
1818 1500 1977 1536 tamen
2009 1489 2168 1550 novis,
2206 1489 2291 1537 sed
2323 1490 2510 1537 noviter
2540 1489 2601 1538 de
2633 1507 2683 1537 se

553 1572 686 1635 quasi
709 1571 964 1636 quemdam
991 1572 1172 1618 crinem
1194 1570 1587 1635 producentibus.
1617 1570 1758 1617 Unde
1784 1579 1830 1617 et
1854 1579 2076 1630 cometae,
2103 1571 2238 1634 quasi
2258 1586 2286 1617 a
2311 1586 2474 1631 coma,
2506 1571 2683 1618 crinitae

552 1662 662 1698 sunt
685 1640 945 1717 appellatae.
972 1652 1157 1698 Summi
1175 1667 1289 1698 vero
1308 1652 1430 1716 regis
1450 1667 1633 1699 novum
1651 1651 1908 1698 nativitatis
1927 1650 2147 1710 modum,
2170 1651 2291 1698 sicut
2309 1660 2356 1698 et
2373 1659 2679 1716 conceptum,

551 1748 677 1778 nova
704 1732 837 1779 stella
862 1742 909 1779 et
932 1730 1295 1797 incomparabili
1313 1731 1569 1797 splendore
1584 1731 1869 1797 praesignare
1893 1730 2075 1779 debuit.
2105 1731 2251 1795 Cujus
2271 1741 2318 1778 et
2342 1741 2551 1779 mortem
2574 1741 2684 1779 tan-

552 1829 696 1876 quam
722 1829 1067 1878 expavescens,
1096 1812 1171 1859 vel
1194 1811 1254 1859 de
1279 1811 1466 1860 sceleris
1494 1812 1821 1877 magnitudine
1852 1811 2021 1859 dolens
2057 1811 2129 1859 sol
2158 1811 2460 1871 obscuratus,
2496 1812 2681 1860 mundo

554 1891 778 1940 indicavit
796 1893 1046 1953 universo;
1079 1902 1130 1939 ut
1157 1901 1255 1939 tam
1280 1903 1441 1940 ortum
1465 1909 1611 1957 quam
1636 1908 1860 1939 occasum
1881 1892 1981 1939 veri
2002 1891 2116 1939 solis
2141 1902 2187 1939 et
2211 1891 2410 1940 coelestis
2435 1892 2555 1956 regis
2579 1891 2681 1956 glo·

554 1974 672 2021 riam
697 1974 903 2022 coelestia
929 1984 1302 2040 protestarentur
1321 1975 1469 2039 signa.

618 2056 737 2101 Sunt
757 2054 840 2118 qui
859 2071 959 2102 non
979 2054 1209 2102 mediocri
1234 2054 1549 2103 admiratione
1573 2063 1854 2114 moventur,
1884 2070 1982 2118 quo
2008 2052 2157 2101 modo
2178 2063 2276 2100 tam
2294 2053 2458 2118 paucis
2486 2051 2677 2112 diebus,

551 2153 577 2183 a
617 2135 768 2183 Natali
791 2136 966 2184 scilicet
994 2136 1188 2182 Domini
1214 2152 1364 2200 usque
1394 2135 1457 2182 ad
1489 2135 1872 2200 Theophaniam,
1901 2135 2027 2198 magi
2056 2134 2118 2181 ab
2152 2134 2338 2181 oriente
2364 2151 2515 2198 usque
2542 2133 2681 2181 Beth·

550 2217 706 2264 lehem
727 2218 976 2282 pervenire
996 2226 1270 2283 potuerunt.
1296 2216 1442 2274 Quod
1454 2216 1651 2280 quidem
1670 2226 1784 2263 tunc
1800 2226 1927 2263 recte
1945 2216 2249 2275 mirarentur,
2271 2215 2309 2262 si
2325 2224 2372 2262 et
2387 2225 2655 2279 quaererent
2667 2252 2679 2276 ,

550 2298 588 2343 si
613 2307 852 2345 constaret
885 2297 1010 2345 hanc
1046 2297 1228 2345 stellam
1258 2313 1562 2362 nequaquam
1591 2307 1701 2344 ante
1728 2296 2019 2344 dominicam
2055 2296 2349 2343 nativitatem
2382 2295 2680 2360 apparuisse,

549 2394 639 2425 nec
665 2388 711 2426 et
735 2395 900 2444 magos
924 2380 1011 2426 iter
1034 2378 1129 2426 hoc
1154 2379 1423 2444 arripuisse.
1448 2380 1609 2436 Quum
1637 2394 1752 2425 vero
1784 2377 2150 2441 Chrysostomus
2185 2394 2242 2424 ex
2267 2376 2539 2441 supradicta
2572 2375 2684 2422 scri-

550 2468 687 2523 ptura
711 2469 1058 2506 commemoret
1086 2475 1169 2506 eos
1202 2475 1288 2524 per
1314 2458 1563 2506 biennium
1591 2457 1950 2523 proficiscentes
1984 2457 2128 2504 stellae
2158 2456 2430 2522 apparentis
2455 2455 2683 2502 ducatum

548 2538 790 2599 habuisse,
821 2550 867 2587 et
891 2539 1086 2587 tandem
1112 2539 1323 2586 Domino
1345 2539 1446 2603 jam
1470 2549 1584 2586 nato
1603 2538 1969 2586 Hierosolimam
1991 2538 2288 2603 pervenisse,
2316 2535 2436 2583 nihil
2459 2536 2680 2600 quaestio-

550 2620 622 2666 nis
648 2620 945 2685 relinquitur.
969 2620 1093 2667 Illud
1113 2630 1273 2667 autem
1293 2620 1502 2667 fortassis
1520 2620 1782 2686 plurimum
1801 2629 1986 2679 movet,
2006 2618 2256 2683 quomodo
2276 2627 2459 2677 tantus,
2491 2626 2544 2664 ut
2569 2616 2682 2663 dici-

549 2710 646 2761 tur,
676 2702 906 2767 splendor
932 2700 1074 2748 stellae
1105 2701 1233 2748 solos
1264 2702 1578 2749 commoverit
1611 2717 1797 2766 magos,
1834 2717 1924 2748 nec
1946 2700 2007 2747 ab
2034 2699 2222 2747 Herode
2245 2699 2321 2747 vel
2341 2698 2519 2746 caeteris
2546 2714 2680 2745 com·

550 2781 690 2843 periri
722 2781 952 2846 potuerit,
985 2781 1190 2828 maxime
1212 2797 1364 2845 quum
1389 2797 1496 2828 eam
1520 2781 1920 2846 propinquiorem
1947 2796 2093 2844 quam
2117 2781 2330 2828 caeteras²
2355 2778 2559 2825 extitisse
2585 2777 2680 2843 ple-

549 2862 683 2926 rique
720 2862 1032 2923 arbitrentur,
1074 2879 1171 2927 quo
1208 2862 1377 2909 melius
1402 2874 1546 2927 super
1568 2879 1773 2927 puerum
1798 2863 1994 2910 veniens
2018 2861 2182 2909 locum
2210 2860 2358 2925 magis
2393 2859 2673 2925 designaret.

551 2943 643 2990 Sed
668 2961 820 3008 quum
847 2943 965 2990 nihil
990 2943 1283 3009 impossibile
1305 2947 1408 2991 Deo
1428 2960 1530 2991 esse
1550 2944 1793 3001 credatur,
1825 2960 1925 2990 non
1952 2954 2022 2991 est
2041 2943 2358 2991 dubitandum
2377 2959 2490 2990 eum
2506 2941 2679 3007 quibus

551 3021 750 3069 voluerit
779 3023 905 3070 hanc
933 3022 1115 3070 stellam
1141 3022 1426 3084 occultasse,
1455 3033 1503 3076 et
1527 3024 1593 3070 eis
1619 3034 1805 3071 tantum
1828 3024 1911 3088 qui
1935 3023 2067 3088 digni
2092 3023 2278 3071 fuerant
2300 3022 2548 3070 revelasse.
2590 3024 2678 3068 Po-

552 3108 742 3148 tuerunt
767 3112 812 3149 et
836 3103 912 3150 isti
937 3103 1063 3168 magi
1087 3112 1269 3150 tantam
1294 3120 1390 3168 prae
1415 3104 1592 3151 caeteris
1617 3114 1856 3151 astrorum
1878 3103 2099 3152 habuisse
2123 3104 2367 3163 notitiam,
2399 3113 2451 3150 ut
2471 3101 2560 3150 soli
2587 3117 2677 3148 no-

553 3196 661 3226 vam
685 3183 1118 3233 animadverterent
1142 3184 1323 3232 stellam
1339 3221 1351 3244 ,
1381 3194 1427 3232 et
1450 3185 1499 3231 in
1527 3185 1627 3248 ejus
1652 3203 1906 3251 progressu
1929 3186 2005 3234 vel
2027 3187 2229 3234 statione
2253 3202 2354 3232 non
2380 3184 2673 3232 oberrarent.

554 3261 623 3305 De
638 3260 810 3323 quibus
829 3250 1231 3329 quumscriptum
1257 3264 1315 3311 sit
1329 3267 1341 3289 ³
1370 3265 1481 3328 quia
1509 3284 1531 3309 «
1552 3265 1776 3313 viderunt
1799 3283 1903 3314 eam
1924 3267 1971 3313 in
1993 3266 2201 3325 oriente;
2223 3283 2246 3309 »
2269 3274 2315 3312 et
2334 3281 2523 3311 rursum
2544 3263 2680 3326 quia⁸

601 3462 608 3477 ⁴
637 3460 700 3494 MS.
726 3461 814 3495 Eins.
826 3481 848 3487 -
865 3464 981 3495 Tamen
998 3463 1084 3497 Edit.
1104 3463 1200 3497 Amb.
1220 3483 1256 3489 —
1275 3464 1287 3481 ²
1302 3465 1367 3499 MS.
1388 3465 1478 3502 Eius.
1494 3485 1517 3492 -
1535 3468 1722 3502 Caete›·is....
1741 3469 1901 3509 plerisque
1921 3468 2006 3501 Edit.
2029 3467 2123 3501 Amb.
2141 3485 2184 3491 —
2198 3466 2211 3484 ³
2225 3479 2240 3496 ι
2256 3466 2355 3500 Stella
2373 3477 2468 3510 quam
2485 3465 2630 3499 viderant
2645 3464 2675 3496 in

555 3518 697 3552 Oriente.
717 3532 730 3548 n
751 3519 901 3563 (Maium,
919 3531 992 3564 cap·
1011 3533 1051 3561 n,
1068 3533 1097 3555 v.
1117 3521 1163 3565 9.)
1179 3541 1216 3547 -
1232 3522 1244 3539 ⁴
1264 3522 1347 3557 lbid.
