2970 4152
1302 411 1621 458 EPISTOLAE.
2424 406 2518 453 209

397 517 685 565 cognoscere
708 501 929 550 homines
955 502 1289 567 dedignantur-
1324 508 1450 552 Pene
1472 506 1631 553 nullus
1652 506 1770 553 scire
1795 506 1962 570 quaerit
1987 504 2121 570 quod
2146 502 2363 551 credidit.
2393 520 2415 544 »
2454 499 2523 546 Ad

395 581 529 645 quod
566 582 707 629 etiam
747 583 1008 649 plurimum
1033 584 1164 650 ipsos
1202 594 1250 632 et
1287 586 1594 650 professionis
1630 604 1724 633 suae
1752 586 1914 651 regula
1942 596 1988 633 et
2023 595 2295 632 sanctorum
2331 592 2521 648 patrum

395 660 712 711 adhortantur
739 664 970 730 exempla.
1001 663 1126 711 Nihil
1151 666 1329 731 quippe
1354 666 1415 713 de
1441 666 1659 714 doctrina
1695 667 1771 714 vel
1801 667 1958 714 studio
1989 676 2157 713 cantus
2181 664 2407 712 admonet
2437 666 2520 708 Be·

395 741 612 791 nedictus
628 780 640 804 ,
669 762 818 809 quum
845 746 946 810 ipse
975 745 1238 810 plurimum
1255 746 1316 794 de
1335 746 1539 794 lectione
1564 748 1805 813 praecipiat
1821 750 1857 808 ¹,
1888 758 1933 794 et
1957 749 2059 812 ipsa
2076 745 2266 810 legendi
2282 754 2518 808 tempora,

394 822 515 870 sicut
532 834 579 871 et
603 824 881 884 laborandi,
911 825 1161 890 diligenter
1185 827 1415 891 assignet,
1444 838 1491 874 et
1515 828 1563 874 in
1585 838 1771 875 tantum
1790 828 1851 874 de
1870 829 1972 893 ipsa
1993 843 2186 891 quoque
2212 824 2422 872 dictandi
2438 840 2520 870 seu

394 902 634 951 scribendi
657 905 875 952 doctrina
896 906 1176 971 provideat,
1210 918 1262 954 ut
1291 908 1416 955 inter
1437 909 1699 956 necessaria
1723 926 1829 973 quae
1867 908 1927 955 ab
1955 907 2126 954 abbate
2159 905 2384 953 monachi
2418 921 2523 969 spe-

394 1001 498 1032 rare
516 974 749 1048 debeant,
779 987 963 1035 tabulas
988 989 1130 1036 etiam
1149 999 1196 1036 et
1220 990 1473 1055 graphium
1499 1008 1597 1038 non
1624 992 1949 1057 praetermittat
1968 993 1996 1036 ².
2021 990 2116 1047 Qui
2134 1005 2285 1053 quum
2301 988 2424 1034 inter
2441 1003 2523 1033 cae-

394 1075 494 1114 tera
525 1067 723 1131 jubeat,
763 1069 902 1133 quod
933 1070 979 1116 in
1016 1071 1170 1136 capite
1200 1071 1572 1137 quadragesimae
1597 1089 1766 1120 omnes
1789 1070 2014 1119 monachi
2052 1070 2264 1135 singulos
2289 1069 2523 1134 accipiant

392 1146 584 1195 codices
610 1165 668 1196 ex
703 1148 1017 1210 bibliotheca,
1046 1167 1168 1215 quos
1197 1169 1284 1217 per
1309 1153 1531 1200 ordinem
1556 1170 1612 1200 ex
1640 1154 1823 1218 integro
1852 1153 2038 1216 legant³
2068 1170 2077 1198 :
2108 1151 2222 1216 quid
2248 1150 2344 1197 hoc
2373 1148 2523 1213 magis

392 1227 730 1277 ridiculosum‘
763 1247 910 1296 quam
936 1231 1132 1280 lectioni
1154 1249 1323 1280 vacare
1341 1270 1353 1293 ,
1384 1245 1431 1282 et
1455 1234 1775 1299 intelligentiae
1800 1251 1998 1299 operam
2036 1250 2135 1280 non
2169 1232 2318 1279 dare?
2344 1235 2520 1278 Notum

392 1308 570 1373 quippe
595 1320 663 1356 est
688 1309 805 1357 illud
830 1312 1062 1376 Sapientis
1090 1313 1400 1378 proverbium
1436 1333 1445 1361 :
1480 1335 1502 1360 «
1524 1319 1699 1380 Legere
1731 1325 1777 1363 et
1818 1332 1918 1362 non
1956 1314 2244 1379 intelligere,
2285 1313 2521 1377 negligere

390 1398 475 1436 est.
502 1409 525 1434 »
543 1390 641 1438 Tali
660 1393 839 1458 quippe
857 1392 1023 1441 lectori
1042 1395 1214 1442 merito
1231 1394 1350 1442 illud
1365 1395 1642 1462 philosophi
1666 1416 1676 1443 t
1696 1389 1791 1444 Ᾰλλ’
1817 1405 1904 1451 ὅνος
1926 1400 2074 1462 λύρας,
2094 1393 2519 1461 improperandum

390 1480 475 1517 est.
506 1473 652 1529 Quasi
677 1475 806 1521 enim
828 1474 987 1522 asinus
1010 1486 1079 1523 est
1104 1475 1166 1523 ad
1191 1475 1343 1540 lyram
1369 1476 1521 1525 lector
1545 1477 1718 1525 librum
1751 1487 1919 1525 tenens
1936 1513 1949 1537 ,
1980 1476 2030 1523 id
2063 1476 2124 1523 ad
2152 1474 2285 1540 quod
2313 1473 2433 1520 liber
2456 1483 2526 1520 est

390 1549 540 1599 factus
565 1569 704 1618 agere
727 1571 827 1602 non
857 1555 1033 1603 valens.
1067 1556 1218 1604 Multo
1249 1558 1392 1605 etiam
1417 1558 1652 1606 salubrius
1679 1559 1795 1606 tales
1822 1559 2025 1606 lectores
2049 1557 2162 1604 alias
2186 1555 2489 1603 intenderent
2509 1591 2520 1609 ,

391 1630 474 1679 ubi
499 1632 678 1698 aliquid
704 1635 914 1689 utilitatis
942 1637 1142 1698 inesset,
1171 1655 1317 1703 quam
1349 1640 1502 1687 otiose
1531 1640 1606 1688 vel
1632 1641 1874 1705 scripturae
1898 1639 2075 1686 litteras
2102 1638 2418 1704 inspicerent,
2450 1637 2524 1683 vel

390 1712 500 1760 folia
528 1726 786 1763 versarent.
817 1719 870 1764 ln
900 1717 1074 1782 quibus
1099 1719 1315 1784 profecto
1340 1719 1599 1768 lectoribus
1626 1721 1745 1768 illud
1775 1722 1900 1767 lsaiae
1929 1719 2161 1785 compleri
2188 1718 2434 1766 manifeste
2459 1717 2525 1763 vi-

389 1792 559 1842 demus
573 1798 587 1820 ⁸
609 1814 618 1842 :
646 1816 668 1841 «
693 1799 752 1844 Et
767 1798 856 1845 erit
874 1834 886 1857 ,
914 1818 936 1842 n
960 1799 1139 1863 inquit,
1163 1819 1187 1845 ι(
1204 1799 1340 1847 vobis
1358 1801 1476 1848 visio
1495 1802 1715 1848 omnium
1733 1802 1852 1848 sicut
1872 1800 2019 1848 verba
2037 1800 2143 1847 libri
2163 1799 2348 1864 signati.
2370 1802 2525 1856 Quem

387 1890 539 1938 quum
563 1875 786 1925 dederint
808 1878 974 1926 scienti
998 1879 1176 1928 litteras
1194 1917 1206 1940 ,
1236 1880 1397 1929 dicent
1417 1900 1426 1928 :
1462 1901 1486 1926 «
1509 1885 1630 1946 Lege
1655 1883 1826 1942 istum,
1856 1902 1879 1926 »
1917 1892 1964 1929 et
1988 1880 2299 1947 respondebit
2328 1899 2338 1926 ε
2372 1900 2394 1925 «
2421 1883 2525 1926 Non

390 1973 412 1999 «
444 1972 658 2020 possum.
687 1958 907 2023 Signatus
932 1969 1002 2007 est
1021 1961 1166 2007 enim.
1198 1979 1220 2004 »
1250 1963 1307 2008 Et
1325 1960 1516 2009 dabitur
1531 1962 1651 2009 liber
1667 1963 1896 2010 nescienti
1914 1961 2118 2021 litteras,
2142 1961 2421 2024 diceturque
2440 1960 2482 2006 ei
2507 1978 2517 2005 :

391 2055 412 2080 «
435 2038 556 2101 Lege
573 2074 585 2097 ,
614 2058 636 2083 υ
665 2049 711 2087 et
735 2039 1047 2105 respondebit
1074 2060 1084 2088 :
1119 2061 1142 2086 «
1167 2042 1334 2089 Nescio
1360 2042 1554 2090 litteras.
1583 2062 1607 2088 υ
1635 2046 1692 2090 Et
1713 2042 1831 2090 dixit
1852 2044 2088 2090 Dominus
2110 2060 2119 2088 z
2151 2062 2174 2087 «
2201 2044 2268 2088 Eo
2288 2040 2421 2106 quod
2439 2056 2520 2105 ap·

391 2138 415 2164 u
439 2122 731 2187 propinquat
763 2124 970 2190 populus
992 2125 1078 2173 iste
1103 2142 1187 2173 ore
1212 2143 1329 2186 suo,
1363 2136 1410 2174 et
1435 2126 1569 2174 labiis
1594 2127 1691 2174 suis
1718 2125 1948 2191 glorificat
1974 2143 2051 2173 me
2069 2162 2080 2184 ,
2114 2142 2200 2172 cor
2229 2134 2387 2171 autem
2420 2123 2520 2187 ejus

390 2218 412 2243 «
442 2199 585 2266 longe
609 2213 680 2251 est
703 2220 731 2251 a
758 2221 865 2265 me,
895 2215 942 2252 et
969 2205 1230 2253 timuerunt
1258 2223 1336 2254 me
1359 2206 1587 2255 mandato
1614 2206 1870 2254 hominum
1896 2217 1942 2254 et
1975 2205 2206 2253 doctrinis
2235 2223 2244 2251 :
2275 2205 2384 2254 ideo
2410 2221 2519 2252 ecce

390 2300 412 2325 «
442 2298 531 2346 ego
551 2282 728 2331 addam
753 2295 805 2332 ut
828 2285 1197 2350 admirationem
1222 2287 1391 2335 faciam
1421 2287 1604 2354 populo
1629 2288 1742 2335 huic
1766 2287 1996 2335 miraculo
2014 2286 2181 2352 grandi
2199 2297 2246 2334 et
2260 2285 2515 2351 stupendo.

389 2381 414 2406 «
442 2363 618 2413 Peribit
635 2366 764 2414 enim
788 2367 1019 2433 sapientia
1043 2386 1071 2416 a
1101 2368 1395 2434 sapientibus
1420 2369 1522 2433 ejus
1538 2405 1550 2429 ,
1583 2379 1629 2417 et
1654 2369 1919 2417 intellectus
1944 2368 2255 2435 prudentium
2290 2367 2390 2431 ejus
2421 2365 2521 2413 abs-

388 2462 411 2487 «
441 2445 692 2493 condetur.
719 2466 743 2492 »
775 2448 905 2496 Scire
940 2450 1120 2515 quippe
1145 2449 1322 2497 litteras
1362 2450 1411 2496 in
1446 2449 1662 2497 claustris
1686 2449 1941 2510 dicuntur,
1975 2449 2251 2514 quicunque
2275 2447 2377 2494 illas
2406 2464 2518 2512 pro-

384 2523 505 2572 ferre
538 2526 822 2575 didicerunt.
853 2530 948 2587 Qui
976 2530 1192 2595 profecto
1210 2566 1222 2590 ,
1254 2541 1489 2594 quantum
1528 2531 1590 2578 ad
1617 2530 1975 2595 intelligentiam
2003 2539 2210 2595 spectat,
2251 2545 2301 2577 se
2336 2528 2518 2584 nescire

382 2603 536 2669 legem
568 2607 844 2672 profitentes
863 2646 875 2670 ,
915 2609 1089 2658 librum
1120 2610 1203 2675 qui
1229 2611 1432 2658 traditur
1458 2611 1638 2659 habent
1664 2612 1901 2676 signatum
1929 2628 2062 2675 aeque
2090 2620 2140 2657 ut
2171 2610 2235 2656 illi
2265 2627 2387 2674 quos
2411 2609 2516 2656 illit-

385 2695 559 2735 teratos
586 2688 766 2737 ibidem
793 2690 976 2738 dicunt.
1013 2694 1147 2749 Quos
1180 2691 1377 2756 quidem
1402 2693 1638 2740 Dominus
1667 2709 1870 2758 arguens
1903 2692 2047 2757 dicit,
2085 2708 2168 2739 eos
2192 2707 2275 2738 ore
2299 2700 2346 2738 et
2381 2690 2515 2737 labiis

382 2767 542 2832 potius
572 2786 717 2833 quam
755 2770 902 2819 corde
933 2771 1022 2819 sibi
1059 2759 1476 2837 appropinquare3
1520 2773 1632 2837 quia
1666 2790 1771 2838 quae
1802 2773 2014 2838 proferre
2048 2782 2291 2836 utcunque
2322 2770 2508 2828 valent,

382 2847 643 2914 intelligere
672 2852 869 2900 minime
893 2862 1110 2918 possunt.
1144 2854 1239 2911 Qui
1267 2853 1385 2901 dum
1422 2853 1698 2902 divinorum
1722 2855 2025 2920 eloquiorum
2058 2854 2254 2902 scientia
2287 2864 2508 2913 careant,

382 2930 530 2994 magis
557 2932 954 2981 consuetudinem
974 2933 1229 2982 hominum
1244 2951 1390 2999 quam
1411 2935 1657 2983 utilitatem
1677 2936 1919 3002 scripturae
1935 2935 2208 2983 obediendo
2229 2945 2509 2999 sequuntur.

382 3014 584 3078 Propter
608 3013 702 3061 hoc
726 3016 964 3063 Dominus
993 3033 1077 3063 eos
1102 3033 1297 3082 quoque
1330 3018 1414 3082 qui
1441 3019 1677 3084 sapientes
1701 3019 1824 3066 inter
1852 3035 1933 3065 eos
1956 3017 2179 3065 videntur
2209 3027 2255 3063 et
2288 3016 2510 3064 doctores

379 3092 614 3154 resident,
645 3095 951 3143 excaecandos
977 3113 1079 3145 esse
1100 3098 1437 3146 comminatur.
1467 3099 1700 3147 Maximus
1719 3098 1937 3146 Ecclesiae
1968 3098 2141 3145 doctor
2167 3107 2214 3145 et
2237 3100 2510 3146 monasticae

378 3173 683 3238 professionis
722 3175 909 3236 honor,
951 3178 1297 3243 Hieronymus,
1335 3180 1418 3245 qui
1459 3197 1550 3228 nos
1587 3180 1648 3228 ad
1680 3197 1894 3227 amorem
1924 3179 2188 3226 litterarum
2215 3179 2504 3239 adhortans,

378 3254 440 3301 ait
459 3256 472 3279 ⁶
494 3273 503 3301 :
538 3275 559 3301 «
582 3259 698 3304 Ama
723 3258 969 3305 scientiam
996 3258 1287 3320 litterarum,
1319 3270 1364 3308 et
1390 3261 1545 3308 carnis
1573 3261 1684 3308 vitia
1711 3277 1810 3307 non
1839 3259 2049 3320 amabis,
2078 3279 2099 3304 υ
2122 3270 2355 3325 quantum
2379 3260 2509 3309 labo-

428 3461 434 3476 '
461 3460 588 3504 Regni..
607 3474 682 3507 cap.
700 3464 884 3498 num—¹
899 3465 1027 3510 Regni,
1047 3476 1123 3510 cap.
1140 3478 1188 3501 m.
1204 3466 1272 3492 —²
1287 3467 1417 3511 Regni„
1465 3479 1495 3500 v.
1523 3469 1557 3500 11
1581 3474 1614 3500 et
1635 3477 1684 3508 sq.
1707 3486 1744 3492 —
1761 3468 1773 3485 ⁸
1794 3467 1894 3511 Epist.
1916 3478 1992 3508 xcv,
2019 3470 2064 3501 ad
2092 3469 2275 3506 Rusticum,
2299 3468 2381 3509 opp.
2400 3474 2422 3500 ι.
2448 3467 2489 3501 tv
2507 3494 2515 3509 ,

378 3527 452 3560 cap.
482 3529 540 3551 xtv
559 3531 587 3554 n.
615 3537 653 3544 —-·
674 3520 687 3538 ⁴
702 3522 883 3556 Ridiculum
900 3522 983 3556 RMS
1011 3522 1081 3548 —³
1105 3523 1193 3565 lsai„
1221 3534 1295 3567 cap.
1316 3536 1394 3558 xxix
1409 3551 1418 3566 ,
1465 3523 1528 3558 col.
1553 3526 1628 3558 773.

539 3589 552 3617 1
2291 3584 2343 3622 27
