2970 4152
1179 421 1497 470 EPISTOLAE..
2306 424 2322 467 1
2336 423 2388 468 91

277 527 409 570 ωας),
435 515 635 581 dispersi
668 530 754 579 per
795 512 986 561 cellulas
1027 513 1192 560 fratres
1233 513 1658 578 congregabantur.
1703 514 1832 561 Sicut
1867 524 1914 561 et
1947 514 1997 561 in
2037 517 2082 560 V
2082 515 2159 560 icis
2200 517 2397 561 Patriam

275 597 451 656 beatus
481 585 830 646 commemorat
863 594 1181 657 Hieronymus
1194 626 1215 653 ,-
1244 581 1462 647 scribens⁴
1497 593 1558 657 de
1597 594 1706 645 loco
1742 611 1887 658 quem
1921 594 2065 642 Cellia
2100 594 2395 652 nominavit,

274 676 350 735 his
382 675 566 723 'verbis'
591 692 601 721 ε
645 693 667 719 «
692 673 873 738 Singuli
913 690 1000 738 per
1041 673 1231 727 cellulas
1256 662 1485 720 ·manent.
1526 674 1614 722 Die
1656 684 1815 721 tamen
1853 673 2035 721 sabbati
2077 684 2119 721 et
2159 674 2399 721 dominica

276 756 499 816 inunum
519 753 855 813 adecclesiam
887 762 1091 812 coeunt,
1127 762 1174 800 et
1210 752 1272 799 ibi
1310 753 1592 817 semetipsos
1624 753 1826 800 invicem
1864 763 2089 817 tanquam
2122 753 2244 800 coelo
2284 752 2400 800 red—

277 835 403 885 ditos
422 834 600 892 vident.
627 852 650 876 n
682 832 821 879 Unde
839 831 1054 897 profecto
1079 833 1369 880 conveniens
1394 842 1496 879 erat
1516 832 1616 880 haec
1644 832 1938 896 indulgentia
1957 869 1968 891 ,
1999 843 2051 880 ut
2074 833 2265 880 insimul
2287 849 2401 881 con-

277 916 522 973 venientes
543 913 699 977 aliqua
719 913 1383 977 recreatione‘congauderent
1398 949 1411 973 ‚
1439 929 1539 960 non
1563 924 1660 960 tam
1686 913 1894 960 dicentes
1917 930 2060 976 quam
2079 914 2334 961 sentientes
2350 916 2364 938 ²
2386 932 2395 959 ε

279 1014 303 1040 «
330 997 449 1053 Ecce
474 1010 629 1058 quam,
653 992 840 1045 honum
864 1001 912 1039 et
945 1008 1091 1055 quam
1111 992 1381 1055 jucundum
1402 992 1618 1040 hahitare
1642 992 1806 1039 fratres
1839 993 1887 1039 in
1921 1009 2089 1039 unum.
2112 1012 2135 1037 »
2163 995 2284 1040 Ecce
2314 994 2353 1039 si
2375 1009 2403 1039 a

276 1072 498 1136 carnibus
516 1072 838 1121 abstineamus
857 1107 872 1131 ,
897 1087 1126 1135 magnum
1149 1072 1267 1135 quid
1286 1072 1425 1120 nobis
1450 1073 1713 1137 imputatur
1727 1108 1739 1131 ,
1768 1082 2137 1136 quantacunque
2155 1073 2402 1137 superflui—

278 1162 385 1215 tate,
401 1153 567 1200 ceteris
599 1167 861 1200 vescamur.
895 1151 947 1198 Si
966 1151 1128 1198 multis
1152 1153 1369 1216 expensis
1393 1152 1579 1199 diversa
1603 1152 1803 1217 piscium
1829 1151 2004 1198 fercula
2035 1168 2367 1216 comparemus
2387 1187 2399 1210 ,

276 1233 521 1298 sipi-,peris
549 1242 595 1280 et
621 1232 888 1297 specierum
917 1248 1111 1296 sapores
1135 1232 1446 1292 misceamus,
1485 1233 1524 1279 si
1555 1249 1707 1297 quum
1737 1231 1958 1280 inebriati
1984 1249 2119 1280 mero
2143 1232 2370 1279 fuerimus
2389 1268 2400 1290 ‚

276 1313 446 1375 calices
462 1314 772 1368 herbatorum
798 1323 844 1360 et
869 1313 1050 1378 phialas
1068 1313 1424 1377 pigmentorum
1442 1314 1821 1379 superaddamus
1838 1323 2030 1373 ‚totum
2051 1313 2101 1360 id
2121 1323 2312 1360 excusat
2336 1313 2405 1359 vi·

276 1392 702 1454 liumhabstinentia
728 1394 975 1453 carnium,
1004 1393 1273 1442 dummodo
1298 1410 1382 1441 eas
1403 1394 1594 1459 publice
1623 1411 1721 1442 non
1752 1411 2000 1453 voremus,
2027 1394 2161 1458 quasi
2187 1393 2404 1440 ciborum

276 1474 477 1538 qualitas
499 1475 814 1539 magisquam
842 1474 1142 1539 superfluitas
1179 1474 1230 1520 in
1261 1474 1401 1539 culpa
1425 1476 1483 1522 sit
1510 1493 1520 1521 :
1548 1493 1699 1540 quum
1723 1475 1875 1523 solam
1902 1475 2138 1522 Dominus
2161 1475 2403 1539 crapulam

279 1565 325 1603 et
346 1555 622 1609 ebrietatem
647 1555 787 1602 nobis
807 1554 1057 1615 interdicat
1073 1556 1087 1580 ⁸
1101 1590 1115 1612 ,
1141 1554 1235 1602 hoc
1258 1565 1328 1602 est
1349 1555 1444 1602 cibi
1464 1556 1642 1620 pariter
1667 1566 1714 1603 et
1735 1556 1834 1602 vini
1855 1555 2230 1620 superfluitatem
2246 1555 2406 1620 potius

277 1651 422 1700 quam
444 1636 735 1700 qualitatem.
765 1634 910 1693 Quod
934 1645 982 1682 et
1006 1634 1255 1698 diligenter
1285 1634 1453 1682 beatus
1485 1635 1735 1683 attendens
1766 1636 2079 1699 Augustinus,
2113 1634 2326 1699 nihilque
2354 1635 2402 1680 in

279 1715 513 1762 alimentis
543 1725 711 1781 praeter
734 1715 899 1761 vinum
927 1715 1103 1761 veritus
1117 1752 1128 1773 ,
1157 1731 1246 1762 nec
1269 1714 1413 1762 ullam
1431 1714 1650 1762 ciborum
1670 1715 1950 1779 qualitatem
1968 1715 2287 1779 distinguens,
2310 1713 2404 1761 hoc

279 1796 327 1842 in
353 1795 636 1843 abstinentia
653 1796 764 1842 satis
792 1800 901 1842 esse*
917 1794 1117 1842 credidit
1142 1795 1276 1859 quod
1300 1795 1508 1843 breviter
1533 1796 1760 1861 expressit
1783 1813 1792 1842 :
1824 1815 1848 1840 «
1869 1798 2073 1842 Carnem
2089 1831 2101 1855 ,
2129 1814 2152 1839 »
2186 1795 2339 1859 inquit
2357 1797 2371 1818 ⁶
2389 1830 2400 1852 ‚

283 1895 306 1920 «
330 1885 533 1923 vestram
554 1875 747 1922 domate
761 1874 969 1938 jejuniis,
999 1884 1047 1921 et
1066 1874 1351 1931 abstinentia
1375 1891 1491 1922 escae
1513 1875 1588 1922 vel
1610 1885 1754 1941 potus
1770 1911 1782 1935 ,
1804 1885 2036 1939 quantum
2055 1874 2278 1922 valetudo
2298 1891 2405 1939 per·

281 1955 438 2002 mittit.
460 1974 484 1999 »
514 1958 726 2019 Legerat,
749 1954 839 2000 nisi
859 1953 1016 2012 fallor,
1044 1953 1161 2001 illud
1177 1954 1303 2001 beati
1324 1954 1562 2024 Athanasii
1580 1956 1628 2001 in
1647 1955 1978 2002 exhortatione
1996 1954 2057 2002 ad
2077 1953 2341 2001 monachos
2354 1957 2367 1978 ⁵
2388 1972 2396 1998 :

282 2054 303 2079 «
323 2035 620 2099 J'ejuniorum
647 2045 842 2099 quoque
866 2050 966 2081 non
1001 2035 1060 2082 sit
1082 2034 1354 2082 volentibus
1376 2045 1504 2082 certa
1526 2051 1748 2083 mensura
1764 2072 1776 2094 ‚
1803 2035 1888 2083 sed
1919 2035 1967 2082 in
2004 2035 2407 2100 quantumpossi·

279 2112 446 2163 bilitas·
463 2115 586 2163 valet
599 2128 617 2174 ,·
641 2115 731 2162 nisi
752 2114 1017 2162 laborantis¹
1036 2125 1228 2162 extensa
1264 2134 1273 2161 :
1315 2131 1422 2179 quae
1446 2125 1613 2181 praeter
1637 2115 1929 2163 dominicam
1949 2115 2076 2163 diem
2102 2131 2291 2180 semper
2314 2115 2407 2161 sint

279 2196 511 2245 solemnia
528 2233 540 2255 ‚
562 2212 662 2243 non
682 2190 842 2243 votiva
861 2195 970 2243 sint.
999 2214 1023 2240 »
1054 2198 1116 2243 Ac
1137 2197 1175 2243 si
1194 2196 1374 2243 diceret
1397 2215 1407 2243 :
1437 2197 1490 2243 Siv
1504 2214 1561 2243 ex
1578 2206 1694 2243 voto
1713 2196 2060 2262 suscipiuntur,
2089 2195 2262 2243 devote
2280 2211 2406 2243 com·

280 2276 501 2342 pleantur
521 2276 655 2324 omni
678 2285 924 2340 tempore,
949 2276 1039 2322 nisi
1066 2276 1115 2322 in
1141 2275 1395 2323 dominicis
1417 2276 1601 2323 diebus.
1627 2276 1763 2323 Nulla
1784 2276 1864 2323 hic
1882 2276 2061 2340 jejunia
2080 2275 2406 2343 praefiguntur,

279 2356 364 2404 sed
384 2356 617 2421 quantum
639 2355 869 2421 permittit
893 2354 1133 2402 valetudO.
1157 2355 1340 2402 Dicitur
1356 2356 1485 2403 enim
1508 2373 1519 2402 ε
1549 2376 1572 2400 «
1594 2356 1754 2403 Solam
1774 2365 1954 2403 naturae
1979 2355 2249 2403 facultatem
2265 2356 2408 2419 inspi-

280 2437 344 2484 cit
361 2445 408 2484 et·
425 2437 577 2500 ipsam
603 2425 701 2483 sibi'
717 2435 919 2482 modum
941 2433 1185 2499 praefigere
1206 2435 1437 2500 permittit
1466 2453 1476 2482 τ
1513 2436 1666 2483 sciens
1689 2436 1918 2500 quoniam
1942 2437 1990 2482 in
2015 2436 2156 2483 nullis
2174 2435 2407 2499 delinqui-

282 2524 359 2564 tur
376 2551 388 2575 ,
430 2516 469 2562 si
496 2515 668 2562 modus
689 2515 738 2561 in
767 2514 992 2561 omuibus
1016 2524 1249 2562 teneatur.
1275 2533 1298 2559 υ
1342 2519 1399 2562 Ut
1423 2515 1640 2563 videlicet
1670 2532 1761 2562 nec
1782 2516 2020 2563 remissius
2045 2532 2190 2580 quam
2218 2524 2407 2580 oportet

282 2594 604 2659 voluptatibus
634 2594 955 2654 resolvamur,
997 2595 1117 2641 sicut
1151 2594 1213 2642 de
1249 2595 1432 2660 populo
1469 2595 1677 2643 medulla
1703 2595 1844 2642 tritici
1866 2605 1911 2642 et
1935 2595 2254 2642 meracissimo
2295 2595 2406 2641 vino

210 2675 218 2682 ’
282 2675 484 2723 educato
505 2676 732 2740 scriptum
759 2676 885 2722 est⁶z
909 2694 933 2719 «
955 2676 1243 2722 Incrassatus
1266 2685 1335 2722 est
1355 2710 1366 2734 ‚
1396 2675 1644 2735 dilatatus,
1673 2686 1720 2723 et
1738 2675 2063 2723 recalcitravit.
2087 2694 2109 2719 »
2148 2678 2243 2722 Nec
2265 2690 2408 2739 supra

282 2758 482 2805 modum
509 2757 789 2804 abstinentia
810 2757 1032 2803 macerati
1056 2756 1129 2803 vel
1153 2758 1354 2803 omnino
1384 2758 1494 2804 victi
1527 2757 1895 2805 succumbamus
1914 2793 1926 2817 ‚
1960 2756 2034 2803 vel
2057 2765 2409 2803 murmurantes

283 2837 553 2885 mercedem
573 2838 872 2896 amittamus,
903 2836 973 2883 vel
1002 2836 1063 2883 de
1090 2836 1409 2900 singularitate
1428 2837 1702 2901 gloriemur.
1732 2837 1877 2895 Quod
1901 2837 2203 2884 Ecclesiastes
2224 2852 2409 2901 praeve·—

284 2917 422 2964 niens
444 2916 536 2963 ait⁷
558 2934 569 2963 z
596 2936 619 2961 «
643 2919 800 2963 Justus
822 2918 944 2981 perit
968 2917 1017 2963 in
1041 2933 1125 2964 sua
1143 2916 1339 2980 justitia.
1365 2917 1472 2963 Noli
1491 2933 1592 2964 esse
1607 2917 1762 2980 justus
1785 2917 2006 2975 multum,
2035 2933 2190 2980 neque
2208 2914 2315 2980 plus
2341 2931 2408 2961 sa-

284 2989 547 3062 piasiquam
570 3012 770 3044 necesse·
783 3006 851 3044 est
866 3032 878 3056 ‚
907 3013 969 3044 ne
988 2995 1295 3062 obstupescas
1310 3032 1322 3056 ,
1343 3016 1364 3040 »
1387 2997 1448 3043 de
1468 3007 1547 3044 tua
1566 2997 1699 3061 quasi
1729 2996 1969 3043 admirans
1988 2995 2307 3059 singularitate
2333 2995 2405 3041 in·

284 3087 536 3124 tumescas.
583 3076 703 3123 Huic
735 3088 859 3123 vero·
881 3076 1134 3141 diligentiae
1163 3078 1230 3142 sic
1258 3078 1474 3125 omnium
1509 3077 1739 3124 virtutum
1776 3086 1925 3124 mater
1961 3077 2182 3123 discretio
2216 3076 2370 3140 praesit
2391 3112 2403 3134 ‚

285 3166 339 3204 ut
355 3174 357 3177 ·
374 3173 479 3222 quae
519 3157 701 3221 quibus·
734 3158 948 3222 imponat
987 3173 1133 3204 onera
1170 3157 1367 3205 sollicite
1403 3157 1591 3217 videat,
1636 3158 1893 3220 unicuique
1930 3156 2104 3204 scilicet
2143 3156 2409 3203 secundum

333 3337 341 3354 ¹
373 3338 454 3370 Vitae
471 3338 625 3375 Puerum,
644 3338 701 3371 lib.
733 3338 787 3378 ll,
814 3349 849 3381 p.
869 3339 945 3370 478.
969 3339 1026 3370 Die
1054 3346 1178 3371 tantum
1197 3340 1326 3371 sabbati
1374 3340 1470 3380 0pp.‚
1502 3339 1648 3377 Parisiis,
1678 3340 1785 3378 1698,
1817 3339 1946 3379 iri-rol„
1977 3347 2002 3373 t.
2034 3338 2080 3376 ll.
2117 3350 2149 3381 p.
2182 3339 2239 3369 361
2282 3338 2350 3377 (Ρ).
2369 3355 2409 3360 --

288 3403 347 3436 pro
365 3395 415 3426 die
430 3400 535 3426 lamen
550 3395 680 3426 sabbati
695 3394 808 3426 melius
827 3394 956 3436 legitur.
975 3412 1013 3418 -·
1030 3393 1042 3410 ¹
1062 3394 1181 3428 Psalm.
1199 3405 1325 3434 cxxxii,
1373 3396 1384 3412 ⁰
1403 3397 1548 3433 Denter„
1565 3405 1638 3438 cap.
1658 3406 1747 3429 xxxii
1761 3421 1770 3437 ,
1791 3407 1822 3429 v.
1841 3397 1891 3429 15.
1907 3413 1951 3422 -—
1964 3395 1977 3413 '¹
1991 3396 2137 3434 Eccita„
2153 3405 2226 3438 cap.
2247 3405 2308 3433 vn,
2324 3405 2352 3427 v.
2375 3394 2407 3423 ΙἾ

289 3460 318 3482 ν.
344 3453 372 3482 1.
388 3466 430 3472 --
443 3448 457 3466 ⁸
474 3449 570 3492 Luc„
590 3460 664 3494 cap.
689 3462 743 3484 xxi
760 3475 769 3488 ,
794 3462 823 3483 v.
848 3451 903 3482 3⁴.
918 3449 986 3475 —⁴
1004 3451 1105 3495 Epist.
1133 3462 1206 3484 ccxi
1219 3477 1227 3490 ‚
1252 3452 1335 3493 Opp.
1381 3458 1415 3483 et
1432 3453 1483 3483 18.

291 3507 316 3538 ί.
343 3505 389 3544 ΙΙ,
407 3505 473 3538 col.
489 3506 569 3538 783.
585 3523 628 3531 -
644 3506 657 3523 ⁸
673 3506 852 3548 Symaqma
873 3507 1039 3541 Docet-ime
1066 3509 1111 3540 ad
1139 3507 1335 3545 nonachus,
