2970 4152
1244 366 1558 417 APPENDIX.
2373 359 2476 411 709'

1350 636 1464 694 111.

1194 810 1631 883 EPISTOLA

509 981 736 1035 PE'rm
785 981 1305 1035 VENERABILIS
1349 979 1672 1033 ABBA'rls
1727 975 2303 1029 GLUNIAGENSIS

676 1133 739 1170 AD
758 1131 973 1170 DOMINUM
989 1130 1310 1173 INNOCENTIUM
1331 1130 1381 1176 11,
1405 1128 1578 1174 PAPAM,
1599 1127 1690 1165 PRO
1710 1127 1858 1165 PETRO
1881 1126 2149 1164 ABAELARDO.
2205 1166 2213 1172 ,

781 1256 944 1306 [Legitur
957 1270 1041 1305 pag.
1057 1258 1216 1293 335-336
1231 1251 1321 1293 edit.
1341 1256 1448 1292 Amh.
1465 1255 1523 1292 Cf.
1540 1267 1624 1303 pag.
1646 1255 1691 1289 70
1708 1254 1814 1302 hujus
1832 1250 2052 1302 voluminis]

1321 1454 1498 1462 ..—--—-—

400 1629 566 1671 Summo
576 1630 768 1682 pontifici
785 1632 825 1670 et
843 1632 982 1669 nostro
999 1628 1168 1680 speciali
1179 1630 1320 1679 patri,
1340 1627 1518 1668 Domino
1528 1638 1648 1679 papae
1667 1625 1904 1666 Innocentio
1920 1623 2062 1676 frater
2085 1622 2235 1663 Petrus
2258 1622 2426 1662 humilis

895 1698 1228 1739 Cluniacensium
1247 1696 1373 1737 abbas
1391 1696 1663 1736 obedientiam
1682 1699 1723 1736 et
1741 1705 1930 1735 amorem.

412 1828 629 1891 Magister
644 1830 804 1874 Petrus
820 1828 1050 1891 sapientiae
1067 1838 1241 1887 vestrae,
1262 1837 1312 1874 ut
1329 1827 1483 1886 credo,
1505 1827 1676 1890 optime
1694 1836 1844 1885 notus,
1867 1842 2013 1888 nuper
2028 1842 2053 1870 a
2070 1825 2261 1872 Francia
2276 1824 2477 1883 veniens,

348 1922 430 1969 per
459 1906 726 1954 Cluniacum
746 1908 985 1954 transitum
1010 1907 1143 1954 fecit:
1166 1907 1452 1970 quaesivimus
1472 1925 1563 1970 quo
1591 1906 1795 1954 tenderet
1821 1916 2081 1970 :gravatum
2106 1922 2151 1951 se
2173 1904 2484 1952 vexationibus

349 1989 667 2050 quorumdam,
689 1990 766 2052 qui
791 1990 895 2049 sibi,
919 1989 1042 2053 quod
1066 1988 1194 2035 valde
1217 1989 1510 2048 abhorrebat,
1538 2006 1704 2035 nomen
1724 1988 1922 2034 haeretici
1946 1987 2259 2051 imponebant,
2280 1987 2486 2048 majesta-

350 2078 440 2115 tem
459 2068 751 2131 apostolicam
775 2087 821 2116 se
843 2069 1106 2133 appellasse,
1128 2081 1171 2116 et
1189 2070 1243 2115 ad
1266 2086 1364 2115 eam
1382 2069 1625 2132 confugere
1639 2068 1751 2115 velle
1770 2067 2022 2131 respondit.
2051 2066 2354 2112 Laudavimus
2377 2082 2483 2128 pro-

349 2150 570 2212 positum,
590 2160 658 2207 et,
686 2161 736 2196 ut
759 2151 814 2196 ad
837 2160 995 2197 notum
1020 2162 1065 2198 et
1083 2168 1323 2198 commune
1349 2150 1573 2213 refugium
1593 2150 1881 2213 confugeret,
1904 2148 2223 2195 admonuimus
2242 2166 2250 2194 :
2264 2148 2484 2210 justitiam

349 2229 664 2293 apostolicam,
693 2249 792 2294 quae
818 2231 930 2278 nulli
961 2250 1163 2295 unquam
1193 2233 1327 2278 etiam
1348 2242 1562 2278 extraneo
1586 2230 1655 2278 vel
1680 2232 1922 2295 peregrino
1942 2231 2107 2290 defuit,
2129 2230 2213 2276 sibi
2237 2247 2330 2275 non
2357 2230 2485 2276 defu·

351 2320 498 2356 turam
521 2310 731 2356 diximus.
753 2312 1115 2358 Misericordiam
1140 2313 1299 2374 ipsam,
1321 2312 1400 2357 ubi
1428 2312 1542 2357 ratio
1567 2311 1832 2374 postularet,
1857 2311 1941 2356 sibi
1965 2327 2253 2356 occursuram
2276 2310 2487 2372 promisi-

352 2404 466 2434 mus.
494 2389 635 2435 Venit
659 2390 841 2436 interim
864 2390 1075 2437 dominus
1099 2391 1408 2437 Cisterciensis
1431 2391 1584 2447 abbas,
1604 2401 1650 2437 et
1674 2390 1729 2436 de
1754 2406 1862 2453 pace
1888 2389 2027 2452 ipsius
2051 2399 2096 2434 et
2123 2388 2296 2434 domini
2324 2387 2486 2434 Clarae-

351 2469 580 2529 vallensis,
608 2473 733 2533 cujus
756 2488 890 2518 causa
913 2470 1238 2536 appellaverat,
1268 2472 1503 2518 nobiscum
1527 2482 1571 2517 et
1602 2489 1705 2518 cum
1738 2472 1836 2534 ipso
1860 2471 2030 2534 pariter
2054 2470 2160 2534 egit.
2198 2470 2418 2516 Dedimus
2442 2481 2487 2515 et

354 2566 436 2595 nos
452 2567 639 2613 operam
659 2551 759 2614 paci
783 2552 905 2614 ejus:
933 2562 996 2612 et,
1023 2562 1075 2598 ut
1098 2551 1154 2598 ad
1182 2551 1307 2598 illum
1335 2569 1438 2599 cum
1467 2552 1566 2614 ipso
1589 2552 1692 2610 iret,
1719 2552 1888 2598 hortati
1913 2568 2081 2597 sumus.
2110 2550 2380 2597 Addidimus
2399 2550 2486 2595 hoc

354 2630 537 2676 monitis
571 2631 759 2690 nostris,
793 2641 845 2677 ut
870 2632 906 2677 si
939 2649 1028 2695 qua
1050 2630 1291 2678 catholicas
1315 2649 1445 2678 aures
1465 2632 1745 2678 offendentia
1768 2642 1846 2678 aut
1874 2629 2154 2695 scripsisset,
2171 2642 2248 2678 aut
2270 2631 2451 2677 dixisset
2473 2649 2481 2676 :

355 2709 538 2756 hortatu
561 2711 655 2773 ejus
681 2721 726 2757 et
748 2710 938 2758 aliorum
962 2712 1190 2759 bonorum
1213 2723 1259 2759 et
1279 2713 1560 2776 sapientum,
1581 2723 1624 2758 et
1649 2730 1675 2758 a
1692 2712 1840 2759 verbis
1863 2714 1954 2758 suis
1975 2722 2220 2770 amoveret,
2243 2722 2288 2757 et
2313 2728 2336 2757 a
2360 2710 2487 2757 libris

353 2792 605 2839 abraderet.
641 2794 700 2839 Et
732 2793 898 2840 factum
919 2805 986 2841 est
1009 2795 1086 2842 ita.
1120 2795 1231 2855 Ivit,
1259 2795 1419 2855 rediit3
1443 2813 1546 2842 cum
1568 2796 1756 2841 domino
1777 2795 2128 2855 Claraevallensi,
2159 2795 2385 2841 mediante
2410 2796 2488 2840 Ci-

355 2874 603 2934 sterciensi,
631 2876 788 2938 sopitis
810 2877 1040 2939 prioribus
1064 2877 1294 2941 quaerelis,
1322 2894 1367 2924 se
1387 2877 1571 2941 pacifice
1593 2878 1855 2925 convenisse
1875 2895 2078 2925 reversus
2100 2877 2268 2924 retulit.
2298 2877 2487 2924 Interim

356 2974 380 3003 a
405 2957 537 3002 nobis
555 2956 831 3018 admonitus,
859 2959 999 3023 magis
1021 2970 1171 3007 autem
1195 2977 1220 3006 a
1242 2962 1361 3020 Deo,
1380 2971 1431 3007 ut
1454 2960 1704 3019 credimus,
1733 2961 2001 3024 inspiratus,
2023 2960 2215 3006 dimissis
2232 2958 2487 3006 scholarum

356 3047 401 3083 et
417 3037 671 3084 studiorum
696 3038 981 3098 tumultibus,
1006 3041 1052 3086 in
1076 3040 1296 3088 Cluniaco
1319 3051 1466 3088 vestra
1485 3042 1571 3088 sibi
1595 3052 1860 3106 perpetuam
1879 3042 2158 3089 mansionem
2180 3040 2328 3104 elegit.
2352 3040 2489 3099 Quod

359 3135 440 3164 nos
465 3120 684 3166 senectuti
706 3120 827 3183 ejus,
863 3120 1085 3168 debilitati
1118 3123 1237 3185 ejus,
1273 3123 1483 3187 religioni
1508 3124 1601 3186 ejus
1633 3140 1884 3187 congruere
1912 3134 2147 3187 putantes,
2181 3133 2225 3169 et
2255 3122 2487 3169 scientiam

358 3201 451 3262 ejus
474 3202 601 3248 vobis
625 3220 677 3248 ex
705 3212 803 3248 toto
828 3220 920 3249 non
946 3204 1225 3268 incognitam
1257 3223 1430 3270 magnae
1458 3206 1650 3252 fratrum
1676 3215 1936 3252 nostrorum
1965 3204 2245 3253 multitudini
2269 3204 2488 3268 proficere

360 3298 488 3343 posse
510 3282 761 3342 credentes,
787 3282 1009 3330 voluntati
1029 3285 1123 3347 ejus
1148 3286 1442 3332 assensimus:
1464 3296 1525 3345 et,
1553 3286 1674 3332 sisic
1698 3286 1967 3350 benignitati
1980 3296 2136 3333 vestrae
2157 3284 2487 3348 beneplacitum

360 3373 490 3420 esset,
510 3364 703 3428 benigne
727 3375 773 3411 et
794 3382 897 3412 cum
913 3366 1078 3430 gaudio
1105 3367 1359 3426 nobiscum,
1381 3369 1555 3427 vestris,
1582 3378 1633 3413 ut
1659 3368 1817 3426 nostis,
1837 3384 1918 3430 per
1935 3370 2103 3426 onmia,
2128 3383 2359 3412 remanere
2379 3382 2487 3410 con-

362 3444 588 3492 cessimus.
618 3448 747 3509 Rogo
772 3447 911 3510 igitur
929 3464 1012 3511 ego
1036 3447 1378 3512 qualiscunque,
1402 3459 1554 3495 tamen
1573 3448 1887 3511 vester,'rogat
1906 3448 2216 3494 devotissimus
2232 3446 2358 3493 vobis
2382 3444 2488 3490 Clu-
