2970 4152
901 442 960 492 IN
991 442 1206 490 NATALI
1242 440 1621 489 INNOCENTUM
1654 440 1869 488 SERMO.
2358 439 2448 485 595

248 566 254 572 ·
324 540 458 605 quod
481 540 531 587 in
555 539 755 587 historia
776 548 877 586 erat
892 537 1190 603 praedictum.
1230 535 1408 609 Racllel
1442 552 1590 600 quam
1625 546 1735 601 post
1771 536 1904 582 Liam
1940 534 2088 582 Jacob
2124 534 2329 598 accepit,
2367 536 2453 579 Ec-

324 618 467 667 clesia
488 629 559 667 est
580 636 686 684 quae
707 635 735 666 a
757 628 975 683 tempore
998 617 1194 664 Joannis
1207 653 1222 681 ,7
1248 628 1499 680 synagogae
1518 617 1758 663 successit.
1789 618 1905 672 Quae
1921 614 2118 679 quidem
2133 652 2144 673 ,
2164 613 2226 661 ab
2242 613 2453 661 adventu
2512 665 2515 668 ‚

322 699 522 759 Christi,
553 700 732 747 crebris
762 698 1064 764 passionibus
1095 696 1293 755 afflicta,
1319 696 1534 761 primum
1557 696 1605 742 in
1630 695 1893 743 infantibus
1914 695 2061 742 hodie
2085 704 2156 742 est
2177 710 2332 758 passa.
2359 692 2454 739 Sed

323 780 545 827 nondum
564 780 677 845 quin
698 795 786 845 per
802 779 1100 826 dominicam
1122 767 1398 843 passionem
1422 787 1468 824 et
1490 776 1658 824 hostiae
1670 793 1793 824 verae
1819 776 2114 823 oblationem
2138 792 2340 839 regnum
2363 792 2456 822 coe-

324 859 484 908 lorum
507 860 647 908 nobis
657 860 818 908 ‘fuerat
835 869 1115 919 reseratum,
1133 858 1404 924 compassio
1427 857 1646 904 Ecclesiae
1659 857 1720 904 de
1733 858 1832 904 istis
1847 857 2013 922 primis
2033 856 2322 920 martyribus
2335 873 2453 903 con-

329 939 615 988 solationem
637 957 739 987 non
763 940 968 1004 accepit,
996 956 1118 1003 quos
1137 954 1328 1002 aregno
1351 938 1439 984 Dei
1453 937 1645 984 differre
1669 937 1932 1000 cognoscit.
1955 939 2060 983 Non
2085 936 2186 983 vult
2202 953 2315 1000 ergo
2340 953 2456 983 con-

326 1018 488 1078 solari,
511 1020 624 1084 quia
646 1019 868 1066 nondum
891 1028 1002 1065 sunt
1024 1018 1102 1065 isti
1124 1035 1246 1082 quos
1267 1017 1615 1084 compassionis
1632 1016 1804 1064 affectu
1819 1027 2038 1063 materno
2059 1015 2295 1081 deplorat,
2323 1015 2459 1062 intel-

329 1097 480 1162 ligens
496 1115 554 1146 eo
579 1099 803 1147 nondum
824 1099 1038 1158 habere',
1057 1116 1227 1146 verum
1250 1115 1351 1146 esse
1374 1115 1522 1163 quam
1544 1097 1628 1144 diu
1651 1096 1827 1145 exclusi
1846 1096 2165 1156 abeatudine,
2183 1113 2272 1143 nec
2295 1096 2455 1144 adhuc

326 1180 377 1227 in
401 1197 460 1227 eo
482 1191 594 1227 sunt
622 1191 748 1228 statu
772 1181 832 1229 ad
857 1198 1003 1246 quem
1029 1182 1175 1228 creati
1212 1181 1404 1228 fuerunt
1426 1197 1481 1227 ac
1503 1179 1843 1245 praedestinati.
1878 1178 2016 1225 Unde
2039 1179 2182 1226 etiam
2205 1178 2408 1243 provide
2432 1195 2457 1225 a

329 1261 504 1307 sanctis
526 1260 742 1325 patribus
766 1262 1036 1308 institutum
1059 1257 1157 1320 est,
1184 1271 1236 1308 ut
1258 1261 1359 1307 haec
1391 1260 1724 1306 innocentium
1747 1258 2022 1305 solemnitas
2044 1275 2144 1305 non
2170 1258 2235 1304 ita
2252 1268 2305 1304 ut
2321 1267 2458 1304 caete-

330 1357 496 1388 rorum
520 1352 786 1407 martyrum
809 1342 1047 1401 natalitia,
1073 1359 1216 1389 voces
1251 1342 1354 1389 illas
1386 1341 1689 1389 exultationis
1723 1340 1900 1387 habeat
1930 1358 1940 1386 ε
1972 1359 1995 1384 α
2024 1343 2087 1386 Te
2115 1343 2270 1386 Deum
2299 1339 2463 1386 lauda-

330 1439 454 1469 mus.
491 1423 657 1472 Gloria
678 1424 727 1470 in
760 1423 955 1471 excelsis
978 1427 1099 1471 Deo.
1127 1423 1325 1470 Alleluia
1347 1424 1396 1469 in
1422 1423 1581 1470 missa.
1607 1441 1631 1467 »
1664 1425 1771 1468 Non
1795 1422 1923 1469 enim
1949 1421 2163 1468 natalitia
2185 1430 2463 1467 sanctorum

330 1503 526 1569 proprie
548 1503 755 1551 dicenda
777 1514 915 1562 sunt,
942 1504 1032 1550 nisi
1055 1503 1254 1568 quando
1277 1504 1361 1568 qui
1395 1504 1444 1549 in
1478 1503 1616 1549 terris
1644 1511 1757 1548 sunt
1791 1501 1915 1559 nati,
1948 1502 1998 1547 in
2027 1500 2149 1547 coelo
2186 1512 2464 1548 meruerunt

331 1583 534 1630 renasci.
561 1583 648 1630 Hic
676 1584 819 1647 igitur
843 1583 1058 1630 natalitia
1082 1593 1194 1630 sunt
1215 1582 1471 1630 hominum
1486 1620 1497 1641 ,
1519 1566 1791 1629 ibi—natales
1814 1590 2116 1640 sanctorum,
2142 1580 2254 1644 quia
2275 1570 2356 1627 hic
2378 1598 2465 1645 per

332 1661 556 1708 humanae
571 1672 752 1710 naturae
774 1663 1107 1710 conditionem
1142 1663 1386 1710 nascimur
1415 1662 1634 1721 miseriis,
1664 1661 1731 1708 ibi
1753 1677 1840 1727 per
1856 1661 2119 1708 sanctitatis
2139 1661 2339 1724 gratiam
2356 1678 2464 1725 per-

332 1742 488 1806 petuis
506 1744 807 1790 renascimur
829 1744 1030 1808 gaudiis.
1071 1747 1166 1791 Nec
1186 1754 1286 1791 tam
1308 1744 1530 1790 nativitas
1552 1745 1640 1790 ista
1663 1742 1943 1808 deputanda
1970 1751 2041 1789 est
2063 1742 2298 1790 nativitati
2321 1757 2467 1807 quam

334 1824 505 1882 morti,
531 1822 617 1870 ubi
640 1823 700 1871 de
723 1824 948 1890 paradiso
971 1825 1109 1889 ejecti
1132 1824 1348 1872 cadimus
1371 1841 1459 1889 per
1480 1824 1697 1890 culpam,
1724 1834 1777 1871 ut
1810 1823 2059 1872 inferiores
2094 1824 2156 1872 ad
2190 1824 2467 1889 paradisum

334 1918 636 1967 resurgamus
671 1921 759 1970 per
795 1906 1011 1968 gratiam.
1048 1908 1180 1952 Tunc
1203 1921 1318 1969 ergo
1357 1904 1533 1952 Rachel
1557 1914 1747 1969 tempus
1769 1904 1940 1952 habuit
1962 1905 2206 1964 moeroris,
2228 1904 2313 1952 sed
2337 1921 2468 1952 nunc

331 1983 433 2046 jam
455 1982 630 2049 adepta
652 1994 841 2049 tempus
864 1985 1225 2033 consolationis.
1243 1988 1359 2043 Quae
1382 1995 1497 2032 tunc
1514 1985 1644 2032 flevit
1663 1984 1725 2033 ad
1742 1980 1921 2032 inferos
1943 1985 2312 2044 descendentes,
2339 2002 2469 2033 nunc

338 2079 483 2129 super
517 2080 601 2112 eos
630 2065 835 2129 gaudeat
864 2083 977 2113 cum
1000 2065 1197 2114 Christo
1220 2076 1492 2130 regnantes.
1520 2066 1745 2113 Attendat
1767 2065 2063 2113 dominicam
2086 2065 2470 2113 consolationem

337 2145 387 2192 in
419 2145 494 2193 his
522 2163 718 2211 quoque
734 2147 836 2211 jam
865 2148 1183 2213 completam²
1214 2165 1225 2194 :
1256 2167 1280 2193 «
1307 2150 1456 2194 Amen
1473 2184 1484 2206 ‚
1523 2164 1689 2207 amen,
1723 2147 1835 2194 dico
1859 2147 1997 2194 vobis
2016 2147 2129 2211 quia
2152 2147 2400 2212 plorabitis
2424 2157 2471 2194 et

338 2226 510 2275 flebitis
525 2244 638 2288 vos;
666 2228 878 2276 mundus
895 2238 1056 2276 autem
1075 2228 1318 2293 gaudebit,
1332 2245 1420 2276 vos
1430 2244 1546 2276 vero
1567 2228 1988 2288 contristabimini,
2001 2227 2086 2276 sed
2104 2228 2294 2275 tristitia
2312 2236 2471 2274 vestra

337 2317 554 2355 vertetur
570 2309 619 2355 in
644 2301 892 2372 gaudium.
926 2328 948 2354 »
975 2309 1105 2367 Quid
1127 2309 1259 2357 enim
1284 2308 1518 2368 mundus,
1544 2310 1638 2357 nisi
1661 2308 1876 2356 Herodes
1900 2319 1948 2356 et
1969 2309 2125 2356 caeteri
2147 2307 2319 2355 mundi
2338 2324 2469 2355 ama-

339 2389 496 2436 tores?
521 2389 722 2437 Gavisus
745 2400 815 2436 est
838 2390 1052 2437 Herodes
1071 2427 1082 2449 ,
1109 2389 1350 2454 completa
1372 2390 1585 2454 nequitia
1613 2406 1699 2436 sua
1722 2390 1784 2436 de
1816 2399 1973 2436 morte
1995 2389 2329 2435 innocentium
2351 2404 2471 2452 prae·

341 2468 492 2528 dicta,
530 2470 667 2534 quasi
691 2470 793 2534 jam
826 2470 1065 2516 mundum
1099 2470 1289 2533 quietus
1319 2469 1519 2517 haberet
1534 2507 1546 2527 ,
1581 2471 1664 2533 qui
1712 2469 1954 2516 coelestem
1996 2484 2157 2532 regem
2193 2467 2469 2527 occidisset,

343 2558 392 2597 et
421 2549 524 2596 risit
553 2548 781 2614 deceptus
797 2587 808 2609 ,
846 2550 1005 2614 potius
1037 2566 1185 2614 quam
1222 2565 1434 2596 securus.
1470 2549 1619 2596 Flevit
1654 2548 1852 2608 Rachel,
1892 2548 2227 2614 compassione
2263 2547 2472 2595 filiorum

343 2629 535 2678 afflicta.
565 2633 701 2677 Nunc
726 2640 886 2678 autem
909 2630 1135 2678 omnibus
1152 2631 1201 2677 in
1216 2631 1514 2678 contrarium
1529 2631 1791 2690 conversis,
1809 2630 1909 2677 haec
1922 2630 2199 2695 perenniter
2213 2628 2387 2692 gaudet
2411 2629 2473 2676 de

343 2711 464 2771 suis,
490 2711 611 2759 sicut
632 2711 710 2759 ille
731 2728 844 2759 cum
867 2712 964 2760 suis
986 2712 1088 2759 sine
1117 2711 1213 2759 fine
1239 2721 1425 2759 moeret.
1452 2715 1541 2759 Per
1563 2712 1728 2759 omnia
1749 2711 2032 2759 benedictus
2054 2714 2181 2757 Deus
2198 2710 2281 2774 qui
2298 2710 2472 2775 impios

346 2791 545 2839 tradidit
567 2801 614 2839 et
636 2792 858 2839 innoxios
877 2791 1098 2851 salvavit,
1125 2792 1232 2856 qui,
1258 2801 1312 2839 ut
1334 2791 1548 2856 quodam
1567 2791 1676 2839 loco
1697 2791 1863 2839 beatus
1883 2790 2102 2838 meminit
2123 2790 2443 2853 Hieronymus
2459 2827 2470 2848 ,

348 2873 470 2921 adeo
493 2873 763 2921 misericors
781 2884 829 2922 et
851 2873 1090 2938 benignus
1107 2884 1202 2934 est,
1229 2883 1283 2920 ut
1304 2882 1426 2938 quos
1444 2891 1543 2921 non
1563 2883 1722 2939 potest
1743 2873 1925 2921 salvare
1944 2872 2148 2936 justitia,
2168 2870 2316 2918 salvet
2332 2871 2475 2918 mise·

348 2952 592 3014 ricordia,‘
607 2963 654 3001 et
687 2954 846 3000 invitis
881 2942 1076 3018 queque
1100 2952 1334 3001 beneficia
1362 2964 1409 3001 et
1438 2954 1634 3017 ingratis
1657 2954 1856 3018 gratiam
1879 2953 2122 3016 largiatur,
2149 2952 2270 2998 sicut
2291 2951 2474 3016 specia-

348 3031 455 3080 liter
476 3032 578 3080 haec
593 3034 817 3081 severitas
838 3043 1054 3081 testatur.
1083 3033 1221 3080 Unde
1245 3050 1352 3098 spes
1371 3035 1577 3082 maxima
1601 3044 1880 3082 sanctorum
1903 3032 2083 3080 meritis
2105 3032 2472 3096 repromittitur,

349 3112 390 3159 si
410 3121 544 3161 tanta
565 3123 883 3179 perceperunt
904 3130 961 3160 ex
983 3114 1152 3177 gratia,
1179 3130 1389 3179 quorum
1411 3114 1543 3162 nulla
1565 3123 1909 3180 praecesserunt
1932 3113 2120 3161 merita.
2142 3108 2294 3178 Super
2313 3112 2477 3160 omnia

351 3191 633 3241 benedictus
659 3196 804 3241 Deus.
833 3196 1002 3240 Amen.

401 3345 410 3364 ¹
435 3345 496 3379 nic
509 3345 633 3390 aliquid
646 3346 762 3381 deesse
773 3344 914 3380 videtur.
935 3362 972 3369 -
989 3344 1002 3363 ·
1018 3345 1128 3388 Ioum,
1147 3355 1223 3390 cap.
1241 3357 1295 3381 xv·
1309 3371 1319 3387 ,
1340 3357 1369 3381 v.
1389 3347 1445 3378 20.
