2970 4152
573 369 666 416 638
1373 368 1542 416 PETRI
1578 370 1887 420 ABAELARDI

572 481 652 512 sus
675 478 980 528 nequaquam
1003 461 1192 509 levitate
1217 463 1295 509 ‘sui
1326 470 1405 511 eas
1433 447 1725 529 suspendere
1755 466 1831 513 vel
1859 465 2123 530 sustentare
2156 465 2430 531 impeditur.
2458 468 2553 515 Nec
2587 467 2687 516 ullo

573 544 722 592 modo
745 542 843 590 labi
865 558 989 606 aqua
1011 541 1087 588 illa
1111 541 1398 590 circumfusa
1418 554 1602 608 posset,
1629 561 1725 610 qua
1755 545 1969 610 undique
1997 545 2158 609 ignem
2191 555 2239 592 et
2271 562 2430 594 aerem
2463 547 2683 605 cohibet,

574 625 729 672 donec
752 623 795 670 ei
818 622 939 685 ignis
962 621 1037 668 vel
1060 637 1140 669 aer
1163 622 1212 668 in
1232 622 1445 687 'aliquam
1468 634 1654 689 partem
1676 625 1866 672 cederet
1883 662 1895 684 ,
1921 626 2153 689 quoniam
2175 624 2335 673 locum
2359 627 2500 674 unius
2517 643 2688 692 corpo-

572 706 635 752 ris
658 703 929 751 nullatenus
952 701 1154 749 alterum
1178 719 1415 768 occupare
1429 714 1588 769 potest
1602 743 1614 765 ,
1640 706 1731 752 nisi
1752 705 1834 752 illo
1856 706 2077 770 primitus
2099 707 2223 754 inter
2244 706 2514 754 recedente.
2543 707 2688 754 Undi-

572 802 666 850 que
691 801 807 831 vero
832 799 912 830 aer
934 783 1034 847 ipse
1063 792 1110 829 et
1132 783 1277 846 ignis,
1303 800 1364 831 ne
1387 784 1611 832 devolare
1634 786 1844 832 fortassis
1865 786 2078 851 possint,
2104 786 2520 834 circumstantibus
2554 787 2689 851 aquis

573 864 985 928 comprimuntur3
1007 871 1056 908 et
1073 861 1286 927 undique
1315 865 1638 930 superpositas
1653 864 1841 912 habent»
1853 881 2000 929 aquas
2015 902 2026 924 ‚
2049 865 2297 930 quomodo
2314 866 2365 912 in
2388 866 2522 913 omni
2544 864 2688 929 globo

572 961 677 1009 quae
700 943 934 990 exteriora
955 951 1067 988 sunt
1090 943 1339 1007 superiora
1359 954 1488 991 sunt.
1516 948 1578 991 Ut
1611 955 1772 992 autem
1806 944 2032 992 cohibere
2066 945 2146 993 illa
2173 956 2220 993 et
2241 946 2558 1011 comprimere
2575 962 2688 1011 pos·

572 1025 692 1084 sint,
719 1021 899 1087 aliquid
922 1022 1162 1086 gravitatis
1181 1022 1334 1070 inesse
1358 1040 1549 1071 necesse
1572 1034 1666 1084 est,
1692 1034 1739 1071 et
1761 1025 1826 1072 ita
1847 1024 2095 1073 moderate
2110 1063 2122 1084 ,
2147 1035 2201 1072 ut
2223 1025 2284 1073 ab
2305 1025 2395 1073 illis
2416 1035 2596 1090 queant,
2615 1041 2691 1072 su-

572 1104 785 1152 stentari.
812 1105 1010 1149 Constat
1035 1119 1150 1149 vero
1169 1139 1180 1161 ‚
1206 1112 1260 1149 ut
1281 1103 1463 1150 dictum
1486 1114 1557 1151 est
1570 1141 1582 1163 ,
1605 1104 1704 1151 duo
1722 1114 1911 1152 tantum
1927 1105 2163 1153 elementa
2184 1106 2344 1168 gravia
2365 1122 2490 1164 esse,
2514 1115 2690 1152 terram

572 1184 750 1232 scilicet
771 1190 915 1247 atque
937 1199 1112 1247 aquam
1127 1220 1139 1242 ,
1164 1193 1212 1230 et
1233 1193 1410 1230 terram
1433 1185 1701 1247 graviorem
1720 1201 1862 1249 aqua.
1890 1185 2028 1232 Unde
2051 1196 2104 1232 ut
2125 1186 2420 1233 moderatior
2440 1195 2563 1233 esset
2584 1201 2691 1250 gra·

572 1265 710 1323 vitas,
742 1279 917 1327 aquam
937 1263 1098 1327 potius
1120 1277 1266 1325 quam
1286 1272 1463 1308 terram
1485 1264 1748 1327 superponi
1770 1265 2001 1328 oportuit,
2023 1281 2129 1329 quae
2153 1275 2199 1312 et
2221 1264 2402 1312 facilius
2417 1265 2688 1324 sustentari,

573 1362 601 1392 a
623 1343 807 1391 levibus
828 1343 1003 1408 potuit.
1025 1342 1244 1406 Denique
1266 1342 1314 1388 in
1338 1341 1412 1388 his
1435 1342 1738 1407 corporibus,
1757 1361 1863 1408 quae
1881 1361 1938 1391 ex
1954 1355 2162 1409 quatuor
2183 1355 2406 1393 constant
2426 1345 2688 1406 elementis,

573 1437 671 1474 tam
694 1425 915 1472 animatis
937 1440 1083 1487 quam
1106 1423 1378 1470 inanimatis
1396 1460 1407 1482 ,
1434 1424 1540 1487 quis
1569 1424 1917 1472 rationabiliter
1944 1442 2117 1490 negare
2148 1426 2321 1491 possit,
2351 1426 2453 1473 haec
2485 1435 2693 1490 quatuor

573 1507 808 1554 elementa
829 1504 911 1551 tali
934 1503 1025 1550 sibi
1047 1503 1196 1550 modo
1220 1503 1459 1568 copulari,
1486 1514 1539 1550 ut
1560 1504 1804 1552 nonnullae
1825 1505 2069 1570 particulae
2089 1505 2324 1553 leviorum
2346 1505 2693 1553 elementorum

573 1585 810 1651 aliquibus
833 1584 1076 1650 particulis
1102 1584 1374 1649 graviorum
1403 1586 1765 1650 supponantur?
1789 1588 1896 1632 Non
1919 1586 2048 1633 enim
2072 1585 2268 1650 alicujus
2297 1586 2458 1650 magni
2478 1586 2694 1651 corporis

572 1668 819 1715 inferiores
841 1677 1000 1733 partes
1023 1668 1090 1714 ita
1110 1683 1306 1732 prorsus
1325 1667 1453 1731 ignei
1479 1666 1555 1714 vel
1579 1668 1693 1714 aerii
1712 1667 1936 1715 elementi
1959 1667 2254 1716 admixtione
2285 1668 2476 1733 penitus
2503 1677 2690 1725 carent,

572 1750 693 1796 sicut
714 1765 804 1795 nec
826 1748 1095 1813 superiores
1115 1747 1175 1795 ab
1195 1764 1321 1813 aqua
1343 1757 1391 1795 et
1413 1758 1540 1795 terra
1561 1764 1758 1813 prorsus
1780 1758 1893 1796 sunt
1915 1748 2178 1809 immunes;
2198 1747 2284 1796 sed
2306 1757 2406 1795 tam
2425 1747 2694 1812 superiores

571 1846 718 1893 quam
740 1828 988 1875 inferiores
1009 1827 1152 1891 hujus
1175 1829 1392 1893 corporis
1414 1838 1574 1893 partes
1602 1846 1657 1876 ex
1685 1838 1894 1894 quatuor
1920 1838 2144 1877 constant
2175 1828 2420 1876 elementis
2436 1865 2448 1887 ,
2482 1842 2695 1890 congrua

571 1907 782 1973 quadam
805 1907 1010 1956 naturali
1033 1907 1367 1955 moderatione
1402 1908 1493 1955 sibi
1518 1907 1775 1972 colligatis,
1795 1909 1929 1973 juxta
1952 1908 2071 1956 illud
2088 1907 2222 1973 quod
2244 1907 2307 1955 ad
2326 1911 2481 1954 Deum
2500 1906 2691 1964 dicitur,

577 2008 599 2033 «
623 1989 706 2052 qui
729 1989 942 2036 numeris
978 1988 1214 2036 elementa
1250 1988 1383 2052 ligas.
1409 2007 1432 2033 »
1464 1989 1592 2047 Quid
1627 2006 1742 2054 ergo
1773 1990 1951 2037 mirum
1985 1991 2025 2037 si
2058 1990 2108 2036 in
2141 1989 2493 2054 compositione
2512 1986 2695 2034 ‘mundi

573 2086 698 2134 aqua
729 2070 839 2133 igne
872 2069 948 2116 vel
983 2085 1092 2116 aere
1128 2070 1318 2133 gravior
1347 2070 1610 2135 superponi
1637 2066 1797 2135 potuit
1831 2070 1945 2131 illis,
1971 2080 2019 2118 et
2046 2070 2108 2117 ab
2137 2070 2204 2117 eis
2235 2069 2380 2116 etiam
2412 2067 2695 2116 sustentari?

640 2148 866 2195 Nonnulli
888 2158 1048 2195 autem
1071 2164 1219 2212 aquas
1242 2148 1345 2196 illas
1373 2149 1643 2213 superiores
1672 2149 1855 2212 glaciali
1883 2149 2192 2196 concretione
2219 2147 2446 2195 solidatas
2475 2156 2618 2210 atque
2644 2146 2694 2192 in

573 2228 847 2293 crystallum
869 2228 1140 2275 induruisse
1159 2228 1513 2275 adstruxerunt.
1541 2228 1686 2286 Quod
1708 2228 1905 2292 quidem
1926 2229 1966 2275 si
1987 2229 2053 2275 ita
2075 2237 2146 2274 est
2164 2264 2176 2286 ,
2202 2237 2385 2292 quanto
2418 2226 2568 2290 magis
2584 2235 2696 2272 sunt

573 2309 758 2368 solidae,
784 2319 918 2356 tanto
954 2309 1285 2356 vehementius
1308 2308 1593 2356 conclusum
1613 2309 1774 2373 ignem
1799 2318 1846 2356 et
1867 2325 2028 2356 aerem
2059 2308 2290 2356 cohibent
2323 2324 2385 2355 ne
2419 2307 2580 2371 aliquo
2613 2306 2697 2354 ab·

573 2390 794 2448 scedant,
832 2399 879 2436 et
915 2399 1051 2436 tanto
1081 2389 1249 2436 fortius
1278 2389 1340 2436 ab
1370 2390 1484 2454 ipsis
1514 2398 1870 2447 sustentantur3
1914 2389 2014 2436 imo
2048 2388 2259 2435 fortassis
2294 2403 2384 2434 nec
2406 2387 2507 2451 Jam
2535 2386 2597 2434 ab
2631 2386 2697 2434 eis

573 2470 827 2518 sustentari
851 2486 930 2517 eas
949 2486 1143 2517 necesse
1165 2479 1253 2529 est,
1273 2486 1379 2534 quae
1395 2470 1498 2533 jam
1518 2468 1676 2516 fluidae
1699 2486 1799 2517 non
1822 2479 1957 2529 sunt,
1982 2468 2069 2516 sed
2092 2469 2142 2516 in
2167 2468 2444 2533 crystallum
2465 2467 2692 2515 solidatae.

574 2550 713 2597 Unde
725 2549 960 2615 Josephus
981 2550 1332 2614 Antiqtcitatum
1356 2549 1481 2596 libro
1502 2550 1686 2614 primo:
1717 2548 1966 2596 «Secunda
1977 2548 2056 2595 die
2077 2547 2252 2595 coelum
2268 2564 2412 2613 super
2425 2547 2590 2594 omnia
2601 2545 2698 2594 col-

573 2632 775 2690 locavit,
805 2648 1011 2696 eumque
1033 2630 1095 2678 ab
1118 2630 1219 2678 aliis
1242 2629 1539 2693 distinguens
1562 2630 1610 2676 in
1636 2630 1892 2694 semetipso
1924 2629 2239 2676 constitutum
2264 2645 2365 2675 esse
2389 2627 2625 2693 percepit3
2652 2637 2698 2673 et

575 2713 617 2759 ei
640 2710 914 2776 crystallum
951 2709 1307 2773 circumfigens,
1344 2709 1601 2756 humidum
1635 2726 1736 2757 esse
1770 2719 1818 2756 et
1845 2708 2051 2774 pluviale
2073 2707 2136 2756 ad
2164 2707 2417 2755 utilitatem
2438 2723 2543 2771 quae
2567 2705 2621 2752 fit
2642 2722 2696 2752 ex

574 2793 810 2841 imbribus
843 2803 979 2840 terrae
1016 2808 1229 2855 congrue
1264 2790 1520 2838 fabricatus
1559 2800 1696 2838 est.»
1730 2790 2050 2853 Hieronymus
2081 2787 2149 2835 ad
2180 2791 2421 2835 Oceanum
2448 2785 2510 2833 de
2557 2785 2699 2832 unius

576 2875 735 2921 uxoris
757 2874 863 2921 viro
885 2892 895 2920 ε
927 2893 949 2918 «
972 2876 1102 2919 Inter
1123 2870 1299 2918 coelum
1322 2881 1369 2917 et
1391 2881 1569 2918 terram
1592 2869 1808 2917 medium
1831 2869 2063 2917 extruitur
2093 2867 2475 2923 firmamentum,
2503 2875 2551 2913 et
2566 2865 2699 2929 juxta

577 2953 789 3000 hebraici
823 2951 1057 2999 sermonis
1091 2949 1432 3014 etymologiam
1469 2949 1668 3009 coelum,
1699 2948 1750 2996 id
1792 2958 1863 2996 est
1891 2950 2095 2995 samaim
2122 2964 2180 2995 ex
2213 2947 2348 3012 aquis
2385 2946 2581 2993 sortitur
2614 2959 2699 2990 vo-

577 3034 825 3093 cabulum,
859 3043 913 3080 ut
945 3045 1090 3097 aquae·
1110 3048 1215 3097 quae
1246 3047 1389 3096 super
1423 3030 1569 3078 coelos
1600 3040 1712 3078 sunt
1739 3030 1789 3077 in
1825 3030 1991 3078 laudes
2018 3029 2216 3077 Domini
2235 3035 2534 3094 separentur.
2561 3023 2699 3072 Unde

577 3124 624 3160 et
648 3113 864 3161 Ezechiel
889 3112 1165 3178 crystallum
1186 3128 1330 3177 super
1358 3110 1610 3161 cherubim
1640 3110 1840 3158 videtur·
1868 3121 2142 3170 extensum,
2167 3109 2218 3157 id
2255 3118 2327 3156 est
2357 3115 2618 3171 compactae
2653 3115 2700 3152 et

579 3194 824 3241 densiores
859 3211 1008 3259 aquae.
1039 3213 1063 3238 »
1085 3192 1210 3240 Beda
1233 3192 1291 3239 de
1314 3209 1475 3239 rerum
1498 3193 1699 3240 Ναῑιινιζς
1718 3209 1731 3237 .-
1754 3211 1776 3235 «
1799 3191 1984 3238 Coelum
2011 3189 2269 3256 superioris
2303 3186 2468 3236 circuli
2502 3186 2700 3233 virtutes

579 3274 795 3320 continet
829 3274 1065 3338 angelicas
1080 3310 1092 3332 ,
1126 3289 1231 3338 quae
1261 3272 1324 3320 ad
1352 3289 1442 3320 nos
1459 3281 1699 3319 ¹exeuntes
1726 3271 1932 3319 aetherea
1959 3286 2166 3336 corpora
2192 3277 2413 3326 sumunt,
2440 3277 2493 3314 ut
2514 3266 2699 3331 possi'nt

580 3352 858 3400 hominibus
881 3354 1025 3400 etiam
1049 3353 1098 3399 in
1121 3352 1311 3400 edendo
1335 3351 1553 3410 similari,
1575 3351 1840 3416 eademque
1863 3351 1930 3398 ibi
1952 3367 2152 3398 reversae
2167 3348 2434 3414 deponunt.
2456 3350 2558 3393 Hoc
2573 3348 2702 3392 Deus

579 3434 716 3500 aquis
738 3432 1011 3498 glacialibus
1029 3432 1335 3497 temperavit,
1355 3448 1417 3479 ne
1441 3431 1668 3479 inferiora
1695 3431 2007 3479 succenderet
2031 3429 2288 3487 elementa,
2309 3425 2484 3475 dehinc
2507 3423 2702 3472 inferius
