2970 4152
525 442 618 491 432
1095 442 1266 487 PETRI
1301 440 1614 488 ABAELARDI
1648 439 1722 486 ET
1754 439 2056 487 HELOISSAE

522 538 584 585 ad
603 537 736 600 cujus
756 536 929 583 ostium
949 535 1270 595 excubabant,
1290 534 1408 581 illud
1424 544 1494 581 est
1518 535 1712 598 mystice
1731 533 2090 597 intelligendum
2104 569 2116 591 ,
2141 532 2200 579 de
2217 549 2313 596 quo
2331 532 2392 579 ad
2411 532 2631 580 Hebraeos

523 617 775 683 Apostolus
794 615 954 663 scribit
970 619 982 641 ¹
1005 635 1014 662 :
1049 636 1071 661 «
1092 616 1332 663 Habemus
1354 615 1499 663 altare
1512 650 1524 671 ‚
1554 615 1614 662 de
1643 632 1739 679 quo
1759 632 1858 661 non
1885 613 2065 660 habent
2088 613 2228 660 edere
2247 613 2298 659 hi
2315 613 2398 676 qui
2419 612 2632 659 taberna-

520 697 628 744 culo
656 697 950 755 deserviunt,
979 715 1001 740 »
1024 696 1074 743 id
1090 706 1160 743 est
1179 712 1277 760 quo
1294 696 1574 760 participare
1601 694 1729 758 digni
1747 711 1848 740 non
1873 703 1985 740 sunt
2008 694 2090 757 qui
2106 693 2297 758 corpori
2320 709 2432 751 suo,
2461 692 2510 738 in
2535 709 2632 756 quo

521 777 599 823 hic
617 777 753 840 quasi
771 777 820 822 in
837 776 999 823 castris
1018 776 1309 835 ministrant,
1333 775 1672 840 voluptuosum
1688 773 1974 839 impendunt
1992 772 2291 837 obsequium.
2314 772 2501 818 Ostium
2520 787 2633 818 vero

521 857 811 904 tabernaculi
829 856 936 903 finis
953 867 1021 903 est
1042 857 1148 903 vitae
1165 838 1431 922 praesentis,
1461 855 1655 920 quando
1680 854 1794 901 hinc
1813 855 1971 901 anima
1989 854 2083 901 exit
2107 853 2167 900 de
2185 869 2412 918 corpore,
2442 861 2490 899 et
2513 850 2637 899 futu·

521 955 623 984 ram
647 937 910 1002 ingreditur
934 937 1094 983 vitam.
1121 937 1191 983 Ad
1209 937 1304 983 hoc
1325 937 1500 983 ostium
1519 934 1754 982 excubant
1770 935 1853 998 qui
1873 934 1932 980 de
1949 934 2075 981 exitu
2093 933 2235 997 hujus
2252 933 2356 980 vitae
2375 943 2422 979 et
2439 932 2637 980 introit-u

520 1019 686 1066 futurae
705 1018 890 1065 solliciti
914 1028 1048 1076 sunt,
1079 1027 1125 1064 et
1150 1018 1216 1064 sic
1241 1016 1518 1082 poenitendo
1540 1016 1803 1080 disponunt
1819 1015 1951 1060 hunc
1971 1015 2170 1073 exitum,
2201 1025 2252 1060 ut
2270 1014 2403 1060 illum
2423 1028 2636 1061 merean-

521 1111 598 1146 tur
624 1100 887 1147 introitum.
920 1101 991 1145 De
1020 1098 1116 1145 hoc
1148 1097 1343 1161 quidem
1369 1096 1648 1160 quotidiano
1675 1096 1871 1141 introitu
1904 1105 1951 1142 et
1978 1096 2106 1141 exitu
2131 1104 2303 1141 sanctae
2328 1093 2534 1141 ecclesiae
2558 1092 2638 1140 illa

521 1190 591 1227 est.
616 1181 767 1227 oratio
795 1180 1050 1226 Psalmistae
1065 1181 1078 1202 ²
1101 1198 1110 1225 ε
1139 1198 1161 1223 «
1184 1178 1419 1224 Dominus
1438 1176 1673 1224 custodiat
1697 1177 1946 1223 introitum
1969 1186 2106 1222 tuum
2121 1214 2132 1235 ,
2157 1186 2204 1222 et
2233 1175 2410 1221 exitum
2435 1185 2588 1222 tuum.
2611 1194 2635 1218 »

521 1265 650 1309 Tunc
675 1263 804 1308 enim
829 1261 968 1308 simul
992 1260 1240 1307 introitum
1259 1270 1305 1305 et
1323 1259 1501 1305 exitum
1516 1267 1733 1304 nostrum
1753 1257 1983 1317 custodit,
2014 1275 2164 1321 quum
2181 1273 2268 1303 nos
2285 1256 2398 1303 hinc
2415 1265 2639 1303 exeuntes

521 1353 567 1389 et
587 1342 686 1405 jam
711 1358 797 1406 per
819 1340 1148 1406 poenitentiam
1173 1349 1398 1405 purgatos
1423 1338 1536 1384 illuc
1564 1338 1721 1384 statim
1749 1337 2025 1384 introducit.
2057 1340 2183 1383 Bene
2217 1346 2376 1383 autem
2407 1336 2538 1401 prius
2562 1336 2637 1382 in-

521 1414 741 1468 troitum*
751 1438 896 1485 quam
921 1421 1099 1467 exitum
1126 1420 1417 1478 nominavit,
1449 1435 1548 1465 non
1574 1428 1671 1464 tam
1700 1417 1919 1465 videlicet
1948 1417 2168 1464 ordinem
2192 1433 2338 1480 quam
2362 1416 2640 1480 dignitatem

519 1502 791 1561 attendens3
814 1517 963 1565 quum
981 1500 1059 1546 hic
1076 1500 1225 1546 exitus
1251 1499 1356 1545 vitae
1381 1497 1592 1545 mortalis
1609 1498 1658 1543 in
1677 1497 1844 1544 dolore
1872 1498 1930 1543 sit
1944 1533 1956 1556 ,
1987 1497 2064 1544 ille
2088 1513 2203 1544 vero
2222 1497 2441 1543 introitus
2459 1506 2642 1543 aeternae

519 1599 706 1628 summa
730 1582 787 1628 sit
807 1580 1047 1628 exultatio.
1078 1578 1279 1644 Specula
1298 1595 1411 1625 vero
1433 1595 1595 1624 earum
1615 1594 1761 1642 opera
1786 1587 1896 1623 sunt
1916 1578 2171 1635 exteriora,
2202 1594 2258 1623 ex
2276 1576 2449 1640 quibus
2475 1571 2643 1624 animae

519 1662 764 1727 turpitudo
800 1661 874 1708 vel
916 1661 1062 1707 decor
1096 1658 1398 1722 dijudicatur,
1448 1659 1567 1704 sicut
1607 1675 1664 1704 ex
1696 1657 1890 1723 speculo
1923 1658 2160 1722 corporali
2191 1657 2390 1722 qualitas
2422 1655 2644 1703 humanae
2685 1712 2693 1719 .

519 1741 667 1788 faciei.
687 1743 754 1787 Ex
773 1741 872 1787 istis
889 1757 1051 1787 earum
1071 1738 1272 1804 speculis
1291 1756 1374 1785 vas
1392 1739 1698 1803 componitur
1716 1738 1766 1784 in
1783 1755 1880 1802 quo
1899 1755 1948 1785 se
1967 1737 2160 1785 abluant
2177 1740 2332 1784 Aaron
2353 1748 2398 1784 et
2417 1736 2500 1784 filii
2516 1737 2639 1801 ers,

522 1823 715 1886 quando
750 1833 1017 1870 sanctarum
1048 1821 1333 1869 feminarum
1363 1837 1508 1886 opera
1542 1831 1588 1867 et
1624 1830 1754 1867 tanta
1780 1820 1955 1866 infirmi
1989 1837 2126 1867 sexus
2157 1820 2205 1866 in
2243 1823 2345 1866 Deo
2381 1819 2644 1866 constantia

521 1903 804 1968 pontificum
836 1913 882 1950 et
911 1902 1302 1968 presbyterorum
1329 1900 1662 1965 negligentiam
1702 1900 2011 1948 vehementer
2046 1900 2316 1965 increpant,
2352 1910 2398 1947 et
2426 1900 2487 1946 ad
2512 1916 2644 1946 com-

521 1985 794 2049 punctionis
827 1984 1058 2047 lacrymas
1087 1983 1324 2048 praecipue
1344 1992 1562 2042 movent,
1586 1991 1633 2028 et
1653 1982 1691 2028 si
1711 1991 1854 2046 prout
1877 1991 2093 2047 oportet,
2122 1981 2210 2046 ipsi
2237 1997 2400 2027 earum
2424 1979 2646 2027 sollicitu-

522 2065 683 2111 dinem
704 2073 889 2128 gerant,
917 2063 1018 2110 haec
1036 2063 1246 2128 ipsarum
1275 2078 1422 2127 opera
1451 2062 1656 2126 peccatis
1686 2061 1878 2108 illorum
1906 2062 2096 2108 veniam
2119 2078 2206 2126 per
2224 2078 2369 2125 quam
2394 2060 2647 2107 abluantur

522 2156 802 2211 praeparant.
828 2148 895 2191 Ex
913 2145 987 2190 his
1005 2143 1220 2209 profecto
1240 2143 1442 2209 speculis
1460 2159 1542 2189 vas
1559 2142 1648 2189 sibi
1667 2142 2050 2207 compunctionis
2063 2141 2230 2189 beatus
2254 2141 2452 2207 parabat
2466 2143 2644 2205 Grego-

523 2227 635 2286 rius,
658 2243 808 2291 quum
825 2235 1093 2273 sanctarum
1109 2225 1333 2271 virtutem
1352 2224 1659 2283 feminarum,
1683 2233 1729 2270 et
1744 2222 1922 2269 infirmi
1937 2240 2074 2269 sexus
2091 2224 2140 2269 in
2158 2222 2383 2285 martyrio
2401 2222 2646 2268 victoriam

521 2306 783 2366 admirans,
800 2316 847 2353 et
865 2305 1178 2369 ingemiscens
1191 2303 1456 2368 quaerebat:
1483 2303 1651 2361 «Quid
1667 2302 1857 2350 barbari
1874 2302 2048 2349 dicturi
2066 2305 2198 2349 sunt³
2213 2302 2324 2362 viri,
2348 2318 2499 2366 quum
2517 2311 2647 2349 tanta

521 2403 609 2450 pro
636 2387 823 2434 Christo
849 2385 1059 2432 delicatae
1085 2384 1254 2450 puellae
1282 2385 1565 2444 sustineant,
1596 2395 1644 2431 et
1670 2394 1803 2431 tanto
1830 2400 1983 2449 agone
2008 2401 2145 2430 sexus
2169 2383 2341 2447 fragilis
2358 2382 2644 2448 triumphet,

524 2477 574 2513 ut
598 2467 887 2531 frequentius
910 2467 1068 2531 ipsum
1087 2466 1274 2529 gemina
1297 2465 1576 2529 virginitatis
1590 2475 1636 2512 et
1656 2465 1868 2528 martyrii
1886 2481 2066 2512 corona
2089 2464 2270 2530 pollere
2295 2462 2598 2511 noverimus?
2620 2482 2644 2508 n

525 2547 595 2594 Ad
612 2547 698 2594 has
717 2547 936 2612 quidem,
965 2557 1018 2594 ut
1046 2546 1229 2593 dictum
1260 2556 1354 2606 est,
1387 2546 1449 2593 ad
1477 2547 1653 2593 ostium
1681 2545 1974 2593 tabernaculi
2005 2544 2314 2605 excubanteS,
2347 2554 2394 2591 et
2421 2561 2526 2608 quae
2550 2543 2650 2607 jam

377 2648 384 2674 ι
406 2638 409 2645 “
447 2638 449 2641 “
525 2629 660 2693 quasi
685 2632 900 2676 Nazareae
919 2628 1114 2675 Domini
1141 2644 1277 2674 suam
1296 2627 1338 2674 ei
1357 2627 1637 2674 viduitatem
1664 2637 2082 2686 consecraverant,
2110 2623 2302 2673 beatam
2318 2625 2447 2671 illam
2465 2627 2650 2671 Annam

523 2711 760 2776 pertinere
795 2727 895 2757 non
939 2709 1153 2773 ambigo,
1191 2726 1295 2773 quae
1333 2708 1620 2773 singularem
1659 2708 1855 2754 Domini
1887 2710 2158 2754 Nazaraeum
2193 2705 2456 2765 Dominum
2491 2707 2650 2750 Jesum

525 2792 763 2839 Christum
797 2792 846 2838 in
880 2790 1059 2855 templo
1086 2807 1195 2837 cum
1227 2800 1390 2836 sancto
1416 2790 1638 2836 Simeone
1670 2781 1846 2854 pariter
1870 2788 2043 2835 meruit
2076 2786 2351 2850 suscipere'·,
2388 2794 2434 2831 et
2466 2794 2516 2830 ut
2545 2783 2651 2850 plus

525 2889 670 2937 quam
696 2872 933 2937 propheta
952 2870 1102 2930 fieret,
1125 2871 1283 2935 ipsum
1303 2869 1472 2916 eadem
1490 2869 1611 2916 hora
1634 2886 1728 2932 qua
1754 2869 1946 2914 Simeon
1975 2884 2061 2932 per
2083 2867 2300 2932 spiritum
2326 2881 2582 2929 agnoscere
2607 2875 2652 2911 et

526 2963 805 3017 praesentem
827 2952 1157 2999 demonstrare
1176 2967 1231 2996 ac
1250 2949 1439 3014 publice
1463 2949 1735 3014 praedicare.
1769 2949 1913 3011 Cujus
1933 2947 2129 3012 quidem
2149 2946 2343 2993 laudem
2369 2945 2653 3009 evangelista

529 3033 796 3097 diligentius
816 3042 1096 3098 prosecutus
1115 3032 1179 3078 ait
1198 3049 1207 3077 z
1235 3050 1258 3075 «
1279 3034 1337 3076 Et
1355 3040 1456 3077 erat
1472 3032 1604 3076 Anna
1625 3029 1922 3094 prophetissa
1941 3028 2036 3075 filia
2057 3027 2268 3074 Phanuel
2293 3026 2354 3073 de
2374 3025 2498 3072 tribu
2520 3028 2647 3072 Aser.

533 3117 637 3161 Haec
650 3125 942 3179 processerat
952 3114 999 3160 in
1013 3113 1181 3160 diebus
1199 3112 1359 3159 multis
1378 3122 1424 3158 et
1441 3112 1618 3157 vixerat
1637 3127 1748 3157 cum
1766 3112 1868 3157 viro
1889 3127 1975 3156 suo
1988 3110 2123 3157 annis
2134 3118 2332 3173 septem,
2350 3124 2377 3153 a
2391 3107 2654 3170 virginitate

530 3212 630 3241 sua.
661 3198 718 3241 Et
739 3195 841 3242 haec
865 3194 1008 3241 vidua
1034 3204 1133 3241 erat
1158 3210 1308 3258 usque
1336 3193 1397 3239 ad
1422 3209 1575 3238 annos
1600 3192 1841 3255 octoginta
1871 3201 2094 3255 quatuor,
2126 3205 2230 3254 quae
2261 3205 2360 3234 non
2385 3186 2655 3234 discedebat

533 3275 592 3321 de
619 3275 798 3340 templo
812 3275 1002 3338 jejuniis
1021 3284 1068 3320 et
1086 3272 1494 3321 obsecrationibus
1523 3272 1730 3319 serviens
1747 3282 1889 3319 nocte
1908 3287 1963 3318 ac
1982 3270 2075 3317 die.
2109 3273 2166 3316 Et
2195 3269 2287 3315 hac
2310 3269 2411 3333 ipsa
2437 3267 2556 3313 hora
2581 3284 2655 3314 su-

533 3355 814 3419 perveniens
844 3353 1160 3401 confitebatur
1197 3354 1431 3413 Domino,
1475 3362 1522 3399 et
1552 3351 1837 3416 loquebatur
1868 3351 2092 3399 omnibus
2128 3350 2209 3413 qui
2241 3348 2552 3415 expectabant
2583 3365 2654 3394 re-

583 3542 589 3558 ¹
614 3543 728 3583 Helm,
749 3553 823 3586 cap.
841 3554 917 3583 xm,
935 3554 967 3576 v,
990 3544 1041 3575 10.
1055 3559 1099 3567 -
1114 3542 1126 3559 ²
1142 3542 1261 3576 Psalm.
1277 3553 1353 3575 cxxi
1367 3568 1375 3583 ,
1396 3552 1426 3575 ν.
1445 3541 1478 3575 8.
1493 3560 1533 3566 -
1551 3541 1564 3558 ³
1582 3542 1707 3575 Dictura*
1721 3544 1784 3574 sint
1802 3540 1838 3574 D.
1860 3558 1892 3564 --
1916 3540 1928 3557 ’
1943 3540 2038 3581 Luc„
2055 3549 2127 3582 cap.
2150 3549 2190 3576 n,
2211 3549 2239 3570 v.
2259 3538 2300 3568 36
2317 3543 2350 3569 et
2365 3546 2413 3579 sq.
