2970 4152
594 446 688 492 472
1391 442 1559 488 PETRl
1597 443 1908 490 ABAELARDI

592 538 718 585 tibus
740 547 787 585 et
809 536 869 583 ad
892 535 1262 582 satisfactionem
1284 536 1483 599 paratis,
1510 553 1705 583 omnem
1734 538 1799 584 eis
1823 537 2084 584 vindictam
2107 536 2391 595 relaxamus,
2424 546 2476 583 ut
2504 538 2603 601 jam
2625 554 2710 584 eos

591 619 639 664 in
664 617 795 664 nullo
818 616 1007 681 penitus
1030 631 1119 679 pro
1142 614 1215 661 his
1237 615 1408 679 punire
1431 615 1647 667 velimus.
1673 617 1893 681 Alioquin
1918 634 2019 663 non
2043 627 2154 663 sunt
2182 617 2313 680 digni
2334 618 2474 664 venia
2493 617 2706 681 quandiu

591 697 942 762 impoenitentes
964 696 1013 741 in
1036 712 1121 742 sua
1149 695 1409 759 persistunt
1436 696 1637 755 malitia,
1663 714 1753 744 nec
1782 697 1960 743 debere
1988 697 2210 743 volumus
2228 734 2239 756 ,
2270 707 2323 743 ut
2350 697 2564 761 quandiu
2592 697 2706 744 tales

588 778 699 835 sint,
727 793 754 822 a
774 791 917 841 poena
939 775 1129 840 penitus
1151 775 1460 822 absolvantur
1481 795 1491 822 z
1519 793 1608 823 nec
1632 793 1720 823 nos
1742 776 1862 823 velle
1885 777 2110 822 convenit
2132 777 2266 840 quod
2287 777 2461 823 scimus
2483 776 2584 823 fieri
2605 793 2706 823 non

587 873 750 920 posse,
777 855 852 902 vel
874 855 1071 901 minime
1093 856 1368 903 convenire.
1396 856 1489 903 Sed
1512 856 1647 915 dicis,
1673 872 1769 920 qua
1789 857 1975 902 ratione
1997 855 2071 902 his
2094 856 2177 919 qui
2193 855 2294 920 jam
2315 872 2426 903 vere
2448 856 2703 920 poenitent,

587 954 675 984 nec
698 938 748 983 in
771 946 968 1002 peccato
992 937 1273 1001 persistunt,
1300 953 1453 1001 poenae
1475 954 1565 1001 pro
1588 946 1786 1001 peccato
1810 936 2101 995 debeantur,
2133 937 2338 983 maxime
2359 935 2448 983 illae
2469 952 2574 1000 quae
2595 946 2705 982 sunt

585 1018 908 1065 damnationis
929 1018 1141 1065 aeternae?
1164 1020 1255 1064 Aut
1276 1019 1315 1064 si
1332 1018 1434 1081 jam
1456 1035 1555 1064 non
1586 1017 1847 1076 debentur,
1873 1017 2124 1082 quomodo
2159 1018 2334 1064 dimitti
2362 1017 2590 1082 possunt?
2611 1017 2705 1064 Sed

585 1099 800 1162 profecto
835 1116 985 1163 quum
1020 1097 1205 1145 nullum
1239 1109 1488 1163 peccatum
1531 1098 1753 1145 credatur
1788 1099 2105 1163 impunitum,
2141 1115 2445 1163 nequaquam
2476 1114 2504 1145 a
2540 1098 2704 1145 debito

584 1197 735 1243 poenae
769 1180 858 1244 ipsi
899 1179 1042 1226 etiam
1081 1179 1366 1244 poenitentes
1403 1196 1599 1243 prorsus
1637 1175 1749 1225 sunt
1782 1178 1988 1226 absoluti
2024 1198 2034 1225 :
2070 1189 2123 1225 ut
2155 1179 2194 1226 si
2228 1195 2328 1225 non
2363 1178 2701 1236 damnatoriis,

581 1260 747 1307 saltem
768 1260 1054 1325 purgatoriis
1076 1260 1125 1305 in
1147 1259 1239 1305 hac
1261 1260 1374 1317 vita,
1398 1260 1496 1306 sive
1519 1260 1568 1305 in
1593 1259 1769 1318 futura,
1789 1259 2065 1322 subjaceant
2087 1259 2257 1324 poenis.
2278 1261 2494 1316 Quarum
2508 1258 2704 1323 quidem

582 1357 855 1404 poenarum,
883 1340 1051 1387 futurae
1078 1339 1255 1386 scilicet
1282 1339 1412 1398 vitae,
1444 1338 1707 1404 quamlibet
1730 1339 1997 1403 graviorem
2026 1356 2127 1387 esse
2155 1339 2324 1387 beatus
2358 1339 2522 1387 asserit
2549 1329 2707 1402 Augu-

579 1422 771 1481 stinus¹,
797 1438 943 1486 quam
965 1437 1261 1484 quaecunque
1283 1437 1427 1485 poena
1454 1421 1513 1466 sit
1534 1422 1640 1466 vitae
1662 1420 1923 1484 praesentis.
1950 1423 2044 1467 Has
2066 1437 2180 1484 ergo
2201 1436 2392 1485 poenas,
2418 1436 2523 1484 quae
2545 1408 2703 1466 adliuc

579 1493 920 1565 poenitentibus
943 1500 1202 1559 debentur,
1235 1499 1375 1546 nobis
1405 1500 1581 1546 dimitti
1610 1499 1930 1564 postulamus,
1962 1517 2023 1546 ne
2046 1500 2107 1546 de
2135 1499 2464 1563 magnitudine
2491 1500 2703 1564 ipsarum

579 1598 664 1644 per
693 1581 1039 1646 impatientiam
1070 1581 1131 1627 ad
1159 1591 1355 1645 peccata
1382 1580 1681 1638 relabamur,
1717 1580 1839 1627 sicut
1860 1580 1927 1626 illi
1961 1579 2165 1639 faciunt,
2202 1581 2287 1644 qui
2319 1596 2464 1646 supra
2497 1580 2548 1626 id
2569 1579 2703 1644 quod

577 1671 779 1724 possunt
803 1661 997 1719 tentati,
1024 1660 1345 1707 succumbunt
1367 1661 1480 1707 victi
1509 1679 1518 1706 :
1546 1677 1573 1706 a
1595 1677 1693 1725 quo
1717 1649 1914 1724 quidein
1936 1660 2175 1725 patientiae
2197 1660 2409 1719 defecta,
2442 1660 2560 1707 dum
2586 1676 2701 1725 pro·

576 1740 749 1787 bamur
766 1742 815 1788 in
836 1740 1223 1799 adversitatibus,
1243 1740 1435 1788 liberari
1457 1757 1731 1805 precamur,
1753 1757 1904 1805 quum
1923 1740 2145 1788 subditur
2165 1758 2175 1787 ε
2202 1760 2224 1785 «
2242 1744 2302 1787 Et
2318 1757 2380 1787 ne
2396 1757 2486 1787 nos
2501 1740 2703 1788 inducas

576 1821 624 1867 in
654 1821 984 1868 tentationem.
1011 1839 1034 1864 »
1064 1820 1224 1867 Talem
1251 1821 1577 1886 temperantiae
1607 1821 1834 1867 virtutem
1861 1831 1998 1884 rogat
2014 1858 2027 1880 ,
2061 1837 2122 1867 ne
2156 1820 2537 1884 suggestionibus
2571 1819 2704 1867 volu-

575 1910 759 1965 ptatum
779 1901 989 1967 praebeat
1011 1918 1272 1949 assensum.
1298 1902 1407 1949 Tale
1429 1913 1500 1949 est
1526 1918 1642 1966 ergo
1664 1921 1673 1948 :
1699 1921 1723 1947 «
1746 1905 1814 1949 Ne
1836 1901 2036 1949 inducas
2059 1919 2149 1949 nos
2171 1903 2219 1948 in
2244 1902 2577 1961 tentationem,
2595 1920 2618 1946 »
2644 1918 2701 1949 ac

575 1982 613 2028 si
635 1982 821 2030 dicatur
847 2001 857 2028 ε
885 1985 953 2029 Ne
974 1983 1221 2047 permittas
1257 1999 1345 2029 nos
1383 1983 1449 2029 ita
1482 1969 1683 2042 tentari,
1717 1992 1771 2029 ut
1803 1983 1854 2029 in
1889 1982 2254 2029 adversitatibus
2289 1981 2588 2040 deficiamus,
2622 1981 2700 2028 vel

574 2064 732 2127 pravis
754 2064 1151 2128 concupiscentiis
1173 2064 1542 2111 succumbamus
1565 2064 1693 2111 victi.
1725 2083 1749 2108 «
1768 2063 1862 2111 Sed
1884 2063 2034 2111 libera
2055 2081 2145 2110 nos
2168 2079 2195 2110 a
2217 2062 2363 2122 malo,
2377 2082 2401 2107 »
2427 2062 2523 2109 hoc
2545 2072 2616 2109 est
2637 2062 2699 2110 da

575 2142 905 2191 fortitudinem
927 2154 974 2190 et
995 2143 1145 2190 robur
1168 2145 1315 2190 animi
1343 2145 1577 2190 invictum
1600 2145 1661 2191 ad
1690 2144 1888 2191 adversa
1917 2144 2140 2208 quaelibet
2167 2143 2440 2201 toleranda,
2475 2160 2537 2190 ne
2559 2153 2695 2190 motu

574 2222 732 2286 aliquo
754 2222 830 2269 vel
851 2223 1239 2287 pusillanimitate
1261 2222 1556 2270 declinemus
1578 2240 1604 2270 a
1627 2224 1927 2270 rectitudine.
1957 2223 2234 2270 Notandum
2255 2239 2370 2269 vero
2394 2223 2544 2286 quod,
2567 2221 2698 2269 velut

573 2302 739 2351 beatus
761 2303 978 2350 meminit
1000 2304 1287 2366 Augustinus
1309 2303 1359 2349 in
1392 2302 1742 2359 Enehiridionii
1768 2320 1874 2369 cap.
1902 2306 2029 2350 cxw’
2045 2341 2057 2362 ,
2095 2313 2278 2368 septem
2307 2302 2394 2350 has
2415 2304 2697 2367 petitiones,

572 2398 689 2445 quas
711 2382 957 2430 Matthaeus
979 2382 1215 2441 distinxit,
1241 2386 1390 2429 Lucas
1406 2383 1456 2429 in
1479 2384 1709 2447 quinque,
1735 2399 1854 2448 quas
1875 2384 2054 2448 posuit,
2078 2382 2287 2429 breviter
2308 2382 2691 2447 comprehendit.

572 2465 720 2510 Lucas
761 2463 938 2528 quippe
975 2463 1025 2509 in
1066 2462 1253 2509 duabus
1295 2463 1462 2527 primis
1506 2463 1818 2527 petitionibus
1835 2500 1846 2521 ,
1884 2476 2002 2528 quas
2040 2473 2087 2509 et
2120 2463 2221 2527 ipse
2255 2463 2415 2527 ponit,
2454 2462 2549 2510 hoc
2583 2473 2653 2510 est
2681 2482 2691 2509 :

574 2561 597 2584 «
615 2541 944 2590 Sanctificetur
963 2559 1142 2589 nomen
1165 2552 1326 2601 tuum,
1346 2552 1393 2589 et
1415 2542 1639 2589 adveniat
1663 2559 1866 2606 regnum
1886 2553 2025 2589 tuum
2039 2579 2050 2601 ,
2070 2562 2093 2586 »
2117 2543 2308 2589 tertiam
2329 2542 2696 2607 comprehendit

570 2639 716 2686 quam
737 2622 984 2670 Matthaeus
1013 2623 1284 2686 distinguit,
1310 2623 1487 2670 scilicet
1515 2642 1524 2669 :
1556 2624 1695 2670 «Fiat
1716 2623 1938 2676 voluntas
1966 2632 2071 2681 tua,
2095 2641 2118 2666 »
2150 2632 2381 2687 tanquam
2409 2622 2695 2669 arbitremur

570 2702 648 2750 illa
676 2720 776 2750 non
806 2703 932 2761 fieri,
964 2703 1055 2750 nisi
1084 2703 1179 2750 hoc
1208 2704 1352 2750 etiam
1380 2704 1694 2768 compleatur.
1735 2704 1963 2752 Ultimam
1982 2720 2121 2762 vero,
2148 2719 2293 2767 quam
2321 2703 2567 2750 Matthaeus
2588 2721 2697 2768 sup-

570 2784 732 2847 ponit,
764 2793 812 2830 et
839 2786 989 2830 Lucas
1018 2792 1144 2830 tacet
1172 2802 1181 2829 :
1213 2783 1347 2830 «Sed
1376 2783 1525 2831 libera
1554 2801 1644 2830 nos
1679 2801 1706 2830 a
1741 2783 1899 2842 malo,
1928 2802 1953 2827 »
1979 2783 2046 2830 ita
2077 2800 2134 2830 ex
2166 2783 2452 2848 praecedenti
2482 2783 2693 2848 pendere

570 2867 719 2911 Lucas
742 2873 981 2923 autumat,
1008 2873 1061 2910 ut
1082 2863 1149 2910 illi
1171 2864 1221 2910 in
1243 2880 1391 2911 unam
1414 2865 1696 2929 petitionem
1718 2865 1778 2911 sit
1799 2863 2152 2927 conjungenda.
2179 2863 2323 2921 Quod
2346 2873 2392 2910 et
2413 2864 2516 2928 ipsa
2537 2865 2693 2911 innuit

570 2944 870 3007 conjunctio,
902 2964 923 2989 α
945 2943 1053 3003 sed,
1076 2963 1098 2987 »
1124 2944 1423 3008 interposita.
1455 2949 1645 2995 «Amen
1660 2984 1671 3004 ,
1700 2964 1721 2989 »
1746 2944 1796 2992 id
1819 2954 1889 2991 est
1911 2943 2008 2991 fiat.

616 3103 625 3119 ¹
656 3104 736 3144 Opp.
756 3111 778 3137 t.
797 3104 864 3145 Vl,
880 3104 943 3138 col.
962 3105 1042 3139 29¹.
1060 3124 1094 3129 -—
1111 3104 1123 3122 '
1142 3106 1226 3147 opp.
1243 3113 1266 3138 ι.
1286 3105 1327 3138 Vl
1342 3130 1349 3143 ‚
1372 3106 1436 3138 col.
1453 3107 1516 3138 ‘239
1531 3131 1539 3144 ‚
1560 3106 1639 3138 240.
