2970 4152
472 429 568 477 24.ss
1169 423 1470 475 HELOISSAE
1503 429 1897 477 PROBLEMATA

472 525 616 583 Quod
641 533 799 571 autem
829 521 1074 569 Matthaeus
1099 532 1146 569 et
1173 524 1322 570 Lucas
1345 523 1511 571 dicunt
1531 543 1540 571 ε
1573 545 1596 569 «
1616 529 1823 590 Vespere
1847 524 2055 585 sabbati,
2079 544 2102 569 »
2138 525 2285 572 finem
2309 526 2435 590 ejus,
2458 525 2508 573 id
2524 537 2593 573 est

471 615 662 652 noctem
699 613 977 668 sequentem
1010 619 1161 667 usque
1196 604 1258 650 ad
1294 604 1448 651 lucem
1485 604 1737 665 dominicae
1770 605 1864 652 diei
1899 605 2182 669 intelligunt.
2210 609 2313 652 Hoc
2342 622 2591 671 vesperum

471 685 664 731 lucescit
691 684 739 729 in
772 683 926 747 prima
953 681 1161 742 sabbati,
1192 700 1342 747 quum
1368 684 1429 731 ad
1460 684 1615 731 lucem
1635 685 1729 731 diei
1748 685 1987 749 sequentis
2002 685 2294 750 perducitur.
2315 686 2460 743 Quod
2476 702 2591 737 vero

470 766 563 823 ait,
605 784 629 808 ‹<
663 780 767 828 quae
800 763 1022 823 lucescit,
1050 782 1072 807 υ
1114 763 1343 811 feminino
1381 764 1556 821 scilicet
1593 782 1764 829 genere
1799 775 1966 824 utenS,
2006 766 2066 812 ad
2093 765 2485 830 significationem
2517 782 2591 813 re-

469 845 619 908 spexit
641 861 652 890 :
674 844 812 907 quia,
843 853 896 890 ut
925 843 1155 903 diximus,
1185 845 1233 891 in
1262 861 1458 910 vespere
1483 856 1676 893 noctem
1704 845 1958 906 intellexit,
1990 856 2042 893 ut
2070 846 2162 893 tale
2189 847 2248 893 sit
2280 865 2290 892 z
2332 865 2355 891 «
2379 849 2496 904 Quae
2522 845 2593 893 lu-

471 926 612 972 cescit
627 960 641 985 ,
668 943 691 969 »
723 934 952 989 tanquam
977 925 1213 973 diceretur
1235 944 1244 972 :
1275 942 1380 990 quae
1405 943 1502 973 nox
1527 926 1588 973 ad
1617 927 1873 974 claritatem
1891 927 2129 992 pertingit.
2151 929 2415 992 Vesperum
2434 926 2593 990 itaque

469 1022 551 1053 seu
580 1022 781 1070 vespera
807 1005 930 1066 diei,
966 1006 1138 1053 dicitur
1165 1017 1374 1054 extrema
1402 1008 1501 1070 ejus
1524 1008 1644 1054 hora
1672 1027 1681 1054 z
1711 1024 1879 1072 vesper
1902 1024 2017 1055 vero
2044 1018 2198 1055 totum
2225 1018 2414 1072 tempus
2438 1007 2592 1054 noctis

470 1086 725 1150 sequentis.

1230 1206 1471 1238 PROBLEMA
1505 1206 1729 1239 HELOISSAE
1763 1209 1812 1238 VI
1819 1228 1828 1238 .

534 1304 662 1363 Quid
697 1315 767 1352 est
796 1304 930 1369 quod
957 1306 1192 1352 Dominus
1227 1317 1520 1353 sacramenta
1545 1308 1760 1372 corporis
1789 1318 1836 1355 et
1860 1308 2100 1371 sanguinis
2127 1308 2200 1354 sui
2228 1305 2470 1371 discipulis
2499 1315 2591 1354 tra-

467 1385 585 1432 dens
614 1394 660 1431 et
685 1385 1054 1443 commendans,
1081 1402 1180 1432 non
1213 1386 1276 1432 ait
1301 1386 1361 1432 de
1398 1403 1600 1451 corpore
1625 1403 1713 1437 suo
1730 1391 1741 1413 ¹
1777 1406 1787 1434 ;
1827 1407 1850 1432 «
1874 1391 1976 1434 Hoc
1995 1397 2066 1434 est
2085 1404 2258 1451 corpus
2282 1403 2446 1434 meum
2478 1386 2593 1433 novi

469 1465 751 1525 testamenti,
772 1483 794 1508 »
816 1482 967 1529 quum
983 1465 1043 1512 de
1059 1466 1287 1529 sanguine
1304 1465 1474 1513 dixerit
1487 1469 1501 1490 ²
1524 1485 1533 1512 ε
1556 1485 1579 1511 «
1597 1467 1683 1513 Hic
1699 1477 1768 1514 est
1787 1468 1975 1531 sanguis
1996 1484 2128 1514 meus
2141 1467 2255 1513 novi
2271 1467 2589 1525 testamen12i‚-»

469 1554 697 1608 tanquam
720 1545 868 1608 magis
893 1545 1174 1609 sanguinem
1195 1546 1555 1592 commendaret
1570 1582 1581 1604 ,
1611 1563 1756 1610 quam
1773 1547 1998 1593 carnem?
2018 1546 2147 1603 Quid
2166 1557 2235 1593 est
2255 1548 2395 1594 etiam
2415 1546 2534 1593 illud
2547 1548 2588 1592 ³:

469 1627 619 1671 «Non
649 1624 810 1671 bibam
846 1625 1022 1671 amodo
1049 1625 1108 1671 de
1139 1624 1232 1671 hoc
1259 1626 1496 1688 genimine
1521 1626 1651 1685 vitis,
1689 1643 1839 1690 usque
1863 1628 1911 1673 in
1944 1626 2073 1673 diem
2105 1627 2266 1687 illum,
2295 1644 2446 1691 quum
2476 1626 2591 1674 illud

467 1703 629 1750 bibam
656 1704 904 1751 vobiscum
929 1722 1111 1753 novum
1144 1707 1191 1752 in
1216 1722 1364 1769 regno
1391 1706 1536 1770 patris
1566 1706 1697 1753 mei?
1726 1725 1750 1750 υ

1291 1839 1471 1886 Solatio
1504 1838 1765 1886 Aboelardi.

533 1956 717 2018 Corpus
742 1954 913 2001 Christi
936 1955 986 2001 in
1011 1965 1309 2002 sacramento
1339 1965 1635 2021 susceptum,
1667 1955 1939 2003 humanitas
1967 1966 2060 2015 est,
2088 1972 2234 2020 quam
2259 1955 2502 2003 nascendo
2525 1956 2590 2003 de

466 2032 646 2096 virgine
669 2035 899 2099 suscepit,
922 2034 1142 2098 quando,
1172 2035 1292 2081 sicut
1317 2035 1545 2100 scriptum
1566 2045 1636 2082 est
1660 2054 1671 2081 :
1695 2055 1717 2080 «
1737 2035 1951 2083 Verbum
1967 2050 2079 2083 caro
2097 2036 2273 2083 factum
2291 2037 2400 2083 est¹’.
2427 2055 2449 2080 »
2476 2038 2593 2083 San-

467 2111 570 2174 guis
610 2112 710 2174 ejus
746 2113 796 2158 in
835 2114 1065 2177 poculum
1106 2114 1271 2173 datus,
1313 2116 1468 2179 passio
1508 2125 1579 2162 est
1611 2116 1785 2180 ipsius,
1819 2117 1897 2162 cui
1930 2117 2285 2163 communicare
2325 2116 2556 2164 debemus
2575 2152 2587 2176 ,

467 2192 740 2255 quicunque
769 2193 984 2240 membra
1009 2194 1109 2257 ejus
1133 2211 1313 2241 sumus·
1351 2195 1489 2242 Unde
1515 2206 1561 2243 et
1594 2196 1823 2261 scriptum
1854 2206 1923 2243 est
1940 2198 1953 2221 ⁵
1985 2214 1995 2242 ι
2039 2215 2062 2240 α
2085 2196 2305 2254 (Ξῑινίεωε
2329 2212 2495 2261 passus
2521 2206 2593 2243 est

467 2287 556 2334 pro
576 2271 733 2332 nobis,
760 2272 895 2320 vobis
914 2273 1188 2338 relinquens
1210 2274 1503 2339 exemplum,
1528 2286 1580 2323 ut
1605 2276 1871 2340 sequamini
1886 2277 2079 2340 vestigia
2096 2277 2212 2340 ejus.
2235 2296 2258 2321 »
2281 2279 2444 2335 Quum
2463 2277 2592 2323 enim

468 2353 724 2415 Gregorius
763 2352 891 2400 dicat
925 2372 934 2399 :
981 2373 1003 2398 «
1043 2354 1168 2400 Nihil
1197 2355 1324 2402 enim
1350 2357 1481 2402 nasci
1506 2356 1713 2421 profuit,
1756 2357 1847 2403 nisi
1871 2356 2042 2403 redimi
2069 2357 2345 2421 profuisset,
2377 2367 2518 2421 atque
2542 2357 2590 2403 in

467 2431 567 2494 ejus
594 2433 814 2495 passione
839 2443 1002 2480 nostra
1030 2434 1296 2499 redemptio
1322 2447 1710 2496 consummetur;
1744 2437 1876 2500 quod
1906 2447 1952 2484 et
1980 2438 2080 2502 ipse
2103 2438 2312 2484 moriens
2342 2437 2594 2502 profitetur

467 2510 657 2558 dicens⁶
690 2534 700 2558 ;
733 2531 755 2557 «
777 2515 1173 2560 Consummatum
1200 2525 1295 2575 est,
1326 2534 1349 2559 »
1377 2532 1478 2562 non
1501 2517 1764 2581 incongrue
1789 2519 1979 2582 sanguis
2007 2518 2185 2564 effusus
2210 2518 2455 2582 praefertur
2479 2534 2594 2564 con-

466 2602 613 2657 ceptae
641 2594 800 2654 carni,
829 2594 925 2641 hoc
950 2604 1045 2655 est,
1089 2596 1246 2661 passio
1288 2596 1388 2660 ejus
1415 2598 1662 2645 nativitati.
1696 2599 1790 2656 Qui
1826 2600 1970 2646 etiam
1996 2599 2144 2662 magis
2169 2615 2314 2663 quam
2345 2615 2457 2646 caro
2491 2599 2592 2662 ejus

466 2672 696 2720 dicendus
727 2674 814 2721 fuit
850 2676 966 2723 novi
994 2677 1293 2736 testamenti,
1326 2678 1422 2725 hoc
1456 2688 1525 2725 est
1559 2679 1860 2726 confirmatio
1893 2679 2174 2744 evangelicae
2209 2679 2556 2744 praedicationis
2575 2715 2587 2738 ,

467 2753 595 2816 quia,
615 2754 736 2801 sicut
761 2754 875 2802 dicit
893 2756 1174 2820 Apostolus⁷
1192 2775 1206 2803 .·
1231 2777 1253 2802 «
1276 2762 1631 2806 Testamentum
1648 2760 1698 2806 in
1724 2760 1924 2806 mortuis
1949 2759 2285 2806 confirmatum
2305 2769 2390 2806 est.
2415 2778 2438 2804 »
2463 2760 2591 2817 Quid

468 2833 595 2879 enim
612 2836 625 2859 ⁸
651 2835 962 2899 Evangelium
986 2836 1077 2883 nisi
1109 2847 1445 2885 testamentum
1475 2850 1544 2886 est
1570 2841 1771 2900 amoris,
1801 2840 1922 2886 sicut
1940 2840 2015 2886 lex
2036 2840 2187 2886 fuerat
2209 2839 2423 2887 timoris?
2453 2839 2591 2887 Unde

468 2923 514 2959 et
540 2915 793 2979 Apostolus
820 2917 1061 2963 conversis
1081 2916 1251 2963 Judaeis
1277 2919 1367 2964 ait⁹
1387 2937 1396 2964 ε
1433 2938 1456 2963 «
1481 2922 1587 2965 Non
1611 2920 1740 2966 enim
1760 2919 1937 2967 subditi
1962 2921 2071 2967 estis
2089 2920 2263 2967 iterum
2282 2920 2331 2966 in
2349 2919 2536 2966 timore.
2563 2938 2587 2963 ιο

469 2995 526 3039 Et
543 3011 729 3041 rursum
741 2997 789 3042 ¹⁰:
813 3016 838 3040 «
850 2996 975 3043 Finis
993 2998 1217 3062 praecepti
1229 2998 1396 3045 caritas
1413 2998 1473 3045 de
1491 3000 1636 3047 corde
1655 3017 1828 3064 puro.»
1850 3004 1906 3047 Et
1922 3017 2009 3065 per
2027 3001 2329 3065 semetipsam
2345 3000 2527 3047 Veritas
2537 3000 2585 3044 ¹²:

473 3091 494 3115 «
519 3075 681 3136 Ignem
706 3076 815 3122 veni
843 3077 1029 3124 mittere
1052 3079 1101 3124 in
1130 3088 1305 3125 terram
1321 3114 1333 3137 ‚
1360 3089 1410 3126 et
1435 3079 1552 3143 quid
1584 3080 1696 3127 volo
1719 3081 1809 3127 nisi
1831 3091 1884 3127 ut
1907 3081 2106 3128 ardeat?
2127 3099 2151 3125 »
2175 3083 2278 3127 Hoc
2295 3080 2436 3143 igitur
2454 3088 2592 3126 testa-

470 3163 685 3199 mentum
713 3157 887 3204 amoris
914 3158 964 3204 in
985 3158 1080 3205 hoc
1106 3159 1309 3206 maxime
1326 3158 1570 3206 dOminica
1597 3161 1754 3225 passio
1784 3160 2118 3220 confirmavit,
2153 3177 2304 3224 quum
2334 3176 2423 3224 pro
2451 3158 2590 3206 nobis

471 3233 746 3294 moriendo,
774 3236 903 3283 illam
926 3238 1065 3285 nobis
1089 3239 1393 3287 dilectionem
1418 3240 1629 3288 exhibuit
1646 3277 1658 3301 ,
1699 3258 1793 3306 qua
1818 3241 1971 3305 major
1995 3258 2095 3288 esse
2123 3257 2221 3287 non
2256 3240 2419 3305 possit.
2451 3238 2590 3286 Unde

515 3385 526 3402 ¹
547 3387 675 3429 Matth„
689 3398 764 3433 cap.
778 3401 873 3433 xxvi,
892 3402 924 3425 v.
938 3394 994 3425 26.
1009 3410 1053 3421 —-
1065 3393 1079 3410 ¹
1093 3394 1192 3437 Ibid.,
1207 3406 1240 3428 v·
1255 3397 1309 3429 28.
1325 3414 1365 3420 -—
1379 3396 1505 3438 ³1bid.,
1551 3396 1614 3422 —-⁸
1626 3396 1709 3430 Cod.
1726 3398 1821 3431 Enim
1840 3398 1933 3431 deest
1949 3398 2032 3432 Edd.
2049 3397 2111 3422 —⁹
2127 3399 2236 3436 Rom„
2253 3407 2326 3439 cap.
2340 3407 2394 3429 vlu
2406 3421 2414 3436 ,
2434 3407 2466 3428 v.
2486 3395 2589 3428 15.-

471 3453 501 3475 ν.
514 3443 619 3475 29.-
632 3443 646 3461 ⁴
660 3444 770 3486 Joan„
787 3457 858 3490 cap.
878 3459 906 3488 1,
920 3459 952 3481 v.
971 3450 1068 3483 14.—
1081 3450 1095 3467 ⁸
1107 3451 1195 3485 Petr.
1209 3453 1316 3494 Epist.
1332 3454 1366 3492 I,
1382 3464 1455 3497 cap.
1472 3465 1505 3492 11,
1556 3452 1584 3471 '⁰
1602 3454 1738 3486 Timoth.
1761 3454 1798 3493 I,
1823 3464 1896 3498 cap.
1911 3455 1945 3495 ι’,
1959 3465 1991 3487 v.
2013 3455 2045 3486 5.
2063 3472 2100 3477 -
2121 3453 2148 3471 ¹¹
2167 3453 2259 3491 Luc.¹
2288 3462 2362 3495 cap.
2383 3462 2428 3484 xn
2441 3476 2450 3492 ‚
2475 3461 2507 3483 v.
2532 3451 2588 3483 49·

472 3509 502 3531 v-
513 3499 630 3531 21.-—⁰
643 3500 752 3542 Joau.,
766 3512 840 3545 cap.
856 3514 911 3536 xlx
924 3530 931 3544 ,
946 3515 976 3537 v.
990 3505 1105 3538 30.—⁷
1117 3508 1229 3547 Helm,
1244 3518 1317 3551 cap.
1334 3520 1365 3541 ix
1378 3534 1387 3550 ,
1407 3520 1437 3541 v.
1456 3511 1506 3541 17.
