2970 4152
562 379 657 428 636
1360 378 1532 427 PETRI
1566 380 1877 429 ABAELARDI

563 474 719 534 tebat,
744 483 794 521 et
816 489 920 537 quae
941 471 1253 537 postmodum
1275 489 1362 538 per
1383 473 1607 535 effectum
1630 492 1833 541 operum
1857 475 1920 523 ad
1940 476 2098 523 lucem
2119 471 2277 540 erupit
2309 493 2319 521 :
2352 473 2485 539 quod
2509 483 2581 521 est
2602 470 2677 521 di-

564 570 671 602 cere
695 573 706 601 :
733 555 864 600 Sicut
891 553 1023 618 prius
1046 562 1208 600 mente
1241 553 1487 618 concepit,
1521 554 1587 602 ita
1619 555 1931 620 postmodum
1965 571 2111 620 opere
2141 553 2516 612 consummavit,
2545 553 2677 616 juxta

563 634 697 698 quod
718 634 948 698 scriptum
970 635 1065 680 est¹
1091 651 1101 679 ε
1127 652 1151 678 κ
1171 633 1317 691 Quod
1341 632 1627 694 factumest,
1651 635 1703 682 in
1726 635 1831 699 ipso
1853 635 1952 682 vita
1979 644 2096 682 erat.
2117 653 2142 680 »
2169 635 2315 692 Quasi
2336 633 2466 681 enim
2488 632 2549 679 de
2570 632 2677 680 sinu

562 714 778 778 quodam
798 714 968 762 secreti
991 714 1064 761 sui
1085 714 1270 778 singula
1284 717 1412 761 Deus
1433 714 1682 779 producit,
1706 715 1824 762 dum
1841 715 2032 763 exhibet
2053 732 2199 781 opere
2221 714 2356 779 quod
2371 724 2482 761 ante
2502 729 2677 762 conce-

563 805 699 858 perat
722 806 906 854 mente3
931 811 1021 842 nec
1044 811 1073 842 a
1094 784 1331 860 conceptui
1354 794 1553 843 dissidet
1574 812 1721 860 opus,
1747 795 1865 842 dum
1887 796 2019 860 quod
2043 806 2204 845 mente
2226 796 2498 861 disponitur
2533 810 2679 860 opere

562 874 847 938 completur.
868 876 1029 931 Quum
1047 874 1209 938 itaque
1223 883 1324 922 tam
1338 890 1535 940 vespere
1549 876 1695 939 quain
1710 891 1853 922 mane
1872 885 2027 923 totam
2040 875 2317 923 divinorum
2333 891 2536 940 operum
2545 890 2676 937 sum·-

561 971 691 1003 mam
704 993 715 1015 ,
741 966 795 1003 ut
817 956 1000 1003 dictum
1021 966 1092 1004 est
1106 993 1118 1015 ‚
1140 956 1520 1021 comprehendat
1533 993 1545 1016 ‚
1571 966 1671 1004 tam
1704 956 1927 1004 videlicet
1958 967 2307 1022 conceptorum
2339 966 2500 1004 mente
2520 951 2679 1020 vquam

562 1037 885 1084 exhibitorum
907 1053 1071 1103 opere,
1096 1036 1221 1085 bene
1246 1037 1432 1084 dictum
1454 1048 1526 1085 est
1547 1038 1648 1084 dies
1670 1054 1794 1085 unus
1816 1039 1976 1103 potius
1998 1054 2144 1103 quam
2167 1037 2268 1085 dies
2289 1037 2473 1102 primus
2490 1074 2502 1094 ,
2527 1052 2678 1101 quum

562 1120 726 1166 omnia
754 1118 1135 1184 comprehendat
1157 1135 1328 1184 opera,
1355 1118 1513 1165 nullus
1536 1128 1606 1166 est
1628 1136 1832 1184 operum
1853 1120 1955 1168 dies
1976 1129 2196 1186 respectu
2217 1118 2351 1182 cujus
2383 1118 2567 1183 primus
2599 1117 2678 1164 hic

561 1199 656 1246 dici
690 1201 858 1264 possit.
885 1200 1052 1247 Unitas
1080 1216 1197 1247 vero
1231 1200 1332 1247 haec
1365 1199 1461 1247 dici
1490 1216 1715 1264 magnam
1749 1201 2026 1248 divinorum
2060 1204 2263 1266 operum
2293 1198 2607 1246 concordiam
2632 1208 2679 1246 et

561 1280 949 1327 convenientiam
966 1280 1265 1328 demonstrat
1279 1318 1291 1340 ‚
1310 1281 1359 1327 in
1376 1279 1456 1327 illa
1479 1281 1657 1328 scilicet
1677 1290 1779 1329 tota
1800 1291 1900 1329 tam
1921 1281 2222 1329 diversorum
2244 1296 2449 1345 operum
2470 1294 2677 1327 summas

561 1362 700 1406 Hunc
724 1377 840 1407 vero
862 1377 1016 1407 unum
1040 1361 1169 1408 diem
1195 1377 1423 1425 magnum
1440 1397 1454 1420 ,
1477 1371 1635 1408 totum
1657 1361 1880 1409 videlicet
1900 1371 2090 1427 tempus
2112 1361 2231 1408 illud
2252 1360 2529 1407 divinorum
2561 1375 2679 1424 ope·-

561 1456 670 1486 rum
691 1440 792 1504 ipse
814 1441 864 1487 in
887 1441 1197 1505 sequentibus
1213 1440 1453 1507 propheta
1473 1440 1683 1489 declarat
1705 1441 1870 1489 dicens
1893 1459 1904 1488 z
1930 1460 1954 1486 «
1971 1445 2073 1488 Istae
2088 1450 2201 1488 sunt
2222 1441 2552 1504 generationes
2573 1438 2679 1487 coeli

560 1531 607 1566 et
641 1531 802 1580 terrae,
841 1521 1038 1585 quando
1072 1531 1240 1569 creatae
1275 1531 1410 1582 sunt,
1448 1522 1498 1569 in
1528 1521 1607 1569 die
1635 1538 1736 1586 quo
1765 1522 1876 1569 fecit
1905 1522 2142 1569 Dominus
2169 1520 2344 1568 coelum
2366 1531 2413 1567 et
2432 1530 2612 1568 terram
2632 1529 2680 1567 et

559 1616 704 1646 omne
726 1600 987 1664 virgultum
1009 1601 1135 1664 agri,
1162 1611 1253 1648 etc.
1275 1619 1299 1646 n
1325 1603 1487 1659 Quum
1510 1617 1627 1648 vero
1650 1603 1699 1648 in
1723 1600 2032 1666 sequentibus
2056 1601 2176 1648 dicit
2200 1600 2329 1647 diem
2350 1598 2617 1647 secundum
2633 1608 2680 1647 et

559 1680 754 1726 tertium
772 1717 783 1739 ‚
810 1690 925 1739 etc.,
946 1680 1077 1728 diem
1098 1680 1311 1745 primum
1333 1680 1553 1744 intelligit
1572 1696 1672 1745 quo
1694 1680 1870 1728 coelum
1890 1691 1940 1728 et
1960 1690 2088 1729 terra
2115 1690 2275 1728 creata
2295 1688 2429 1737 sunt,
2454 1679 2577 1726 sicut
2600 1677 2681 1726 di-

559 1769 692 1807 ctum
713 1770 806 1807 est:
838 1779 862 1805 «
882 1764 935 1806 In
958 1761 1196 1826 principio
1219 1762 1399 1808 creavit
1419 1764 1549 1809 Deus
1571 1760 1747 1809 coelum
1768 1771 1817 1810 et
1839 1772 2016 1810 terram
2033 1795 2047 1821 5
2071 1781 2095 1807 »
2120 1762 2172 1809 in
2201 1777 2301 1826 quo
2324 1760 2468 1807 etiam
2498 1759 2578 1806 lux
2609 1769 2680 1807 est

558 1851 717 1889 creata
747 1842 823 1888 vel
851 1859 881 1891 a
902 1841 1114 1889 tenebris
1144 1840 1312 1890 divisa.
1343 1842 1415 1890 Ad
1437 1858 1585 1908 opera
1609 1843 1795 1909 quippe
1826 1843 1992 1908 primae
2025 1843 2120 1891 diei
2153 1842 2256 1892 sola
2284 1841 2463 1888 creatio
2498 1840 2604 1888 coeli
2632 1849 2680 1888 et

558 1929 695 1967 terrae
721 1921 928 1986 pertinet
955 1938 1060 1986 quae
1089 1922 1248 1987 primo
1277 1921 1373 1969 diei
1408 1921 1687 1987 deputanda
1720 1933 1815 1982 est,
1848 1933 2068 1988 respectu
2101 1922 2236 1987 cujus
2262 1921 2484 1969 videlicet
2515 1921 2679 1986 primae

559 2001 654 2048 diei
667 2003 906 2050 secundus
919 2013 1002 2051 aut
1014 2003 1181 2051 tertius
1195 2002 1299 2050 dies
1323 2003 1512 2051 dicatur
1531 2022 1544 2052 :
1564 2014 1617 2052 ut
1632 2004 1727 2052 tale
1750 2006 1838 2052 sit:
1860 2008 1913 2052 ln
1932 2005 2171 2070 principio
2189 2003 2386 2062 creavit,
2410 2018 2465 2049 ac
2485 2002 2525 2049 si
2545 2002 2680 2049 dice-

558 2092 714 2129 retur:
733 2087 786 2128 In
802 2084 959 2147 prima
980 2083 1076 2142 die,
1097 2083 1193 2130 hoc
1207 2093 1278 2131 est
1292 2094 1403 2132 ante
1413 2094 1586 2133 caetera
1600 2101 1706 2151 quae
1722 2095 1990 2150 sequuntur
2001 2100 2166 2150 opera.
2186 2085 2319 2130 Prius
2338 2083 2516 2147 quippe
2533 2090 2680 2130 mate·

558 2163 680 2209 riam
701 2164 852 2210 creari
877 2164 1092 2228 oportuit
1114 2180 1260 2228 quam
1283 2164 1498 2212 formari.
1522 2165 1572 2212 Si
1593 2167 1699 2230 quis
1721 2176 1883 2214 tamen
1907 2166 2042 2231 quod
2070 2165 2264 2223 dicitur,
2292 2183 2316 2208 «
2338 2159 2386 2211 e‘t
2409 2163 2587 2210 factum
2610 2172 2680 2210 est

558 2259 755 2308 vespere
778 2253 826 2290 et
847 2259 989 2290 mane
1008 2243 1109 2291 dies
1131 2260 1280 2303 unus,
1304 2262 1327 2289 n
1354 2243 1416 2291 ad
1439 2261 1561 2310 opus
1582 2245 1891 2293 solummodo
1914 2246 2079 2311 primae
2101 2243 2195 2291 diei
2211 2243 2386 2291 referre
2409 2241 2538 2300 velit,
2558 2241 2680 2288 sicut

559 2333 606 2370 et
629 2324 677 2370 in
702 2325 881 2371 caeteris
910 2323 1080 2371 diebus
1107 2324 1168 2371 de
1189 2324 1419 2389 operibus
1443 2342 1613 2373 eorum
1635 2325 1713 2386 fit,
1741 2326 1862 2374 nihil
1884 2325 2087 2391 impedit
2106 2343 2117 2371 :
2141 2341 2257 2372 nam
2281 2333 2328 2370 et
2349 2324 2504 2388 ipsam
2528 2331 2678 2370 mate-

539 2404 678 2451 ·riam
703 2405 824 2451 sicut
847 2414 895 2451 et
916 2405 1167 2452 materiata
1184 2406 1316 2470 prius
1336 2406 1386 2452 in
1411 2416 1572 2454 mente
1589 2409 1720 2455 Deus
1735 2406 1931 2466 habuit,
1956 2406 2086 2454 velut
2107 2406 2157 2452 in
2180 2421 2396 2469 vespere,
2423 2413 2682 2468 antequam>

558 2501 644 2549 per
667 2485 962 2531 creationem
984 2484 1276 2549 produceret
1296 2485 1347 2532 in
1370 2501 1530 2534 mane.
2347 2485 2352 2490 ’

1407 2640 1468 2683 nn
1501 2641 1709 2675 SECUNDA
1740 2639 1834 2674 mn.

628 2772 651 2796 «
672 2752 800 2798 Dixit
819 2766 1013 2815 quoque
1031 2753 1178 2799 Deus.
1196 2769 1219 2795 »
1246 2749 1525 2798 Notandum
1542 2766 1659 2798 vero
1682 2751 1881 2815 quodin
1897 2750 1973 2797 his
1990 2746 2129 2796 dictis
2152 2747 2326 2796 divinis
2349 2757 2511 2794 nostra
2529 2752 2681 2794 trans*-

558 2831 672 2880 latio
701 2831 849 2879 habet
880 2830 1171 2896 aliquando,
1200 2851 1223 2875 «
1246 2830 1364 2878 dixit
1386 2847 1581 2895 quoque
1611 2834 1766 2890 Deus,
1797 2850 1823 2875 »
1853 2829 2114 2896 aliquando
2151 2849 2174 2874 (ι
2195 2828 2313 2876 dixit
2334 2844 2448 2875 vero
2470 2830 2626 2887 'Deus3
2652 2846 2674 2871 »

560 2913 635 2960 vel
661 2933 683 2958 «
705 2923 865 2961 autem
878 2950 889 2972 ,
911 2931 933 2956 »
955 2912 1032 2960 vel
1058 2931 1082 2958 «
1102 2912 1246 2959 etiam
1266 2929 1291 2956 n
1309 2909 1459 2976 >quod
1481 2911 1611 2960 idem
1627 2921 1720 2971 est,
1742 2911 2002 2976 aliquando
2019 2912 2141 2958 sicut
2159 2909 2399 2975 superius,
2426 2926 2449 2952 «
2468 2907 2679 2972 dixitque

559 2998 687 3042 Deus
701 3031 712 3053 ‚
736 3013 759 3039 »
789 3010 938 3058 quum
961 2992 1187 3042 hebraica
1216 2993 1389 3040 veritas
1411 2991 1590 3059 ubique
1611 2992 1810 3052 habeat,
1841 3012 1864 3037 «
1885 2992 2096 3057 dixitque
2120 2994 2265 3038 Deus.
2296 3009 2319 3033 »
2345 2991 2460 3046 Quae
2482 2986 2681 3052 quidem

561 3075 732 3121 veritas
754 3074 979 3122 hebraica
994 3074 1129 3138 juxta
1149 3074 1446 3139 superiorem
1467 3082 1684 3120 nostram
1708 3073 2057 3138 expositionem
2077 3071 2190 3119 huic
2211 3070 2320 3117 loco
2338 3069 2543 3116 maxime
2565 3083 2678 3117 con-

562 3153 712 3216 gruit,
735 3163 789 3199 ut
806 3153 1027 3200 videlicet
1049 3153 1276 3200 dicatur«
1292 3153 1503 3218 dixitque
1518 3155 1664 3212 Deus,
1690 3171 1712 3197 »
1737 3153 1897 3219 potius
1917 3168 2064 3219 quam
2090 3171 2115 3197 «
2136 3151 2253 3199 dixit
2272 3164 2465 3215 quoque
2483 3150 2626 3194 Deus.
2651 3167 2674 3192 n

562 3234 746 3291 Quum,
772 3244 826 3280 ut
847 3234 1075 3294 diximus,
1101 3235 1150 3281 in
1172 3234 1279 3282 luce
1298 3234 1422 3283 facta
1444 3230 1664 3282 omnium
1687 3235 1989 3300 sequentium
2007 3249 2211 3299 operum
2233 3229 2476 3278 distinctio
2510 3227 2679 3275 intelli-

563 3324 716 3377 gatur,
743 3331 1048 3379 nequaquam
1087 3317 1282 3382 proprie
1315 3317 1420 3364 ista
1444 3315 1722 3379 conjunctio
1757 3328 2048 3380 «quoque»
2085 3311 2332 3379 quoddam
2368 3318 2676 3373 augmentum

605 3466 616 3484 ⁴
642 3466 752 3507 Joan.‚
766 3476 840 3506 cap.
855 3478 884 3508 ι,
898 3477 930 3499 v.
946 3468 977 3497 3.
