<?xml version="1.0" encoding="UTF-8"?>
<!DOCTYPE html PUBLIC "-//W3C//DTD XHTML 1.0 Transitional//EN"
    "http://www.w3.org/TR/xhtml1/DTD/xhtml1-transitional.dtd">
<html xmlns="http://www.w3.org/1999/xhtml" xml:lang="en" lang="en">
 <head>
  <title>
</title>
<meta http-equiv="Content-Type" content="text/html;charset=utf-8" />
  <meta name='ocr-system' content='tesseract 3.04.00' />
  <meta name='ocr-capabilities' content='ocr_page ocr_carea ocr_par ocr_line ocrx_word'/>
</head>
<body>
  <div class='ocr_page' id='page_1' title='image "./operahactenusseo01abeluoft_0098.png"; bbox 0 0 2970 4152; ppageno 0'>
   <div class='ocr_carea' id='block_1_1' title="bbox 538 445 2077 497">
    <p class='ocr_par' dir='ltr' id='par_1_1' title="bbox 538 445 2077 497">
     <span class='ocr_line' id='line_1_1' title="bbox 538 445 2077 497; baseline 0.006 -9"><span class='ocrx_word' id='word_1_1' title='bbox 538 445 598 489; x_wconf 76' lang='lat'><strong>86</strong></span> <span class='ocrx_word' id='word_1_2' title='bbox 1113 446 1283 492; x_wconf 91' lang='lat' dir='ltr'>PETRI</span> <span class='ocrx_word' id='word_1_3' title='bbox 1319 446 1633 495; x_wconf 82' lang='lat' dir='ltr'><strong>ABAELARDI</strong></span> <span class='ocrx_word' id='word_1_4' title='bbox 1670 450 1744 496; x_wconf 91' lang='lat' dir='ltr'><strong>ET</strong></span> <span class='ocrx_word' id='word_1_5' title='bbox 1778 451 2077 497; x_wconf 87' lang='lat' dir='ltr'>HELOISSAE</span> 
     </span>
    </p>
   </div>
   <div class='ocr_carea' id='block_1_2' title="bbox 507 538 2648 2582">
    <p class='ocr_par' dir='ltr' id='par_1_2' title="bbox 507 538 2648 2582">
     <span class='ocr_line' id='line_1_2' title="bbox 525 538 2648 600; baseline 0.005 -18"><span class='ocrx_word' id='word_1_6' title='bbox 525 539 634 584; x_wconf 89' lang='lat' dir='ltr'><strong>satis</strong></span> <span class='ocrx_word' id='word_1_7' title='bbox 654 555 814 585; x_wconf 89' lang='lat' dir='ltr'><strong>secum</strong></span> <span class='ocrx_word' id='word_1_8' title='bbox 834 538 1162 585; x_wconf 86' lang='lat' dir='ltr'>sollicitudinis</span> <span class='ocrx_word' id='word_1_9' title='bbox 1180 538 1342 586; x_wconf 88' lang='lat' dir='ltr'><strong>afferet</strong></span> <span class='ocrx_word' id='word_1_10' title='bbox 1367 541 1501 587; x_wconf 90' lang='lat' dir='ltr'><strong>omni</strong></span> <span class='ocrx_word' id='word_1_11' title='bbox 1521 543 1835 592; x_wconf 82' lang='lat' dir='ltr'>amaritudine</span> <span class='ocrx_word' id='word_1_12' title='bbox 1855 543 2082 590; x_wconf 83' lang='lat' dir='ltr'><strong>involuta.</strong></span> <span class='ocrx_word' id='word_1_13' title='bbox 2111 563 2133 587; x_wconf 90' lang='lat'>«</span> <span class='ocrx_word' id='word_1_14' title='bbox 2155 544 2282 600; x_wconf 87' lang='lat' dir='ltr'>Quid</span> <span class='ocrx_word' id='word_1_15' title='bbox 2307 545 2433 590; x_wconf 86' lang='lat' dir='ltr'><strong>enim</strong></span> <span class='ocrx_word' id='word_1_16' title='bbox 2460 561 2648 592; x_wconf 89' lang='lat' dir='ltr'><strong>necesse</strong></span> 
     </span>
     <span class='ocr_line' id='line_1_3' title="bbox 524 618 2641 688; baseline 0.005 -26"><span class='ocrx_word' id='word_1_17' title='bbox 524 628 616 675; x_wconf 88' lang='lat' dir='ltr'><strong>est,</strong></span> <span class='ocrx_word' id='word_1_18' title='bbox 638 637 661 662; x_wconf 71' lang='grc' dir='ltr'>υ</span> <span class='ocrx_word' id='word_1_19' title='bbox 690 618 843 681; x_wconf 89' lang='lat' dir='ltr'><strong>inquit</strong></span> <span class='ocrx_word' id='word_1_20' title='bbox 867 620 1043 664; x_wconf 84' lang='lat' dir='ltr'>Seneca</span> <span class='ocrx_word' id='word_1_21' title='bbox 1061 621 1089 676; x_wconf 89' lang='lat'><strong>¹,</strong></span> <span class='ocrx_word' id='word_1_22' title='bbox 1116 636 1137 662; x_wconf 89' lang='lat'>«</span> <span class='ocrx_word' id='word_1_23' title='bbox 1158 618 1281 665; x_wconf 89' lang='lat' dir='ltr'><strong>mala</strong></span> <span class='ocrx_word' id='word_1_24' title='bbox 1300 636 1561 680; x_wconf 80' lang='lat' dir='ltr'><strong>arcessere,</strong></span> <span class='ocrx_word' id='word_1_25' title='bbox 1591 632 1638 683; x_wconf 84' lang='lat' dir='ltr'><strong>et</strong></span> <span class='ocrx_word' id='word_1_26' title='bbox 1661 632 1769 671; x_wconf 85' lang='lat' dir='ltr'><strong>ante</strong></span> <span class='ocrx_word' id='word_1_27' title='bbox 1790 633 1994 669; x_wconf 90' lang='lat' dir='ltr'><strong>mortem</strong></span> <span class='ocrx_word' id='word_1_28' title='bbox 2014 623 2160 670; x_wconf 79' lang='lat' dir='ltr'><strong>vitam</strong></span> <span class='ocrx_word' id='word_1_29' title='bbox 2175 622 2406 687; x_wconf 83' lang='lat' dir='ltr'><strong>perdere?</strong></span> <span class='ocrx_word' id='word_1_30' title='bbox 2427 642 2449 667; x_wconf 88' lang='lat'>»</span> <span class='ocrx_word' id='word_1_31' title='bbox 2475 626 2641 688; x_wconf 84' lang='lat' dir='ltr'><strong>RogaS‚</strong></span> 
     </span>
     <span class='ocr_line' id='line_1_4' title="bbox 524 699 2642 763; baseline 0.004 -21"><span class='ocrx_word' id='word_1_32' title='bbox 524 699 690 756; x_wconf 88' lang='lat' dir='ltr'><strong>unice,</strong></span> <span class='ocrx_word' id='word_1_33' title='bbox 734 708 782 743; x_wconf 89' lang='lat' dir='ltr'><strong>ut</strong></span> <span class='ocrx_word' id='word_1_34' title='bbox 818 714 1108 761; x_wconf 92' lang='lat' dir='ltr'><strong>quocunque</strong></span> <span class='ocrx_word' id='word_1_35' title='bbox 1143 715 1253 745; x_wconf 89' lang='lat' dir='ltr'><strong>casu</strong></span> <span class='ocrx_word' id='word_1_36' title='bbox 1293 699 1431 747; x_wconf 91' lang='lat' dir='ltr'><strong>nobis</strong></span> <span class='ocrx_word' id='word_1_37' title='bbox 1465 700 1635 747; x_wconf 85' lang='lat' dir='ltr'><strong>absens</strong></span> <span class='ocrx_word' id='word_1_38' title='bbox 1673 702 1798 750; x_wconf 90' lang='lat' dir='ltr'><strong>hanc</strong></span> <span class='ocrx_word' id='word_1_39' title='bbox 1843 704 1986 749; x_wconf 89' lang='lat' dir='ltr'><strong>vitam</strong></span> <span class='ocrx_word' id='word_1_40' title='bbox 2024 702 2224 763; x_wconf 87' lang='lat' dir='ltr'><strong>finieris,</strong></span> <span class='ocrx_word' id='word_1_41' title='bbox 2265 702 2327 750; x_wconf 89' lang='lat' dir='ltr'><strong>ad</strong></span> <span class='ocrx_word' id='word_1_42' title='bbox 2360 704 2642 751; x_wconf 80' lang='lat' dir='ltr'>cimiterium</span> 
     </span>
     <span class='ocr_line' id='line_1_5' title="bbox 507 778 2642 841; baseline 0.004 -19"><span class='ocrx_word' id='word_1_43' title='bbox 507 788 737 823; x_wconf 82' lang='lat' dir='ltr'><strong>nostrum</strong></span> <span class='ocrx_word' id='word_1_44' title='bbox 766 793 940 841; x_wconf 90' lang='lat' dir='ltr'><strong>corpus</strong></span> <span class='ocrx_word' id='word_1_45' title='bbox 969 787 1105 824; x_wconf 89' lang='lat' dir='ltr'><strong>tuum</strong></span> <span class='ocrx_word' id='word_1_46' title='bbox 1130 778 1302 825; x_wconf 82' lang='lat' dir='ltr'>adferri</span> <span class='ocrx_word' id='word_1_47' title='bbox 1330 780 1577 838; x_wconf 89' lang='lat' dir='ltr'><strong>faciamus,</strong></span> <span class='ocrx_word' id='word_1_48' title='bbox 1602 791 1654 827; x_wconf 90' lang='lat' dir='ltr'><strong>ut</strong></span> <span class='ocrx_word' id='word_1_49' title='bbox 1673 782 1946 829; x_wconf 85' lang='lat' dir='ltr'><strong>orationum</strong></span> <span class='ocrx_word' id='word_1_50' title='bbox 1972 783 2146 829; x_wconf 89' lang='lat' dir='ltr'><strong>scilicet</strong></span> <span class='ocrx_word' id='word_1_51' title='bbox 2166 793 2436 830; x_wconf 88' lang='lat' dir='ltr'><strong>nostrarum</strong></span> <span class='ocrx_word' id='word_1_52' title='bbox 2452 800 2510 830; x_wconf 86' lang='lat' dir='ltr'><strong>ex</strong></span> <span class='ocrx_word' id='word_1_53' title='bbox 2530 786 2642 831; x_wconf 84' lang='lat' dir='ltr'><strong>assi-</strong></span> 
     </span>
     <span class='ocr_line' id='line_1_6' title="bbox 520 856 2640 926; baseline 0.004 -25"><span class='ocrx_word' id='word_1_54' title='bbox 520 856 614 903; x_wconf 91' lang='lat' dir='ltr'><strong>dua</strong></span> <span class='ocrx_word' id='word_1_55' title='bbox 639 858 708 903; x_wconf 88' lang='lat' dir='ltr'><strong>tui</strong></span> <span class='ocrx_word' id='word_1_56' title='bbox 738 858 968 903; x_wconf 88' lang='lat' dir='ltr'><strong>memoria</strong></span> <span class='ocrx_word' id='word_1_57' title='bbox 997 857 1278 922; x_wconf 90' lang='lat' dir='ltr'><strong>ampliorem</strong></span> <span class='ocrx_word' id='word_1_58' title='bbox 1303 860 1563 923; x_wconf 79' lang='lat' dir='ltr'><strong>assequaris</strong></span> <span class='ocrx_word' id='word_1_59' title='bbox 1597 860 1817 908; x_wconf 82' lang='lat' dir='ltr'><strong>fructum.</strong></span> <span class='ocrx_word' id='word_1_60' title='bbox 1850 864 1905 908; x_wconf 77' lang='lat' dir='ltr'><strong>At</strong></span> <span class='ocrx_word' id='word_1_61' title='bbox 1933 875 2046 909; x_wconf 84' lang='lat' dir='ltr'><strong>vero</strong></span> <span class='ocrx_word' id='word_1_62' title='bbox 2075 862 2325 926; x_wconf 86' lang='lat' dir='ltr'><strong>quomodo</strong></span> <span class='ocrx_word' id='word_1_63' title='bbox 2361 863 2640 910; x_wconf 86' lang='lat' dir='ltr'><strong>memoriam</strong></span> 
     </span>
     <span class='ocr_line' id='line_1_7' title="bbox 520 933 2636 1008; baseline 0.004 -26"><span class='ocrx_word' id='word_1_64' title='bbox 520 939 584 982; x_wconf 88' lang='lat' dir='ltr'><strong>tui</strong></span> <span class='ocrx_word' id='word_1_65' title='bbox 604 953 631 983; x_wconf 87' lang='lat' dir='ltr'><strong>a</strong></span> <span class='ocrx_word' id='word_1_66' title='bbox 648 933 787 983; x_wconf 86' lang='lat' dir='ltr'><strong>nobis</strong></span> <span class='ocrx_word' id='word_1_67' title='bbox 803 937 897 983; x_wconf 92' lang='lat' dir='ltr'><strong>labi</strong></span> <span class='ocrx_word' id='word_1_68' title='bbox 917 954 1055 1002; x_wconf 90' lang='lat' dir='ltr'><strong>posse</strong></span> <span class='ocrx_word' id='word_1_69' title='bbox 1075 940 1358 1003; x_wconf 81' lang='lat' dir='ltr'><strong>suspicaris?</strong></span> <span class='ocrx_word' id='word_1_70' title='bbox 1385 950 1465 987; x_wconf 89' lang='lat' dir='ltr'><strong>aut</strong></span> <span class='ocrx_word' id='word_1_71' title='bbox 1483 941 1615 1004; x_wconf 89' lang='lat' dir='ltr'><strong>quod</strong></span> <span class='ocrx_word' id='word_1_72' title='bbox 1634 942 1843 988; x_wconf 88' lang='lat' dir='ltr'><strong>‘orationi</strong></span> <span class='ocrx_word' id='word_1_73' title='bbox 1863 952 2049 1008; x_wconf 87' lang='lat' dir='ltr'><strong>tempus</strong></span> <span class='ocrx_word' id='word_1_74' title='bbox 2070 954 2183 990; x_wconf 93' lang='lat' dir='ltr'><strong>tunc</strong></span> <span class='ocrx_word' id='word_1_75' title='bbox 2203 945 2291 991; x_wconf 92' lang='lat' dir='ltr'><strong>erit</strong></span> <span class='ocrx_word' id='word_1_76' title='bbox 2306 944 2636 1004; x_wconf 91' lang='lat' dir='ltr'><strong>commodum,</strong></span> 
     </span>
     <span class='ocr_line' id='line_1_8' title="bbox 517 1016 2640 1087; baseline 0.005 -25"><span class='ocrx_word' id='word_1_77' title='bbox 517 1016 711 1079; x_wconf 88' lang='lat' dir='ltr'><strong>quando</strong></span> <span class='ocrx_word' id='word_1_78' title='bbox 735 1034 920 1064; x_wconf 89' lang='lat' dir='ltr'><strong>summa</strong></span> <span class='ocrx_word' id='word_1_79' title='bbox 949 1018 1242 1081; x_wconf 84' lang='lat' dir='ltr'><strong>perturbatio</strong></span> <span class='ocrx_word' id='word_1_80' title='bbox 1267 1020 1388 1066; x_wconf 91' lang='lat' dir='ltr'><strong>nihil</strong></span> <span class='ocrx_word' id='word_1_81' title='bbox 1417 1021 1663 1085; x_wconf 86' lang='lat' dir='ltr'><strong>permittet</strong></span> <span class='ocrx_word' id='word_1_82' title='bbox 1680 1023 1926 1085; x_wconf 81' lang='lat' dir='ltr'><strong>quietum?</strong></span> <span class='ocrx_word' id='word_1_83' title='bbox 1958 1040 2106 1087; x_wconf 91' lang='lat' dir='ltr'><strong>quum</strong></span> <span class='ocrx_word' id='word_1_84' title='bbox 2140 1040 2228 1071; x_wconf 86' lang='lat' dir='ltr'><strong>nee</strong></span> <span class='ocrx_word' id='word_1_85' title='bbox 2257 1025 2415 1071; x_wconf 91' lang='lat' dir='ltr'><strong>anima</strong></span> <span class='ocrx_word' id='word_1_86' title='bbox 2448 1025 2640 1072; x_wconf 87' lang='lat' dir='ltr'><strong>rationis</strong></span> 
     </span>
     <span class='ocr_line' id='line_1_9' title="bbox 517 1097 2639 1168; baseline 0.005 -27"><span class='ocrx_word' id='word_1_87' title='bbox 517 1112 732 1155; x_wconf 87' lang='lat' dir='ltr'><strong>sensum,</strong></span> <span class='ocrx_word' id='word_1_88' title='bbox 763 1113 851 1144; x_wconf 88' lang='lat' dir='ltr'><strong>nec</strong></span> <span class='ocrx_word' id='word_1_89' title='bbox 879 1097 1041 1161; x_wconf 51' lang='lat' dir='ltr'><strong>lingua¹</strong></span> <span class='ocrx_word' id='word_1_90' title='bbox 1066 1099 1298 1145; x_wconf 88' lang='lat' dir='ltr'><strong>sermonis</strong></span> <span class='ocrx_word' id='word_1_91' title='bbox 1317 1099 1540 1146; x_wconf 85' lang='lat' dir='ltr'><strong>retinebit</strong></span> <span class='ocrx_word' id='word_1_92' title='bbox 1565 1101 1734 1147; x_wconf 84' lang='lat' dir='ltr'><strong>usum?</strong></span> <span class='ocrx_word' id='word_1_93' title='bbox 1762 1118 1911 1166; x_wconf 87' lang='lat' dir='ltr'><strong>quum</strong></span> <span class='ocrx_word' id='word_1_94' title='bbox 1940 1104 2272 1150; x_wconf 75' lang='lat' dir='ltr'><strong>mens-«insana</strong></span> <span class='ocrx_word' id='word_1_95' title='bbox 2294 1104 2347 1150; x_wconf 88' lang='lat' dir='ltr'><strong>in</strong></span> <span class='ocrx_word' id='word_1_96' title='bbox 2373 1105 2639 1168; x_wconf 56' lang='lat' dir='ltr'><strong>ipsu1n92-ut</strong></span> 
     </span>
     <span class='ocr_line' id='line_1_10' title="bbox 517 1176 2640 1248; baseline 0.004 -26"><span class='ocrx_word' id='word_1_97' title='bbox 517 1177 576 1222; x_wconf 90' lang='lat' dir='ltr'><strong>ita</strong></span> <span class='ocrx_word' id='word_1_98' title='bbox 604 1176 787 1236; x_wconf 87' lang='lat' dir='ltr'><strong>dicam,</strong></span> <span class='ocrx_word' id='word_1_99' title='bbox 822 1179 977 1224; x_wconf 91' lang='lat' dir='ltr'><strong>Deum</strong></span> <span class='ocrx_word' id='word_1_100' title='bbox 1006 1177 1151 1242; x_wconf 84' lang='lat' dir='ltr'><strong>magis</strong></span> <span class='ocrx_word' id='word_1_101' title='bbox 1179 1178 1296 1225; x_wconf 88' lang='lat' dir='ltr'><strong>irata</strong></span> <span class='ocrx_word' id='word_1_102' title='bbox 1328 1195 1472 1243; x_wconf 89' lang='lat' dir='ltr'><strong>quam</strong></span> <span class='ocrx_word' id='word_1_103' title='bbox 1502 1189 1695 1244; x_wconf 85' lang='lat' dir='ltr'><strong>pacata,</strong></span> <span class='ocrx_word' id='word_1_104' title='bbox 1725 1197 1823 1228; x_wconf 92' lang='lat' dir='ltr'><strong>non</strong></span> <span class='ocrx_word' id='word_1_105' title='bbox 1858 1192 1954 1228; x_wconf 87' lang='lat' dir='ltr'><strong>tam</strong></span> <span class='ocrx_word' id='word_1_106' title='bbox 1979 1181 2273 1229; x_wconf 83' lang='lat' dir='ltr'><strong>orationibus</strong></span> <span class='ocrx_word' id='word_1_107' title='bbox 2308 1183 2463 1247; x_wconf 83' lang='lat' dir='ltr'><strong>ipsum</strong></span> <span class='ocrx_word' id='word_1_108' title='bbox 2487 1182 2640 1248; x_wconf 70' lang='lat' dir='ltr'><strong>placa-</strong></span> 
     </span>
     <span class='ocr_line' id='line_1_11' title="bbox 514 1255 2638 1320; baseline 0.004 -19"><span class='ocrx_word' id='word_1_109' title='bbox 514 1255 582 1301; x_wconf 87' lang='lat' dir='ltr'><strong>bit</strong></span> <span class='ocrx_word' id='word_1_110' title='bbox 609 1272 753 1319; x_wconf 89' lang='lat' dir='ltr'><strong>quam</strong></span> <span class='ocrx_word' id='word_1_111' title='bbox 787 1257 1097 1320; x_wconf 88' lang='lat' dir='ltr'><strong>querimoniis</strong></span> <span class='ocrx_word' id='word_1_112' title='bbox 1125 1257 1356 1304; x_wconf 80' lang='lat' dir='ltr'><strong>irritabit?</strong></span> <span class='ocrx_word' id='word_1_113' title='bbox 1387 1257 1517 1305; x_wconf 90' lang='lat' dir='ltr'><strong>Flere</strong></span> <span class='ocrx_word' id='word_1_114' title='bbox 1543 1269 1657 1306; x_wconf 81' lang='lat' dir='ltr'><strong>tunc</strong></span> <span class='ocrx_word' id='word_1_115' title='bbox 1696 1260 1884 1307; x_wconf 81' lang='lat' dir='ltr'><strong>miseris.</strong></span> <span class='ocrx_word' id='word_1_116' title='bbox 1909 1271 2094 1308; x_wconf 88' lang='lat' dir='ltr'><strong>tantum</strong></span> <span class='ocrx_word' id='word_1_117' title='bbox 2126 1261 2335 1320; x_wconf 87' lang='lat' dir='ltr'><strong>vacabit,</strong></span> <span class='ocrx_word' id='word_1_118' title='bbox 2370 1278 2470 1308; x_wconf 77' lang='lat' dir='ltr'><strong>non</strong></span> <span class='ocrx_word' id='word_1_119' title='bbox 2501 1275 2638 1309; x_wconf 74' lang='lat' dir='ltr'><strong>orare</strong></span> 
     </span>
     <span class='ocr_line' id='line_1_12' title="bbox 512 1334 2638 1408; baseline 0.003 -27"><span class='ocrx_word' id='word_1_120' title='bbox 512 1334 695 1394; x_wconf 86' lang='lat' dir='ltr'><strong>licebit,</strong></span> <span class='ocrx_word' id='word_1_121' title='bbox 727 1346 773 1383; x_wconf 89' lang='lat' dir='ltr'><strong>et</strong></span> <span class='ocrx_word' id='word_1_122' title='bbox 798 1347 844 1383; x_wconf 91' lang='lat' dir='ltr'><strong>te</strong></span> <span class='ocrx_word' id='word_1_123' title='bbox 874 1336 1018 1401; x_wconf 87' lang='lat' dir='ltr'><strong>magis</strong></span> <span class='ocrx_word' id='word_1_124' title='bbox 1047 1336 1271 1401; x_wconf 91' lang='lat' dir='ltr'><strong>subsequi</strong></span> <span class='ocrx_word' id='word_1_125' title='bbox 1291 1355 1435 1402; x_wconf 90' lang='lat' dir='ltr'><strong>quam</strong></span> <span class='ocrx_word' id='word_1_126' title='bbox 1455 1337 1652 1403; x_wconf 90' lang='lat' dir='ltr'><strong>sepelire</strong></span> <span class='ocrx_word' id='word_1_127' title='bbox 1688 1339 2026 1388; x_wconf 78' lang='lat' dir='ltr'><strong>maturandum</strong></span> <span class='ocrx_word' id='word_1_128' title='bbox 2058 1341 2168 1401; x_wconf 89' lang='lat' dir='ltr'><strong>erit,</strong></span> <span class='ocrx_word' id='word_1_129' title='bbox 2204 1351 2254 1388; x_wconf 93' lang='lat' dir='ltr'><strong>ut</strong></span> <span class='ocrx_word' id='word_1_130' title='bbox 2286 1341 2446 1408; x_wconf 75' lang='lat' dir='ltr'><strong>potius</strong></span> <span class='ocrx_word' id='word_1_131' title='bbox 2475 1350 2527 1388; x_wconf 60' lang='lat' dir='ltr'><strong>et*</strong></span> <span class='ocrx_word' id='word_1_132' title='bbox 2549 1357 2638 1388; x_wconf 90' lang='lat' dir='ltr'><strong>nos</strong></span> 
     </span>
     <span class='ocr_line' id='line_1_13' title="bbox 514 1415 2636 1484; baseline 0.004 -24"><span class='ocrx_word' id='word_1_133' title='bbox 514 1415 898 1480; x_wconf 62' lang='lat' dir='ltr'><strong>consepeliendae</strong></span> <span class='ocrx_word' id='word_1_134' title='bbox 918 1416 1090 1475; x_wconf 88' lang='lat' dir='ltr'><strong>simus,</strong></span> <span class='ocrx_word' id='word_1_135' title='bbox 1122 1428 1268 1480; x_wconf 77' lang='lat' dir='ltr'><strong>quam</strong></span> <span class='ocrx_word' id='word_1_136' title='bbox 1297 1417 1495 1482; x_wconf 90' lang='lat' dir='ltr'><strong>sepelire</strong></span> <span class='ocrx_word' id='word_1_137' title='bbox 1516 1419 1770 1483; x_wconf 88' lang='lat' dir='ltr'><strong>possimus.</strong></span> <span class='ocrx_word' id='word_1_138' title='bbox 1800 1423 1917 1477; x_wconf 85' lang='lat' dir='ltr'><strong>Quae</strong></span> <span class='ocrx_word' id='word_1_139' title='bbox 1941 1437 2091 1484; x_wconf 88' lang='lat' dir='ltr'><strong>quum</strong></span> <span class='ocrx_word' id='word_1_140' title='bbox 2117 1421 2167 1467; x_wconf 92' lang='lat' dir='ltr'><strong>in</strong></span> <span class='ocrx_word' id='word_1_141' title='bbox 2202 1431 2499 1468; x_wconf 52' lang='lat' dir='ltr'><strong>tenostram2—</strong></span> <span class='ocrx_word' id='word_1_142' title='bbox 2518 1422 2636 1468; x_wconf 86' lang='lat' dir='ltr'><strong>ami·</strong></span> 
     </span>
     <span class='ocr_line' id='line_1_14' title="bbox 512 1496 2636 1563; baseline 0.003 -23"><span class='ocrx_word' id='word_1_143' title='bbox 512 1496 710 1541; x_wconf 89' lang='lat' dir='ltr'><strong>serimus</strong></span> <span class='ocrx_word' id='word_1_144' title='bbox 728 1496 871 1542; x_wconf 87' lang='lat' dir='ltr'><strong>vitam</strong></span> <span class='ocrx_word' id='word_1_145' title='bbox 888 1532 899 1554; x_wconf 89' lang='lat'><strong>,</strong></span> <span class='ocrx_word' id='word_1_146' title='bbox 928 1497 1110 1555; x_wconf 85' lang='lat' dir='ltr'><strong>vivere,</strong></span> <span class='ocrx_word' id='word_1_147' title='bbox 1134 1507 1180 1543; x_wconf 91' lang='lat' dir='ltr'><strong>te</strong></span> <span class='ocrx_word' id='word_1_148' title='bbox 1197 1497 1474 1556; x_wconf 84' lang='lat' dir='ltr'><strong>recedente,</strong></span> <span class='ocrx_word' id='word_1_149' title='bbox 1505 1514 1807 1561; x_wconf 89' lang='lat' dir='ltr'><strong>nequaquam</strong></span> <span class='ocrx_word' id='word_1_150' title='bbox 1838 1500 2115 1563; x_wconf 89' lang='lat' dir='ltr'><strong>poterimus.</strong></span> <span class='ocrx_word' id='word_1_151' title='bbox 2149 1503 2300 1563; x_wconf 84' lang='lat' dir='ltr'><strong>Atque</strong></span> <span class='ocrx_word' id='word_1_152' title='bbox 2334 1501 2514 1547; x_wconf 85' lang='lat' dir='ltr'><strong>utinam</strong></span> <span class='ocrx_word' id='word_1_153' title='bbox 2547 1517 2636 1548; x_wconf 90' lang='lat' dir='ltr'><strong>nec</strong></span> 
     </span>
     <span class='ocr_line' id='line_1_15' title="bbox 513 1575 2635 1644; baseline 0.003 -24"><span class='ocrx_word' id='word_1_154' title='bbox 513 1583 625 1620; x_wconf 87' lang='lat' dir='ltr'><strong>tunc</strong></span> <span class='ocrx_word' id='word_1_155' title='bbox 653 1592 804 1639; x_wconf 91' lang='lat' dir='ltr'><strong>usque</strong></span> <span class='ocrx_word' id='word_1_156' title='bbox 834 1575 1095 1640; x_wconf 73' lang='lat' dir='ltr'><strong>possimus!</strong></span> <span class='ocrx_word' id='word_1_157' title='bbox 1125 1577 1287 1622; x_wconf 86' lang='lat' dir='ltr'><strong>Mortis</strong></span> <span class='ocrx_word' id='word_1_158' title='bbox 1319 1586 1411 1623; x_wconf 88' lang='lat' dir='ltr'><strong>tuae</strong></span> <span class='ocrx_word' id='word_1_159' title='bbox 1430 1578 1611 1624; x_wconf 89' lang='lat' dir='ltr'><strong>mentio</strong></span> <span class='ocrx_word' id='word_1_160' title='bbox 1628 1580 1642 1601; x_wconf 79' lang='lat'><strong>²</strong></span> <span class='ocrx_word' id='word_1_161' title='bbox 1669 1591 1798 1624; x_wconf 88' lang='lat' dir='ltr'><strong>mors</strong></span> <span class='ocrx_word' id='word_1_162' title='bbox 1817 1579 2034 1642; x_wconf 63' lang='lat' dir='ltr'><strong>quaedam</strong></span> <span class='ocrx_word' id='word_1_163' title='bbox 2064 1579 2203 1625; x_wconf 89' lang='lat' dir='ltr'><strong>nobis</strong></span> <span class='ocrx_word' id='word_1_164' title='bbox 2231 1590 2316 1625; x_wconf 85' lang='lat' dir='ltr'><strong>est.</strong></span> <span class='ocrx_word' id='word_1_165' title='bbox 2347 1583 2451 1644; x_wconf 90' lang='lat' dir='ltr'><strong>Ipsa</strong></span> <span class='ocrx_word' id='word_1_166' title='bbox 2477 1590 2635 1627; x_wconf 88' lang='lat' dir='ltr'><strong>autem</strong></span> 
     </span>
     <span class='ocr_line' id='line_1_16' title="bbox 512 1655 2631 1722; baseline 0.004 -23"><span class='ocrx_word' id='word_1_167' title='bbox 512 1655 676 1701; x_wconf 88' lang='lat' dir='ltr'><strong>mortis</strong></span> <span class='ocrx_word' id='word_1_168' title='bbox 701 1655 841 1717; x_wconf 90' lang='lat' dir='ltr'><strong>hujus</strong></span> <span class='ocrx_word' id='word_1_169' title='bbox 869 1657 1039 1702; x_wconf 80' lang='lat' dir='ltr'><strong>veritas</strong></span> <span class='ocrx_word' id='word_1_170' title='bbox 1060 1656 1203 1719; x_wconf 78' lang='lat' dir='ltr'><strong>quid,</strong></span> <span class='ocrx_word' id='word_1_171' title='bbox 1235 1657 1272 1702; x_wconf 86' lang='lat' dir='ltr'><strong>si</strong></span> <span class='ocrx_word' id='word_1_172' title='bbox 1296 1673 1384 1703; x_wconf 93' lang='lat' dir='ltr'><strong>nos</strong></span> <span class='ocrx_word' id='word_1_173' title='bbox 1404 1657 1639 1704; x_wconf 86' lang='lat' dir='ltr'><strong>invenerit</strong></span> <span class='ocrx_word' id='word_1_174' title='bbox 1656 1693 1668 1716; x_wconf 84' lang='lat'><strong>,</strong></span> <span class='ocrx_word' id='word_1_175' title='bbox 1697 1658 1852 1704; x_wconf 84' lang='lat' dir='ltr'><strong>futura</strong></span> <span class='ocrx_word' id='word_1_176' title='bbox 1879 1658 1976 1705; x_wconf 80' lang='lat' dir='ltr'><strong>est?</strong></span> <span class='ocrx_word' id='word_1_177' title='bbox 2006 1662 2264 1722; x_wconf 87' lang='lat' dir='ltr'><strong>Nunquam</strong></span> <span class='ocrx_word' id='word_1_178' title='bbox 2282 1662 2409 1706; x_wconf 89' lang='lat' dir='ltr'><strong>Deus</strong></span> <span class='ocrx_word' id='word_1_179' title='bbox 2436 1670 2631 1720; x_wconf 82' lang='lat' dir='ltr'><strong>annuat,</strong></span> 
     </span>
     <span class='ocr_line' id='line_1_17' title="bbox 511 1734 2638 1803; baseline 0.005 -25"><span class='ocrx_word' id='word_1_180' title='bbox 511 1744 561 1778; x_wconf 90' lang='lat' dir='ltr'><strong>ut</strong></span> <span class='ocrx_word' id='word_1_181' title='bbox 580 1734 672 1780; x_wconf 91' lang='lat' dir='ltr'><strong>hoc</strong></span> <span class='ocrx_word' id='word_1_182' title='bbox 698 1734 782 1780; x_wconf 85' lang='lat' dir='ltr'><strong>tibi</strong></span> <span class='ocrx_word' id='word_1_183' title='bbox 801 1734 1015 1781; x_wconf 88' lang='lat' dir='ltr'><strong>debitum</strong></span> <span class='ocrx_word' id='word_1_184' title='bbox 1041 1737 1317 1800; x_wconf 81' lang='lat' dir='ltr'><strong>superstites</strong></span> <span class='ocrx_word' id='word_1_185' title='bbox 1330 1737 1658 1801; x_wconf 77' lang='lat' dir='ltr'><strong>persolvamus</strong></span> <span class='ocrx_word' id='word_1_186' title='bbox 1672 1774 1683 1796; x_wconf 91' lang='lat'><strong><em>‚</em></strong></span> <span class='ocrx_word' id='word_1_187' title='bbox 1709 1748 1757 1784; x_wconf 87' lang='lat' dir='ltr'><strong>ut</strong></span> <span class='ocrx_word' id='word_1_188' title='bbox 1779 1738 1874 1785; x_wconf 87' lang='lat' dir='ltr'><strong>hoc</strong></span> <span class='ocrx_word' id='word_1_189' title='bbox 1892 1738 1978 1785; x_wconf 91' lang='lat' dir='ltr'><strong>tibi</strong></span> <span class='ocrx_word' id='word_1_190' title='bbox 1996 1740 2260 1803; x_wconf 84' lang='lat' dir='ltr'><strong>patrocinio</strong></span> <span class='ocrx_word' id='word_1_191' title='bbox 2279 1739 2638 1802; x_wconf 84' lang='lat' dir='ltr'><strong>subveniamus,</strong></span> 
     </span>
     <span class='ocr_line' id='line_1_18' title="bbox 510 1813 2628 1882; baseline 0.003 -23"><span class='ocrx_word' id='word_1_192' title='bbox 510 1813 640 1876; x_wconf 88' lang='lat' dir='ltr'><strong>quod</strong></span> <span class='ocrx_word' id='word_1_193' title='bbox 673 1830 700 1860; x_wconf 89' lang='lat' dir='ltr'><strong>a</strong></span> <span class='ocrx_word' id='word_1_194' title='bbox 727 1825 772 1860; x_wconf 88' lang='lat' dir='ltr'><strong>te</strong></span> <span class='ocrx_word' id='word_1_195' title='bbox 797 1815 986 1878; x_wconf 91' lang='lat' dir='ltr'><strong>penitus</strong></span> <span class='ocrx_word' id='word_1_196' title='bbox 1020 1825 1340 1879; x_wconf 84' lang='lat' dir='ltr'><strong>expectamus.</strong></span> <span class='ocrx_word' id='word_1_197' title='bbox 1383 1819 1436 1864; x_wconf 92' lang='lat' dir='ltr'><strong>In</strong></span> <span class='ocrx_word' id='word_1_198' title='bbox 1474 1816 1568 1863; x_wconf 93' lang='lat' dir='ltr'><strong>hoc</strong></span> <span class='ocrx_word' id='word_1_199' title='bbox 1607 1817 1867 1864; x_wconf 78' lang='lat' dir='ltr'><strong>utinam-te</strong></span> <span class='ocrx_word' id='word_1_200' title='bbox 1886 1835 2214 1882; x_wconf 68' lang='lat' dir='ltr'><strong>praecessurae,</strong></span> <span class='ocrx_word' id='word_1_201' title='bbox 2241 1835 2340 1865; x_wconf 89' lang='lat' dir='ltr'><strong>non</strong></span> <span class='ocrx_word' id='word_1_202' title='bbox 2370 1818 2628 1867; x_wconf 60' lang='lat' dir='ltr'><strong>secuturae!</strong></span> 
     </span>
     <span class='ocr_line' id='line_1_19' title="bbox 510 1894 2634 1961; baseline 0.004 -23"><span class='ocrx_word' id='word_1_203' title='bbox 510 1896 654 1940; x_wconf 88' lang='lat' dir='ltr'><strong>Parce</strong></span> <span class='ocrx_word' id='word_1_204' title='bbox 683 1894 840 1958; x_wconf 85' lang='lat' dir='ltr'><strong>itaque</strong></span> <span class='ocrx_word' id='word_1_205' title='bbox 858 1930 883 1953; x_wconf 30' lang='lat'><strong>‚⁴</strong></span> <span class='ocrx_word' id='word_1_206' title='bbox 903 1894 1142 1954; x_wconf 76' lang='lat' dir='ltr'><strong>obsecro,v</strong></span> <span class='ocrx_word' id='word_1_207' title='bbox 1169 1895 1338 1955; x_wconf 60' lang='lat' dir='ltr'><strong>nobis,</strong></span> <span class='ocrx_word' id='word_1_208' title='bbox 1370 1912 1512 1959; x_wconf 83' lang='lat' dir='ltr'><strong>parce</strong></span> <span class='ocrx_word' id='word_1_209' title='bbox 1538 1897 1874 1960; x_wconf 79' lang='lat' dir='ltr'><strong>itaque-unicae</strong></span> <span class='ocrx_word' id='word_1_210' title='bbox 1899 1898 2069 1945; x_wconf 82' lang='lat' dir='ltr'><strong>saltem</strong></span> <span class='ocrx_word' id='word_1_211' title='bbox 2097 1908 2210 1957; x_wconf 80' lang='lat' dir='ltr'><strong>tuae,</strong></span> <span class='ocrx_word' id='word_1_212' title='bbox 2243 1897 2634 1961; x_wconf 51' lang='lat' dir='ltr'><strong>hujusmodis&amp;-</strong></span> 
     </span>
     <span class='ocr_line' id='line_1_20' title="bbox 512 1972 2637 2039; baseline 0.002 -21"><span class='ocrx_word' id='word_1_213' title='bbox 512 1972 621 2019; x_wconf 88' lang='lat' dir='ltr'><strong>licet</strong></span> <span class='ocrx_word' id='word_1_214' title='bbox 643 1973 1008 2037; x_wconf 84' lang='lat' dir='ltr'><strong>supersedendo</strong></span> <span class='ocrx_word' id='word_1_215' title='bbox 1026 1973 1204 2033; x_wconf 87' lang='lat' dir='ltr'><strong>verbis,</strong></span> <span class='ocrx_word' id='word_1_216' title='bbox 1229 1974 1402 2038; x_wconf 90' lang='lat' dir='ltr'><strong>quibus</strong></span> <span class='ocrx_word' id='word_1_217' title='bbox 1429 1985 1658 2039; x_wconf 86' lang='lat' dir='ltr'><strong>tanquam</strong></span> <span class='ocrx_word' id='word_1_218' title='bbox 1681 1975 1847 2039; x_wconf 81' lang='lat' dir='ltr'><strong>gladiis</strong></span> <span class='ocrx_word' id='word_1_219' title='bbox 1874 1978 2041 2024; x_wconf 86' lang='lat' dir='ltr'><strong>mortis</strong></span> <span class='ocrx_word' id='word_1_220' title='bbox 2071 1988 2266 2025; x_wconf 57' lang='lat' dir='ltr'><strong>nostrasr</strong></span> <span class='ocrx_word' id='word_1_221' title='bbox 2282 1978 2637 2027; x_wconf 83' lang='lat' dir='ltr'><strong>transverberas.</strong></span> 
     </span>
     <span class='ocr_line' id='line_1_21' title="bbox 512 2054 2637 2121; baseline 0.003 -21"><span class='ocrx_word' id='word_1_222' title='bbox 512 2056 728 2114; x_wconf 80' lang='lat' dir='ltr'><strong>animas,</strong></span> <span class='ocrx_word' id='word_1_223' title='bbox 748 2064 800 2101; x_wconf 92' lang='lat' dir='ltr'><strong>ut</strong></span> <span class='ocrx_word' id='word_1_224' title='bbox 833 2054 966 2118; x_wconf 92' lang='lat' dir='ltr'><strong>quod</strong></span> <span class='ocrx_word' id='word_1_225' title='bbox 1000 2065 1202 2102; x_wconf 86' lang='lat' dir='ltr'><strong>mortem</strong></span> <span class='ocrx_word' id='word_1_226' title='bbox 1232 2056 1459 2121; x_wconf 79' lang='lat' dir='ltr'><strong>praevenit</strong></span> <span class='ocrx_word' id='word_1_227' title='bbox 1491 2056 1591 2120; x_wconf 92' lang='lat' dir='ltr'><strong>ipsa</strong></span> <span class='ocrx_word' id='word_1_228' title='bbox 1628 2067 1784 2103; x_wconf 89' lang='lat' dir='ltr'><strong>morte.</strong></span> <span class='ocrx_word' id='word_1_229' title='bbox 1816 2058 2003 2121; x_wconf 85' lang='lat' dir='ltr'><strong>gravius</strong></span> <span class='ocrx_word' id='word_1_230' title='bbox 2032 2058 2105 2105; x_wconf 87' lang='lat' dir='ltr'><strong>sit.</strong></span> <span class='ocrx_word' id='word_1_231' title='bbox 2139 2058 2405 2105; x_wconf 85' lang='lat' dir='ltr'><strong>Confectus.</strong></span> <span class='ocrx_word' id='word_1_232' title='bbox 2429 2075 2637 2108; x_wconf 80' lang='lat' dir='ltr'><strong>moeror-e</strong></span> 
     </span>
     <span class='ocr_line' id='line_1_22' title="bbox 511 2135 2636 2203; baseline 0.003 -23"><span class='ocrx_word' id='word_1_233' title='bbox 511 2135 696 2181; x_wconf 88' lang='lat' dir='ltr'><strong>animus</strong></span> <span class='ocrx_word' id='word_1_234' title='bbox 723 2135 911 2199; x_wconf 91' lang='lat' dir='ltr'><strong>quietus</strong></span> <span class='ocrx_word' id='word_1_235' title='bbox 932 2151 1031 2181; x_wconf 89' lang='lat' dir='ltr'><strong>non</strong></span> <span class='ocrx_word' id='word_1_236' title='bbox 1063 2145 1130 2182; x_wconf 83' lang='lat' dir='ltr'><strong>est</strong></span> <span class='ocrx_word' id='word_1_237' title='bbox 1145 2137 1176 2195; x_wconf 72' lang='lat'><strong>³,</strong></span> <span class='ocrx_word' id='word_1_238' title='bbox 1203 2152 1292 2183; x_wconf 91' lang='lat' dir='ltr'><strong>nec</strong></span> <span class='ocrx_word' id='word_1_239' title='bbox 1319 2138 1422 2182; x_wconf 89' lang='lat' dir='ltr'><strong>Deo</strong></span> <span class='ocrx_word' id='word_1_240' title='bbox 1453 2136 1633 2183; x_wconf 87' lang='lat' dir='ltr'><strong>sincere</strong></span> <span class='ocrx_word' id='word_1_241' title='bbox 1660 2147 1816 2201; x_wconf 89' lang='lat' dir='ltr'><strong>potest</strong></span> <span class='ocrx_word' id='word_1_242' title='bbox 1845 2154 2012 2185; x_wconf 87' lang='lat' dir='ltr'><strong>vacare</strong></span> <span class='ocrx_word' id='word_1_243' title='bbox 2040 2154 2175 2185; x_wconf 89' lang='lat' dir='ltr'><strong>mens</strong></span> <span class='ocrx_word' id='word_1_244' title='bbox 2197 2138 2636 2203; x_wconf 84' lang='lat' dir='ltr'><strong>perturbationibus</strong></span> 
     </span>
     <span class='ocr_line' id='line_1_23' title="bbox 511 2215 2632 2281; baseline 0.003 -21"><span class='ocrx_word' id='word_1_245' title='bbox 511 2226 743 2280; x_wconf 87' lang='lat' dir='ltr'><strong>occupata</strong></span> <span class='ocrx_word' id='word_1_246' title='bbox 758 2217 786 2261; x_wconf 79' lang='lat'><strong>&#39;⁶.</strong></span> <span class='ocrx_word' id='word_1_247' title='bbox 821 2215 955 2275; x_wconf 88' lang='lat' dir='ltr'><strong>Noli,</strong></span> <span class='ocrx_word' id='word_1_248' title='bbox 989 2215 1215 2275; x_wconf 88' lang='lat' dir='ltr'><strong>obsecro,</strong></span> <span class='ocrx_word' id='word_1_249' title='bbox 1248 2215 1465 2262; x_wconf 88' lang='lat' dir='ltr'><strong>divinum</strong></span> <span class='ocrx_word' id='word_1_250' title='bbox 1491 2216 1724 2281; x_wconf 89' lang='lat' dir='ltr'><strong>impedire</strong></span> <span class='ocrx_word' id='word_1_251' title='bbox 1755 2218 2027 2277; x_wconf 82' lang='lat' dir='ltr'><strong>servitium,</strong></span> <span class='ocrx_word' id='word_1_252' title='bbox 2057 2219 2133 2265; x_wconf 91' lang='lat' dir='ltr'><strong>cui</strong></span> <span class='ocrx_word' id='word_1_253' title='bbox 2157 2235 2247 2265; x_wconf 91' lang='lat' dir='ltr'><strong>nos</strong></span> <span class='ocrx_word' id='word_1_254' title='bbox 2274 2219 2476 2267; x_wconf 85' lang='lat' dir='ltr'><strong>maxime</strong></span> <span class='ocrx_word' id='word_1_255' title='bbox 2500 2236 2632 2266; x_wconf 83' lang='lat' dir='ltr'><strong>man-</strong></span> 
     </span>
     <span class='ocr_line' id='line_1_24' title="bbox 512 2295 2630 2360; baseline 0.002 -20"><span class='ocrx_word' id='word_1_256' title='bbox 512 2295 692 2358; x_wconf 83' lang='lat' dir='ltr'><strong>cipasti.</strong></span> <span class='ocrx_word' id='word_1_257' title='bbox 729 2297 885 2342; x_wconf 91' lang='lat' dir='ltr'><strong>Omne</strong></span> <span class='ocrx_word' id='word_1_258' title='bbox 921 2295 1214 2355; x_wconf 85' lang='lat' dir='ltr'><strong>inevitabile,</strong></span> <span class='ocrx_word' id='word_1_259' title='bbox 1253 2296 1387 2359; x_wconf 91' lang='lat' dir='ltr'><strong>quod</strong></span> <span class='ocrx_word' id='word_1_260' title='bbox 1419 2312 1568 2360; x_wconf 87' lang='lat' dir='ltr'><strong>quum</strong></span> <span class='ocrx_word' id='word_1_261' title='bbox 1602 2296 1850 2354; x_wconf 84' lang='lat' dir='ltr'><strong>acciderit,</strong></span> <span class='ocrx_word' id='word_1_262' title='bbox 1892 2314 2149 2344; x_wconf 87' lang='lat' dir='ltr'><strong>moerorem</strong></span> <span class='ocrx_word' id='word_1_263' title='bbox 2182 2299 2440 2346; x_wconf 85' lang='lat' dir='ltr'><strong>maximum</strong></span> <span class='ocrx_word' id='word_1_264' title='bbox 2469 2315 2630 2356; x_wconf 88' lang='lat' dir='ltr'><strong>secum</strong></span> 
     </span>
     <span class='ocr_line' id='line_1_25' title="bbox 510 2374 2628 2442; baseline 0.002 -22"><span class='ocrx_word' id='word_1_265' title='bbox 510 2374 702 2434; x_wconf 89' lang='lat' dir='ltr'><strong>inferet,</strong></span> <span class='ocrx_word' id='word_1_266' title='bbox 738 2385 789 2421; x_wconf 91' lang='lat' dir='ltr'><strong>ut</strong></span> <span class='ocrx_word' id='word_1_267' title='bbox 819 2374 975 2422; x_wconf 82' lang='lat' dir='ltr'><strong>subito</strong></span> <span class='ocrx_word' id='word_1_268' title='bbox 1007 2376 1162 2422; x_wconf 88' lang='lat' dir='ltr'><strong>veniat</strong></span> <span class='ocrx_word' id='word_1_269' title='bbox 1189 2375 1457 2440; x_wconf 90' lang='lat' dir='ltr'><strong>optandum</strong></span> <span class='ocrx_word' id='word_1_270' title='bbox 1486 2385 1578 2442; x_wconf 75' lang='lat' dir='ltr'><strong>est,</strong></span> <span class='ocrx_word' id='word_1_271' title='bbox 1603 2393 1663 2422; x_wconf 81' lang='lat' dir='ltr'><strong>ne</strong></span> <span class='ocrx_word' id='word_1_272' title='bbox 1680 2377 1852 2424; x_wconf 89' lang='lat' dir='ltr'><strong>timore</strong></span> <span class='ocrx_word' id='word_1_273' title='bbox 1878 2377 2032 2424; x_wconf 89' lang='lat' dir='ltr'><strong>inutili</strong></span> <span class='ocrx_word' id='word_1_274' title='bbox 2060 2377 2140 2424; x_wconf 90' lang='lat' dir='ltr'><strong>diu</strong></span> <span class='ocrx_word' id='word_1_275' title='bbox 2175 2387 2284 2424; x_wconf 90' lang='lat' dir='ltr'><strong>ante</strong></span> <span class='ocrx_word' id='word_1_276' title='bbox 2314 2378 2515 2436; x_wconf 88' lang='lat' dir='ltr'><strong>cruciet,</strong></span> <span class='ocrx_word' id='word_1_277' title='bbox 2551 2380 2628 2425; x_wconf 87' lang='lat' dir='ltr'><strong>cui</strong></span> 
     </span>
     <span class='ocr_line' id='line_1_26' title="bbox 511 2454 2629 2522; baseline 0.003 -23"><span class='ocrx_word' id='word_1_278' title='bbox 511 2454 640 2500; x_wconf 91' lang='lat' dir='ltr'><strong>nulla</strong></span> <span class='ocrx_word' id='word_1_279' title='bbox 671 2456 881 2501; x_wconf 91' lang='lat' dir='ltr'><strong>succurri</strong></span> <span class='ocrx_word' id='word_1_280' title='bbox 907 2456 1207 2521; x_wconf 87' lang='lat' dir='ltr'><strong>providentia</strong></span> <span class='ocrx_word' id='word_1_281' title='bbox 1232 2465 1404 2520; x_wconf 90' lang='lat' dir='ltr'><strong>potest.</strong></span> <span class='ocrx_word' id='word_1_282' title='bbox 1441 2455 1586 2513; x_wconf 91' lang='lat' dir='ltr'><strong>Quod</strong></span> <span class='ocrx_word' id='word_1_283' title='bbox 1611 2466 1657 2502; x_wconf 91' lang='lat' dir='ltr'><strong>et</strong></span> <span class='ocrx_word' id='word_1_284' title='bbox 1681 2467 1827 2520; x_wconf 87' lang='lat' dir='ltr'><strong>poeta</strong></span> <span class='ocrx_word' id='word_1_285' title='bbox 1849 2457 1979 2503; x_wconf 87' lang='lat' dir='ltr'><strong>hene.</strong></span> <span class='ocrx_word' id='word_1_286' title='bbox 2001 2457 2310 2505; x_wconf 89' lang='lat' dir='ltr'><strong>considerans</strong></span> <span class='ocrx_word' id='word_1_287' title='bbox 2333 2460 2488 2504; x_wconf 93' lang='lat' dir='ltr'><strong>Deum</strong></span> <span class='ocrx_word' id='word_1_288' title='bbox 2525 2475 2629 2522; x_wconf 91' lang='lat' dir='ltr'><strong>pre-</strong></span> 
     </span>
     <span class='ocr_line' id='line_1_27' title="bbox 510 2535 877 2582; baseline 0.003 -2"><span class='ocrx_word' id='word_1_289' title='bbox 510 2538 668 2581; x_wconf 75' lang='lat' dir='ltr'><strong>catur5</strong></span> <span class='ocrx_word' id='word_1_290' title='bbox 692 2535 877 2582; x_wconf 83' lang='lat' dir='ltr'><strong>dicens:</strong></span> 
     </span>
    </p>
   </div>
   <div class='ocr_carea' id='block_1_3' title="bbox 934 2611 1999 2751">
    <p class='ocr_par' dir='ltr' id='par_1_3' title="bbox 934 2611 1999 2751">
     <span class='ocr_line' id='line_1_28' title="bbox 934 2611 1999 2682; baseline 0.003 -16"><span class='ocrx_word' id='word_1_291' title='bbox 934 2626 1192 2668; x_wconf 70' lang='lat' dir='ltr'><strong>Sit-subitum</strong></span> <span class='ocrx_word' id='word_1_292' title='bbox 1211 2627 1484 2681; x_wconf 82' lang='lat' dir='ltr'><strong>quodcunque</strong></span> <span class='ocrx_word' id='word_1_293' title='bbox 1499 2611 1643 2682; x_wconf 70' lang='lat' dir='ltr'><strong>paras,</strong></span> <span class='ocrx_word' id='word_1_294' title='bbox 1664 2629 1718 2669; x_wconf 82' lang='lat' dir='ltr'><strong>sit</strong></span> <span class='ocrx_word' id='word_1_295' title='bbox 1737 2641 1844 2669; x_wconf 80' lang='lat' dir='ltr'><strong>caeca</strong></span> <span class='ocrx_word' id='word_1_296' title='bbox 1862 2628 1999 2670; x_wconf 83' lang='lat' dir='ltr'><strong>futuri-</strong></span> 
     </span>
     <span class='ocr_line' id='line_1_29' title="bbox 935 2696 1946 2751; baseline 0.004 -16"><span class='ocrx_word' id='word_1_297' title='bbox 935 2697 1049 2735; x_wconf 88' lang='lat' dir='ltr'><strong>Mens</strong></span> <span class='ocrx_word' id='word_1_298' title='bbox 1063 2696 1277 2736; x_wconf 89' lang='lat' dir='ltr'><strong>hominum</strong></span> <span class='ocrx_word' id='word_1_299' title='bbox 1297 2696 1379 2737; x_wconf 86' lang='lat' dir='ltr'><strong>fati.</strong></span> <span class='ocrx_word' id='word_1_300' title='bbox 1407 2697 1541 2738; x_wconf 84' lang='lat' dir='ltr'><strong>Liceat</strong></span> <span class='ocrx_word' id='word_1_301' title='bbox 1558 2710 1724 2751; x_wconf 86' lang='lat' dir='ltr'><strong>sperare</strong></span> <span class='ocrx_word' id='word_1_302' title='bbox 1744 2698 1902 2739; x_wconf 80' lang='lat' dir='ltr'><strong>timenti</strong></span> <span class='ocrx_word' id='word_1_303' title='bbox 1917 2699 1946 2738; x_wconf 79' lang='lat'><strong>⁶.</strong></span> 
     </span>
    </p>
   </div>
   <div class='ocr_carea' id='block_1_4' title="bbox 506 2793 2625 3341">
    <p class='ocr_par' dir='ltr' id='par_1_4' title="bbox 506 2793 2625 3341">
     <span class='ocr_line' id='line_1_30' title="bbox 507 2793 2625 2860; baseline 0.001 -20"><span class='ocrx_word' id='word_1_304' title='bbox 507 2794 634 2849; x_wconf 80' lang='lat' dir='ltr'><strong>Quid</strong></span> <span class='ocrx_word' id='word_1_305' title='bbox 662 2804 844 2850; x_wconf 84' lang='lat' dir='ltr'><strong>autem,</strong></span> <span class='ocrx_word' id='word_1_306' title='bbox 874 2804 920 2840; x_wconf 90' lang='lat' dir='ltr'><strong>te</strong></span> <span class='ocrx_word' id='word_1_307' title='bbox 944 2794 1146 2852; x_wconf 85' lang='lat' dir='ltr'><strong>amisso,</strong></span> <span class='ocrx_word' id='word_1_308' title='bbox 1175 2793 1466 2858; x_wconf 90' lang='lat' dir='ltr'><strong>sperandum</strong></span> <span class='ocrx_word' id='word_1_309' title='bbox 1490 2794 1609 2840; x_wconf 88' lang='lat' dir='ltr'><strong>mihi</strong></span> <span class='ocrx_word' id='word_1_310' title='bbox 1633 2794 1873 2858; x_wconf 81' lang='lat' dir='ltr'><strong>superest?</strong></span> <span class='ocrx_word' id='word_1_311' title='bbox 1901 2795 2201 2858; x_wconf 51' lang='lat' dir='ltr'><strong>Aeutquae-in</strong></span> <span class='ocrx_word' id='word_1_312' title='bbox 2232 2795 2322 2842; x_wconf 87' lang='lat' dir='ltr'><strong>hac</strong></span> <span class='ocrx_word' id='word_1_313' title='bbox 2357 2796 2625 2860; x_wconf 84' lang='lat' dir='ltr'><strong>peregrina·—</strong></span> 
     </span>
     <span class='ocr_line' id='line_1_31' title="bbox 507 2874 2623 2935; baseline 0.002 -16"><span class='ocrx_word' id='word_1_314' title='bbox 507 2875 635 2920; x_wconf 82' lang='lat' dir='ltr'><strong>tione</strong></span> <span class='ocrx_word' id='word_1_315' title='bbox 660 2891 800 2921; x_wconf 89' lang='lat' dir='ltr'><strong>causa</strong></span> <span class='ocrx_word' id='word_1_316' title='bbox 824 2874 1139 2932; x_wconf 79' lang='lat' dir='ltr'><strong>remanendi,</strong></span> <span class='ocrx_word' id='word_1_317' title='bbox 1158 2874 1240 2921; x_wconf 88' lang='lat' dir='ltr'><strong>ubi</strong></span> <span class='ocrx_word' id='word_1_318' title='bbox 1263 2874 1450 2921; x_wconf 85' lang='lat' dir='ltr'><strong>nullum</strong></span> <span class='ocrx_word' id='word_1_319' title='bbox 1467 2875 1559 2921; x_wconf 88' lang='lat' dir='ltr'><strong>nisi</strong></span> <span class='ocrx_word' id='word_1_320' title='bbox 1577 2884 1631 2922; x_wconf 76' lang='lat' dir='ltr'><strong>te</strong></span> <span class='ocrx_word' id='word_1_321' title='bbox 1642 2875 1907 2922; x_wconf 78' lang='lat' dir='ltr'><strong>remedium</strong></span> <span class='ocrx_word' id='word_1_322' title='bbox 1931 2874 2176 2935; x_wconf 79' lang='lat' dir='ltr'><strong>habea-111⁷,</strong></span> <span class='ocrx_word' id='word_1_323' title='bbox 2200 2886 2246 2923; x_wconf 82' lang='lat' dir='ltr'><strong>et</strong></span> <span class='ocrx_word' id='word_1_324' title='bbox 2279 2875 2464 2923; x_wconf 92' lang='lat' dir='ltr'><strong>nullum</strong></span> <span class='ocrx_word' id='word_1_325' title='bbox 2494 2876 2623 2923; x_wconf 85' lang='lat' dir='ltr'><strong>aliud</strong></span> 
     </span>
     <span class='ocr_line' id='line_1_32' title="bbox 507 2955 2619 3021; baseline 0.002 -22"><span class='ocrx_word' id='word_1_326' title='bbox 507 2955 554 2999; x_wconf 89' lang='lat' dir='ltr'><strong>in</strong></span> <span class='ocrx_word' id='word_1_327' title='bbox 583 2965 626 3000; x_wconf 88' lang='lat' dir='ltr'><strong>te</strong></span> <span class='ocrx_word' id='word_1_328' title='bbox 651 2957 739 3001; x_wconf 84' lang='lat' dir='ltr'><strong>nisi</strong></span> <span class='ocrx_word' id='word_1_329' title='bbox 763 2956 859 3002; x_wconf 92' lang='lat' dir='ltr'><strong>hoc</strong></span> <span class='ocrx_word' id='word_1_330' title='bbox 882 2957 1040 3021; x_wconf 80' lang='lat' dir='ltr'><strong>ipsum</strong></span> <span class='ocrx_word' id='word_1_331' title='bbox 1066 2955 1210 3019; x_wconf 77' lang='lat' dir='ltr'><strong>quod</strong></span> <span class='ocrx_word' id='word_1_332' title='bbox 1224 2955 1348 3004; x_wconf 59' lang='lat' dir='ltr'><strong>vivis</strong></span> <span class='ocrx_word' id='word_1_333' title='bbox 1367 2955 1671 3003; x_wconf 54' lang='lat' dir='ltr'><strong>omnibus‘de</strong></span> <span class='ocrx_word' id='word_1_334' title='bbox 1689 2966 1736 3003; x_wconf 90' lang='lat' dir='ltr'><strong>te</strong></span> <span class='ocrx_word' id='word_1_335' title='bbox 1753 2956 1871 3002; x_wconf 83' lang='lat' dir='ltr'><strong>mihi</strong></span> <span class='ocrx_word' id='word_1_336' title='bbox 1886 2956 1987 3003; x_wconf 91' lang='lat' dir='ltr'><strong>aliis</strong></span> <span class='ocrx_word' id='word_1_337' title='bbox 2006 2956 2327 3021; x_wconf 79' lang='lat' dir='ltr'><strong>voluptatibus</strong></span> <span class='ocrx_word' id='word_1_338' title='bbox 2342 2957 2619 3016; x_wconf 79' lang='lat' dir='ltr'><strong>interdictis,</strong></span> 
     </span>
     <span class='ocr_line' id='line_1_33' title="bbox 506 3035 2620 3100; baseline 0.002 -21"><span class='ocrx_word' id='word_1_339' title='bbox 506 3035 581 3079; x_wconf 87' lang='lat' dir='ltr'><strong>cui</strong></span> <span class='ocrx_word' id='word_1_340' title='bbox 606 3051 695 3081; x_wconf 89' lang='lat' dir='ltr'><strong>nec</strong></span> <span class='ocrx_word' id='word_1_341' title='bbox 718 3036 1078 3100; x_wconf 65' lang='lat' dir='ltr'><strong>praesentiattua:¹</strong></span> <span class='ocrx_word' id='word_1_342' title='bbox 1093 3045 1473 3082; x_wconf 82' lang='lat' dir='ltr'><strong>concessumest</strong></span> <span class='ocrx_word' id='word_1_343' title='bbox 1495 3035 1612 3094; x_wconf 91' lang='lat' dir='ltr'><strong>frui,</strong></span> <span class='ocrx_word' id='word_1_344' title='bbox 1648 3036 2015 3100; x_wconf 72' lang='lat' dir='ltr'><strong>ut-quandoque</strong></span> <span class='ocrx_word' id='word_1_345' title='bbox 2041 3036 2157 3083; x_wconf 90' lang='lat' dir='ltr'><strong>mihi</strong></span> <span class='ocrx_word' id='word_1_346' title='bbox 2183 3037 2318 3084; x_wconf 87' lang='lat' dir='ltr'><strong>reddi</strong></span> <span class='ocrx_word' id='word_1_347' title='bbox 2341 3036 2553 3084; x_wconf 74' lang='lat' dir='ltr'><strong>valeam?</strong></span> <span class='ocrx_word' id='word_1_348' title='bbox 2578 3039 2620 3083; x_wconf 93' lang='grc' dir='ltr'><strong>Ο</strong></span> 
     </span>
     <span class='ocr_line' id='line_1_34' title="bbox 507 3114 2619 3181; baseline 0.001 -22"><span class='ocrx_word' id='word_1_349' title='bbox 507 3115 544 3159; x_wconf 93' lang='lat' dir='ltr'><strong>si</strong></span> <span class='ocrx_word' id='word_1_350' title='bbox 570 3114 637 3160; x_wconf 88' lang='lat' dir='ltr'><strong>fas</strong></span> <span class='ocrx_word' id='word_1_351' title='bbox 664 3116 722 3160; x_wconf 90' lang='lat' dir='ltr'><strong>sit</strong></span> <span class='ocrx_word' id='word_1_352' title='bbox 751 3116 866 3175; x_wconf 82' lang='lat' dir='ltr'><strong>dici,</strong></span> <span class='ocrx_word' id='word_1_353' title='bbox 903 3115 1147 3162; x_wconf 89' lang='lat' dir='ltr'><strong>crudelem</strong></span> <span class='ocrx_word' id='word_1_354' title='bbox 1173 3115 1291 3161; x_wconf 89' lang='lat' dir='ltr'><strong>mihi</strong></span> <span class='ocrx_word' id='word_1_355' title='bbox 1313 3129 1401 3181; x_wconf 90' lang='lat' dir='ltr'><strong>per</strong></span> <span class='ocrx_word' id='word_1_356' title='bbox 1427 3116 1590 3162; x_wconf 90' lang='lat' dir='ltr'><strong>omnia</strong></span> <span class='ocrx_word' id='word_1_357' title='bbox 1619 3114 1795 3163; x_wconf 89' lang='lat' dir='ltr'><strong>Deum!</strong></span> <span class='ocrx_word' id='word_1_358' title='bbox 1821 3132 1851 3162; x_wconf 93' lang='lat' dir='ltr'><strong>o</strong></span> <span class='ocrx_word' id='word_1_359' title='bbox 1876 3116 2211 3164; x_wconf 76' lang='lat' dir='ltr'><strong>inclementem</strong></span> <span class='ocrx_word' id='word_1_360' title='bbox 2236 3114 2558 3163; x_wconf 78' lang='lat' dir='ltr'><strong>dementiam!</strong></span> <span class='ocrx_word' id='word_1_361' title='bbox 2588 3133 2619 3162; x_wconf 91' lang='lat' dir='ltr'><strong>o</strong></span> 
     </span>
     <span class='ocr_line' id='line_1_35' title="bbox 506 3194 2619 3260; baseline 0.001 -21"><span class='ocrx_word' id='word_1_362' title='bbox 506 3194 842 3241; x_wconf 83' lang='lat' dir='ltr'><strong>infortunatam</strong></span> <span class='ocrx_word' id='word_1_363' title='bbox 853 3194 1116 3242; x_wconf 80' lang='lat' dir='ltr'><strong>fortunam!</strong></span> <span class='ocrx_word' id='word_1_364' title='bbox 1137 3211 1242 3260; x_wconf 78' lang='lat' dir='ltr'><strong>quae</strong></span> <span class='ocrx_word' id='word_1_365' title='bbox 1253 3196 1353 3259; x_wconf 80' lang='lat' dir='ltr'><strong>jam</strong></span> <span class='ocrx_word' id='word_1_366' title='bbox 1365 3196 1508 3243; x_wconf 89' lang='lat' dir='ltr'><strong>inme</strong></span> <span class='ocrx_word' id='word_1_367' title='bbox 1529 3196 1736 3243; x_wconf 86' lang='lat' dir='ltr'><strong>universi</strong></span> <span class='ocrx_word' id='word_1_368' title='bbox 1754 3197 2022 3244; x_wconf 85' lang='lat' dir='ltr'><strong>conaminis</strong></span> <span class='ocrx_word' id='word_1_369' title='bbox 2034 3197 2110 3243; x_wconf 81' lang='lat' dir='ltr'><strong>sui</strong></span> <span class='ocrx_word' id='word_1_370' title='bbox 2129 3196 2220 3243; x_wconf 83' lang='lat' dir='ltr'><strong>tela</strong></span> <span class='ocrx_word' id='word_1_371' title='bbox 2231 3196 2288 3242; x_wconf 49' lang='lat' dir='ltr'><strong>&#39;in</strong></span> <span class='ocrx_word' id='word_1_372' title='bbox 2303 3205 2488 3243; x_wconf 74' lang='lat' dir='ltr'><strong>tantum</strong></span> <span class='ocrx_word' id='word_1_373' title='bbox 2505 3212 2619 3242; x_wconf 85' lang='lat' dir='ltr'><strong>con·</strong></span> 
     </span>
     <span class='ocr_line' id='line_1_36' title="bbox 506 3276 2618 3341; baseline 0.001 -22"><span class='ocrx_word' id='word_1_374' title='bbox 506 3276 730 3339; x_wconf 82' lang='lat' dir='ltr'><strong>sumpsit,</strong></span> <span class='ocrx_word' id='word_1_375' title='bbox 760 3286 811 3322; x_wconf 94' lang='lat' dir='ltr'><strong>ut</strong></span> <span class='ocrx_word' id='word_1_376' title='bbox 835 3276 1008 3339; x_wconf 91' lang='lat' dir='ltr'><strong>quibus</strong></span> <span class='ocrx_word' id='word_1_377' title='bbox 1030 3278 1078 3322; x_wconf 92' lang='lat' dir='ltr'><strong>in</strong></span> <span class='ocrx_word' id='word_1_378' title='bbox 1105 3276 1220 3323; x_wconf 91' lang='lat' dir='ltr'><strong>alios</strong></span> <span class='ocrx_word' id='word_1_379' title='bbox 1247 3277 1427 3336; x_wconf 68' lang='lat' dir='ltr'><strong>saeviat,</strong></span> <span class='ocrx_word' id='word_1_380' title='bbox 1451 3277 1551 3340; x_wconf 90' lang='lat' dir='ltr'><strong>jam</strong></span> <span class='ocrx_word' id='word_1_381' title='bbox 1580 3294 1678 3324; x_wconf 92' lang='lat' dir='ltr'><strong>non</strong></span> <span class='ocrx_word' id='word_1_382' title='bbox 1709 3276 1910 3324; x_wconf 84' lang='lat' dir='ltr'><strong>habeat!</strong></span> <span class='ocrx_word' id='word_1_383' title='bbox 1951 3278 2143 3324; x_wconf 90' lang='lat' dir='ltr'><strong>Plenam</strong></span> <span class='ocrx_word' id='word_1_384' title='bbox 2170 3277 2218 3323; x_wconf 92' lang='lat' dir='ltr'><strong>in</strong></span> <span class='ocrx_word' id='word_1_385' title='bbox 2245 3293 2322 3323; x_wconf 91' lang='lat' dir='ltr'><strong>me</strong></span> <span class='ocrx_word' id='word_1_386' title='bbox 2347 3276 2618 3341; x_wconf 90' lang='lat' dir='ltr'><strong>pharetram</strong></span> 
     </span>
    </p>
   </div>
   <div class='ocr_carea' id='block_1_5' title="bbox 505 3401 2616 3556">
    <p class='ocr_par' dir='ltr' id='par_1_5' title="bbox 505 3401 2616 3556">
     <span class='ocr_line' id='line_1_37' title="bbox 552 3401 2616 3448; baseline 0.001 -15"><span class='ocrx_word' id='word_1_387' title='bbox 552 3403 558 3417; x_wconf 93' lang='grc'><em>“</em></span> <span class='ocrx_word' id='word_1_388' title='bbox 584 3403 684 3445; x_wconf 79' lang='lat' dir='ltr'><strong>Epist.</strong></span> <span class='ocrx_word' id='word_1_389' title='bbox 713 3414 800 3435; x_wconf 80' lang='lat' dir='ltr'><strong>xxiv.</strong></span> <span class='ocrx_word' id='word_1_390' title='bbox 820 3420 860 3425; x_wconf 91' lang='lat'>—</span> <span class='ocrx_word' id='word_1_391' title='bbox 878 3401 890 3419; x_wconf 73' lang='lat'><em>³</em></span> <span class='ocrx_word' id='word_1_392' title='bbox 914 3403 1070 3436; x_wconf 82' lang='lat' dir='ltr'><strong>Inseritur</strong></span> <span class='ocrx_word' id='word_1_393' title='bbox 1095 3408 1190 3438; x_wconf 81' lang='lat' dir='ltr'><strong>etiam</strong></span> <span class='ocrx_word' id='word_1_394' title='bbox 1220 3409 1368 3448; x_wconf 76' lang='lat' dir='ltr'><strong>coqitan&#39;s</strong></span> <span class='ocrx_word' id='word_1_395' title='bbox 1386 3405 1482 3439; x_wconf 83' lang='lat' dir='ltr'>RMS.</span> <span class='ocrx_word' id='word_1_396' title='bbox 1497 3422 1538 3430; x_wconf 91' lang='lat'><strong>—-</strong></span> <span class='ocrx_word' id='word_1_397' title='bbox 1584 3407 1671 3439; x_wconf 78' lang='lat' dir='ltr'><strong>divos</strong></span> <span class='ocrx_word' id='word_1_398' title='bbox 1684 3405 1733 3438; x_wconf 79' lang='lat' dir='ltr'><strong>his</strong></span> <span class='ocrx_word' id='word_1_399' title='bbox 1742 3406 1890 3446; x_wconf 73' lang='lat' dir='ltr'><strong>precibus</strong></span> <span class='ocrx_word' id='word_1_400' title='bbox 1899 3407 1978 3446; x_wconf 78' lang='lat' dir='ltr'><strong>petit</strong></span> <span class='ocrx_word' id='word_1_401' title='bbox 1993 3401 2087 3438; x_wconf 77' lang='lat' dir='ltr'><strong>RMS.</strong></span> <span class='ocrx_word' id='word_1_402' title='bbox 2104 3422 2139 3427; x_wconf 91' lang='lat'><strong>—-</strong></span> <span class='ocrx_word' id='word_1_403' title='bbox 2151 3403 2302 3438; x_wconf 65' lang='lat' dir='ltr'><strong>“Lucan.</strong></span> <span class='ocrx_word' id='word_1_404' title='bbox 2318 3404 2489 3443; x_wconf 64' lang='lat' dir='ltr'><strong>pharsal„</strong></span> <span class='ocrx_word' id='word_1_405' title='bbox 2502 3403 2558 3436; x_wconf 88' lang='lat' dir='ltr'><strong>lib.</strong></span> <span class='ocrx_word' id='word_1_406' title='bbox 2574 3402 2616 3442; x_wconf 86' lang='lat'><strong>11,</strong></span> 
     </span>
     <span class='ocr_line' id='line_1_38' title="bbox 505 3457 2142 3503; baseline 0.002 -13"><span class='ocrx_word' id='word_1_407' title='bbox 505 3459 517 3474; x_wconf 76' lang='lat'><strong>³</strong></span> <span class='ocrx_word' id='word_1_408' title='bbox 536 3459 705 3499; x_wconf 80' lang='lat' dir='ltr'><strong>Nunquam</strong></span> <span class='ocrx_word' id='word_1_409' title='bbox 722 3461 853 3499; x_wconf 73' lang='lat' dir='ltr'><strong>quiescit</strong></span> <span class='ocrx_word' id='word_1_410' title='bbox 869 3458 962 3492; x_wconf 81' lang='lat' dir='ltr'><strong>RMS.</strong></span> <span class='ocrx_word' id='word_1_411' title='bbox 977 3476 1017 3483; x_wconf 94' lang='lat'><strong>--</strong></span> <span class='ocrx_word' id='word_1_412' title='bbox 1035 3458 1048 3476; x_wconf 81' lang='lat'><strong>⁴</strong></span> <span class='ocrx_word' id='word_1_413' title='bbox 1073 3461 1182 3494; x_wconf 74' lang='lat' dir='ltr'><strong>Tamis</strong></span> <span class='ocrx_word' id='word_1_414' title='bbox 1207 3469 1238 3494; x_wconf 83' lang='lat' dir='ltr'><strong>et</strong></span> <span class='ocrx_word' id='word_1_415' title='bbox 1262 3469 1329 3495; x_wconf 85' lang='lat' dir='ltr'><strong>tam</strong></span> <span class='ocrx_word' id='word_1_416' title='bbox 1345 3458 1539 3496; x_wconf 57' lang='lat' dir='ltr'><strong>saevis&#39;te&#39;m—</strong></span> <span class='ocrx_word' id='word_1_417' title='bbox 1583 3473 1614 3494; x_wconf 90' lang='lat' dir='ltr'><strong>v.</strong></span> <span class='ocrx_word' id='word_1_418' title='bbox 1637 3463 1694 3503; x_wconf 78' lang='lat'><strong>14,</strong></span> <span class='ocrx_word' id='word_1_419' title='bbox 1716 3462 1766 3494; x_wconf 84' lang='lat'><strong>15.</strong></span> <span class='ocrx_word' id='word_1_420' title='bbox 1780 3478 1819 3485; x_wconf 82' lang='lat'><em>—</em></span> <span class='ocrx_word' id='word_1_421' title='bbox 1838 3463 1850 3479; x_wconf 80' lang='lat'>⁷</span> <span class='ocrx_word' id='word_1_422' title='bbox 1873 3462 1928 3494; x_wconf 81' lang='lat' dir='ltr'><strong>Vel</strong></span> <span class='ocrx_word' id='word_1_423' title='bbox 1944 3468 2036 3502; x_wconf 79' lang='lat' dir='ltr'><strong>opem&#39;</strong></span> <span class='ocrx_word' id='word_1_424' title='bbox 2048 3457 2142 3494; x_wconf 69' lang='lat' dir='ltr'><strong>RMS.</strong></span> 
     </span>
     <span class='ocr_line' id='line_1_39' title="bbox 505 3515 1540 3556; baseline 0.004 -10"><span class='ocrx_word' id='word_1_425' title='bbox 505 3517 677 3556; x_wconf 56' lang='lat' dir='ltr'><strong>penalibus</strong></span> <span class='ocrx_word' id='word_1_426' title='bbox 711 3515 983 3556; x_wconf 56' lang='lat' dir='ltr'><strong>Rhis-Aquam</strong></span> <span class='ocrx_word' id='word_1_427' title='bbox 1016 3516 1111 3549; x_wconf 76' lang='lat' dir='ltr'><strong>RMS,</strong></span> <span class='ocrx_word' id='word_1_428' title='bbox 1131 3535 1169 3540; x_wconf 88' lang='lat'><strong>-—-</strong></span> <span class='ocrx_word' id='word_1_429' title='bbox 1196 3518 1208 3534; x_wconf 74' lang='lat'><strong>⁶</strong></span> <span class='ocrx_word' id='word_1_430' title='bbox 1235 3518 1349 3551; x_wconf 81' lang='lat' dir='ltr'><strong>Secum</strong></span> <span class='ocrx_word' id='word_1_431' title='bbox 1378 3520 1540 3551; x_wconf 77' lang='lat' dir='ltr'><strong>revolvens</strong></span> 
     </span>
    </p>
   </div>
  </div>
 </body>
</html>
