2970 4152
477 450 572 500 206
1061 450 1231 496 PETRI
1269 450 1583 500 ABAELARDI-
1609 452 1684 499 ET
1716 452 2016 499 HELOISSAE

481 556 609 593 tuam
631 545 1043 605 benedictionem,
1070 545 1299 609 quoniam
1324 545 1440 609 quid
1465 546 1594 594 dicas
1625 546 1805 594 nescit?
1829 549 1949 593 Nam
1975 556 2022 591 tu
2053 544 2249 609 quidem
2281 545 2406 593 bene
2429 547 2599 611 gratias

440 617 442 621 ¹
480 628 576 691 agis
595 646 606 673 ε
628 626 711 673 sed
730 626 846 673 alter
863 642 963 673 non
980 625 1253 673 aedificatur.
1275 628 1458 675 Gratias
1470 645 1558 692 ago
1570 631 1705 689 «Deo,
1722 628 1951 692 quoniam
1971 627 2189 673 omnium
2207 610 2417 673 ve³strum
2439 627 2599 691 lingua

479 707 665 771 loquor.
684 706 776 753 Sed
793 707 840 752 in
859 705 1056 753 ecclesia
1075 706 1185 753 volo
1202 698 1415 771 quinque
1433 708 1576 755 verba
1596 725 1737 755 sensu
1756 724 1863 754 meo
1881 707 2014 771 loqui
2031 742 2050 766 „
2066 717 2118 753 ut
2134 716 2181 753 et
2199 706 2316 754 alios
2337 708 2568 754 instruam
2581 744 2594 767 ‚

480 804 623 851 quam
655 786 820 834 decem
849 786 999 834 millia
1022 786 1317 834 verborum¹.
1339 792 1543 849 Fratres,
1563 789 1711 836 nolite
1739 788 1860 835 effici
1889 788 2045 852 parvi²
2063 786 2299 848 sensibus,
2318 787 2402 835 sed
2421 787 2598 836 malitia

478 867 665 932 parvuli.
693 877 869 927 estote,
905 867 1120 914 sensibus
1144 878 1302 915 autem
1329 869 1538 933 perfecti.
1566 888 1587 912 »
1614 869 1766 933 Loqui
1801 868 1961 932 lingua
1988 867 2160 915 dicitur
2189 868 2273 932 qui
2302 885 2386 915 ore
2413 878 2599 916 tantum

476 946 625 995 verba>
645 947 842 1007 format,
871 964 972 993 non
998 947 1303 1011 intelligentia
1328 948 1614 1013 exponendo
1641 949 1888 995 ministrat.
1919 947 2178 1013 Prophetat
2197 964 2310 995 vero
2335 949 2432 995 sive
2456 949 2601 996 inter-

475 1038 687 1093 pretatur
711 1029 793 1092 qui
816 1044 951 1093 more
981 1028 1346 1094 prophetarum,
1385 1031 1466 1092 qui
1496 1028 1698 1075 uidentes
1722 1028 1971 1088 dicuntur,
2000 1029 2051 1075 id
2081 1039 2148 1075 est
2175 1015 2508 1093 intelligentes,
2544 1045 2600 1077 ea

477 1124 581 1172 quae
606 1107 720 1154 dicit
737 1107 976 1172 intelligit,
1005 1118 1056 1155 ut
1077 1109 1180 1173 ipsa
1198 1125 1436 1173 exponere
1456 1110 1618 1174 possit.
1644 1111 1761 1156 Orat
1779 1109 1856 1156 ille
1875 1110 2040 1174 spiritu
2059 1110 2158 1156 sive
2179 1109 2362 1175 psallit,
2391 1110 2474 1174 qui
2496 1109 2599 1157 solo

477 1188 755 1252 prolationis
769 1189 882 1236 flatu
898 1189 1044 1237 verba
1068 1190 1261 1249 format,
1289 1206 1388 1236 non
1410 1190 1580 1236 mentis
1598 1189 1952 1254 intelligentiam
1972 1192 2320 1237 accommodat.
2345 1193 2465 1237 Cum
2485 1207 2600 1238 vero

478 1269 667 1333 spiritus
686 1279 848 1316 noster
865 1279 994 1329 orat,
1014 1269 1064 1316 id
1080 1279 1150 1316 est
1168 1280 1339 1316 nostrae
1355 1270 1635 1334 prolationis
1655 1270 1791 1317 flatus
1807 1270 2122 1317 solummodo·
2132 1269 2277 1317 verba
2294 1270 2492 1329 format,
2513 1287 2602 1318 nec

477 1349 610 1413 quod
629 1365 713 1396 ore
735 1350 974 1414 profertur
997 1350 1142 1397 corde
1167 1351 1460 1415 concipitur,
1484 1367 1618 1397 mens
1644 1361 1806 1398 nostra
1826 1351 1928 1398 sine
1945 1351 2100 1397 fructu
2126 1361 2220 1410 est,
2250 1368 2397 1415 quem
2416 1352 2466 1398 in
2497 1367 2601 1399 ora-

477 1429 607 1477 tione
631 1429 849 1477 videlicet
872 1429 1048 1477 habere
1074 1429 1217 1478 debet
1233 1466 1246 1489 ,
1286 1440 1336 1476 ut
1370 1431 1468 1495 ipsa
1496 1430 1670 1477 scilicet
1694 1447 1750 1476 ex
1772 1430 2081 1494 intelligentia
2105 1430 2360 1477 verborum
2376 1431 2424 1477 in
2445 1434 2602 1479 Deum

476 1520 823 1575 compungatur
844 1520 986 1575 atque
1011 1510 1312 1557 accendatur.
1345 1510 1483 1557 Unde
1502 1511 1626 1557 hanc
1652 1511 1701 1556 in
1725 1510 1879 1557 verbis
1901 1511 2245 1575 perfectionem
2263 1528 2354 1558 nos
2373 1511 2602 1559 admonet

476 1589 677 1650 habere,
704 1601 752 1637 ut
781 1607 879 1637 non
907 1606 1041 1636 more
1063 1590 1380 1655 plurimorum
1402 1590 1544 1637 verba
1572 1600 1757 1637 tantum
1777 1591 1980 1637 sciamus
1998 1591 2238 1655 proferre,
2266 1608 2434 1638 verum
2461 1592 2603 1638 etiam

476 1671 790 1735 intelligentiae
815 1688 1006 1718 sensum
1025 1671 1072 1717 in
1093 1671 1148 1717 iis
1171 1670 1374 1731 habere;
1406 1681 1547 1735 atque
1571 1671 1705 1718 aliter
1729 1688 1819 1718 nos
1838 1688 1975 1718 orare
2001 1671 2074 1719 vel
2089 1671 2289 1736 psallere
2314 1672 2605 1720 infructuose

475 1761 775 1815 protestatur.
800 1755 956 1810 Quem
982 1761 1027 1798 et
1056 1750 1223 1798 beatus
1251 1768 1454 1815 sequens
1478 1751 1761 1799 Benedictus
1779 1753 1820 1798 ³:
1853 1771 1876 1796 «
1904 1752 1980 1799 Sic
2004 1761 2199 1812 stemus,
2230 1771 2254 1796 »
2276 1753 2460 1816 inquit,
2495 1772 2518 1798 «
2542 1753 2604 1799 ad

474 1832 804 1897 psallendum,
839 1844 889 1881 ut
919 1850 1055 1880 mens
1080 1843 1243 1881 nostra
1265 1833 1527 1881 concordet
1555 1834 1662 1881 voci
1689 1844 1878 1881 nostrae.
1906 1852 1928 1878 υ
1963 1837 2066 1881 Hoc
2090 1844 2136 1881 et
2161 1833 2403 1880 Psalmista
2430 1834 2605 1898 praeci-

475 1911 632 1977 piens,
646 1914 709 1961 ait
723 1916 760 1960 ⁴:
790 1934 813 1959 (ι
829 1914 1014 1962 Psallite
1031 1916 1284 1979 sapienter,
1303 1934 1326 1959 n
1352 1926 1402 1962 ut
1418 1915 1638 1963 videlicet
1650 1916 1910 1963 verborum
1929 1916 2187 1981 prolationi
2205 1931 2347 1981 sapor
2366 1925 2412 1961 et
2430 1915 2604 1962 condi—

475 2006 692 2043 mentum
715 1995 1033 2060 intelligentiae
1052 2014 1151 2061 non
1169 1997 1315 2056 desit,
1343 2007 1390 2044 et
1405 2014 1519 2044 cum
1539 1983 1644 2062 ipso
1662 1998 1890 2045 veraciter
1905 1998 2116 2044 Domino
2132 1997 2289 2044 dicere
2306 1996 2547 2043 valeamus
2560 1998 2599 2042 ⁵:

479 2078 676 2132 «Quam
704 2075 862 2123 dulcia
884 2075 1097 2123 saucibus
1125 2077 1245 2123 meis
1268 2077 1458 2141 eloquia
1483 2076 1588 2124 tua!
1616 2096 1638 2121 ))
1665 2081 1722 2125 Et
1747 2078 1883 2124 alibi⁶
1904 2095 1913 2123 :
1946 2097 1970 2122 «
1986 2080 2092 2124 Non
2117 2078 2165 2123 in
2196 2076 2321 2123 tibiis
2347 2077 2434 2124 viri
2457 2076 2604 2123 bene-

475 2155 701 2219 placitum
724 2157 812 2203 erit
844 2158 902 2203 ei.
922 2175 945 2201 »
970 2156 1100 2204 Tibia
1117 2158 1294 2221 quippe
1315 2158 1525 2204 sonitum
1551 2158 1722 2204 emittit
1746 2158 1808 2204 ad
1823 2157 2190 2204 delectationem
2206 2157 2484 2221 voluptatis,
2505 2173 2603 2204 non

476 2235 537 2283 ad
555 2235 911 2300 intelligentiam
939 2237 1127 2283 mentis.
1153 2237 1291 2283 Unde
1310 2237 1432 2283 bene
1453 2237 1501 2282 in
1527 2236 1657 2283 tibiis
1675 2248 1889 2297 cantare,
1913 2238 2067 2284 necin
2085 2237 2180 2284 hoc
2199 2240 2302 2284 Deo
2328 2236 2515 2301 placere
2533 2237 2605 2284 di-

476 2326 664 2377 cuntur,
688 2317 770 2381 qui
783 2316 991 2364 melodia
1007 2317 1078 2363 sui
1091 2327 1258 2363 cantus
1271 2318 1336 2364 sic
1353 2317 1668 2377 oblectantur,
1683 2317 1879 2364 utnulla
1897 2317 2008 2364 hinc
2037 2317 2331 2364 aedificentur
2350 2317 2608 2381 intelligen-

476 2398 553 2445 tia.
576 2401 681 2456 Qua
700 2399 842 2445 etiam
859 2399 1067 2457 ratione,
1103 2399 1257 2462 inquit
1282 2398 1563 2463 Apostolus,
1593 2416 1744 2463 quum
1774 2398 2134 2446 benedictiones
2161 2399 2210 2445 in
2236 2398 2431 2445 ecclesia
2456 2398 2603 2457 fiunt,

475 2477 842 2543 respondebitur
869 2495 1007 2526 amen
1023 2514 1035 2538 ,
1057 2479 1096 2525 si
1114 2478 1248 2542 quod
1268 2489 1431 2525 oratur
1447 2479 1496 2525 in
1522 2478 1600 2525 illa
1623 2479 1959 2527 benedictione
1979 2495 2083 2526 non·
2106 2479 2417 2543 intelligatur,
2447 2489 2608 2527 utrum

475 2558 696 2605 videlicet
719 2558 906 2606 bonum
924 2560 983 2607 sit
1001 2559 1133 2624 quod
1160 2560 1312 2606 oratio
1336 2559 1566 2624 postulat,
1596 2570 1676 2607 aut
1701 2577 1818 2607 non.
1842 2561 1917 2607 Sic
1943 2560 2073 2607 enim
2095 2577 2218 2625 saepe
2243 2560 2420 2611 multos
2437 2559 2609 2608 idiotas

476 2649 521 2685 et
547 2639 809 2686 litterarum
837 2658 1031 2688 sensum
1059 2641 1332 2704 igno-rantes
1358 2640 1574 2688 videmus
1605 2642 1655 2688 in
1682 2641 1880 2688 ecclesia
1903 2658 1990 2706 per
2013 2658 2226 2689 errorem
2253 2641 2490 2688 nonnulla
2521 2641 2607 2688 sibi

475 2720 643 2767 nociva
661 2718 828 2785 [magis
837 2719 875 2785 Ρ]
893 2738 1037 2785 quam
1055 2720 1186 2767 utilia
1205 2722 1412 2785 precari,
1434 2722 1580 2768 veluti
1602 2739 1755 2786 quum-
1771 2722 1971 2769 dicitur:
2000 2726 2102 2769 «Ut
2121 2723 2187 2769 sic
2207 2732 2504 2770 transeamus
2523 2738 2609 2787 per

476 2796 603 2844 bona
622 2800 925 2864 temporalia,
945 2810 994 2846 ut
1014 2817 1112 2847 non
1131 2801 1403 2848 amittamus
1423 2812 1622 2861 aeterna3
1645 2821 1668 2846 »
1691 2802 1825 2849 facile
1849 2803 1952 2867 ipsa
1973 2802 2235 2849 consimilis
2251 2802 2382 2849 vocis
2407 2801 2609 2849 affinitas

479 2879 736 2926 nonnullos
756 2880 821 2927 sic
844 2880 1036 2946 decipit,
1064 2892 1115 2928 ut
1137 2881 1212 2928 vel
1238 2882 1304 2927 sic
1328 2881 1513 2928 dicant:
1539 2885 1640 2929 «Ut
1661 2899 1752 2929 nos
1770 2883 2043 2930 amittamus
2059 2893 2250 2943 aeterna,
2270 2902 2293 2927 »
2316 2883 2391 2931 vel
2415 2884 2479 2931 ita
2496 2899 2610 2948 pro·-

478 2957 651 3006 ferant:
669 2964 767 3007 «Ut
783 2978 883 3007 non
896 2961 1204 3009 admittamus
1222 2972 1446 3009 aeterna.»
1463 2963 1549 3009 Cui
1565 2963 1706 3009 etiam
1725 2963 1939 3028 periculo
1959 2964 2213 3029 Apostolus
2231 2964 2491 3029 providens
2509 2964 2572 3011 ait
2595 2982 2604 3009 :

482 3057 504 3080 «
519 3041 747 3087 Caeterum
765 3042 803 3087 si
819 3041 1118 3089 benedixeris
1135 3043 1320 3108 spiritu,
1339 3062 1362 3087 >2
1386 3043 1435 3089 id
1452 3053 1521 3090 est
1533 3034 2010 3108 prolationis-tantum
2031 3046 2145 3093 flatu
2164 3045 2310 3092 verba
2320 3043 2611 3092 benedictio-

478 3118 551 3164 nis
565 3119 854 3182 formaveris,
878 3140 978 3170 non
1001 3141 1144 3171 sensu
1157 3134 1365 3171 mentem
1382 3124 1615 3171 audientis
1631 3125 1923 3186 instruxeris,
1945 3126 2090 3190 «quis
2105 3125 2294 3191 supplet
2312 3124 2474 3172 locum
2487 3123 2610 3171 idio-

479 3198 566 3244 tae?
584 3218 606 3242 »
629 3200 682 3246 Id
707 3211 801 3261 est,
825 3204 930 3266 quis
953 3204 1013 3251 de
1030 3204 1378 3265 assistentibus,
1398 3222 1606 3269 quorum
1626 3216 1696 3252 est
1711 3206 2026 3272 respondere,
2053 3205 2103 3252 id
2121 3215 2226 3270 aget
2239 3204 2580 3270 respondendo
2594 3241 2605 3262 ‚

480 3278 610 3341 quod
624 3280 770 3328 idiota
796 3299 894 3330 non
913 3284 1059 3344 valet,
1080 3286 1178 3333 imo
1191 3302 1281 3333 nec
1298 3285 1473 3334 debet?
1500 3288 1797 3344 «Quomodo
1828 3287 1957 3335 dicet
1980 3287 2155 3335 amen?
2172 3306 2195 3331 »
2217 3303 2368 3351 quum
2393 3285 2611 3334 videlicet

529 3490 537 3506 ¹
560 3490 714 3533 Vulgat.:
738 3494 840 3532 Quam
860 3496 967 3527 decem
989 3498 1089 3528 millia
1113 3498 1278 3530 verborum
1294 3500 1326 3530 in
1344 3500 1468 3540 linqua.
1483 3515 1522 3521 —
1569 3497 1714 3531 ‘Psalm-
1746 3509 1838 3539 nvi,
1874 3511 1907 3533 v.
1942 3501 1976 3532 8.
2000 3517 2034 3525 —-
2068 3499 2080 3517 ⁵
2107 3498 2227 3533 Psalm.
2256 3508 2372 3538 cxvln,
2399 3508 2431 3530 v.
2467 3499 2539 3531 103.
2567 3515 2611 3523 —

483 3545 495 3563 ¹
515 3545 642 3590 Vulgat.
663 3561 670 3581 z
694 3549 793 3583 Pueri
820 3561 881 3593 pro
908 3556 1014 3592 parvi.
1029 3570 1072 3577 —
1090 3553 1103 3570 ²
1124 3554 1254 3597 Regul„
1283 3566 1356 3598 cap.
1390 3566 1458 3589 xix.
1483 3573 1522 3579 —
1570 3555 1583 3573 ⁶
1600 3555 1718 3589 Psalm-
1736 3566 1852 3596 exui,
1870 3567 1903 3589 v.
1926 3558 1976 3589 10.
