2970 4152
529 419 591 464 40
1256 412 1514 485 ANDREAE
1548 416 1912 476 Quence'rm

1383 549 1480 610 Nota
1505 549 1619 595 vlu,
1647 562 1732 599 pag.
1760 553 1794 588 4.

578 635 867 671 Dialecttcarum
884 634 1070 668 rationum
1087 637 1320 668 armaturam
1336 632 1508 669 omnihus
1522 632 1768 681 philosophice
1786 633 2017 670 documentis
2037 633 2204 680 praetuli.
2219 652 2267 660 —-
2281 633 2400 670 Primi
2417 634 2474 670 sui
2495 634 2536 671 in
2558 633 2640 670 dia-

528 695 659 732 lectica
672 692 909 743 praeceptoris
921 703 1062 729 nomen
1078 692 1331 742 praetermisit,
1351 704 1464 742 quem
1479 700 1605 730 tamen
1623 693 1729 731 Otho
1744 694 1774 730 F
1775 692 1992 741 risingensis
2008 691 2265 740 Roscelinum,
2284 700 2323 731 et
2338 694 2543 731 Aventinus
2558 693 2639 731 nu-

528 755 690 792 celinum
718 752 919 802 quemdam
947 752 1060 789 fuisse
1087 759 1285 790 testantur.
1303 753 1471 791 Othonis
1488 753 1598 791 verba
1614 754 1667 791 sic
1690 754 1832 790 habent
1854 769 1862 789 :
1882 768 1900 787 a
1922 753 2065 791 Habuit
2085 761 2212 792 tamen
2230 755 2353 804 primo
2377 762 2638 805 praeceptorem

529 815 748 852 Rozelinum
768 813 967 864 quemdam
979 841 990 860 ‚
1005 815 1070 864 qui
1087 815 1234 864 primus
1246 815 1384 852 nostris
1401 815 1633 865 temporibus
1649 816 1688 852 in
1706 815 1826 864 logica
1844 816 2066 853 sententiam
2085 828 2216 854 vocum
2235 817 2436 855 instituit.»
2454 818 2501 854 Et
2516 818 2641 855 Aven-

527 877 596 913 tini
613 876 679 913 lib.
696 876 753 913 vl
767 876 871 912 Ann.
884 876 1014 925 Bojor.
1031 889 1040 908 .-
1057 890 1075 909 «
1091 876 1161 913 His
1186 889 1336 927 quoque
1357 877 1592 926 temporibus
1614 877 1728 914 fuisse
1744 877 1893 926 reperio
1913 875 2140 914 Rucelinum
2158 878 2377 916 Britannum
2388 907 2398 925 ,
2420 879 2638 928 magistrum

525 938 626 974 Petri
643 937 834 983 Abelardi,
855 939 940 975 novi
954 937 1054 987 lycaei
1068 937 1316 984 conditorem,
1335 939 1402 988 qui
1416 940 1560 987 primus
1576 939 1770 976 scientiam
1789 951 1921 975 vocum
1939 939 2014 976 sive
2029 938 2238 976 dictionum
2252 941 2435 987 instituit,
2452 948 2492 977 et
2506 937 2638 977 uova'm

524 999 815 1048 philosophandi
830 1000 926 1036 viam
935 999 1115 1037 invenit.»
1129 1001 1180 1037 At
1195 1001 1262 1050 qui
1279 1001 1478 1037 Britannus
1495 1000 1605 1046 huic,
1624 1001 1739 1037 veteri
1758 1008 1796 1037 et
1808 1012 1994 1049 anonymo
2007 1001 2236 1038 Francorum
2252 1002 2432 1039 historico
2446 999 2644 1050 Compem

526 1061 662 1099 diensis
687 1062 841 1108 dicitur,
860 1068 898 1098 et
916 1063 1070 1099 Joannis
1095 1063 1208 1099 etiam
1234 1061 1427 1111 cujusdam
1455 1063 1494 1098 in
1522 1062 1715 1099 dialectica
1739 1063 1903 1112 potentis
1931 1063 2103 1111 sophistae
2130 1063 2336 1113 discipulus
2363 1064 2554 1101 astruitur.
2577 1062 2639 1100 stc

524 1124 624 1160 enim
637 1123 839 1160 historicus
849 1122 925 1168 ille,
936 1123 1002 1172 qui
1012 1123 1264 1171 fragmentum
1276 1123 1441 1160 historiae
1454 1123 1684 1160 Francorum
1696 1137 1715 1160 a
1728 1123 1895 1160 Roberto
1909 1123 1956 1159 ad
1969 1123 2188 1172 Philippum
2203 1124 2221 1160 I
2238 1136 2365 1173 regem
2384 1124 2532 1173 scripsit
2543 1139 2552 1159 t
2563 1138 2580 1156 α
2593 1122 2640 1160 In

525 1186 716 1223 dialectica
738 1198 889 1236 quoque
906 1185 948 1222 hi
966 1192 1136 1234 potentes
1159 1185 1366 1222 extiterunt
1387 1185 1582 1233 sophistae:
1603 1185 1785 1231 Joannes,
1804 1187 1870 1235 qui
1886 1185 2055 1222 eamdem
2078 1192 2195 1222 artem
2213 1185 2452 1235 sophisticam
2480 1185 2640 1222 vocalem

525 1260 600 1284 esse
620 1247 815 1293 disseruit,
836 1246 1027 1284 Robertus
1043 1247 1323 1292 Parisiacensis,
1342 1245 1562 1283 Roscelinus
1579 1246 1908 1295 Compendiensis,
1929 1245 2112 1283 Arnulfus
2131 1246 2411 1292 Laudunensis;
2430 1247 2471 1283 hi
2488 1247 2641 1283 Joannis

523 1310 677 1346 fuerunt
693 1315 908 1354 sectatores,
929 1308 994 1358 qui
1013 1309 1126 1345 etiam
1145 1320 1256 1357 quam
1276 1306 1403 1357 plures
1419 1306 1636 1344 habuerunt
1653 1307 1854 1344 auditores.
1874 1323 1893 1341 »
1911 1308 1990 1344 Nec
2007 1314 2130 1345 tamen
2153 1316 2348 1357 propterea
2376 1307 2637 1357 suspicandum

519 1378 575 1407 est
590 1371 692 1407 hunc
707 1370 894 1406 Aventino
915 1369 1183 1406 contradicere.
1205 1369 1304 1405 Fieri
1322 1381 1484 1419 namque
1506 1375 1630 1418 potest
1645 1376 1691 1406 ut
1706 1369 1926 1407 Roscelinus
1952 1368 1992 1406 in
2015 1370 2206 1407 Britannia
2230 1377 2340 1406 natus
2356 1370 2422 1415 sit,
2443 1383 2484 1407 ac
2511 1375 2637 1418 postea

523 1435 679 1471 clericus
699 1434 738 1470 in
756 1434 911 1471 ecclesia
938 1432 1218 1482 compendiensi
1244 1433 1373 1470 fuerit.
1392 1433 1440 1469 Et
1463 1439 1564 1469 certe
1580 1432 1769 1470 beccensis
1786 1433 1897 1470 abbas
1914 1433 2113 1470 Anselmus
2125 1461 2135 1479 ‚
2155 1434 2222 1483 qui
2240 1440 2331 1470 tunc
2347 1433 2525 1479 florebat,
2549 1444 2636 1469 eum

521 1498 698 1534 clericum
714 1504 908 1547 nuncupat
925 1497 966 1533 in
981 1496 1137 1546 epistola
1153 1496 1207 1533 ad
1225 1495 1429 1533 Falconem
1446 1496 1701 1533 belvacensem
1718 1499 1949 1545 episcopum,
1963 1497 2023 1533 his
2037 1496 2183 1534 verbis:
2199 1511 2217 1531 α
2234 1496 2377 1542 Audio,
2395 1495 2498 1545 quod
2513 1502 2639 1532 tamen

518 1561 657 1610 absque
674 1560 866 1598 dubietate
881 1559 1033 1598 credere
1049 1571 1126 1597 non
1142 1571 1293 1608 possum
1303 1587 1313 1605 ,
1332 1559 1421 1609 quia
1438 1558 1660 1596 Roscelinus
1676 1559 1833 1596 clericus
1849 1558 1942 1596 dicit
1957 1560 1999 1596 in
2014 1559 2094 1596 Deo
2109 1566 2186 1597 tres
2203 1571 2378 1609 personas
2393 1569 2471 1597 esse
2491 1565 2566 1594 tres
2581 1569 2640 1594 res

520 1622 566 1659 ab
585 1622 742 1659 invicem
760 1629 964 1671 separatas,
984 1622 1082 1658 sicut
1098 1629 1187 1658 sunt
1203 1629 1281 1658 tres
1294 1621 1438 1670 angeli,
1459 1621 1512 1657 ita
1528 1628 1659 1657 tamen
1671 1628 1715 1657 ut
1733 1634 1807 1656 una
1822 1621 1872 1658 sit
1888 1620 2056 1658 voluntas
2074 1628 2113 1658 et
2131 1628 2292 1670 potestas
2309 1636 2316 1656 :
2335 1627 2401 1656 aut
2427 1620 2578 1657 Patrem
2599 1626 2639 1657 et

518 1685 703 1733 Spiritum
729 1692 898 1721 sanctum
915 1696 994 1721 esse
1009 1685 1262 1729 incarnatum,
1282 1690 1320 1719 et
1337 1689 1412 1719 tres
1427 1682 1525 1719 Deos
1541 1695 1627 1719 vere
1643 1694 1749 1731 posse
1765 1682 1860 1729 diei,
1878 1683 1909 1719 si
1926 1693 2015 1720 usus
2034 1683 2265 1721 admitteret.
2282 1698 2301 1718 s
2320 1683 2432 1720 Unde
2453 1689 2492 1720 et
2512 1682 2637 1731 aliquo

515 1746 628 1782 modo
648 1747 833 1794 conjicere
848 1745 958 1791 licet,
978 1758 1045 1781 cur
1064 1746 1197 1781 Petrus
1222 1751 1349 1781 noster
1368 1743 1469 1780 illius
1486 1744 1586 1782 inter
1602 1752 1845 1794 praeceptores
1862 1757 1947 1782 suos
1969 1757 2044 1782 non
2061 1745 2248 1782 meminit.
2266 1746 2361 1782 Nam
2379 1752 2417 1782 et
2435 1745 2529 1790 Yvo,
2551 1755 2634 1781 car-

514 1809 678 1845 notensis
691 1809 901 1857 episcopus,
919 1808 1066 1844 insanas
1079 1807 1223 1857 aliquot
1238 1807 1440 1843 sententias
1456 1819 1569 1856 super
1579 1807 1806 1857 quibusdam
1822 1807 2032 1844 christianae
2045 1807 2132 1844 fidei
2146 1807 2314 1845 articulis
2329 1820 2416 1844 eum
2428 1805 2635 1843 defendisse

515 1870 728 1909 subindicat
745 1871 856 1919 epist.
874 1883 940 1916 vu,
961 1882 1189 1920 quamquam
1210 1882 1287 1906 non
1305 1870 1482 1917 exprimit
1499 1869 1627 1919 quales
1644 1870 1714 1906 illae
1730 1870 1884 1907 suerint.
1899 1870 1972 1907 Sed
1991 1870 2038 1908 de
2056 1871 2126 1907 hac
2144 1884 2184 1907 re
2201 1869 2371 1919 pluribus
2397 1876 2483 1906 ante
2510 1869 2636 1905 conci·

513 1932 608 1968 lium
624 1932 892 1971 suessionense.
909 1932 943 1969 N
948 1944 1021 1968 unc
1038 1938 1186 1968 tantum
1199 1930 1334 1967 addam
1350 1943 1394 1967 ex
1405 1932 1605 1978 Aventino,
1622 1932 1726 1981 quod
1741 1948 1749 1968 :
1769 1947 1785 1966 «
1804 1933 1857 1969 Eo
1876 1932 1958 1981 ipso
1977 1932 2176 1969 Roscelino
2193 1939 2356 1977 auctore,
2374 1932 2450 1968 duo
2466 1931 2638 1967 aristote·

513 1995 674 2032 licorum
689 2003 728 2033 et
744 1996 1071 2045 peripateticorum
1092 2007 1226 2043 genera
1250 2006 1330 2032 esse
1349 2002 1544 2044 coeperunt
1560 2011 1568 2031 :
1584 2008 1704 2031 unum
1723 1995 1819 2032 illud
1840 2003 1964 2042 vetus,
1984 1996 2148 2045 locuples
2172 1997 2212 2032 in
2239 1996 2350 2032 rebus
2373 1993 2633 2044 procreandis,

514 2058 618 2105 quod
643 2058 836 2095 scientiam
854 2070 982 2094 rerum
1001 2057 1072 2094 sibi
1090 2056 1273 2102 vindicat;
1294 2057 1539 2106 quamobrem
1556 2057 1673 2094 reales
1688 2065 1891 2105 vocantur;
1911 2058 2070 2095 alterum
2089 2070 2246 2103 novum,
2268 2057 2372 2107 quod
2392 2069 2474 2094 eam
2499 2055 2635 2092 distra-

513 2120 591 2165 hit,
623 2122 833 2158 nominales
859 2120 946 2158 ideo
975 2120 1201 2169 nuncupati,
1231 2119 1334 2169 quod
1364 2121 1463 2156 avari
1484 2132 1631 2166 rerum,
1659 2120 1810 2169 prodigi
1831 2121 2028 2157 nominum
2052 2128 2164 2171 atque
2187 2120 2406 2166 notionum,
2436 2119 2633 2157 verborum

513 2183 688 2220 videntur
713 2196 793 2221 esse
812 2191 1025 2220 assertores.
1051 2183 1097 2219 In
1124 2183 1227 2219 hisce
1257 2182 1406 2219 duobus
1433 2183 1632 2231 generibus
1658 2183 1855 2220 dissidium
1886 2190 1925 2221 et
1952 2184 2093 2220 bellum
2121 2184 2228 2221 civile
2249 2190 2317 2220 est.
2339 2183 2444 2219 lllius
2471 2182 2636 2219 Thomas

512 2248 679 2296 Aquinas
710 2247 826 2284 Italus
840 2275 850 2293 ,
880 2254 919 2284 et
952 2247 1114 2284 Joannes
1143 2246 1248 2282 Duns
1279 2246 1412 2283 Scotus
1424 2274 1434 2292 ,
1466 2246 1580 2293 hujus
1611 2246 1838 2285 Vuillelmus
1868 2247 2111 2284 Occomensis
2142 2246 2288 2295 Anglus
2302 2273 2312 2291 ,
2350 2243 2593 2292 antesignani.
2615 2258 2633 2276 »ι

516 2309 626 2357 [Non
644 2311 753 2360 pauci
770 2310 925 2360 quidem
941 2311 982 2347 in
999 2310 1059 2346 his
1076 2309 1189 2346 rebus
1208 2309 1469 2356 versatissimi,
1497 2310 1596 2346 inter
1623 2322 1718 2360 quos
1743 2309 1843 2347 dom.
1861 2310 1973 2347 Rivet
1988 2317 2026 2347 et
2045 2310 2144 2346 dom.
2171 2309 2344 2347 Clement
2373 2309 2451 2357 (Cf.
2471 2307 2634 2344 Histoire

514 2370 699 2408 litte'raire
727 2371 774 2409 de
792 2372 832 2408 la
848 2372 1012 2417 France,
1032 2378 1062 2408 t.
1082 2370 1160 2417 IX,
1179 2383 1218 2420 p.
1241 2372 1310 2408 359
1323 2399 1333 2417 ,
1351 2377 1391 2407 et
1407 2377 1435 2407 t.
1459 2370 1556 2416 XII,
1584 2384 1622 2420 p.
1651 2374 1718 2418 87)
1739 2372 1882 2408 inficias
1906 2372 2031 2408 ierunt
2055 2371 2292 2408 Abaelardum
2311 2369 2510 2407 Roscelino
2541 2381 2632 2418 prae—

512 2440 662 2481 ceptore
678 2445 788 2470 usum
805 2433 937 2479 fuisse3
956 2432 1060 2483 quod
1074 2432 1184 2482 plane
1201 2432 1386 2470 refellitur
1404 2432 1485 2481 ipso
1509 2432 1694 2470 Abaelardi
1711 2434 1945 2479 testimonio,
1971 2434 2038 2483 qui
2064 2445 2101 2470 se
2124 2432 2312 2470 Roscelini
2342 2431 2554 2471 auditorem
2579 2431 2650 2468 sic-

511 2495 713 2543 profitetur
731 2510 739 2530 :
759 2510 776 2527 «
795 2495 886 2531 Fuit
902 2501 1026 2531 autem
1039 2522 1049 2541 ,
1077 2495 1254 2539 memini,
1272 2495 1442 2543 magistri
1460 2495 1580 2531 nostri
1599 2495 1691 2533 Ros.
1718 2495 1952 2543 (Roscelini)
1970 2503 2047 2532 tam
2071 2496 2200 2532 insana
2218 2495 2400 2532 sententia
2425 2501 2468 2530 ut
2489 2493 2628 2530 nullam

512 2571 592 2594 rem
610 2558 781 2607 partibus
799 2565 969 2595 constare
993 2558 1212 2604 vellet‚.sed
1235 2559 1332 2597 sicut
1360 2558 1446 2595 solis
1473 2559 1625 2598 vocibus
1644 2560 1802 2609 species,
1822 2561 1873 2597 ita
1890 2567 1928 2596 et
1946 2555 2068 2608 partes
2085 2559 2331 2598 adscribebat.
2348 2574 2366 2594 »
2386 2558 2486 2597 Vide
2518 2558 2631 2594 Ouvr.

514 2621 616 2656 ine'd.
636 2619 874 2666 d'Abe'lard,
896 2619 1053 2664 introd.,
1075 2620 1238 2668 p.*x1.11.]
2083 2632 2086 2634 ·

1378 2723 1476 2759 Nota
1501 2724 1577 2767 lX,
1604 2736 1689 2772 pag.
1718 2726 1754 2761 4.

561 2808 628 2843 Ad
649 2808 889 2844 Guillelmum
909 2807 1048 2843 scilicet
1071 2806 1377 2854 Campellensem.
1397 2827 1446 2834 —
1461 2807 1681 2844 Guillelmus
1700 2808 1764 2843 hic
1788 2809 1911 2855 primo
1934 2808 2007 2844 fuit
2034 2808 2318 2844 archidiaconus
2345 2808 2504 2844 ecclesiae
2534 2808 2632 2856 pari—

516 2871 663 2916 siensis,
684 2878 811 2919 postea
827 2869 1008 2920 regularis
1025 2870 1244 2913 canonicus,
1262 2881 1305 2906 ac
1322 2869 1475 2906 demum
1493 2870 1690 2919 episcopus
1707 2870 1977 2907 catalaunensis
1990 2899 2001 2916 ,
2019 2878 2064 2907 ut
2081 2871 2177 2908 infra
2199 2870 2422 2909 videbimus.
2438 2871 2493 2908 Eo
2507 2878 2642 2917 autem.

517 2940 740 2981 praeceptore
766 2946 876 2970 usum
892 2932 1130 2970 Abaelardum
1154 2931 1264 2968 docet
1290 2939 1329 2969 et
1350 2932 1457 2969 Otho
1475 2927 1741 2980 Frisingensis,
1763 2933 1825 2969 lib.
1845 2934 1884 2978 1,
1911 2932 1958 2969 de
1978 2934 2071 2970 Beb.
2090 2935 2206 2982 gestis
2226 2933 2409 2982 Friderici
2425 2933 2452 2970 I
2456 2961 2467 2979 ,
2488 2935 2630 2981 impetn,

518 3008 596 3043 cap.
615 3007 728 3031 nvn.

1402 3075 1499 3111 Nota
1524 3074 1582 3122 X,
1608 3086 1693 3123 pag.
1722 3075 1753 3111 4.

570 3165 729 3212 [Notam
756 3165 854 3201 hanc
877 3173 916 3202 et
932 3174 1170 3216 sequentem,
1197 3179 1279 3216 quae
1302 3168 1342 3203 in
1359 3167 1607 3205 Amboesiana
1630 3167 1796 3204 editione
1820 3166 1867 3203 ad
1895 3167 2031 3203 calcem
2060 3168 2259 3206 voluminis
2285 3168 2428 3215 rejectae
2454 3167 2631 3216 leguntur

520 3229 583 3275 (p.
603 3227 856 3276 ⁴⁴95-41197),
877 3227 952 3263 huc
972 3229 1190 3275 retulimus,
1210 3241 1280 3279 pro
1295 3230 1341 3266 iis
1357 3242 1438 3279 quae
1459 3230 1719 3276 Quercetanus
1737 3229 1924 3266 festinanti
1951 3230 2065 3267 nimis
2088 3230 2201 3278 stylo,
2232 3236 2274 3266 ut
2300 3230 2380 3278 ipse
2405 3230 2556 3276 fatetur,
2583 3229 2630 3266 de

521 3288 702 3325 Meliduni
719 3296 831 3337 atque
848 3289 1016 3326 Corbolii
1033 3292 1233 3328 comitibus
1251 3292 1416 3340 primum
1435 3291 1689 3339 disseruerat-J
2222 3303 2230 3307 ·

567 3351 758 3387 Meliduni
773 3359 955 3398 castrum,
975 3359 1012 3388 et
1036 3353 1161 3389 sedem
1182 3357 1335 3403 regiam.
1353 3375 1400 3382 -
1416 3354 1586 3391 Melduni
1609 3355 1685 3390 sive
1715 3353 1898 3390 Meliduni
1924 3362 2088 3391 castrum
2115 3361 2155 3391 et
2179 3355 2399 3391 comitatum
2428 3356 2542 3403 Hugo
2569 3367 2632 3391 rex

522 3413 754 3448 Francorum
784 3413 983 3450 Buchardo
1011 3414 1169 3459 Vetulo,
1197 3417 1326 3452 comiti
1346 3415 1621 3462 vindocinensi,
1640 3428 1682 3451 ac
1706 3416 1893 3452 Lavarzini
1913 3416 2087 3461 domino,
2117 3417 2299 3453 concessit
2326 3416 2365 3452 in
2394 3416 2630 3453 beneficium.

520 3476 651 3512 Postea
669 3474 871 3512 Rainaldus
890 3475 1100 3512 Burchardi
1120 3476 1233 3521 filius,
1252 3478 1492 3515 cancellarius
1512 3478 1687 3524 Franciae,
1702 3485 1741 3515 et
1759 3479 1954 3527 episcopus
1971 3480 2200 3528 parisiensis,
2225 3478 2491 3516 melidunensis
2507 3491 2629 3516 comes
