2970 4152
938 427 1252 477 EXPOSITIO
1283 426 1346 475 IN
1378 425 1769 474 EEXAMERON.
2323 425 2417 474 627

301 526 601 575 confidenter
622 523 864 572 declarare
882 559 894 583 ‚
919 523 1010 571 nisi
1035 538 1160 587 saepe
1189 529 1479 586 pertractata
1511 528 1626 567 sunt
1647 517 1899 566 :dubitare
1932 525 2096 564 autem
2127 514 2190 564 de
2224 517 2420 581 singulis

300 608 403 655 non
428 607 518 654 erit
539 605 724 653 inutile.
748 623 772 649 n
800 602 1056 651 Praedictus
1079 602 1240 666 itaque
1265 598 1746 647 doctorin‘semmdo
1772 597 2166 646 retractationum
2190 612 2386 646 suarum
2402 636 2414 657 ,

300 686 450 735 libros
475 688 559 733 XII
583 701 696 732 suos
730 684 790 731 de
817 682 992 731 Genesi
1018 681 1082 730 ad
1109 681 1319 729 litteram
1347 689 1686 727 retractaturus
1716 678 1783 725 ait
1796 681 1810 704 ²
1829 696 1842 725 ε
1864 696 1887 722 «
1911 681 1967 724 In
1989 693 2088 742 quo
2111 693 2258 742 opere
2279 676 2418 743 plura

301 766 497 830 quaesita
517 774 628 812 sunt
647 779 792 827 quam
811 763 1024 821 inventa,
1037 771 1085 809 et
1103 776 1274 808 eorum
1290 775 1396 824 quae
1415 759 1612 806 inventa
1631 766 1761 816 sunt,
1782 757 2011 822 pauciora
2027 757 2233 817 firmata,
2251 767 2417 805 caetera

301 861 416 892 vero
439 846 504 892 ita
525 844 704 909 posita,
730 842 861 890 velut
882 842 1040 890 adhuc
1061 840 1350 906 requirenda
1371 840 1490 887 sint.·
1505 857 1530 883 »
1553 837 1651 886 Sed
1672 837 1906 903 quoniam
1925 837 2067 901 hujus
2094 855 2287 903 quoque
2309 854 2419 903 ope-

299 925 364 972 ris
383 923 512 971 dicta
532 923 654 971 adeo
675 921 816 970 vohis
837 921 1043 970 obscura
1064 921 1306 980 videntur,
1331 930 1386 967 nt
1412 921 1515 985 ipsa
1545 935 1710 966 rursus
1742 918 1976 982 expositio
2003 918 2289 983 exponenda
2316 935 2418 966 esse

299 1013 566 1068 censeatur,
594 1012 810 1050 nostram
843 1002 988 1049 etiam
1023 1002 1305 1066 opinionem
1337 1001 1389 1047 in
1422 997 1710 1065 exponendo
1743 995 1971 1063 praedicto
1999 999 2195 1046 Genesis
2219 998 2417 1046 exordio

299 1081 581 1146 efflagitatis.
603 1084 761 1139 Quam
778 1097 915 1141 nunc,
928 1080 1126 1145 quidem
1145 1081 1494 1146 expositionem
1513 1079 1580 1127 ita
1598 1094 1678 1125 me
1694 1086 1964 1124 vestrarum
1979 1078 2204 1126 instantia
2219 1094 2418 1143 precum

299 1160 492 1225 aggredi
513 1161 814 1224 cognoscatis
830 1196 843 1220 ‚
869 1170 925 1208 ut
945 1160 1030 1208 ubi
1053 1176 1131 1207 me
1153 1160 1358 1208 deficere
1379 1158 1594 1207 videritis
1610 1195 1623 1217 ‚
1648 1156 1780 1205 illam
1802 1171 1831 1204 a
1851 1173 1930 1204 1110
1951 1158 2264 1223 apostolicam
2284 1174 2418 1205 excu-

299 1241 535 1290 sationem
557 1241 838 1306 expectetis²
859 1258 871 1287 ε
900 1259 925 1286 «
945 1243 1113 1288 Factus
1136 1257 1244 1288 sum
1266 1241 1496 1305 insipiens
1509 1276 1522 1299 ,
1545 1255 1633 1287 vos
1655 1253 1734 1286 me
1755 1237 1991 1300 coegistis.
2015 1256 2039 1282 »
2068 1228 2074 1234 ’

822 1671 1218 1731 EXPOSITIO
1268 1671 1346 1729 ΙΝ
1395 1669 1910 1767 HEXAMERQR·

362 1856 652 1901 Immensam
680 1854 822 1917 igitur
850 1852 1076 1916 abyssum
1108 1851 1449 1917 profunditatis
1480 1853 1722 1899 Geneseos
1755 1850 1929 1917 triplici
1965 1860 2316 1917 perscrutantes
2345 1867 2419 1900 ex·

297 1934 537 1999 positione
554 1971 566 1993 ‚
599 1933 826 1981 historica
858 1933 1037 1981 seilicet
1053 1970 1065 1992 ,
1099 1931 1296 1992 morali,
1332 1942 1381 1980 et
1407 1933 1631 1996 mystica,
1667 1932 1825 1997 ipsum
1858 1932 2137 1980 invocemus
2165 1932 2386 1998 spiritum
2402 1969 2414 1991 ,

297 2031 395 2079 quo
426 2014 637 2063 dictante
653 2050 665 2073 ‚
697 2014 799 2062 haec
827 2016 1002 2080 scripta
1022 2024 1158 2072 sunt3
1190 2024 1244 2062 ut
1269 2014 1352 2079 qui
1371 2013 1618 2079 prophetae
1639 2013 1788 2061 verba
1808 2012 2002 2077 largitus
2024 2023 2117 2072 est,
2149 2013 2249 2079 ipse
2277 2013 2418 2062 nobis

297 2108 466 2142 eorum
502 2093 685 2159 aperiat
716 2110 928 2141 sensum.
969 2094 1128 2141 Primo
1168 2093 1330 2159 itaque
1365 2102 1511 2159 prout
1546 2093 1647 2158 ipse
1680 2092 1929 2152 annuerit,
1962 2093 2060 2140 imo
2095 2090 2283 2140 dederit
2300 2130 2312 2152 ‚
2350 2094 2419 2140 rei

295 2183 435 2240 gestae
455 2174 706 2223 veritatem
729 2174 864 2239 quasi
897 2172 1177 2222 historicam
1208 2173 1409 2239 figamus
1445 2173 1674 2222 radicem.
1701 2172 1953 2222 Carnalem
1987 2173 2149 2239 itaque
2183 2172 2418 2239 populum

294 2252 532 2319 propheta
558 2251 835 2302 desiderans
867 2253 930 2301 ad
966 2252 1187 2302 divinum
1219 2252 1403 2302 cultum
1431 2253 1620 2303 allicere
1636 2290 1650 2313 ‚
1674 2253 1752 2301 cui
1775 2264 2006 2344 tanquam
2037 2252 2147 2300 rudi
2183 2252 2343 2301 adhuc
2370 2261 2419 2300 et

294 2331 649 2399 indisciplinato
682 2335 856 2399 prioris
880 2334 1095 2383 instituta
1127 2335 1400 2383 testamenti
1434 2334 1587 2384 fuerat
1615 2333 1900 2394 traditurus,
1924 2334 2084 2400 primo
2109 2350 2193 2382 eos
2222 2332 2285 2382 ad
2307 2333 2419 2381 ohe-

296 2410 529 2461 diendum
549 2415 652 2460 Deo
677 2423 908 2478 tanquam
938 2415 1158 2462 omnium
1190 2415 1396 2462 creatori
1425 2431 1481 2463 ac
1509 2414 1787 2480 dispositori
1816 2423 2007 2474 monet;
2032 2413 2417 2462 consideratione

296 2489 516 2539 videlicet
551 2492 877 2558 corporalium
907 2493 1036 2556 ejus’
1048 2530 1060 2553 ‚
1098 2494 1147 2540 in
1179 2494 1281 2558 ipsa
1309 2493 1479 2541 mundi
1507 2481 1707 2559 optima·
1719 2493 1964 2541 creatione
1992 2509 2048 2540 ac
2081 2490 2411 2558 dispositione.

296 2572 512 2628 Quarum
534 2571 731 2637 quidem
752 2588 913 2620 rerum
935 2572 1031 2621 ab
1018 2590 1124 2638 ipso
1147 2572 1317 2620 mundi
1340 2573 1538 2621 exordio
1570 2589 1723 2638 usque
1754 2572 1817 2621 ad
1846 2582 2065 2638 tempora
2087 2588 2175 2620 sua
2202 2572 2416 2637 diligenti

295 2651 570 2699 narratione
603 2650 815 2699 deducit.
849 2651 989 2699 Unde
1029 2662 1076 2700 et
1112 2653 1260 2717 ipsius
1295 2662 1424 2699 recte
1464 2652 1713 2700 materiam
1750 2651 2044 2715 assignamus
2070 2650 2198 2699 hanc
2228 2651 2382 2717 ipsam
2400 2691 2411 2713 ,

295 2745 441 2794 quam
457 2729 661 2778 diximus
674 2730 844 2778 mundi
867 2732 1159 2779 creationem
1182 2747 1237 2778 ac
1255 2730 1645 2797 dispositionem,
1664 2731 1760 2778 hoc
1775 2740 1847 2778 est
1865 2731 1968 2796 ipsa
1984 2747 2089 2796 quae
2107 2731 2157 2778 in
2174 2733 2415 2781 creatione

296 2808 465 2856 mundi
486 2808 563 2857 vel
584 2808 898 2876 dispositione
920 2809 1084 2858 divina
1105 2820 1301 2876 operata
1326 2820 1396 2858 est
1418 2811 1584 2874 gratia.
1615 2812 1687 2857 De
1708 2825 1804 2875 qua
1825 2809 2023 2875 quidem
2052 2810 2332 2876 operatione
2353 2811 2415 2860 ad

296 2890 622 2954 cognitionem
653 2890 839 2956 opiflo‘s
872 2907 962 2939 nos
995 2890 1290 2957 perducente
1312 2890 1568 2958 Apostolus
1590 2891 1680 2938 ait*
1703 2910 1714 2938 :
1741 2910 1764 2935 «
1788 2889 2046 2938 Invisibilia
2073 2890 2220 2956 ipsius
2242 2907 2269 2938 a
2290 2907 2418 2940 crea·

297 2979 405 3017 tura
425 2969 595 3017 mundi
616 2986 702 3035 per
724 2986 780 3018 ea
802 2987 907 3036 quae
929 2971 1051 3033 facta
1071 2981 1183 3019 sunt
1204 2971 1449 3020 intellecta
1471 2971 1852 3037 conspiciuntur,
1875 2980 1966 3019 etc.
1987 2990 2010 3015 »
2033 2971 2258 3036 Quisquis
2285 2972 2415 3019 enim

296 3047 357 3095 de
379 3047 541 3113 aliquo
563 3047 743 3097 artifice
766 3066 827 3097 an
849 3049 1007 3098 bonus
1032 3050 1109 3100 vel
1131 3051 1280 3100 solers
1308 3052 1358 3098 in
1389 3051 1638 3117 operando
1672 3051 1734 3099 sit
1765 3050 1972 3098 voluerit
2002 3049 2286 3114 intelligere,
2312 3067 2413 3099 non

295 3128 471 3194 ipsum,
497 3128 581 3176 sed
604 3146 752 3195 opera
773 3129 874 3194 ejus
896 3131 1201 3180 considerare
1221 3131 1382 3179 debet.
1408 3132 1485 3180 Sic
1503 3141 1551 3180 et
1574 3135 1702 3179 Deus
1725 3131 1807 3196 qui
1831 3132 1881 3178 in
1910 3131 2066 3196 seipso
2089 3130 2338 3180 invisibilis
2368 3141 2416 3180 et

296 3207 792 3275 incomprehensibilis
826 3219 919 3269 est,
946 3226 1003 3257 ex
1036 3226 1239 3276 operum
1269 3227 1469 3259 suorum
1500 3210 1830 3275 magnitudine
1863 3210 2069 3275 primam
2096 3209 2238 3259 nobis
2270 3209 2332 3257 de
2363 3225 2414 3259 se

295 3290 543 3339 scientiam
565 3290 774 3350 confert;
800 3307 952 3355 quum
974 3292 1132 3340 omnis
1152 3292 1367 3341 humana
1382 3293 1553 3341 notitia
1568 3302 1730 3356 surgat
1747 3308 1775 3341 a
1790 3290 2031 3340 sensibus
2046 3291 2191 3350 Quod
2213 3291 2413 3357 diligen-

343 3454 352 3471 ·
378 3453 461 3499 Cap.
479 3465 569 3497 xxiv,
591 3456 671 3497 Ορρ.
698 3457 771 3497 1.1,
795 3457 860 3490 col.
885 3457 940 3494 50.
967 3473 1003 3483 -—
1018 3457 1030 3475 ¹
1048 3458 1191 3492 Corinth.
1215 3458 1268 3498 ΙΙ,
1290 3469 1366 3501 cap.
1384 3470 1447 3500 ¹11,
1463 3470 1495 3492 v.
1514 3461 1564 3492 11.
1586 3477 1623 3483 -
1639 3457 1654 3476 ⁸
1672 3458 1801 3501 Aliquid
1820 3458 1934 3492 deesse
1956 3457 2096 3497 videtur.
2111 3458 2194 3493 sorte
2212 3467 2353 3500 operum.
2369 3474 2412 3483 -

299 3511 312 3529 ⁸
325 3512 432 3551 Rom„
447 3522 520 3556 cap.
541 3523 569 3553 1,
584 3522 614 3546 v.
633 3514 688 3547 20.
