2970 4152
926 407 985 455 IN
1020 404 1335 453 EPlPHANlA
1372 403 1582 453 DOMINI
1616 402 1834 451 SERMO.
2352 403 2445 450 389

387 506 542 551 Restat
574 502 782 566 denique
812 501 999 549 tertiam
1031 499 1283 546 dominicae
1313 497 1703 545 manifestationis
1735 499 2107 565 apparitionem,
2143 498 2191 543 in
2218 497 2445 544 miraculo

317 585 493 634 scilicet
526 586 823 651 nuptiarum,
858 583 1065 630 breviter
1096 579 1522 646 comprehendere.
1563 583 1634 627 De
1663 596 1760 643 quo
1794 580 1989 644 quidem
2024 583 2230 626 ,loannes
2260 578 2442 637 refert¹,

317 666 451 730 quod
477 675 587 731 post
620 665 920 712 vocationem
947 661 1151 727 Philippi
1180 660 1258 707 die
1289 660 1456 719 terti0,
1486 659 1545 706 ab
1575 659 1666 707 hac
1695 660 1915 707 videlicet
1944 660 2043 723 ejus
2076 659 2329 706 vocatione
2360 675 2447 704 nu-

317 748 425 812 ptiae
448 749 578 796 factae
601 757 738 808 sunt,
761 746 823 795 ad
856 762 978 810 quas
1008 747 1140 791 Jesus
1165 753 1210 790 et
1236 741 1456 808 discipuli
1480 742 1580 806 ejus
1609 743 1860 789 convocati
1888 742 2092 789 fuerunt.
2121 742 2264 799 Quod
2288 752 2447 789 autem

317 828 551 874 Dominus
581 827 644 874 ad
670 827 860 892 nuptias
878 825 1041 873 venire
1064 823 1284 888 dignatus
1314 831 1408 882 est,
1435 831 1483 868 et
1507 838 1586 869 eas
1610 832 1707 868 tam
1735 822 1982 887 praesentia
2007 822 2103 882 sui,
2135 833 2279 886 quam
2303 821 2447 868 bene-

318 906 427 956 ficio
454 908 674 956 miraculi
699 908 949 967 decorare,
982 922 1151 954 eorum
1178 905 1396 952 haeresim
1422 913 1641 970 patenter
1656 904 1852 951 damnat
1870 905 1953 969 qui
1980 904 2168 969 nuptias
2197 903 2442 950 damnant.

317 991 437 1038 Sunt
458 990 680 1038 nonnulli
704 988 1014 1048 clericorum,
1041 988 1125 1052 qui
1147 987 1244 1034 hoc
1273 987 1431 1052 ipsum
1459 986 1653 1033 Domini
1681 985 1855 1032 factum
1885 985 1932 1032 in
1960 985 2231 1052 exemplum
2261 984 2447 1031 trahen-

317 1080 412 1130 tes,
442 1070 641 1119 moleste
670 1070 928 1129 sustinent,
966 1078 1013 1115 et
1047 1068 1249 1132 graviter
1276 1067 1457 1126 ferunt,
1490 1065 1623 1130 quod
1653 1065 1716 1112 ad
1739 1066 2013 1112 convivium
2044 1067 2317 1131 nuptiarum
2344 1080 2448 1111 san-

317 1163 505 1202 ctorum
529 1152 784 1200 auctoritas
808 1160 997 1217 patrum
1022 1165 1217 1214 parcere
1246 1147 1456 1195 decrevit
1489 1157 1631 1211 atque
1662 1146 1907 1207 inhibere,
1941 1158 2041 1194 non
2073 1147 2268 1212 quidem
2301 1155 2448 1192 atten-

317 1236 483 1284 dentes
527 1234 762 1282 Dominus
799 1247 895 1297 qua
928 1230 1045 1278 illud
1080 1230 1265 1276 ratione
1299 1229 1522 1294 gesserit,
1574 1239 1621 1276 et
1657 1229 1790 1293 quod
1824 1239 2096 1295 opportune
2138 1229 2231 1277 hoc
2275 1232 2442 1278 etiam·²³

316 1315 627 1381 postmodum
646 1312 950 1361 interdictum
976 1311 1049 1358 sit.
1080 1313 1186 1357 Non
1212 1298 1267 1357 ut·
1282 1310 1550 1358 carnalibus
1568 1310 1686 1357 escis
1714 1327 1764 1357 se
1788 1310 2091 1376 complereff,
2125 1311 2253 1358 venit
2273 1312 2448 1376 quippe

316 1395 378 1442 ad
402 1395 592 1460 nuptias
615 1394 851 1441 Dominus
866 1429 879 1453 ‚
903 1393 986 1458 qui
1012 1391 1144 1438 nulla
1168 1391 1429 1438 tentatione
1448 1391 1743 1438 commoveri
1770 1400 1981 1456 poterat,
2013 1390 2097 1438 sed
2128 1401 2178 1438 ut
2204 1392 2451 1456 praesentia

316 1477 389 1525 sui
414 1478 562 1542 magis
587 1475 923 1535 sanctificaret,
951 1484 998 1522 et
1023 1475 1201 1538 ipsum,
1237 1472 1298 1521 de
1322 1473 1523 1538 nuptiis,
1559 1482 1611 1519 ut
1643 1472 1832 1532 dicitur,
1867 1489 2098 1538 sponsum
2123 1472 2450 1538 magnitudine

317 1557 532 1605 miraculi
560 1557 622 1604 ad
651 1573 702 1604 se
726 1556 958 1615 traheret,
991 1565 1038 1601 et
1066 1554 1341 1619 nuptiarum
1370 1552 1594 1618 copulam
1628 1569 1727 1599 non
1756 1569 1855 1600 esse
1887 1553 2281 1619 improbandam,
2315 1555 2449 1617 virgo

315 1638 416 1702 ipse
438 1638 678 1704 probaret.
707 1639 778 1685 Si'0
795 1638 902 1702 quis
926 1637 1066 1701 igitur
1095 1634 1378 1682 clericorum
1402 1645 1541 1682 tantae
1569 1635 1938 1699 opportunitatis
1965 1635 2265 1683 occasionem
2294 1652 2342 1683 se
2367 1635 2450 1682 ha-

315 1717 429 1766 bere
447 1718 671 1780 confidit,
702 1719 895 1767 accedat
916 1717 1209 1783 intrepidus:
1233 1727 1363 1782 gerat
1393 1733 1498 1781 quae
1526 1715 1763 1777 Christus,
1796 1726 1843 1764 et
1867 1717 1909 1763 ei
1940 1716 2256 1781 indulgemus.
2288 1720 2448 1775 Quum

316 1809 474 1848 autem
504 1801 598 1848 vita
619 1800 828 1848 hominis
851 1800 1049 1847 tentatio
1075 1799 1158 1859 sit,
1189 1808 1236 1845 et
1259 1799 1383 1846 inter
1407 1797 1571 1863 epulas
1597 1798 1802 1845 maxime
1832 1797 2060 1845 sobrietas
2083 1810 2271 1863 pereat,
2300 1799 2450 1846 hone-

315 1889 410 1928 stas
433 1882 742 1947 periclitetur,
770 1880 956 1928 luxuria
980 1879 1280 1928 convalescat
1302 1898 1312 1925 :
1336 1889 1470 1926 tanto
1495 1879 1595 1925 haec
1623 1879 1841 1926 convivia
1872 1880 2074 1945 amplius
2099 1881 2292 1928 vitanda
2313 1893 2445 1941 sunt,

315 1971 495 2023 quanto
521 1979 690 2010 eorum
715 1962 887 2008 vitam⁶
911 1961 959 2007 in
985 1959 1236 2007 virtutibus
1257 1958 1537 2024 praeminere
1560 1957 1713 2005 decet.
1744 1957 1889 2016 Quod
1913 1975 2028 2007 vero
2053 1962 2189 2024 aquis
2212 1961 2261 2007 in
2284 1962 2448 2009 vinum

315 2043 556 2090 conversis
579 2042 805 2090 convivas
826 2042 1063 2089 Dominus
1088 2040 1273 2099 refecit,
1306 2049 1523 2104 patenter
1540 2037 1749 2085 ostendit
1773 2055 2077 2104 nequaquam
2106 2058 2162 2088 ex
2191 2041 2448 2107 indigentia

315 2122 408 2170 cibi
427 2141 476 2172 se
499 2123 559 2172 ad
585 2123 774 2189 nuptias
798 2123 1006 2182 venisse,
1042 2120 1125 2169 sed
1156 2121 1290 2185 quasi
1322 2136 1456 2167 more
1487 2118 1680 2167 illorum
1711 2119 1794 2184 qui
1819 2118 2035 2183 symbola
2064 2121 2315 2169 conserunt
2342 2122 2449 2188 plus

316 2199 409 2250 illic
444 2204 659 2269 posuisse
692 2219 838 2268 quam
872 2202 1144 2268 sumpsisse.
1189 2203 1294 2266 Ipse
1329 2201 1508 2265 quippe
1538 2210 1631 2260 est,
1668 2200 1752 2264 qui
1782 2199 1901 2247 nihil
1931 2201 2072 2264 gratis
2106 2202 2302 2268 accipit,
2332 2213 2449 2250 teste

317 2283 544 2347 Apostolo
564 2283 647 2348 qui
665 2283 750 2330 ait⁰
770 2302 779 2330 :
806 2303 828 2328 α
852 2282 1037 2330 Beatius
1056 2290 1126 2328 est
1145 2280 1259 2328 dare
1278 2280 1426 2344 magis
1446 2296 1591 2345 quam
1610 2280 1841 2345 accipere.
1859 2300 1883 2325 η

381 2365 626 2420 Quantum
664 2363 804 2428 igitur
844 2362 1062 2428 praesenti
1095 2361 1383 2409 solemnitati
1417 2362 1637 2408 universa
1674 2360 1847 2409 debeat
1883 2361 2110 2422 Ecclesia,
2150 2379 2205 2411 ex
2240 2364 2313 2411 his
2343 2381 2448 2429 quae

317 2441 442 2490 dicta
470 2453 580 2490 sunt
612 2443 840 2491 attendat.
879 2445 1040 2506 Magos
1073 2441 1303 2507 primitias
1334 2442 1547 2506 gentium
1580 2458 1706 2489 nova
1735 2441 1880 2490 hodie
1908 2442 2040 2490 stella
2069 2444 2203 2508 quasi
2235 2445 2447 2509 quodam

318 2522 663 2585 praedicationis
682 2523 830 2571 modo
861 2522 922 2570 ad
950 2522 1095 2570 fidem
1117 2523 1376 2582 convertit,
1406 2533 1451 2569 et
1478 2522 1539 2569 ad
1559 2522 1797 2570 Christum
1821 2523 2034 2570 adduxit.
2068 2523 2207 2572 Unde
2230 2542 2337 2587 nos,
2365 2529 2444 2590 qui

317 2600 378 2650 de
401 2602 620 2667 gentibus
638 2603 793 2650 vocati
812 2603 1052 2658 venimus,
1081 2601 1206 2648 hanc
1227 2602 1462 2667 praecipue
1483 2601 1778 2649 festivitatem
1803 2612 2030 2667 tanquam
2054 2613 2224 2651 nostrae
2249 2621 2447 2653 conver-

317 2685 462 2731 sionis
478 2684 727 2732 exordium
744 2683 1054 2731 celebremus.
1079 2686 1132 2730 In
1150 2682 1388 2749 baptismo
1408 2683 1550 2730 etiam
1570 2682 1773 2730 Christi
1762 2700 1916 2748 ipsum
1935 2684 2078 2731 totius
2097 2684 2446 2734 christianitatis

317 2765 505 2813 initium
534 2767 672 2814 nobis
695 2765 1087 2814 commendatum
1113 2781 1413 2812 veneremur.
1453 2768 1621 2811 Honor
1649 2764 1857 2830 denique
1890 2764 2065 2831 nuptiis
2096 2766 2329 2815 exhibitus
2360 2786 2445 2834 per

317 2846 495 2911 ipsum,
523 2865 751 2913 magnum
770 2857 840 2895 est
863 2847 1082 2895 solatium
1110 2845 1369 2894 infirmitati
1388 2828 1769 2911 conjugatorum.
1798 2851 1924 2896 Bene
1949 2848 2109 2896 omnia
2130 2849 2261 2909 fecit,
2291 2860 2336 2897 et
2360 2850 2442 2898 be-

317 2928 567 2978 nedictus
556 2947 604 2977 1n
629 2929 785 2977 secula
807 2930 880 2977 sit.
911 2932 1075 2977 Amen.

364 3091 371 3108 ¹
395 3065 506 3133 aian„
535 3102 610 3137 cap.
637 3104 665 3134 t,
689 3103 721 3125 v.
747 3095 803 3126 43.
819 3111 859 3118 —
874 3092 887 3110 ¹
901 3093 967 3127 MS.
993 3093 1083 3126 Eius.
1098 3110 1120 3118 -
1133 3095 1201 3128 Hoc
1223 3097 1268 3127 eis
1283 3093 1344 3127 Ed.
1403 3094 1493 3127 Eine.
1511 3112 1550 3119 -
1576 3095 1589 3112 ⁸
1605 3094 1670 3128 MS.
1701 3095 1790 3128 Eins.
1807 3113 1830 3120 -
1848 3097 1951 3130 Vitam
1971 3095 2064 3129 deest
2081 3094 2142 3129 Ed.
2171 3095 2262 3129 Δηὼ.
2283 3113 2322 3120 —
2340 3097 2352 3113 ⁶
2370 3098 2438 3128 Act.

317 3147 412 3182 Amb.
429 3167 469 3173 —
484 3148 497 3166 ³
512 3149 580 3183 MS.
598 3149 687 3183 Eius.
707 3167 730 3175 -
746 3151 817 3184 Non
834 3158 925 3184 utu..
947 3153 1116 3192 compleret
1143 3150 1262 3184 desunt
1286 3151 1346 3184 Ed.
1403 3153 1529 3194 Apost„
1546 3162 1620 3195 cap.
1640 3163 1682 3185 xx
1695 3177 1702 3191 ,
1724 3162 1754 3183 v.
1773 3153 1826 3185 35.

316 3203 412 3239 Amb.
425 3222 466 3231 -
481 3204 495 3224 ⁴
508 3207 545 3239 Si
563 3209 632 3248 quis
649 3210 799 3249 witam...
821 3209 922 3248 Quum
946 3215 1051 3241 autem
1068 3207 1185 3241 desunt
1209 3209 1240 3241 in
1265 3207 1347 3242 Cod.

1254 3376 1504 3390 ψ
