2970 4152
590 452 649 497 96
1164 452 1332 498 PETRl
1371 453 1679 501 ABAELARD}
1717 456 1790 502 ET
1824 458 2124 505 HELOlSSAE

550 547 551 550 ’
586 547 847 592 miserrima
880 554 925 590 et
963 560 1226 608 pauperum
1256 545 1426 592 Christi
1463 547 1678 611 religioni
1709 551 1896 613 penitus
1926 553 2163 598 contraria
2190 563 2323 600 tanto
2355 565 2423 601 est
2448 556 2581 603 silere
2608 557 2697 604 ho-

583 627 760 671 nestius
796 634 976 687 quanto
1010 623 1143 687 loqui
1183 626 1382 689 turpius.
1424 627 1517 683 Qui
1553 628 1741 691 penitus
1776 628 2070 690 judaizantes
2116 633 2513 681 consuetudinem
2558 653 2692 683 suam

582 715 843 769 sequuntur
867 720 955 768 pro
991 704 1174 766 regula,
1205 714 1251 750 et
1281 706 1463 752 irritum
1492 706 1702 754 fecerunt
1727 708 2007 754 mandatum
2027 710 2113 756 Dei
2133 727 2219 774 per
2248 712 2523 760 traditiones
2551 731 2690 775 suas;

577 803 673 831 non
702 784 834 848 quod
853 784 1047 842 debeat,
1078 784 1161 830 sed
1185 785 1319 848 quod
1338 786 1485 832 soleat
1504 787 1800 833 attendentes
1815 823 1826 845 ,
1856 799 2005 851 quum
2020 825 2032 848 ,
2062 800 2114 836 ut
2130 790 2297 838 beatus
2317 793 2458 839 etiam
2478 795 2694 842 meminit

577 865 900 928 Augustinus¹‚
925 865 1160 910 Dominus
1176 865 1348 912 dixerit
1365 867 1401 911 ²:
1425 886 1448 910 «
1471 869 1568 930 Ego
1587 884 1695 926 sum
1712 868 1905 926 veritas,
1934 887 1956 911 »
1977 885 2075 915 non
2096 888 2105 916 ε
2131 873 2229 934 Ego
2250 888 2355 918 sum
2372 874 2689 921 consuetudo.

576 950 755 991 Horum
782 945 1101 1004 orationibuS,
1135 962 1239 1009 quae
1265 957 1428 1010 aperto
1456 947 1630 993 scilicet
1649 946 1770 993 fiunt
1794 948 1940 1006 ostio,
1961 950 2044 1012 qui
2063 950 2265 997 voluerit
2290 969 2339 998 se
2365 953 2688 1000 commendet.

573 1029 666 1071 Vos
700 1035 860 1071 autem
885 1042 988 1088 quae
1020 1026 1067 1071 in
1098 1025 1372 1072 cubiculum
1398 1026 1598 1073 coelestis
1628 1027 1747 1090 regis
1772 1027 1833 1073 ab
1863 1028 1967 1092 ipso
1993 1029 2298 1089 introductae,
2334 1041 2475 1095 atque
2507 1033 2556 1078 in
2588 1034 2690 1095 ejus

567 1105 862 1170 amplexibus
886 1106 1205 1168 quiescentes,
1236 1107 1396 1152 clauso
1423 1121 1610 1171 semper
1635 1108 1758 1153 ostio
1787 1108 1830 1153 ei
1848 1118 1958 1155 totae
1984 1110 2180 1170 vacatiS,
2209 1121 2389 1174 quanto
2418 1112 2689 1158 familiarius

566 1190 608 1234 ei
634 1188 904 1245 adhaeretis,
934 1188 1067 1250 juxta
1098 1188 1215 1234 illud
1235 1188 1466 1253 apostoli³
1491 1207 1500 1234 :
1536 1208 1558 1232 «
1581 1189 1674 1246 Qui
1705 1188 1912 1236 adhaeret
1946 1191 2155 1237 Domino
2177 1208 2300 1238 unus
2329 1194 2517 1256 spiritus
2545 1203 2636 1252 est,
2661 1212 2685 1237 n

567 1278 700 1313 tanto
726 1268 970 1331 puriorem
996 1277 1042 1313 et
1067 1266 1384 1314 efficaciorem
1410 1267 1586 1314 habere
1617 1267 1904 1315 confidimus
1939 1270 2206 1316 orationem
2222 1307 2234 1330 ,
2267 1281 2312 1317 et
2338 1270 2402 1317 ob
2428 1271 2520 1318 hoc
2544 1271 2687 1319 vehe-

564 1349 769 1394 mentius
794 1364 956 1394 earum
984 1347 1293 1411 efflagitamus
1319 1346 1477 1412 Opem.
1503 1350 1632 1405 Quas
1657 1349 1799 1395 etiam
1829 1359 1959 1395 tanto
1986 1349 2203 1396 devotius
2226 1368 2316 1415 pro
2346 1368 2422 1397 me
2451 1351 2687 1398 faciendas

564 1445 665 1475 esse
691 1429 954 1487 credimus,
979 1439 1160 1492 quanto
1187 1429 1367 1491 majore
1393 1445 1481 1475 nos
1506 1429 1710 1474 invicem
1729 1428 1956 1476 charitate
1975 1430 2181 1494 colligati
2200 1448 2379 1477 sumus.

626 1509 770 1566 Quod
809 1525 924 1555 vero
959 1509 1202 1554 mentione
1238 1508 1437 1572 periculi
1468 1509 1516 1553 in
1548 1525 1645 1571 quo
1677 1508 1870 1566 laboro,
1906 1509 1980 1555 vel
2016 1511 2183 1555 mortis
2214 1526 2360 1573 quam
2389 1511 2559 1568 timeo,
2600 1528 2686 1557 vos

561 1589 803 1635 commovi
823 1625 835 1647 ,
860 1589 994 1651 juxta
1010 1590 1161 1652 ipsam
1179 1605 1374 1651 quoque
1394 1599 1523 1634 tuam
1549 1588 1725 1634 factum
1742 1599 1812 1634 est
1830 1588 2209 1635 exhortationem
2227 1626 2238 1647 ,
2270 1591 2366 1635 imo
2385 1591 2527 1636 etiam
2552 1590 2686 1653 adju-

562 1671 810 1715 rationem.
843 1669 918 1714 Sic
951 1668 1077 1714 enim
1113 1668 1291 1732 prima,
1334 1684 1480 1731 quam
1504 1667 1565 1713 ad
1598 1684 1674 1714 me
1700 1667 1933 1726 direxisti,
1963 1669 2175 1732 quodam
2204 1669 2311 1715 loco
2346 1670 2559 1716 continet
2582 1671 2684 1734 epi-

557 1750 676 1795 stola
709 1768 717 1794 :
753 1769 775 1793 «
807 1752 896 1795 Per
923 1750 1080 1812 ipsum
1110 1749 1268 1813 itaque
1299 1749 1382 1812 qui
1418 1759 1462 1795 te
1493 1748 1582 1794 sibi
1613 1749 1771 1795 adhuc
1798 1766 1995 1813 quoquo
2026 1750 2174 1796 modo
2209 1751 2422 1814 protegit*
2441 1750 2680 1797 Christum

559 1830 886 1887 obsecramUS,
919 1838 1153 1892 quatenus
1184 1828 1429 1875 ancillulas
1459 1829 1603 1893 ipsius
1630 1838 1677 1874 et
1703 1839 1805 1874 tuas
1830 1829 2008 1875 crebris
2037 1829 2199 1875 litteris
2220 1829 2280 1875 de
2303 1829 2401 1888 his,
2433 1830 2482 1875 in
2508 1829 2683 1892 quibus

557 1910 714 1955 adhuc
748 1910 972 1967 fluctuas,
1007 1909 1260 1971 naufragiis
1288 1908 1547 1955 certificare
1573 1908 1779 1971 digneris
1810 1927 1819 1954 :
1850 1919 1902 1955 ut
1927 1926 2015 1955 nos
2041 1909 2206 1955 saltem
2238 1926 2341 1972 quae
2367 1909 2451 1955 tibi
2476 1909 2587 1955 solae
2611 1927 2682 1957 re-

560 1990 843 2046 mansimus,
867 1988 1048 2034 doloris
1074 1988 1149 2034 vel
1170 1988 1327 2051 gaudii
1358 1988 1611 2052 participes
1636 1988 1827 2034 habeas.
1853 1988 2016 2035 Solent
2039 1989 2167 2034 enim
2193 1988 2373 2035 dolenti
2399 1988 2679 2035 nonnullam

556 2070 722 2115 afferre
764 2069 1140 2115 consolationem
1179 2068 1261 2131 qui
1299 2068 1582 2127 condolent,
1619 2078 1665 2114 et
1701 2068 1949 2131 quodlibet
1988 2085 2110 2115 onus
2150 2068 2366 2132 pluribus
2402 2070 2682 2133 impositum

554 2150 703 2196 levius
735 2151 990 2196 sustinetur
1021 2150 1117 2195 sive
1150 2149 1373 2195 defertur.
1404 2168 1426 2191 »
1455 2149 1582 2205 Quid
1612 2149 1752 2211 igitur
1786 2149 1967 2212 arguis,
2007 2149 2140 2212 quod
2163 2161 2250 2195 'vos
2287 2150 2532 2196 anxietatis
2565 2166 2680 2196 meae

553 2231 804 2294 participes
830 2230 943 2288 feci,
973 2230 1033 2275 ad
1050 2228 1181 2292 quod
1200 2245 1275 2275 me
1303 2228 1570 2291 adjurando
1596 2228 1899 2292 compulisti?
1927 2228 2169 2292 Numquid
2193 2229 2242 2274 in
2269 2238 2397 2275 tanta
2424 2230 2554 2288 vitae,
2584 2247 2677 2293 qua

555 2311 765 2368 crucior,
789 2309 1123 2373 desperatione
1149 2308 1356 2371 gaudere
1375 2324 1461 2354 vos
1479 2308 1733 2354 convenit?
1763 2311 1858 2353 Nec
1883 2308 2063 2354 doleris
2090 2309 2252 2367 sociae,
2279 2308 2364 2354 sed
2389 2309 2547 2371 gaudii
2576 2319 2677 2355 tan-

554 2399 655 2435 tum
686 2390 825 2435 vultis
854 2405 976 2446 esse,
1010 2405 1098 2434 nec
1119 2388 1232 2434 flere
1253 2404 1363 2434 cum
1394 2387 1641 2446 flentibus,
1671 2387 1754 2433 sed
1779 2387 1985 2451 gaudere
2022 2404 2132 2434 cum
2164 2387 2512 2450 gaudentibus?
2541 2387 2675 2435 Nulla

553 2471 706 2533 major
726 2487 950 2516 verorum
970 2479 1015 2515 et
1043 2469 1268 2515 falsorum
1287 2467 1553 2514 differentia
1572 2478 1641 2514 est
1657 2469 1944 2526 amicorum,
1973 2485 2115 2531 quam
2137 2468 2270 2531 quod
2291 2468 2357 2513 illi
2376 2468 2671 2527 adversitati,

550 2553 624 2597 isti
644 2551 943 2616 prosperitati
961 2567 1009 2596 se
1026 2550 1224 2596 sociant.
1246 2549 1463 2607 Quiesce,
1484 2548 1702 2607 obsecro,
1723 2548 1783 2594 ab
1799 2548 1873 2594 his
1894 2548 2032 2595 dictis
2043 2583 2055 2604 ‚
2069 2555 2124 2594 'et
2139 2547 2418 2610 hujusmodi
2437 2549 2674 2611 querimo-

552 2634 653 2679 nias
686 2649 962 2697 compesce,
998 2648 1102 2694 quae
1128 2648 1155 2677 a
1180 2629 1437 2676 visceribus
1466 2628 1704 2675 charitatis
1735 2628 2309 2691 absistu11t⁴.longissime.
2343 2631 2431 2675 Aut
2453 2629 2491 2673 si
2516 2627 2674 2676 adhuc

550 2715 596 2758 in
630 2713 704 2759 his
733 2712 1014 2770 offenderis,
1050 2727 1127 2757 me
1165 2721 1323 2756 tamen
1349 2710 1398 2754 in
1430 2719 1562 2755 tanto
1594 2708 1793 2773 periculi
1821 2709 2029 2773 positum
2063 2707 2288 2766 articuIO,
2323 2717 2369 2753 et
2397 2707 2672 2769 quotidiana

551 2793 883 2855 desperatione
914 2792 1044 2850 vitae,
1087 2789 1147 2835 de
1175 2789 1324 2835 salute
1353 2788 1521 2833 animae
1547 2787 1801 2833 sollicitum
1831 2804 1931 2833 esse
1960 2787 2209 2844 convenit,
2240 2796 2287 2831 et
2311 2786 2372 2832 de
2397 2787 2524 2849 ipsa,
2554 2785 2671 2832 dum

549 2873 681 2931 licet,
711 2872 982 2936 providere.
1005 2874 1100 2916 Nec
1125 2880 1204 2927 tu,
1230 2869 1268 2915 si
1294 2884 1372 2913 me
1391 2883 1501 2915 vere
1526 2867 1703 2930 diligis,
1730 2867 1855 2913 hanc
1874 2883 2066 2913 exosam
2084 2866 2435 2930 providentiam
2452 2865 2664 2918 habebis.

551 2954 675 3010 Quin
695 2954 836 2998 etiam
856 2953 893 2998 si
909 2967 1054 3015 quam
1072 2950 1132 2996 de
1152 2949 1312 2995 divina
1337 2963 1446 3010 erga
1466 2963 1544 2994 me
1560 2946 1881 2992 misericordia
1909 2963 2042 3011 spem
2067 2945 2267 2998 haberes
2282 2981 2293 3000 ‚
2320 2955 2450 2991 tanto
2470 2945 2671 3009 amplius

551 3032 610 3077 ab
636 3033 775 3094 hujus
791 3033 894 3078 vitae
913 3031 1136 3078 aerumnis
1153 3029 1341 3075 liberari
1356 3044 1433 3073 me
1452 3043 1650 3091 cuperes
1665 3063 1676 3084 ,
1705 3036 1885 3089 quanto
1906 3043 1984 3072 eas
2003 3026 2237 3090 conspicis
2256 3024 2662 3077 intolerabiliores.

551 3114 742 3157 Certum
768 3112 944 3175 quippe
968 3110 1054 3157 tibi
1072 3120 1166 3166 est,
1195 3107 1328 3172 quod
1356 3106 1568 3170 quisquis
1596 3105 1656 3151 ab
1675 3106 1763 3151 hac
1786 3106 1878 3152 vita
1906 3122 1981 3151 me
2010 3105 2202 3163 liberet,
2232 3121 2259 3150 a
2281 3103 2496 3150 maximis
2514 3104 2667 3167 poenis

550 3202 696 3238 eruet.
722 3195 849 3248 Quas
872 3200 1036 3255 postea
1060 3191 1303 3236 incurram
1327 3188 1560 3233 incertum
1586 3196 1680 3244 est,
1713 3185 1795 3231 sed
1824 3202 1850 3231 a
1881 3185 2069 3249 quantis
2093 3184 2310 3230 absolvar
2338 3182 2538 3258 dubium
2563 3199 2662 3229 non

550 3283 633 3318 est.
671 3273 839 3317 Omnis
864 3272 959 3316 vita
988 3271 1156 3316 misera
1171 3267 1441 3331 jucundum
1460 3267 1639 3312 exitum
1659 3261 1829 3323 habet,
1860 3276 1905 3311 et
1930 3265 2203 3328 quicunque
2229 3262 2431 3311 aliorum
2461 3263 2666 3309 anxieta-

548 3353 672 3399 tibus
710 3370 819 3398 vere
852 3352 1204 3415 compatiuntur
1241 3359 1287 3395 et
1315 3347 1598 3406 condolent,
1629 3363 1706 3393 eas
1733 3346 1858 3392 finiri
1890 3346 2213 3402 desiderant⁵,
2250 3354 2297 3390 et
2326 3360 2450 3389 cum>
2477 3343 2665 3390 damnis

596 3484 601 3499 ¹
634 3485 711 3523 Opp.
742 3482 892 3520 Parisiis,
923 3481 1026 3517 1694,
1055 3480 1178 3518 in-fol„
1213 3487 1236 3511 t.
1265 3480 1328 3518 lx,
1356 3479 1419 3510 col.
1453 3478 1526 3509 182.
1543 3495 1583 3499 -
1629 3486 1661 3507 v.
1690 3476 1739 3506 17.
1766 3493 1801 3498 —
1820 3473 1833 3490 ⁴
1855 3475 1961 3516 Lonyo
1993 3476 2108 3506 absunt
2139 3474 2305 3505 intenvallo
2333 3471 2425 3503 RMS.
2449 3471 2663 3502 —⁵Se‹mn20

550 3540 561 3555 ²
586 3540 699 3575 loon„
729 3548 801 3580 cap.
830 3548 902 3575 xiv,
934 3548 964 3568 v.
997 3537 1046 3567 16.
1075 3554 1110 3559 -
1144 3536 1155 3552 ³
1176 3535 1318 3567 Corinth.
1358 3535 1393 3571 J,
1425 3543 1498 3575 cap.
1532 3544 1582 3570 vi,
1630 3534 1746 3563 ardore
1762 3536 1901 3562 aestuant
1919 3529 2014 3561 RMS.
