2970 4152
611 446 703 492 434
1185 443 1355 490 PETRI
1391 443 1704 491 ABAELARDI
1738 445 1812 492 ET
1845 445 2144 492 HELOISSAE

608 544 768 598 Quum
789 541 915 587 enim
932 539 1229 603 praemisisset
1250 555 1260 583 :
1288 556 1311 581 κ
1334 537 1737 586 Adolescentiores
1757 549 1917 586 autem
1937 538 2100 586 viduas
2124 539 2300 599 devita,
2321 559 2344 584 »
2372 557 2563 590 causam
2574 543 2716 606 hujus

607 622 672 667 rei
689 631 735 668 et
748 619 928 666 consilii
945 619 1014 665 sui
1036 617 1435 665 medicamentum
1453 618 1609 664 statim
1627 619 1864 683 apposuit,
1885 618 2065 666 dicens¹
2083 636 2092 665 z
2114 622 2317 677 «Quum
2330 621 2457 670 enim
2474 621 2715 670 luxuriatae

607 701 799 759 fuerint,
829 701 877 746 in
903 698 1090 746 Christo
1122 697 1303 747 nubere
1328 697 1521 757 volunt,
1554 698 1784 745 habentes
1807 698 2189 759 damnationem,
2219 700 2330 764 quia
2346 701 2551 766 primam
2568 701 2712 750 fidem

605 782 781 827 irritam
812 780 1041 827 fecerunt.
1072 777 1221 824 Simul
1252 787 1408 825 autem
1442 788 1488 825 et
1518 777 1892 845 otiosaexdiscunt
1916 778 2165 826 circumire
2196 779 2368 828 domos
2394 799 2404 828 z
2433 797 2532 828 non
2560 781 2715 829 solum

604 862 786 919 otiosae,
807 859 891 906 sed
910 869 956 906 et
970 858 1181 906 verbosae
1196 868 1242 905 et
1260 859 1482 916 curiosae,
1504 858 1754 922 loquentes
1769 874 1874 921 quae
1891 873 1992 904 non
2007 868 2209 923 oportet.
2234 860 2358 908 Volo
2376 876 2488 925 ergo
2501 861 2716 925 juniores

603 940 805 1000 nubere,
840 939 962 987 filios
992 955 1269 1006 procreare,
1307 937 1680 986 matresfamilias
1709 954 1811 986 esse
1827 973 1839 997 ,
1868 937 2050 986 nullam
2073 940 2373 988 occasionem
2402 940 2516 989 dare
2550 940 2715 991 adver-

600 1023 747 1081 sario,
769 1021 1007 1069 maledicti
1027 1020 1189 1085 gratia.
1212 1022 1316 1067 Jam
1330 1020 1460 1068 enim
1478 1018 1696 1083 quaedam
1711 1035 1950 1067 conversae
1965 1028 2074 1068 sunt
2090 1029 2217 1068 retro
2236 1020 2508 1069 Sathanam.
2533 1039 2557 1066 »
2578 1024 2712 1071 Hanc

601 1119 793 1167 quoque
810 1103 1022 1168 Apostoli
1040 1101 1414 1167 providentiam,
1437 1101 1498 1149 de
1517 1101 1792 1149 diaconissis
1816 1101 1993 1150 scilicet
2008 1102 2258 1167 eligendis,
2278 1103 2445 1153 beatus
2461 1106 2715 1170 Gregorius

598 1194 806 1244 secutus,
836 1184 1041 1231 Maximo
1060 1184 1331 1231 siracusano
1357 1183 1583 1247 episcopo
1602 1181 1785 1243 scribit,
1812 1182 1887 1230 his
1914 1182 2119 1230 verbis²z
2159 1202 2182 1228 «
2204 1184 2489 1232 „iuvenculas
2511 1183 2716 1234 abbatis-

599 1281 672 1311 sas
700 1264 1114 1311 vehementissime
1146 1262 1472 1328 prohibemus·
1519 1261 1711 1309 Nullum
1740 1263 1882 1326 igitur
1916 1263 2194 1329 episcopum
2221 1264 2484 1314 fraternitas
2517 1274 2599 1314 tua
2626 1265 2714 1314 nisi

597 1346 948 1410 sexagenariam
972 1345 1229 1409 virginem,
1261 1344 1395 1407 cujus
1418 1343 1565 1390 vitam
1587 1353 1730 1408 atque
1751 1359 1910 1391 mores
1936 1344 2196 1408 exegerint,
2225 1344 2382 1392 velare
2403 1345 2661 1410 permittat.
2689 1364 2709 1389 υ

599 1426 867 1474 Abbatissas
899 1427 1077 1491 quippe
1107 1441 1226 1490 quas
1258 1441 1388 1472 nunc
1418 1423 1620 1470 dicimus
1654 1423 1914 1488 antiquitus
1950 1423 2238 1472 diaconissas
2272 1425 2534 1486 vocabant,
2578 1427 2713 1490 quasi

598 1506 924 1554 ministeriales
961 1506 1120 1571 potius
1154 1521 1299 1569 quam
1334 1514 1523 1551 matres.
1556 1504 1795 1551 Diaconus
1826 1504 2004 1569 quippe
2036 1504 2252 1552 minister
2279 1491 2631 1571 interpretatur,
2667 1516 2715 1554 et

596 1587 883 1634 diaconissas
900 1586 960 1633 ab
979 1585 1386 1632 administratione
1409 1584 1568 1648 potius
1594 1600 1739 1648 quam
1763 1600 1791 1630 a
1814 1583 2088 1649 praelatione
2111 1584 2458 1650 nuncupandas
2482 1601 2586 1635 esse
2609 1601 2716 1634 cen-

595 1667 787 1726 sebant,
831 1665 1098 1714 secundum
1141 1664 1274 1729 quod
1313 1665 1412 1728 ipse
1444 1664 1682 1710 Dominus
1720 1674 1818 1711 tam
1854 1663 2082 1729 exemplis
2119 1680 2264 1729 quam
2299 1664 2454 1713 verbis
2483 1666 2708 1724 instituit,

595 1747 808 1794 dicens³z
847 1767 869 1792 «
894 1747 987 1804 Qui
1012 1745 1166 1809 major
1205 1754 1275 1791 est
1303 1754 1535 1803 vestrum,
1574 1745 1662 1791 erit
1685 1744 1901 1791 ‘minister
1931 1754 2099 1792 vester.
2130 1763 2153 1789 »
2194 1747 2252 1792 Et
2275 1746 2470 1793 iterum⁸
2497 1764 2507 1792 :
2549 1765 2572 1791 u
2591 1748 2711 1795 Nam

593 1829 697 1891 quis
724 1827 877 1890 major
906 1836 1000 1885 est,
1032 1826 1115 1890 qui
1145 1823 1380 1872 recumbit
1410 1841 1471 1871 an
1501 1825 1585 1889 qui
1615 1824 1890 1872 ministrat?
1912 1827 2013 1888 Ego
2042 1833 2202 1872 autem
2232 1825 2281 1871 in
2315 1824 2474 1872 medio
2502 1834 2711 1873 vestrum

591 1925 696 1954 sum
715 1944 727 1967 ,
773 1908 894 1955 sicut
928 1907 1011 1971 qui
1060 1907 1310 1953 ministrat.
1347 1924 1368 1949 n
1431 1907 1487 1952 Et
1537 1904 1648 1951 alibi
1673 1907 1686 1930 ³
1720 1924 1729 1951 :
1783 1923 1806 1949 «
1837 1905 1966 1953 Sicut
2008 1903 2131 1951 filius
2185 1904 2392 1952 hominis
2436 1921 2536 1952 non
2584 1907 2713 1954 venit

590 1990 872 2047 ministrari,
907 1988 991 2035 sed
1017 1987 1299 2034 ministrare.
1323 2005 1346 2031 υ
1388 1985 1523 2032 Unde
1548 1995 1595 2033 et
1622 1986 1941 2048 Hieronymus
1963 1984 2060 2032 hoc
2094 1986 2251 2050 ipsum
2286 2001 2464 2032 nomen
2500 1985 2709 2047 abbatis,

590 2087 688 2135 quo
709 2070 808 2134 jam
843 2070 1032 2134 gloriari
1061 2068 1235 2115 multos
1270 2077 1497 2126 noverat,
1533 2084 1590 2114 ex
1617 2068 1717 2132 ipsa
1751 2067 1947 2114 Domini
1972 2067 2251 2115 auctoritate
2279 2083 2377 2113 non
2409 2066 2711 2116 mediocriter

590 2169 729 2200 ausus
762 2162 832 2200 est
869 2168 1081 2216 arguere.
1124 2151 1218 2208 Qui
1239 2133 1470 2196 ‘videlicet
1503 2165 1614 2196 eum
1662 2149 1823 2196 locum
1857 2164 2102 2213 exponens
2126 2164 2224 2212 quo
2260 2148 2514 2212 scriptum⁶
2549 2159 2618 2196 est
2659 2149 2708 2197 in

587 2233 786 2297 epistola
830 2231 897 2278 ad
948 2231 1145 2279 Galatas
1167 2232 1179 2255 ⁷
1223 2249 1233 2276 ι
1289 2250 1311 2275 «
1352 2229 1648 2283 Clamantem
1686 2248 1694 2275 :
1738 2227 1871 2275 Abba
1915 2238 2064 2293 pater.
2100 2247 2123 2271 »
2179 2248 2200 2272 α
2232 2227 2365 2275 Abba
2384 2263 2398 2286 ‚
2424 2246 2448 2271 υ
2498 2228 2706 2293 inquit⁸,

591 2313 909 2360 «hebraicum
943 2321 1040 2370 est,
1074 2310 1171 2356 hoc
1201 2311 1359 2374 ipsum
1394 2308 1663 2373 significans
1690 2307 1822 2372 quod
1848 2316 1998 2373 pater.
2038 2309 2200 2364 Quum
2234 2317 2393 2355 autem
2423 2307 2548 2355 abba
2576 2319 2712 2373 pater

587 2393 777 2440 hebraeo
810 2407 1015 2455 syroque
1053 2405 1274 2437 sermone
1311 2387 1523 2446 dicatur,
1561 2397 1609 2436 et
1642 2387 1880 2434 Dominus
1915 2387 1965 2433 in
1999 2386 2254 2453 Evangelio
2285 2387 2576 2453 praecip'fft'ss
2606 2387 2711 2435 nul-

587 2473 686 2518 lum
711 2483 897 2537 patrem
922 2469 1197 2517 vocandum
1222 2484 1323 2515 esse
1347 2468 1438 2516 nisi
1467 2470 1624 2514 Deum
1654 2485 1663 2512 :
1698 2467 1857 2515 nescio
1888 2481 1983 2529 qua
2009 2465 2198 2516 licentia
2229 2467 2278 2512 in
2311 2466 2609 2522 monasteriis
2634 2467 2709 2515 vel

584 2569 812 2599 vocemus
835 2552 931 2598 hoc
950 2550 1147 2597 nomine
1173 2539 1314 2607 alios',
1342 2547 1418 2595 vel
1443 2547 1602 2594 vocari
1625 2563 1714 2594 nos
1741 2546 2112 2610 acquiescamus.
2149 2549 2201 2592 Et
2219 2555 2345 2593 certe
2369 2546 2469 2610 ipse
2489 2547 2712 2612 praecepit

586 2633 701 2691 hoc,
725 2633 807 2697 qui
827 2632 1008 2679 dixerat
1026 2647 1126 2677 non
1146 2646 1247 2676 esse
1259 2628 1538 2692 jurandum.
1556 2627 1604 2674 Si
1623 2643 1723 2673 non
1745 2626 1986 2689 juramus,
2015 2642 2104 2674 nec
2127 2635 2311 2690 patrem
2329 2625 2605 2690 quempiam
2622 2642 2711 2674 no-

587 2716 839 2761 minemus.
870 2714 917 2758 Si
937 2712 997 2759 de
1027 2721 1160 2776 patre
1185 2708 1604 2774 interpretabimur
1634 2707 1785 2766 aliter,
1815 2716 1861 2755 et
1895 2706 1956 2754 de
1977 2706 2186 2769 jurando
2217 2705 2350 2752 aliter
2377 2706 2552 2753 sentire
2574 2721 2712 2769 coge-

587 2813 708 2842 mur.
731 2814 754 2838 »
776 2797 844 2840 Ex
862 2793 937 2839 his
955 2792 1168 2857 profecto
1188 2789 1466 2839 diaconissis
1489 2787 1701 2835 Phoeben
1728 2787 1856 2835 illam
1882 2786 2022 2832 fuisse
2050 2795 2258 2843 constat,
2287 2801 2432 2849 quam
2458 2784 2710 2850 Apostolus

588 2875 810 2922 Romanis
831 2873 1078 2937 diligenter
1099 2869 1470 2927 commendans,
1501 2878 1548 2915 et
1572 2883 1662 2932 pro
1687 2882 1743 2915 ea
1769 2881 1996 2924 exorans,
2024 2866 2149 2912 ait¹⁰z
2185 2864 2524 2912 «Commendo
2549 2874 2708 2913 autem

585 2956 721 3002 vobis
741 2953 953 3001 Phoeben
975 2967 1191 3000 sororem
1211 2959 1446 3006 nostram,
1472 2964 1576 3012 quae
1603 2956 1673 2994 est
1702 2946 1751 2995 in
1777 2945 2039 2994 ministerio
2066 2944 2292 3004 ecclesiae,
2315 2961 2420 3008 quae
2438 2945 2574 2993 estin
2593 2947 2712 2992 Cen-

585 3036 709 3082 chris
734 3053 743 3081 :
773 3045 827 3081 ut
850 3050 957 3081 eam
985 3030 1249 3095 suscipiatis
1270 3030 1317 3076 in
1347 3028 1557 3074 Domino
1584 3025 1726 3090 digne
1748 3026 1944 3084 sanctiS,
1975 3035 2020 3072 et
2044 3025 2269 3072 assistatis
2288 3025 2331 3071 ei
2352 3025 2401 3071 in
2420 3040 2710 3088 quocunque

587 3117 778 3180 negotio
806 3124 963 3161 vestro
983 3112 1254 3176 indiguerit.
1274 3109 1462 3156 Etenim
1479 3109 1580 3172 ipsa
1598 3123 1791 3171 quoque
1810 3107 1954 3155 astitit
1974 3105 2157 3165 multis,
2181 3115 2227 3151 et
2248 3104 2366 3155 mihi
2387 3105 2533 3170 ipsi.»
2554 3107 2707 3163 Quem

590 3196 785 3262 quidem
800 3196 961 3242 locum
981 3204 1078 3241 tam
1102 3190 1413 3240 Cassiodorus
1433 3204 1578 3253 quam
1595 3186 1821 3235 Claudius
1839 3195 2155 3251 exponentes,
2178 3186 2330 3248 ipsam
2354 3184 2477 3230 illius
2505 3183 2709 3232 ecclesiae

636 3379 645 3395 ⁴
678 3378 830 3414 Timum„
846 3386 918 3418 cap.
936 3386 967 3416 v,
983 3385 1015 3407 v.
1034 3377 1067 3406 11
1086 3381 1119 3406 et
1135 3384 1186 3417 sq.
1201 3390 1243 3398 --
1257 3371 1270 3389 ¹
1288 3373 1409 3413 Epist„
1423 3369 1480 3403 lib.
1498 3367 1556 3408 IV,
1573 3370 1626 3408 11,
1673 3367 1686 3384 ⁸
1700 3369 1825 3401 Comm.
1849 3368 1881 3401 in
1897 3369 1995 3411 epist.
2012 3370 2057 3400 ad
2075 3367 2199 3404 Galat„
2217 3365 2276 3398 lib.
2297 3365 2324 3398 ll
2336 3391 2343 3402 ,
2364 3374 2438 3408 cap.
2454 3375 2498 3404 iv,
2518 3365 2597 3406 Opp.
2615 3363 2708 3402 t.1V,

595 3438 676 3477 Opp.
700 3442 726 3467 t.
752 3433 798 3471 11,
829 3434 893 3465 col.
918 3433 994 3463 692.
1009 3447 1054 3455 —-
1070 3430 1082 3447 ³
1097 3430 1224 3466 Matth„
1241 3438 1316 3471 cap.
1338 3437 1437 3465 xxm,
1456 3437 1488 3459 v.
1513 3427 1565 3457 11.
1586 3443 1626 3449 --
1673 3436 1707 3468 p.
1726 3425 1803 3456 268.
1823 3444 1857 3449 -
1877 3423 1890 3442 ⁹
1906 3424 2033 3465 Matth„
2051 3434 2124 3467 cap.
2141 3433 2173 3463 v,
2189 3433 2220 3455 v.
2239 3422 2292 3454 34.
2313 3440 2347 3445 -
2365 3420 2394 3438 ‘⁰
2415 3421 2523 3459 Rom„
2541 3430 2614 3463 cap.
2635 3431 2689 3453 xvi
2702 3446 2710 3459 ‚

592 3493 605 3509 ⁴
621 3493 716 3529 Luc„
737 3501 811 3533 cap.
828 3499 930 3527 xxm,
946 3499 978 3520 v.
996 3489 1051 3520 27.
1064 3503 1107 3511 -
1120 3486 1133 3503 '⁵
1152 3485 1282 3522 Matth.‚
1300 3494 1373 3526 cap.
1389 3494 1456 3523 xx,
1473 3492 1503 3514 v.
1528 3483 1629 3515 28.--
1673 3491 1703 3513 v.
1727 3483 1740 3512 1
1764 3487 1797 3513 et
1813 3482 1846 3513 2.

594 3551 605 3567 ⁶
625 3552 683 3591 Qui
706 3551 841 3588 scriptus
863 3547 930 3580 MS.
954 3544 1046 3578 Amb.
1069 3563 1105 3567 —
1125 3544 1136 3561 Ἴ
1156 3544 1281 3581 Galae„
1307 3552 1380 3585 cap.
1411 3552 1454 3582 iv,
1482 3551 1512 3573 v.
1534 3541 1564 3572 6.
1585 3555 1628 3564 -
