<?xml version="1.0" encoding="UTF-8"?>
<!DOCTYPE html PUBLIC "-//W3C//DTD XHTML 1.0 Transitional//EN"
    "http://www.w3.org/TR/xhtml1/DTD/xhtml1-transitional.dtd">
<html xmlns="http://www.w3.org/1999/xhtml" xml:lang="en" lang="en">
 <head>
  <title>
</title>
<meta http-equiv="Content-Type" content="text/html;charset=utf-8" />
  <meta name='ocr-system' content='tesseract 3.04.00' />
  <meta name='ocr-capabilities' content='ocr_page ocr_carea ocr_par ocr_line ocrx_word'/>
</head>
<body>
  <div class='ocr_page' id='page_1' title='image "./operahactenusseo01abeluoft_0581.png"; bbox 0 0 2970 4152; ppageno 0'>
   <div class='ocr_carea' id='block_1_1' title="bbox 775 380 2422 430">
    <p class='ocr_par' dir='ltr' id='par_1_1' title="bbox 775 380 2422 430">
     <span class='ocr_line' id='line_1_1' title="bbox 775 380 2422 430; baseline 0.001 -2"><span class='ocrx_word' id='word_1_1' title='bbox 775 382 853 428; x_wconf 91' lang='lat' dir='ltr'>DE</span> <span class='ocrx_word' id='word_1_2' title='bbox 887 381 1112 430; x_wconf 85' lang='lat' dir='ltr'>SANCTO</span> <span class='ocrx_word' id='word_1_3' title='bbox 1146 381 1374 429; x_wconf 88' lang='lat' dir='ltr'><strong>JOANNE</strong></span> <span class='ocrx_word' id='word_1_4' title='bbox 1408 381 1689 429; x_wconf 79' lang='lat' dir='ltr'>BAPTISTA</span> <span class='ocrx_word' id='word_1_5' title='bbox 1722 380 1938 427; x_wconf 88' lang='lat' dir='ltr'><strong>SERMO.</strong></span> <span class='ocrx_word' id='word_1_6' title='bbox 2326 382 2422 430; x_wconf 83' lang='lat'>567</span> 
     </span>
    </p>
   </div>
   <div class='ocr_carea' id='block_1_2' title="bbox 304 471 2424 779">
    <p class='ocr_par' dir='ltr' id='par_1_2' title="bbox 304 471 2424 779">
     <span class='ocr_line' id='line_1_2' title="bbox 305 471 2420 540; baseline 0 -18"><span class='ocrx_word' id='word_1_7' title='bbox 305 474 411 527; x_wconf 70' lang='lat' dir='ltr'>vitae</span> <span class='ocrx_word' id='word_1_8' title='bbox 432 475 579 540; x_wconf 93' lang='lat' dir='ltr'>ipsius</span> <span class='ocrx_word' id='word_1_9' title='bbox 600 475 839 538; x_wconf 87' lang='lat' dir='ltr'>conjugali</span> <span class='ocrx_word' id='word_1_10' title='bbox 859 485 959 523; x_wconf 90' lang='lat' dir='ltr'>tam</span> <span class='ocrx_word' id='word_1_11' title='bbox 980 484 1223 522; x_wconf 92' lang='lat' dir='ltr'>rectorum</span> <span class='ocrx_word' id='word_1_12' title='bbox 1244 490 1392 538; x_wconf 89' lang='lat' dir='ltr'>quam</span> <span class='ocrx_word' id='word_1_13' title='bbox 1407 474 1760 520; x_wconf 88' lang='lat' dir='ltr'>continentium</span> <span class='ocrx_word' id='word_1_14' title='bbox 1776 473 1982 536; x_wconf 86' lang='lat' dir='ltr'>dignitas</span> <span class='ocrx_word' id='word_1_15' title='bbox 1997 489 2093 537; x_wconf 84' lang='lat' dir='ltr'>prae</span> <span class='ocrx_word' id='word_1_16' title='bbox 2109 471 2258 519; x_wconf 91' lang='lat' dir='ltr'>oculis</span> <span class='ocrx_word' id='word_1_17' title='bbox 2280 476 2420 538; x_wconf 68' lang='lat' dir='ltr'>poni-</span> 
     </span>
     <span class='ocr_line' id='line_1_3' title="bbox 305 553 2421 620; baseline 0 -19"><span class='ocrx_word' id='word_1_18' title='bbox 305 565 400 614; x_wconf 84' lang='lat' dir='ltr'>tur,</span> <span class='ocrx_word' id='word_1_19' title='bbox 419 564 472 601; x_wconf 92' lang='lat' dir='ltr'>ut</span> <span class='ocrx_word' id='word_1_20' title='bbox 493 571 661 601; x_wconf 90' lang='lat' dir='ltr'>eorum</span> <span class='ocrx_word' id='word_1_21' title='bbox 682 554 860 603; x_wconf 90' lang='lat' dir='ltr'>scilicet</span> <span class='ocrx_word' id='word_1_22' title='bbox 880 555 1242 620; x_wconf 88' lang='lat' dir='ltr'>comparatione</span> <span class='ocrx_word' id='word_1_23' title='bbox 1266 571 1317 601; x_wconf 94' lang='lat' dir='ltr'>se</span> <span class='ocrx_word' id='word_1_24' title='bbox 1339 564 1613 619; x_wconf 88' lang='lat' dir='ltr'>compescat</span> <span class='ocrx_word' id='word_1_25' title='bbox 1635 553 1696 601; x_wconf 90' lang='lat' dir='ltr'>ab</span> <span class='ocrx_word' id='word_1_26' title='bbox 1711 554 1941 606; x_wconf 70' lang='lat' dir='ltr'>⁷elatione.</span> <span class='ocrx_word' id='word_1_27' title='bbox 1968 555 2027 599; x_wconf 90' lang='lat' dir='ltr'>Et</span> <span class='ocrx_word' id='word_1_28' title='bbox 2049 553 2162 617; x_wconf 90' lang='lat' dir='ltr'>quia</span> <span class='ocrx_word' id='word_1_29' title='bbox 2182 562 2282 599; x_wconf 91' lang='lat' dir='ltr'>tam</span> <span class='ocrx_word' id='word_1_30' title='bbox 2303 570 2421 601; x_wconf 88' lang='lat' dir='ltr'>con-</span> 
     </span>
     <span class='ocr_line' id='line_1_4' title="bbox 304 632 2423 700; baseline -0 -17"><span class='ocrx_word' id='word_1_31' title='bbox 304 635 514 684; x_wconf 86' lang='lat' dir='ltr'>tinentiae</span> <span class='ocrx_word' id='word_1_32' title='bbox 535 651 683 700; x_wconf 88' lang='lat' dir='ltr'>quam</span> <span class='ocrx_word' id='word_1_33' title='bbox 705 634 1002 683; x_wconf 86' lang='lat' dir='ltr'>abstinentiae</span> <span class='ocrx_word' id='word_1_34' title='bbox 1018 636 1167 682; x_wconf 89' lang='lat' dir='ltr'>virtus</span> <span class='ocrx_word' id='word_1_35' title='bbox 1179 634 1429 699; x_wconf 79' lang='lat' dir='ltr'>praeminet</span> <span class='ocrx_word' id='word_1_36' title='bbox 1441 634 1492 680; x_wconf 90' lang='lat' dir='ltr'>in</span> <span class='ocrx_word' id='word_1_37' title='bbox 1510 633 1761 681; x_wconf 87' lang='lat' dir='ltr'>monachis</span> <span class='ocrx_word' id='word_1_38' title='bbox 1773 671 1784 693; x_wconf 92' lang='lat'>,</span> <span class='ocrx_word' id='word_1_39' title='bbox 1809 633 1900 686; x_wconf 86' lang='lat' dir='ltr'>sub</span> <span class='ocrx_word' id='word_1_40' title='bbox 1918 633 2084 698; x_wconf 89' lang='lat' dir='ltr'>onagri</span> <span class='ocrx_word' id='word_1_41' title='bbox 2103 634 2260 698; x_wconf 90' lang='lat' dir='ltr'>specie</span> <span class='ocrx_word' id='word_1_42' title='bbox 2281 632 2423 697; x_wconf 90' lang='lat' dir='ltr'>hujus</span> 
     </span>
     <span class='ocr_line' id='line_1_5' title="bbox 305 713 2424 779; baseline 0.001 -19"><span class='ocrx_word' id='word_1_43' title='bbox 305 715 618 779; x_wconf 88' lang='lat' dir='ltr'>praerogativa</span> <span class='ocrx_word' id='word_1_44' title='bbox 650 714 935 762; x_wconf 86' lang='lat' dir='ltr'><strong>describitur</strong></span> <span class='ocrx_word' id='word_1_45' title='bbox 969 715 1094 762; x_wconf 80' lang='lat' dir='ltr'>vitae.</span> <span class='ocrx_word' id='word_1_46' title='bbox 1128 716 1323 778; x_wconf 68' lang='lat' dir='ltr'>Onager</span> <span class='ocrx_word' id='word_1_47' title='bbox 1364 714 1544 778; x_wconf 86' lang='lat' dir='ltr'>quippe</span> <span class='ocrx_word' id='word_1_48' title='bbox 1581 730 1683 760; x_wconf 92' lang='lat' dir='ltr'>non</span> <span class='ocrx_word' id='word_1_49' title='bbox 1721 713 2012 760; x_wconf 90' lang='lat' dir='ltr'>domesticus</span> <span class='ocrx_word' id='word_1_50' title='bbox 2029 751 2041 773; x_wconf 91' lang='lat'>,</span> <span class='ocrx_word' id='word_1_51' title='bbox 2077 713 2163 760; x_wconf 90' lang='lat' dir='ltr'>sed</span> <span class='ocrx_word' id='word_1_52' title='bbox 2200 713 2424 762; x_wconf 90' lang='lat' dir='ltr'>silvestris</span> 
     </span>
    </p>
   </div>
   <div class='ocr_carea' id='block_1_3' title="bbox 305 794 2514 860">
    <p class='ocr_par' dir='ltr' id='par_1_3' title="bbox 305 794 2514 860">
     <span class='ocr_line' id='line_1_6' title="bbox 305 794 2514 860; baseline 0.001 -18"><span class='ocrx_word' id='word_1_53' title='bbox 305 795 470 848; x_wconf 81' lang='lat' dir='ltr'>asinus·</span> <span class='ocrx_word' id='word_1_54' title='bbox 487 794 678 845; x_wconf 84' lang='lat' dir='ltr'>dicitur.</span> <span class='ocrx_word' id='word_1_55' title='bbox 705 795 793 841; x_wconf 93' lang='lat' dir='ltr'>Hic</span> <span class='ocrx_word' id='word_1_56' title='bbox 815 805 950 843; x_wconf 86' lang='lat' dir='ltr'>tanto</span> <span class='ocrx_word' id='word_1_57' title='bbox 973 795 1168 843; x_wconf 88' lang='lat' dir='ltr'>liberius</span> <span class='ocrx_word' id='word_1_58' title='bbox 1191 797 1240 843; x_wconf 92' lang='lat' dir='ltr'>in</span> <span class='ocrx_word' id='word_1_59' title='bbox 1268 795 1528 843; x_wconf 86' lang='lat' dir='ltr'><strong>solitudine</strong></span> <span class='ocrx_word' id='word_1_60' title='bbox 1553 805 1888 855; x_wconf 85' lang='lat' dir='ltr'>conversatur,</span> <span class='ocrx_word' id='word_1_61' title='bbox 1913 806 2095 860; x_wconf 91' lang='lat' dir='ltr'>quanto</span> <span class='ocrx_word' id='word_1_62' title='bbox 2118 813 2145 843; x_wconf 91' lang='lat' dir='ltr'>a</span> <span class='ocrx_word' id='word_1_63' title='bbox 2169 797 2422 845; x_wconf 89' lang='lat' dir='ltr'>commise-</span> <span class='ocrx_word' id='word_1_64' title='bbox 2504 804 2514 828; x_wconf 66' lang='lat'><em>³</em></span> 
     </span>
    </p>
   </div>
   <div class='ocr_carea' id='block_1_4' title="bbox 302 874 2429 1738">
    <p class='ocr_par' dir='ltr' id='par_1_4' title="bbox 302 874 2429 1738">
     <span class='ocr_line' id='line_1_7' title="bbox 305 874 2420 939; baseline 0.001 -18"><span class='ocrx_word' id='word_1_65' title='bbox 305 875 490 924; x_wconf 89' lang='lat' dir='ltr'>ratione</span> <span class='ocrx_word' id='word_1_66' title='bbox 515 874 771 922; x_wconf 88' lang='lat' dir='ltr'>hominum</span> <span class='ocrx_word' id='word_1_67' title='bbox 801 877 952 939; x_wconf 85' lang='lat' dir='ltr'>magis</span> <span class='ocrx_word' id='word_1_68' title='bbox 973 886 1187 924; x_wconf 89' lang='lat' dir='ltr'>remotus</span> <span class='ocrx_word' id='word_1_69' title='bbox 1215 892 1306 923; x_wconf 91' lang='lat' dir='ltr'>nec</span> <span class='ocrx_word' id='word_1_70' title='bbox 1336 892 1483 923; x_wconf 91' lang='lat' dir='ltr'>onere</span> <span class='ocrx_word' id='word_1_71' title='bbox 1512 885 1761 938; x_wconf 84' lang='lat' dir='ltr'>gravatur,</span> <span class='ocrx_word' id='word_1_72' title='bbox 1792 891 1882 922; x_wconf 90' lang='lat' dir='ltr'>nec</span> <span class='ocrx_word' id='word_1_73' title='bbox 1915 876 2117 922; x_wconf 82' lang='lat' dir='ltr'>vinculis</span> <span class='ocrx_word' id='word_1_74' title='bbox 2157 886 2420 935; x_wconf 87' lang='lat' dir='ltr'>coercetur,</span> 
     </span>
     <span class='ocr_line' id='line_1_8' title="bbox 304 948 2422 1018; baseline 0.001 -18"><span class='ocrx_word' id='word_1_75' title='bbox 304 953 426 1001; x_wconf 89' lang='lat' dir='ltr'>sicut</span> <span class='ocrx_word' id='word_1_76' title='bbox 444 969 472 1001; x_wconf 90' lang='lat' dir='ltr'>e</span> <span class='ocrx_word' id='word_1_77' title='bbox 493 963 662 1001; x_wconf 84' lang='lat' dir='ltr'>eontra</span> <span class='ocrx_word' id='word_1_78' title='bbox 684 953 974 1001; x_wconf 91' lang='lat' dir='ltr'>domesticus</span> <span class='ocrx_word' id='word_1_79' title='bbox 996 956 1197 1002; x_wconf 88' lang='lat' dir='ltr'>sustinet</span> <span class='ocrx_word' id='word_1_80' title='bbox 1219 955 1397 1003; x_wconf 90' lang='lat' dir='ltr'>asinus.</span> <span class='ocrx_word' id='word_1_81' title='bbox 1424 948 1565 1001; x_wconf 82' lang='lat' dir='ltr'>Unde</span> <span class='ocrx_word' id='word_1_82' title='bbox 1587 954 1759 1002; x_wconf 90' lang='lat' dir='ltr'>merito</span> <span class='ocrx_word' id='word_1_83' title='bbox 1782 953 1894 1000; x_wconf 90' lang='lat' dir='ltr'>huic</span> <span class='ocrx_word' id='word_1_84' title='bbox 1918 954 2015 1001; x_wconf 86' lang='lat' dir='ltr'>vita</span> <span class='ocrx_word' id='word_1_85' title='bbox 2037 955 2422 1018; x_wconf 89' lang='lat' dir='ltr'>conjugatorum,</span> 
     </span>
     <span class='ocr_line' id='line_1_9' title="bbox 303 1033 2426 1103; baseline 0.001 -21"><span class='ocrx_word' id='word_1_86' title='bbox 303 1034 426 1083; x_wconf 81' lang='lat' dir='ltr'>sicut</span> <span class='ocrx_word' id='word_1_87' title='bbox 456 1033 525 1081; x_wconf 87' lang='lat' dir='ltr'>illi</span> <span class='ocrx_word' id='word_1_88' title='bbox 555 1034 908 1082; x_wconf 90' lang='lat' dir='ltr'>continentium</span> <span class='ocrx_word' id='word_1_89' title='bbox 935 1046 1261 1101; x_wconf 87' lang='lat' dir='ltr'>comparatur.</span> <span class='ocrx_word' id='word_1_90' title='bbox 1296 1035 1441 1094; x_wconf 92' lang='lat' dir='ltr'>Quod</span> <span class='ocrx_word' id='word_1_91' title='bbox 1463 1036 1594 1082; x_wconf 90' lang='lat' dir='ltr'>enim</span> <span class='ocrx_word' id='word_1_92' title='bbox 1619 1035 1867 1103; x_wconf 83' lang='lat' dir='ltr'>vinculum</span> <span class='ocrx_word' id='word_1_93' title='bbox 1891 1035 2044 1099; x_wconf 89' lang='lat' dir='ltr'>majus</span> <span class='ocrx_word' id='word_1_94' title='bbox 2068 1053 2214 1100; x_wconf 90' lang='lat' dir='ltr'>quam</span> <span class='ocrx_word' id='word_1_95' title='bbox 2243 1036 2426 1102; x_wconf 85' lang='lat' dir='ltr'>copulae</span> 
     </span>
     <span class='ocr_line' id='line_1_10' title="bbox 303 1112 2424 1180; baseline 0.001 -19"><span class='ocrx_word' id='word_1_96' title='bbox 303 1112 591 1177; x_wconf 81' lang='lat' dir='ltr'>conjugalis?</span> <span class='ocrx_word' id='word_1_97' title='bbox 608 1115 724 1170; x_wconf 86' lang='lat' dir='ltr'>Quae</span> <span class='ocrx_word' id='word_1_98' title='bbox 741 1115 930 1177; x_wconf 84' lang='lat' dir='ltr'>gravior</span> <span class='ocrx_word' id='word_1_99' title='bbox 943 1116 1164 1175; x_wconf 85' lang='lat' dir='ltr'>servitus,</span> <span class='ocrx_word' id='word_1_100' title='bbox 1185 1132 1332 1180; x_wconf 91' lang='lat' dir='ltr'>quam</span> <span class='ocrx_word' id='word_1_101' title='bbox 1347 1125 1401 1162; x_wconf 91' lang='lat' dir='ltr'>ut</span> <span class='ocrx_word' id='word_1_102' title='bbox 1415 1115 1566 1162; x_wconf 92' lang='lat' dir='ltr'>homo</span> <span class='ocrx_word' id='word_1_103' title='bbox 1588 1115 1772 1180; x_wconf 89' lang='lat' dir='ltr'>proprii</span> <span class='ocrx_word' id='word_1_104' title='bbox 1793 1115 2008 1179; x_wconf 90' lang='lat' dir='ltr'>corporis</span> <span class='ocrx_word' id='word_1_105' title='bbox 2026 1125 2311 1180; x_wconf 88' lang='lat' dir='ltr'>potestatem</span> <span class='ocrx_word' id='word_1_106' title='bbox 2325 1133 2424 1163; x_wconf 90' lang='lat' dir='ltr'>non</span> 
     </span>
     <span class='ocr_line' id='line_1_11' title="bbox 304 1192 2426 1262; baseline 0.001 -21"><span class='ocrx_word' id='word_1_107' title='bbox 304 1192 507 1242; x_wconf 76' lang='lat' dir='ltr'>habeat?</span> <span class='ocrx_word' id='word_1_108' title='bbox 530 1196 646 1252; x_wconf 86' lang='lat' dir='ltr'>Quae</span> <span class='ocrx_word' id='word_1_109' title='bbox 676 1195 886 1260; x_wconf 89' lang='lat' dir='ltr'>denique</span> <span class='ocrx_word' id='word_1_110' title='bbox 913 1196 1011 1243; x_wconf 85' lang='lat' dir='ltr'>vita</span> <span class='ocrx_word' id='word_1_111' title='bbox 1032 1197 1303 1255; x_wconf 86' lang='lat' dir='ltr'>onerosior,</span> <span class='ocrx_word' id='word_1_112' title='bbox 1330 1213 1479 1261; x_wconf 92' lang='lat' dir='ltr'>quam</span> <span class='ocrx_word' id='word_1_113' title='bbox 1507 1196 1738 1244; x_wconf 88' lang='lat' dir='ltr'>molestiis</span> <span class='ocrx_word' id='word_1_114' title='bbox 1771 1195 2063 1262; x_wconf 75' lang='lat' dir='ltr'>quotidianae</span> <span class='ocrx_word' id='word_1_115' title='bbox 2095 1196 2426 1244; x_wconf 81' lang='lat' dir='ltr'>sollicitudinis</span> 
     </span>
     <span class='ocr_line' id='line_1_12' title="bbox 302 1274 2422 1341; baseline 0.001 -20"><span class='ocrx_word' id='word_1_116' title='bbox 302 1283 404 1321; x_wconf 85' lang='lat' dir='ltr'>tam</span> <span class='ocrx_word' id='word_1_117' title='bbox 423 1290 517 1338; x_wconf 92' lang='lat' dir='ltr'>pro</span> <span class='ocrx_word' id='word_1_118' title='bbox 535 1291 684 1322; x_wconf 84' lang='lat' dir='ltr'>uxore</span> <span class='ocrx_word' id='word_1_119' title='bbox 705 1291 854 1339; x_wconf 90' lang='lat' dir='ltr'>quam</span> <span class='ocrx_word' id='word_1_120' title='bbox 880 1291 971 1339; x_wconf 91' lang='lat' dir='ltr'>pro</span> <span class='ocrx_word' id='word_1_121' title='bbox 993 1274 1101 1324; x_wconf 86' lang='lat' dir='ltr'>filiis</span> <span class='ocrx_word' id='word_1_122' title='bbox 1123 1277 1353 1323; x_wconf 76' lang='lat' dir='ltr'>cruciari?</span> <span class='ocrx_word' id='word_1_123' title='bbox 1375 1279 1467 1323; x_wconf 92' lang='lat' dir='ltr'>Aut</span> <span class='ocrx_word' id='word_1_124' title='bbox 1488 1293 1593 1341; x_wconf 89' lang='lat' dir='ltr'>quae</span> <span class='ocrx_word' id='word_1_125' title='bbox 1610 1276 1710 1324; x_wconf 88' lang='lat' dir='ltr'>vita</span> <span class='ocrx_word' id='word_1_126' title='bbox 1729 1276 1911 1341; x_wconf 87' lang='lat' dir='ltr'>pigrior</span> <span class='ocrx_word' id='word_1_127' title='bbox 1932 1276 1994 1323; x_wconf 89' lang='lat' dir='ltr'>ad</span> <span class='ocrx_word' id='word_1_128' title='bbox 2016 1275 2301 1340; x_wconf 89' lang='lat' dir='ltr'>obsequium</span> <span class='ocrx_word' id='word_1_129' title='bbox 2317 1277 2422 1335; x_wconf 89' lang='lat' dir='ltr'>Dei,</span> 
     </span>
     <span class='ocr_line' id='line_1_13' title="bbox 304 1354 2426 1419; baseline 0.001 -18"><span class='ocrx_word' id='word_1_130' title='bbox 304 1369 451 1418; x_wconf 89' lang='lat' dir='ltr'>quam</span> <span class='ocrx_word' id='word_1_131' title='bbox 471 1354 571 1418; x_wconf 91' lang='lat' dir='ltr'>ejus</span> <span class='ocrx_word' id='word_1_132' title='bbox 596 1355 679 1418; x_wconf 93' lang='lat' dir='ltr'>qui</span> <span class='ocrx_word' id='word_1_133' title='bbox 702 1364 776 1402; x_wconf 91' lang='lat' dir='ltr'>tot</span> <span class='ocrx_word' id='word_1_134' title='bbox 797 1355 1107 1402; x_wconf 82' lang='lat' dir='ltr'>affectionum</span> <span class='ocrx_word' id='word_1_135' title='bbox 1124 1356 1327 1403; x_wconf 88' lang='lat' dir='ltr'>vinculis</span> <span class='ocrx_word' id='word_1_136' title='bbox 1352 1356 1538 1403; x_wconf 91' lang='lat' dir='ltr'>mundo</span> <span class='ocrx_word' id='word_1_137' title='bbox 1566 1356 1736 1419; x_wconf 88' lang='lat' dir='ltr'>ligatus</span> <span class='ocrx_word' id='word_1_138' title='bbox 1758 1357 2060 1419; x_wconf 85' lang='lat' dir='ltr'>astringitur?</span> <span class='ocrx_word' id='word_1_139' title='bbox 2092 1356 2230 1402; x_wconf 89' lang='lat' dir='ltr'>Unde</span> <span class='ocrx_word' id='word_1_140' title='bbox 2251 1373 2342 1402; x_wconf 91' lang='lat' dir='ltr'>nec</span> <span class='ocrx_word' id='word_1_141' title='bbox 2365 1356 2426 1404; x_wconf 89' lang='lat' dir='ltr'>ab</span> 
     </span>
     <span class='ocr_line' id='line_1_14' title="bbox 302 1433 2428 1506; baseline 0.002 -26"><span class='ocrx_word' id='word_1_142' title='bbox 302 1433 444 1497; x_wconf 88' lang='lat' dir='ltr'>hujus</span> <span class='ocrx_word' id='word_1_143' title='bbox 467 1433 575 1481; x_wconf 85' lang='lat' dir='ltr'>vitae</span> <span class='ocrx_word' id='word_1_144' title='bbox 596 1434 957 1498; x_wconf 89' lang='lat' dir='ltr'>comparatione</span> <span class='ocrx_word' id='word_1_145' title='bbox 977 1436 1099 1500; x_wconf 88' lang='lat' dir='ltr'>pigri</span> <span class='ocrx_word' id='word_1_146' title='bbox 1107 1436 1316 1506; x_wconf 70' lang='lat' dir='ltr'>jumenti</span> <span class='ocrx_word' id='word_1_147' title='bbox 1329 1436 1528 1484; x_wconf 84' lang='lat' dir='ltr'>tarditas</span> <span class='ocrx_word' id='word_1_148' title='bbox 1540 1436 1753 1483; x_wconf 89' lang='lat' dir='ltr'>dissidet.</span> <span class='ocrx_word' id='word_1_149' title='bbox 1773 1436 1999 1484; x_wconf 89' lang='lat' dir='ltr'>Monachi</span> <span class='ocrx_word' id='word_1_150' title='bbox 2013 1453 2128 1483; x_wconf 86' lang='lat' dir='ltr'>vero</span> <span class='ocrx_word' id='word_1_151' title='bbox 2143 1446 2278 1483; x_wconf 86' lang='lat' dir='ltr'>tanto</span> <span class='ocrx_word' id='word_1_152' title='bbox 2294 1454 2428 1502; x_wconf 90' lang='lat' dir='ltr'>expe·</span> 
     </span>
     <span class='ocr_line' id='line_1_15' title="bbox 305 1512 2429 1582; baseline 0.002 -22"><span class='ocrx_word' id='word_1_153' title='bbox 305 1512 499 1561; x_wconf 82' lang='lat' dir='ltr'>ditiores</span> <span class='ocrx_word' id='word_1_154' title='bbox 523 1513 599 1561; x_wconf 86' lang='lat' dir='ltr'>vel</span> <span class='ocrx_word' id='word_1_155' title='bbox 626 1515 948 1579; x_wconf 88' lang='lat' dir='ltr'>promptiores</span> <span class='ocrx_word' id='word_1_156' title='bbox 976 1515 1039 1562; x_wconf 92' lang='lat' dir='ltr'>ad</span> <span class='ocrx_word' id='word_1_157' title='bbox 1061 1515 1281 1563; x_wconf 91' lang='lat' dir='ltr'>divinum</span> <span class='ocrx_word' id='word_1_158' title='bbox 1311 1516 1434 1564; x_wconf 87' lang='lat' dir='ltr'>fiunt</span> <span class='ocrx_word' id='word_1_159' title='bbox 1463 1517 1774 1582; x_wconf 90' lang='lat' dir='ltr'>obsequium,</span> <span class='ocrx_word' id='word_1_160' title='bbox 1805 1526 1989 1581; x_wconf 90' lang='lat' dir='ltr'>quanto</span> <span class='ocrx_word' id='word_1_161' title='bbox 2019 1517 2223 1582; x_wconf 77' lang='lat' dir='ltr'>amplIus</span> <span class='ocrx_word' id='word_1_162' title='bbox 2244 1518 2429 1565; x_wconf 81' lang='lat' dir='ltr'>saecula·</span> 
     </span>
     <span class='ocr_line' id='line_1_16' title="bbox 305 1594 2426 1662; baseline 0.002 -21"><span class='ocrx_word' id='word_1_163' title='bbox 305 1594 430 1642; x_wconf 89' lang='lat' dir='ltr'>rium</span> <span class='ocrx_word' id='word_1_164' title='bbox 464 1594 777 1642; x_wconf 89' lang='lat' dir='ltr'>affectionum</span> <span class='ocrx_word' id='word_1_165' title='bbox 811 1595 1014 1642; x_wconf 88' lang='lat' dir='ltr'>vinculis</span> <span class='ocrx_word' id='word_1_166' title='bbox 1048 1595 1282 1655; x_wconf 89' lang='lat' dir='ltr'>absoluti,</span> <span class='ocrx_word' id='word_1_167' title='bbox 1321 1597 1643 1661; x_wconf 90' lang='lat' dir='ltr'>omnibusque</span> <span class='ocrx_word' id='word_1_168' title='bbox 1676 1598 2007 1645; x_wconf 84' lang='lat' dir='ltr'>renuntiantes</span> <span class='ocrx_word' id='word_1_169' title='bbox 2035 1596 2097 1644; x_wconf 88' lang='lat' dir='ltr'>ab</span> <span class='ocrx_word' id='word_1_170' title='bbox 2138 1596 2216 1645; x_wconf 91' lang='lat' dir='ltr'>illa</span> <span class='ocrx_word' id='word_1_171' title='bbox 2231 1635 2243 1657; x_wconf 87' lang='lat'>,</span> <span class='ocrx_word' id='word_1_172' title='bbox 2281 1615 2426 1662; x_wconf 89' lang='lat' dir='ltr'>quam</span> 
     </span>
     <span class='ocr_line' id='line_1_17' title="bbox 306 1668 2181 1738; baseline 0.001 -18"><span class='ocrx_word' id='word_1_173' title='bbox 306 1673 532 1735; x_wconf 78' lang='lat' dir='ltr'>diximus,</span> <span class='ocrx_word' id='word_1_174' title='bbox 558 1675 783 1721; x_wconf 88' lang='lat' dir='ltr'>servitute</span> <span class='ocrx_word' id='word_1_175' title='bbox 805 1674 994 1738; x_wconf 90' lang='lat' dir='ltr'>longius</span> <span class='ocrx_word' id='word_1_176' title='bbox 1016 1675 1252 1722; x_wconf 88' lang='lat' dir='ltr'>absistunt</span> <span class='ocrx_word' id='word_1_177' title='bbox 1269 1713 1281 1734; x_wconf 93' lang='lat'>‚</span> <span class='ocrx_word' id='word_1_178' title='bbox 1306 1685 1354 1722; x_wconf 89' lang='lat' dir='ltr'>et</span> <span class='ocrx_word' id='word_1_179' title='bbox 1372 1675 1619 1723; x_wconf 89' lang='lat' dir='ltr'>liberiores</span> <span class='ocrx_word' id='word_1_180' title='bbox 1642 1675 1780 1722; x_wconf 83' lang='lat' dir='ltr'>fiunt.</span> <span class='ocrx_word' id='word_1_181' title='bbox 2178 1668 2181 1670; x_wconf 49' lang='grc'><strong>’</strong></span> 
     </span>
    </p>
   </div>
   <div class='ocr_carea' id='block_1_5' title="bbox 305 1754 2429 1897">
    <p class='ocr_par' dir='ltr' id='par_1_5' title="bbox 305 1754 2429 1897">
     <span class='ocr_line' id='line_1_18' title="bbox 369 1754 2429 1821; baseline 0.001 -19"><span class='ocrx_word' id='word_1_182' title='bbox 369 1755 440 1802; x_wconf 88' lang='lat' dir='ltr'>De</span> <span class='ocrx_word' id='word_1_183' title='bbox 461 1770 558 1819; x_wconf 90' lang='lat' dir='ltr'>qua</span> <span class='ocrx_word' id='word_1_184' title='bbox 572 1771 702 1801; x_wconf 90' lang='lat' dir='ltr'>nunc</span> <span class='ocrx_word' id='word_1_185' title='bbox 722 1754 940 1802; x_wconf 90' lang='lat' dir='ltr'>libertate</span> <span class='ocrx_word' id='word_1_186' title='bbox 959 1757 1196 1803; x_wconf 91' lang='lat' dir='ltr'>Dominus</span> <span class='ocrx_word' id='word_1_187' title='bbox 1218 1755 1280 1803; x_wconf 91' lang='lat' dir='ltr'>ad</span> <span class='ocrx_word' id='word_1_188' title='bbox 1301 1755 1392 1802; x_wconf 91' lang='lat' dir='ltr'>Job</span> <span class='ocrx_word' id='word_1_189' title='bbox 1414 1756 1655 1821; x_wconf 90' lang='lat' dir='ltr'>loquitur:</span> <span class='ocrx_word' id='word_1_190' title='bbox 1677 1775 1700 1800; x_wconf 77' lang='grc' dir='ltr'>α</span> <span class='ocrx_word' id='word_1_191' title='bbox 1721 1754 1838 1812; x_wconf 91' lang='lat' dir='ltr'>Quis</span> <span class='ocrx_word' id='word_1_192' title='bbox 1859 1754 2039 1802; x_wconf 88' lang='lat' dir='ltr'>dimisit</span> <span class='ocrx_word' id='word_1_193' title='bbox 2059 1771 2294 1819; x_wconf 86' lang='lat' dir='ltr'>onagrum</span> <span class='ocrx_word' id='word_1_194' title='bbox 2316 1756 2429 1805; x_wconf 89' lang='lat' dir='ltr'>libe-</span> 
     </span>
     <span class='ocr_line' id='line_1_19' title="bbox 305 1828 2428 1897; baseline 0.003 -24"><span class='ocrx_word' id='word_1_195' title='bbox 305 1828 440 1875; x_wconf 81' lang='lat' dir='ltr'>rum?</span> <span class='ocrx_word' id='word_1_196' title='bbox 457 1845 481 1872; x_wconf 87' lang='lat'>»</span> <span class='ocrx_word' id='word_1_197' title='bbox 498 1830 563 1874; x_wconf 85' lang='lat' dir='ltr'>Ac</span> <span class='ocrx_word' id='word_1_198' title='bbox 576 1829 616 1875; x_wconf 93' lang='lat' dir='ltr'>si</span> <span class='ocrx_word' id='word_1_199' title='bbox 636 1828 816 1876; x_wconf 88' lang='lat' dir='ltr'>diceret</span> <span class='ocrx_word' id='word_1_200' title='bbox 834 1847 845 1876; x_wconf 77' lang='lat' dir='ltr'><em>z</em></span> <span class='ocrx_word' id='word_1_201' title='bbox 865 1830 1000 1889; x_wconf 90' lang='lat' dir='ltr'>Quis,</span> <span class='ocrx_word' id='word_1_202' title='bbox 1020 1830 1111 1876; x_wconf 91' lang='lat' dir='ltr'>nisi</span> <span class='ocrx_word' id='word_1_203' title='bbox 1134 1846 1241 1894; x_wconf 90' lang='lat' dir='ltr'>ego,</span> <span class='ocrx_word' id='word_1_204' title='bbox 1257 1830 1384 1877; x_wconf 89' lang='lat' dir='ltr'>hanc</span> <span class='ocrx_word' id='word_1_205' title='bbox 1398 1830 1668 1877; x_wconf 88' lang='lat' dir='ltr'>libertatem</span> <span class='ocrx_word' id='word_1_206' title='bbox 1690 1830 1839 1895; x_wconf 90' lang='lat' dir='ltr'>quieti</span> <span class='ocrx_word' id='word_1_207' title='bbox 1860 1830 2134 1877; x_wconf 79' lang='lat' dir='ltr'>monasticae</span> <span class='ocrx_word' id='word_1_208' title='bbox 2156 1831 2304 1891; x_wconf 92' lang='lat' dir='ltr'>dedit,</span> <span class='ocrx_word' id='word_1_209' title='bbox 2323 1849 2428 1897; x_wconf 87' lang='lat' dir='ltr'>quae</span> 
     </span>
    </p>
   </div>
   <div class='ocr_carea' id='block_1_6' title="bbox 304 1905 2430 3333">
    <p class='ocr_par' dir='ltr' id='par_1_6' title="bbox 304 1905 2430 3333">
     <span class='ocr_line' id='line_1_20' title="bbox 304 1905 2428 1974; baseline 0.002 -20"><span class='ocrx_word' id='word_1_210' title='bbox 304 1905 447 1971; x_wconf 87' lang='lat' dir='ltr'>longe</span> <span class='ocrx_word' id='word_1_211' title='bbox 468 1909 718 1972; x_wconf 85' lang='lat' dir='ltr'>praeminet</span> <span class='ocrx_word' id='word_1_212' title='bbox 734 1908 802 1956; x_wconf 93' lang='lat' dir='ltr'>illi</span> <span class='ocrx_word' id='word_1_213' title='bbox 825 1919 916 1956; x_wconf 90' lang='lat' dir='ltr'>tuae</span> <span class='ocrx_word' id='word_1_214' title='bbox 932 1910 1173 1973; x_wconf 75' lang='lat' dir='ltr'>conjugali</span> <span class='ocrx_word' id='word_1_215' title='bbox 1190 1911 1433 1957; x_wconf 81' lang='lat' dir='ltr'>servituti?</span> <span class='ocrx_word' id='word_1_216' title='bbox 1449 1912 1677 1974; x_wconf 90' lang='lat' dir='ltr'>Magnum</span> <span class='ocrx_word' id='word_1_217' title='bbox 1695 1910 1861 1974; x_wconf 90' lang='lat' dir='ltr'>utique</span> <span class='ocrx_word' id='word_1_218' title='bbox 1882 1909 1978 1957; x_wconf 92' lang='lat' dir='ltr'>hoc</span> <span class='ocrx_word' id='word_1_219' title='bbox 2000 1920 2142 1958; x_wconf 86' lang='lat' dir='ltr'>tantae</span> <span class='ocrx_word' id='word_1_220' title='bbox 2162 1912 2320 1974; x_wconf 76' lang='lat' dir='ltr'>gratiae</span> <span class='ocrx_word' id='word_1_221' title='bbox 2338 1912 2428 1960; x_wconf 88' lang='lat' dir='ltr'>do-</span> 
     </span>
     <span class='ocr_line' id='line_1_21' title="bbox 306 1979 2424 2054; baseline 0.003 -22"><span class='ocrx_word' id='word_1_222' title='bbox 306 2003 424 2034; x_wconf 91' lang='lat' dir='ltr'>num</span> <span class='ocrx_word' id='word_1_223' title='bbox 441 2023 452 2045; x_wconf 94' lang='lat'>,</span> <span class='ocrx_word' id='word_1_224' title='bbox 475 1996 528 2033; x_wconf 90' lang='lat' dir='ltr'>ut</span> <span class='ocrx_word' id='word_1_225' title='bbox 542 1987 854 2052; x_wconf 89' lang='lat' dir='ltr'>inspiratione</span> <span class='ocrx_word' id='word_1_226' title='bbox 874 1998 920 2035; x_wconf 89' lang='lat' dir='ltr'>et</span> <span class='ocrx_word' id='word_1_227' title='bbox 941 1989 1116 2036; x_wconf 88' lang='lat' dir='ltr'>virtute</span> <span class='ocrx_word' id='word_1_228' title='bbox 1129 1989 1293 2037; x_wconf 88' lang='lat' dir='ltr'>divina</span> <span class='ocrx_word' id='word_1_229' title='bbox 1305 1989 1528 2036; x_wconf 91' lang='lat' dir='ltr'>homines</span> <span class='ocrx_word' id='word_1_230' title='bbox 1548 1979 1884 2036; x_wconf 38' lang='lat' dir='ltr'>in&#39;carnalibus</span> <span class='ocrx_word' id='word_1_231' title='bbox 1897 1990 2295 2054; x_wconf 90' lang='lat' dir='ltr'>concupiscentiis</span> <span class='ocrx_word' id='word_1_232' title='bbox 2308 1993 2424 2051; x_wconf 88' lang='lat' dir='ltr'>nati,</span> 
     </span>
     <span class='ocr_line' id='line_1_22' title="bbox 307 2066 2427 2134; baseline 0.002 -22"><span class='ocrx_word' id='word_1_233' title='bbox 307 2075 354 2112; x_wconf 90' lang='lat' dir='ltr'>et</span> <span class='ocrx_word' id='word_1_234' title='bbox 384 2066 434 2112; x_wconf 91' lang='lat' dir='ltr'>in</span> <span class='ocrx_word' id='word_1_235' title='bbox 461 2066 763 2115; x_wconf 84' lang='lat' dir='ltr'>saecularibus</span> <span class='ocrx_word' id='word_1_236' title='bbox 791 2068 1027 2116; x_wconf 85' lang='lat' dir='ltr'>illecebris</span> <span class='ocrx_word' id='word_1_237' title='bbox 1055 2069 1270 2128; x_wconf 91' lang='lat' dir='ltr'>educati,</span> <span class='ocrx_word' id='word_1_238' title='bbox 1302 2079 1473 2117; x_wconf 89' lang='lat' dir='ltr'>contra</span> <span class='ocrx_word' id='word_1_239' title='bbox 1502 2068 1579 2116; x_wconf 88' lang='lat' dir='ltr'>vel</span> <span class='ocrx_word' id='word_1_240' title='bbox 1611 2085 1756 2134; x_wconf 91' lang='lat' dir='ltr'>supra</span> <span class='ocrx_word' id='word_1_241' title='bbox 1776 2068 2000 2116; x_wconf 84' lang='lat' dir='ltr'>humanae</span> <span class='ocrx_word' id='word_1_242' title='bbox 2024 2079 2204 2116; x_wconf 82' lang='lat' dir='ltr'>naturae</span> <span class='ocrx_word' id='word_1_243' title='bbox 2225 2070 2427 2118; x_wconf 85' lang='lat' dir='ltr'>infirmi-</span> 
     </span>
     <span class='ocr_line' id='line_1_23' title="bbox 306 2145 2429 2207; baseline 0.004 -16"><span class='ocrx_word' id='word_1_244' title='bbox 306 2153 453 2192; x_wconf 88' lang='lat' dir='ltr'>tatem</span> <span class='ocrx_word' id='word_1_245' title='bbox 475 2146 541 2192; x_wconf 91' lang='lat' dir='ltr'>ita</span> <span class='ocrx_word' id='word_1_246' title='bbox 563 2146 611 2192; x_wconf 88' lang='lat' dir='ltr'>in</span> <span class='ocrx_word' id='word_1_247' title='bbox 639 2162 783 2193; x_wconf 89' lang='lat' dir='ltr'>carne</span> <span class='ocrx_word' id='word_1_248' title='bbox 805 2147 995 2206; x_wconf 87' lang='lat' dir='ltr'>vivant,</span> <span class='ocrx_word' id='word_1_249' title='bbox 1021 2156 1075 2195; x_wconf 91' lang='lat' dir='ltr'>ut</span> <span class='ocrx_word' id='word_1_250' title='bbox 1095 2148 1212 2195; x_wconf 86' lang='lat' dir='ltr'>vitia</span> <span class='ocrx_word' id='word_1_251' title='bbox 1234 2148 1391 2195; x_wconf 89' lang='lat' dir='ltr'>carnis</span> <span class='ocrx_word' id='word_1_252' title='bbox 1411 2147 1650 2207; x_wconf 86' lang='lat' dir='ltr'>nesciant,</span> <span class='ocrx_word' id='word_1_253' title='bbox 1675 2157 1722 2194; x_wconf 92' lang='lat' dir='ltr'>et</span> <span class='ocrx_word' id='word_1_254' title='bbox 1742 2145 2053 2195; x_wconf 89' lang='lat' dir='ltr'>humanitatis</span> <span class='ocrx_word' id='word_1_255' title='bbox 2083 2147 2220 2195; x_wconf 91' lang='lat' dir='ltr'>obliti</span> <span class='ocrx_word' id='word_1_256' title='bbox 2255 2151 2429 2200; x_wconf 86' lang='lat' dir='ltr'>virtute</span> 
     </span>
     <span class='ocr_line' id='line_1_24' title="bbox 305 2221 2428 2293; baseline 0.005 -24"><span class='ocrx_word' id='word_1_257' title='bbox 305 2221 423 2271; x_wconf 84' lang='lat' dir='ltr'>flant</span> <span class='ocrx_word' id='word_1_258' title='bbox 450 2224 666 2287; x_wconf 86' lang='lat' dir='ltr'>angelici.</span> <span class='ocrx_word' id='word_1_259' title='bbox 698 2244 722 2270; x_wconf 90' lang='lat'>«</span> <span class='ocrx_word' id='word_1_260' title='bbox 743 2227 803 2272; x_wconf 92' lang='lat' dir='ltr'>Et</span> <span class='ocrx_word' id='word_1_261' title='bbox 827 2225 1018 2273; x_wconf 89' lang='lat' dir='ltr'>vincula</span> <span class='ocrx_word' id='word_1_262' title='bbox 1041 2226 1141 2291; x_wconf 88' lang='lat' dir='ltr'>ejus</span> <span class='ocrx_word' id='word_1_263' title='bbox 1164 2227 1271 2291; x_wconf 92' lang='lat' dir='ltr'>quis</span> <span class='ocrx_word' id='word_1_264' title='bbox 1292 2226 1464 2274; x_wconf 83' lang='lat' dir='ltr'>solvit?</span> <span class='ocrx_word' id='word_1_265' title='bbox 1482 2245 1505 2271; x_wconf 75' lang='grc' dir='ltr'><strong>υ</strong></span> <span class='ocrx_word' id='word_1_266' title='bbox 1531 2229 1634 2274; x_wconf 88' lang='lat' dir='ltr'>Hoc</span> <span class='ocrx_word' id='word_1_267' title='bbox 1657 2236 1728 2273; x_wconf 92' lang='lat' dir='ltr'>est</span> <span class='ocrx_word' id='word_1_268' title='bbox 1750 2225 2027 2274; x_wconf 80' lang='lat' dir='ltr'>affectiones</span> <span class='ocrx_word' id='word_1_269' title='bbox 2049 2227 2229 2287; x_wconf 90' lang='lat' dir='ltr'>carnis,</span> <span class='ocrx_word' id='word_1_270' title='bbox 2254 2229 2428 2293; x_wconf 89' lang='lat' dir='ltr'>quibus</span> 
     </span>
     <span class='ocr_line' id='line_1_25' title="bbox 306 2305 2429 2373; baseline 0.003 -22"><span class='ocrx_word' id='word_1_271' title='bbox 306 2305 587 2353; x_wconf 87' lang='lat' dir='ltr'>naturaliter</span> <span class='ocrx_word' id='word_1_272' title='bbox 620 2306 756 2371; x_wconf 86' lang='lat' dir='ltr'>quasi</span> <span class='ocrx_word' id='word_1_273' title='bbox 787 2306 1076 2371; x_wconf 89' lang='lat' dir='ltr'>quibusdam</span> <span class='ocrx_word' id='word_1_274' title='bbox 1101 2307 1304 2363; x_wconf 75' lang='lat' dir='ltr'>vinculis</span> <span class='ocrx_word' id='word_1_275' title='bbox 1335 2307 1521 2355; x_wconf 89' lang='lat' dir='ltr'>mundo</span> <span class='ocrx_word' id='word_1_276' title='bbox 1551 2306 1721 2371; x_wconf 90' lang='lat' dir='ltr'>ligatus</span> <span class='ocrx_word' id='word_1_277' title='bbox 1750 2316 1879 2366; x_wconf 90' lang='lat' dir='ltr'>erat,</span> <span class='ocrx_word' id='word_1_278' title='bbox 1907 2307 2013 2372; x_wconf 89' lang='lat' dir='ltr'>quis</span> <span class='ocrx_word' id='word_1_279' title='bbox 2044 2307 2249 2373; x_wconf 79' lang='lat' dir='ltr'>dirupit?</span> <span class='ocrx_word' id='word_1_280' title='bbox 2273 2313 2429 2368; x_wconf 85' lang='lat' dir='ltr'>Quam</span> 
     </span>
     <span class='ocr_line' id='line_1_26' title="bbox 307 2387 2426 2451; baseline 0.003 -20"><span class='ocrx_word' id='word_1_281' title='bbox 307 2401 518 2449; x_wconf 90' lang='lat' dir='ltr'>congrue</span> <span class='ocrx_word' id='word_1_282' title='bbox 539 2395 699 2432; x_wconf 88' lang='lat' dir='ltr'>autem</span> <span class='ocrx_word' id='word_1_283' title='bbox 713 2387 863 2434; x_wconf 88' lang='lat' dir='ltr'>vitam</span> <span class='ocrx_word' id='word_1_284' title='bbox 877 2387 1248 2446; x_wconf 87' lang='lat' dir='ltr'>continentium,</span> <span class='ocrx_word' id='word_1_285' title='bbox 1274 2404 1397 2451; x_wconf 87' lang='lat' dir='ltr'>quae,</span> <span class='ocrx_word' id='word_1_286' title='bbox 1422 2397 1476 2434; x_wconf 90' lang='lat' dir='ltr'>ut</span> <span class='ocrx_word' id='word_1_287' title='bbox 1497 2387 1680 2435; x_wconf 88' lang='lat' dir='ltr'>dictum</span> <span class='ocrx_word' id='word_1_288' title='bbox 1702 2396 1790 2445; x_wconf 88' lang='lat' dir='ltr'>est,</span> <span class='ocrx_word' id='word_1_289' title='bbox 1816 2387 1866 2434; x_wconf 91' lang='lat' dir='ltr'>in</span> <span class='ocrx_word' id='word_1_290' title='bbox 1890 2387 2140 2434; x_wconf 90' lang='lat' dir='ltr'>monachis</span> <span class='ocrx_word' id='word_1_291' title='bbox 2161 2390 2426 2451; x_wconf 86' lang='lat' dir='ltr'>praeminet,</span> 
     </span>
     <span class='ocr_line' id='line_1_27' title="bbox 309 2465 2428 2530; baseline 0.002 -19"><span class='ocrx_word' id='word_1_292' title='bbox 309 2480 487 2528; x_wconf 86' lang='lat' dir='ltr'>onager</span> <span class='ocrx_word' id='word_1_293' title='bbox 508 2465 747 2528; x_wconf 90' lang='lat' dir='ltr'>designet,</span> <span class='ocrx_word' id='word_1_294' title='bbox 772 2465 853 2513; x_wconf 89' lang='lat' dir='ltr'>illa</span> <span class='ocrx_word' id='word_1_295' title='bbox 878 2467 979 2530; x_wconf 89' lang='lat' dir='ltr'>ejus</span> <span class='ocrx_word' id='word_1_296' title='bbox 1001 2476 1174 2514; x_wconf 91' lang='lat' dir='ltr'>natura</span> <span class='ocrx_word' id='word_1_297' title='bbox 1194 2466 1399 2526; x_wconf 91' lang='lat' dir='ltr'>indicat,</span> <span class='ocrx_word' id='word_1_298' title='bbox 1425 2483 1572 2530; x_wconf 90' lang='lat' dir='ltr'>quam</span> <span class='ocrx_word' id='word_1_299' title='bbox 1593 2465 1804 2513; x_wconf 90' lang='lat' dir='ltr'>Isidorus</span> <span class='ocrx_word' id='word_1_300' title='bbox 1819 2502 1831 2525; x_wconf 92' lang='lat'>‚</span> <span class='ocrx_word' id='word_1_301' title='bbox 1854 2475 1902 2513; x_wconf 88' lang='lat' dir='ltr'>et</span> <span class='ocrx_word' id='word_1_302' title='bbox 1926 2467 2010 2530; x_wconf 93' lang='lat' dir='ltr'>qui</span> <span class='ocrx_word' id='word_1_303' title='bbox 2031 2466 2093 2513; x_wconf 92' lang='lat' dir='ltr'>de</span> <span class='ocrx_word' id='word_1_304' title='bbox 2121 2468 2303 2515; x_wconf 88' lang='lat' dir='ltr'>naturis</span> <span class='ocrx_word' id='word_1_305' title='bbox 2326 2470 2428 2516; x_wconf 91' lang='lat' dir='ltr'>ani-</span> 
     </span>
     <span class='ocr_line' id='line_1_28' title="bbox 309 2545 2430 2610; baseline 0.002 -18"><span class='ocrx_word' id='word_1_306' title='bbox 309 2545 507 2594; x_wconf 87' lang='lat' dir='ltr'>malium</span> <span class='ocrx_word' id='word_1_307' title='bbox 529 2546 844 2610; x_wconf 86' lang='lat' dir='ltr'>scripserunt,</span> <span class='ocrx_word' id='word_1_308' title='bbox 871 2547 1099 2594; x_wconf 91' lang='lat' dir='ltr'>referunt.</span> <span class='ocrx_word' id='word_1_309' title='bbox 1133 2547 1227 2604; x_wconf 88' lang='lat' dir='ltr'>Qui</span> <span class='ocrx_word' id='word_1_310' title='bbox 1257 2547 1388 2594; x_wconf 89' lang='lat' dir='ltr'>enim</span> <span class='ocrx_word' id='word_1_311' title='bbox 1409 2563 1565 2594; x_wconf 91' lang='lat' dir='ltr'>mares</span> <span class='ocrx_word' id='word_1_312' title='bbox 1593 2556 1705 2594; x_wconf 90' lang='lat' dir='ltr'>sunt</span> <span class='ocrx_word' id='word_1_313' title='bbox 1737 2547 1788 2594; x_wconf 92' lang='lat' dir='ltr'>in</span> <span class='ocrx_word' id='word_1_314' title='bbox 1826 2546 2044 2609; x_wconf 91' lang='lat' dir='ltr'>onagris,</span> <span class='ocrx_word' id='word_1_315' title='bbox 2069 2545 2192 2594; x_wconf 85' lang='lat' dir='ltr'>filios</span> <span class='ocrx_word' id='word_1_316' title='bbox 2224 2565 2336 2596; x_wconf 94' lang='lat' dir='ltr'>suos</span> <span class='ocrx_word' id='word_1_317' title='bbox 2355 2565 2430 2597; x_wconf 90' lang='lat' dir='ltr'>ca-</span> 
     </span>
     <span class='ocr_line' id='line_1_29' title="bbox 308 2611 2428 2690; baseline 0.001 -18"><span class='ocrx_word' id='word_1_318' title='bbox 308 2634 457 2672; x_wconf 89' lang='lat' dir='ltr'>strare</span> <span class='ocrx_word' id='word_1_319' title='bbox 476 2611 718 2672; x_wconf 63' lang='lat' dir='ltr'>dicuntur.</span> <span class='ocrx_word' id='word_1_320' title='bbox 737 2625 881 2682; x_wconf 88' lang='lat' dir='ltr'>Quod</span> <span class='ocrx_word' id='word_1_321' title='bbox 895 2625 1092 2690; x_wconf 89' lang='lat' dir='ltr'>quidem</span> <span class='ocrx_word' id='word_1_322' title='bbox 1106 2643 1166 2672; x_wconf 91' lang='lat' dir='ltr'>ne</span> <span class='ocrx_word' id='word_1_323' title='bbox 1181 2624 1280 2685; x_wconf 84' lang='lat' dir='ltr'>fiat,</span> <span class='ocrx_word' id='word_1_324' title='bbox 1298 2635 1491 2685; x_wconf 89' lang='lat' dir='ltr'>matres,</span> <span class='ocrx_word' id='word_1_325' title='bbox 1510 2635 1746 2690; x_wconf 89' lang='lat' dir='ltr'>quantum</span> <span class='ocrx_word' id='word_1_326' title='bbox 1760 2635 1980 2690; x_wconf 87' lang='lat' dir='ltr'>possunt,</span> <span class='ocrx_word' id='word_1_327' title='bbox 1997 2641 2079 2672; x_wconf 90' lang='lat' dir='ltr'>eos</span> <span class='ocrx_word' id='word_1_328' title='bbox 2093 2626 2332 2674; x_wconf 89' lang='lat' dir='ltr'>occultare</span> <span class='ocrx_word' id='word_1_329' title='bbox 2354 2629 2428 2675; x_wconf 91' lang='lat' dir='ltr'>ni-</span> 
     </span>
     <span class='ocr_line' id='line_1_30' title="bbox 309 2705 2429 2771; baseline 0.002 -19"><span class='ocrx_word' id='word_1_330' title='bbox 309 2714 493 2752; x_wconf 87' lang='lat' dir='ltr'>tuntur.</span> <span class='ocrx_word' id='word_1_331' title='bbox 519 2706 671 2752; x_wconf 89' lang='lat' dir='ltr'>Mares</span> <span class='ocrx_word' id='word_1_332' title='bbox 695 2715 855 2752; x_wconf 89' lang='lat' dir='ltr'>autem</span> <span class='ocrx_word' id='word_1_333' title='bbox 884 2706 935 2752; x_wconf 90' lang='lat' dir='ltr'>in</span> <span class='ocrx_word' id='word_1_334' title='bbox 960 2706 1175 2770; x_wconf 88' lang='lat' dir='ltr'>onagris,</span> <span class='ocrx_word' id='word_1_335' title='bbox 1202 2705 1347 2753; x_wconf 89' lang='lat' dir='ltr'>fortes</span> <span class='ocrx_word' id='word_1_336' title='bbox 1368 2706 1416 2752; x_wconf 94' lang='lat' dir='ltr'>in</span> <span class='ocrx_word' id='word_1_337' title='bbox 1440 2706 1691 2771; x_wconf 92' lang='lat' dir='ltr'>proposito</span> <span class='ocrx_word' id='word_1_338' title='bbox 1713 2722 1801 2752; x_wconf 92' lang='lat' dir='ltr'>suo</span> <span class='ocrx_word' id='word_1_339' title='bbox 1830 2715 1941 2752; x_wconf 92' lang='lat' dir='ltr'>sunt</span> <span class='ocrx_word' id='word_1_340' title='bbox 1962 2706 2188 2752; x_wconf 89' lang='lat' dir='ltr'>monachi</span> <span class='ocrx_word' id='word_1_341' title='bbox 2206 2743 2218 2766; x_wconf 90' lang='lat'>,</span> <span class='ocrx_word' id='word_1_342' title='bbox 2244 2708 2327 2771; x_wconf 93' lang='lat' dir='ltr'>qui</span> <span class='ocrx_word' id='word_1_343' title='bbox 2347 2725 2429 2756; x_wconf 85' lang='lat' dir='ltr'>eos</span> 
     </span>
     <span class='ocr_line' id='line_1_31' title="bbox 310 2775 2427 2854; baseline 0.001 -23"><span class='ocrx_word' id='word_1_344' title='bbox 310 2783 484 2847; x_wconf 89' lang='lat' dir='ltr'>quibus</span> <span class='ocrx_word' id='word_1_345' title='bbox 504 2784 640 2848; x_wconf 93' lang='lat' dir='ltr'>quasi</span> <span class='ocrx_word' id='word_1_346' title='bbox 662 2782 769 2830; x_wconf 88' lang='lat' dir='ltr'>filiis</span> <span class='ocrx_word' id='word_1_347' title='bbox 789 2794 1001 2849; x_wconf 85' lang='lat' dir='ltr'>praesunt</span> <span class='ocrx_word' id='word_1_348' title='bbox 1017 2822 1028 2844; x_wconf 91' lang='lat'>‚</span> <span class='ocrx_word' id='word_1_349' title='bbox 1054 2784 1131 2832; x_wconf 87' lang='lat' dir='ltr'>vel</span> <span class='ocrx_word' id='word_1_350' title='bbox 1152 2802 1274 2849; x_wconf 93' lang='lat' dir='ltr'>quos</span> <span class='ocrx_word' id='word_1_351' title='bbox 1295 2786 1344 2831; x_wconf 92' lang='lat' dir='ltr'>in</span> <span class='ocrx_word' id='word_1_352' title='bbox 1370 2801 1508 2832; x_wconf 92' lang='lat' dir='ltr'>suam</span> <span class='ocrx_word' id='word_1_353' title='bbox 1530 2775 1953 2854; x_wconf 84' lang='lat' dir='ltr'>congregationem</span> <span class='ocrx_word' id='word_1_354' title='bbox 1974 2785 2261 2850; x_wconf 90' lang='lat' dir='ltr'>suscipiunt,</span> <span class='ocrx_word' id='word_1_355' title='bbox 2289 2787 2427 2852; x_wconf 91' lang='lat' dir='ltr'>spiri·</span> 
     </span>
     <span class='ocr_line' id='line_1_32' title="bbox 310 2863 2429 2931; baseline 0.001 -19"><span class='ocrx_word' id='word_1_356' title='bbox 310 2863 466 2912; x_wconf 88' lang='lat' dir='ltr'>taliter</span> <span class='ocrx_word' id='word_1_357' title='bbox 490 2864 746 2912; x_wconf 89' lang='lat' dir='ltr'>castrando</span> <span class='ocrx_word' id='word_1_358' title='bbox 768 2865 818 2911; x_wconf 93' lang='lat' dir='ltr'>in</span> <span class='ocrx_word' id='word_1_359' title='bbox 849 2881 935 2912; x_wconf 90' lang='lat' dir='ltr'>sua</span> <span class='ocrx_word' id='word_1_360' title='bbox 964 2866 1263 2913; x_wconf 90' lang='lat' dir='ltr'>continentia</span> <span class='ocrx_word' id='word_1_361' title='bbox 1295 2875 1503 2914; x_wconf 90' lang='lat' dir='ltr'>servant.</span> <span class='ocrx_word' id='word_1_362' title='bbox 1533 2865 1708 2924; x_wconf 89' lang='lat' dir='ltr'>Quales</span> <span class='ocrx_word' id='word_1_363' title='bbox 1739 2865 1935 2931; x_wconf 89' lang='lat' dir='ltr'>quidem</span> <span class='ocrx_word' id='word_1_364' title='bbox 1962 2865 2236 2926; x_wconf 90' lang='lat' dir='ltr'>eunuchos,</span> <span class='ocrx_word' id='word_1_365' title='bbox 2270 2868 2352 2931; x_wconf 92' lang='lat' dir='ltr'>qui</span> <span class='ocrx_word' id='word_1_366' title='bbox 2379 2884 2429 2915; x_wconf 88' lang='lat' dir='ltr'>se</span> 
     </span>
     <span class='ocr_line' id='line_1_33' title="bbox 311 2943 2429 3012; baseline 0.003 -22"><span class='ocrx_word' id='word_1_367' title='bbox 311 2943 530 2991; x_wconf 87' lang='lat' dir='ltr'>videlicet</span> <span class='ocrx_word' id='word_1_368' title='bbox 559 2954 757 3009; x_wconf 90' lang='lat' dir='ltr'>propter</span> <span class='ocrx_word' id='word_1_369' title='bbox 781 2961 983 3009; x_wconf 89' lang='lat' dir='ltr'>regnum</span> <span class='ocrx_word' id='word_1_370' title='bbox 1012 2946 1245 2994; x_wconf 90' lang='lat' dir='ltr'>coelorum</span> <span class='ocrx_word' id='word_1_371' title='bbox 1267 2955 1622 3006; x_wconf 83' lang='lat' dir='ltr'>castraverunt,</span> <span class='ocrx_word' id='word_1_372' title='bbox 1651 2956 1751 2994; x_wconf 90' lang='lat' dir='ltr'>tam</span> <span class='ocrx_word' id='word_1_373' title='bbox 1778 2947 1919 2994; x_wconf 89' lang='lat' dir='ltr'>Isaias</span> <span class='ocrx_word' id='word_1_374' title='bbox 1945 2963 2091 3011; x_wconf 89' lang='lat' dir='ltr'>quam</span> <span class='ocrx_word' id='word_1_375' title='bbox 2125 2947 2227 3012; x_wconf 91' lang='lat' dir='ltr'>ipsa</span> <span class='ocrx_word' id='word_1_376' title='bbox 2247 2949 2429 2997; x_wconf 88' lang='lat' dir='ltr'>Veritas</span> 
     </span>
     <span class='ocr_line' id='line_1_34' title="bbox 311 3024 2428 3092; baseline 0.002 -20"><span class='ocrx_word' id='word_1_377' title='bbox 311 3024 571 3090; x_wconf 90' lang='lat' dir='ltr'>plurimum</span> <span class='ocrx_word' id='word_1_378' title='bbox 592 3026 939 3075; x_wconf 85' lang='lat' dir='ltr'>commendat¹.</span> <span class='ocrx_word' id='word_1_379' title='bbox 957 3027 1101 3085; x_wconf 92' lang='lat' dir='ltr'>Quod</span> <span class='ocrx_word' id='word_1_380' title='bbox 1119 3038 1279 3076; x_wconf 87' lang='lat' dir='ltr'>autem</span> <span class='ocrx_word' id='word_1_381' title='bbox 1294 3027 1355 3075; x_wconf 89' lang='lat' dir='ltr'>de</span> <span class='ocrx_word' id='word_1_382' title='bbox 1368 3027 1637 3087; x_wconf 88' lang='lat' dir='ltr'>monachis,</span> <span class='ocrx_word' id='word_1_383' title='bbox 1654 3028 1703 3075; x_wconf 91' lang='lat' dir='ltr'>id</span> <span class='ocrx_word' id='word_1_384' title='bbox 1720 3037 1790 3075; x_wconf 88' lang='lat' dir='ltr'>est</span> <span class='ocrx_word' id='word_1_385' title='bbox 1805 3028 2042 3087; x_wconf 90' lang='lat' dir='ltr'>solitariis,</span> <span class='ocrx_word' id='word_1_386' title='bbox 2057 3027 2157 3075; x_wconf 85' lang='lat' dir='ltr'>haec</span> <span class='ocrx_word' id='word_1_387' title='bbox 2174 3027 2235 3074; x_wconf 89' lang='lat' dir='ltr'>de</span> <span class='ocrx_word' id='word_1_388' title='bbox 2248 3044 2428 3092; x_wconf 86' lang='lat' dir='ltr'>onagro</span> 
     </span>
     <span class='ocr_line' id='line_1_35' title="bbox 312 3103 2430 3177; baseline 0.002 -26"><span class='ocrx_word' id='word_1_389' title='bbox 312 3103 440 3154; x_wconf 79' lang='lat' dir='ltr'>dicta</span> <span class='ocrx_word' id='word_1_390' title='bbox 460 3104 555 3153; x_wconf 90' lang='lat' dir='ltr'>sint</span> <span class='ocrx_word' id='word_1_391' title='bbox 585 3105 919 3170; x_wconf 88' lang='lat' dir='ltr'>intelligenda,</span> <span class='ocrx_word' id='word_1_392' title='bbox 943 3116 1163 3172; x_wconf 88' lang='lat' dir='ltr'>patenter</span> <span class='ocrx_word' id='word_1_393' title='bbox 1184 3109 1417 3177; x_wconf 74' lang='lat' dir='ltr'>insinuat,</span> <span class='ocrx_word' id='word_1_394' title='bbox 1443 3107 1608 3156; x_wconf 88' lang='lat' dir='ltr'>dicens</span> <span class='ocrx_word' id='word_1_395' title='bbox 1635 3126 1646 3155; x_wconf 89' lang='lat'>:</span> <span class='ocrx_word' id='word_1_396' title='bbox 1678 3126 1701 3153; x_wconf 79' lang='grc' dir='ltr'>α</span> <span class='ocrx_word' id='word_1_397' title='bbox 1727 3108 1814 3154; x_wconf 93' lang='lat' dir='ltr'>Cui</span> <span class='ocrx_word' id='word_1_398' title='bbox 1843 3106 1956 3154; x_wconf 93' lang='lat' dir='ltr'>dedi</span> <span class='ocrx_word' id='word_1_399' title='bbox 1978 3107 2029 3154; x_wconf 91' lang='lat' dir='ltr'>in</span> <span class='ocrx_word' id='word_1_400' title='bbox 2056 3106 2313 3155; x_wconf 90' lang='lat' dir='ltr'>solitudine</span> <span class='ocrx_word' id='word_1_401' title='bbox 2344 3107 2430 3156; x_wconf 89' lang='lat' dir='ltr'>do-</span> 
     </span>
     <span class='ocr_line' id='line_1_36' title="bbox 313 3183 2428 3251; baseline 0.002 -21"><span class='ocrx_word' id='word_1_402' title='bbox 313 3198 464 3243; x_wconf 87' lang='lat' dir='ltr'>mum,</span> <span class='ocrx_word' id='word_1_403' title='bbox 490 3201 513 3228; x_wconf 92' lang='lat'>»</span> <span class='ocrx_word' id='word_1_404' title='bbox 539 3183 634 3232; x_wconf 90' lang='lat' dir='ltr'>hoc</span> <span class='ocrx_word' id='word_1_405' title='bbox 656 3195 727 3233; x_wconf 90' lang='lat' dir='ltr'>est</span> <span class='ocrx_word' id='word_1_406' title='bbox 748 3202 776 3233; x_wconf 92' lang='lat' dir='ltr'>a</span> <span class='ocrx_word' id='word_1_407' title='bbox 797 3186 1005 3233; x_wconf 91' lang='lat' dir='ltr'>tumultu</span> <span class='ocrx_word' id='word_1_408' title='bbox 1018 3187 1175 3235; x_wconf 88' lang='lat' dir='ltr'>saeculi</span> <span class='ocrx_word' id='word_1_409' title='bbox 1188 3188 1250 3236; x_wconf 89' lang='lat' dir='ltr'>ad</span> <span class='ocrx_word' id='word_1_410' title='bbox 1272 3197 1508 3236; x_wconf 90' lang='lat' dir='ltr'>secretum</span> <span class='ocrx_word' id='word_1_411' title='bbox 1528 3187 1714 3235; x_wconf 89' lang='lat' dir='ltr'>heremi</span> <span class='ocrx_word' id='word_1_412' title='bbox 1729 3186 1866 3246; x_wconf 81' lang='lat' dir='ltr'>traxi,</span> <span class='ocrx_word' id='word_1_413' title='bbox 1891 3195 1944 3233; x_wconf 93' lang='lat' dir='ltr'>ut</span> <span class='ocrx_word' id='word_1_414' title='bbox 1966 3185 2033 3233; x_wconf 90' lang='lat' dir='ltr'>ibi</span> <span class='ocrx_word' id='word_1_415' title='bbox 2050 3186 2229 3234; x_wconf 91' lang='lat' dir='ltr'>scilicet</span> <span class='ocrx_word' id='word_1_416' title='bbox 2246 3196 2428 3251; x_wconf 91' lang='lat' dir='ltr'>quanto</span> 
     </span>
     <span class='ocr_line' id='line_1_37' title="bbox 315 3263 2429 3333; baseline 0.003 -23"><span class='ocrx_word' id='word_1_417' title='bbox 315 3263 520 3327; x_wconf 89' lang='lat' dir='ltr'>quietius</span> <span class='ocrx_word' id='word_1_418' title='bbox 539 3265 802 3327; x_wconf 89' lang='lat' dir='ltr'>habitaret,</span> <span class='ocrx_word' id='word_1_419' title='bbox 834 3277 969 3316; x_wconf 91' lang='lat' dir='ltr'>tanto</span> <span class='ocrx_word' id='word_1_420' title='bbox 994 3268 1248 3333; x_wconf 83' lang='lat' dir='ltr'>perfectius</span> <span class='ocrx_word' id='word_1_421' title='bbox 1267 3269 1386 3317; x_wconf 90' lang='lat' dir='ltr'>mihi</span> <span class='ocrx_word' id='word_1_422' title='bbox 1407 3277 1614 3317; x_wconf 84' lang='lat' dir='ltr'>vacaret.</span> <span class='ocrx_word' id='word_1_423' title='bbox 1644 3287 1666 3314; x_wconf 69' lang='grc' dir='ltr'>(ι</span> <span class='ocrx_word' id='word_1_424' title='bbox 1694 3271 1753 3315; x_wconf 91' lang='lat' dir='ltr'>Et</span> <span class='ocrx_word' id='word_1_425' title='bbox 1770 3266 2077 3316; x_wconf 88' lang='lat' dir='ltr'>tabernacula</span> <span class='ocrx_word' id='word_1_426' title='bbox 2098 3267 2198 3333; x_wconf 91' lang='lat' dir='ltr'>ejus</span> <span class='ocrx_word' id='word_1_427' title='bbox 2226 3267 2275 3315; x_wconf 93' lang='lat' dir='ltr'>in</span> <span class='ocrx_word' id='word_1_428' title='bbox 2305 3278 2429 3316; x_wconf 88' lang='lat' dir='ltr'>terra</span> 
     </span>
    </p>
   </div>
   <div class='ocr_carea' id='block_1_7' title="bbox 363 3448 1253 3497">
    <p class='ocr_par' dir='ltr' id='par_1_7' title="bbox 363 3448 1253 3497">
     <span class='ocr_line' id='line_1_38' title="bbox 363 3448 1253 3497; baseline 0.007 -16"><span class='ocrx_word' id='word_1_429' title='bbox 363 3448 373 3466; x_wconf 83' lang='lat'>¹</span> <span class='ocrx_word' id='word_1_430' title='bbox 395 3448 484 3482; x_wconf 77' lang='lat' dir='ltr'>lsaiae</span> <span class='ocrx_word' id='word_1_431' title='bbox 497 3459 567 3494; x_wconf 76' lang='lat' dir='ltr'>cap·</span> <span class='ocrx_word' id='word_1_432' title='bbox 586 3461 653 3493; x_wconf 67' lang='lat' dir='ltr'>ivi,</span> <span class='ocrx_word' id='word_1_433' title='bbox 674 3462 706 3486; x_wconf 84' lang='lat' dir='ltr'>v.</span> <span class='ocrx_word' id='word_1_434' title='bbox 726 3454 758 3486; x_wconf 73' lang='lat'>4.</span> <span class='ocrx_word' id='word_1_435' title='bbox 773 3453 939 3494; x_wconf 59' lang='lat' dir='ltr'>-Mutum,</span> <span class='ocrx_word' id='word_1_436' title='bbox 957 3463 1032 3497; x_wconf 86' lang='lat' dir='ltr'>cap.</span> <span class='ocrx_word' id='word_1_437' title='bbox 1051 3464 1108 3488; x_wconf 72' lang='lat' dir='ltr'>xix</span> <span class='ocrx_word' id='word_1_438' title='bbox 1122 3479 1131 3495; x_wconf 90' lang='lat'>,</span> <span class='ocrx_word' id='word_1_439' title='bbox 1147 3464 1178 3487; x_wconf 86' lang='lat' dir='ltr'>v.</span> <span class='ocrx_word' id='word_1_440' title='bbox 1200 3455 1253 3487; x_wconf 82' lang='lat'>12.</span> 
     </span>
    </p>
   </div>
  </div>
 </body>
</html>
