2970 4152
874 436 994 485 CUM
1026 429 1196 484 PETRI
1232 433 1545 482 ABAELARDI
1578 431 2009 480 SO'LUTIONIBUS.
2396 430 2481 477 26⁴

391 551 535 601 quem
565 533 750 600 projicit
772 543 991 589 ventusa
1010 532 1124 579 facie
1153 530 1319 578 terrae?
1345 530 1453 576 Haec
1477 527 1639 575 dicens
1655 564 1667 587 ,
1700 538 1747 575 et
1775 527 1835 575 de
1861 544 1911 574 se
1933 542 2136 592 pavens,
2157 541 2280 573 scum
2313 534 2492 571 terrore

392 615 591 679 cogitet,
622 614 661 661 si
690 613 810 661 forte
833 612 892 660 sit
919 611 986 659 illi
1015 628 1147 676 spes,
1183 627 1244 657 ne
1279 608 1535 665 novissime
1558 606 1780 671 'superbia
1808 608 2041 666 vincatur,
2069 622 2172 670 quae
2195 620 2295 651 non
2320 604 2410 651 nisi
2434 603 2495 650 de

390 693 640 741 virtutibus
662 692 940 757 triumphat.
963 694 1022 738 Et
1048 707 1110 737 ne
1138 687 1388 737 vii-tutibus
1411 686 1678 746 extollatur,
1707 685 2116 751 persecutionibus
2149 694 2217 732 est
2240 682 2497 730 humilian-

391 772 482 819 dus
502 791 512 819 ε
534 783 587 820 ut
608 788 695 837 per
715 771 989 838 patientiam
1016 770 1163 816 virtus
1185 769 1285 832 ejus
1307 766 1504 833 probata
1524 775 1797 824 coronetur,
1818 782 1921 829 quae
1946 765 2110 830 spiritu
2135 779 2366 829 pauperes
2388 762 2498 810 facit

391 867 531 899 veros
569 852 721 899 mites.
754 850 896 897 Dabit
919 850 1060 914 igitur
1082 848 1365 914 percutienti
1400 863 1449 894 se
1486 845 1748 905 maxillam,
1785 855 1831 892 et
1866 844 2150 892 saturabitur
2179 839 2446 908 opprobriis
2482 862 2491 889 :

391 933 504 997 quia
527 932 624 980 sive
647 931 778 979 factis
794 966 807 990 ,
834 932 931 978 sive
962 929 1118 997 verbis
1147 929 1410 993 injurietur,
1434 928 1510 975 his
1540 937 1766 991 tanquam
1795 925 2002 990 quadam
2036 923 2287 971 dulcedine
2316 924 2497 988 saporis

392 1010 654 1059 oblectatus
678 1009 930 1058 reficietur.
959 1012 1051 1056 Dat
1073 1009 1353 1074 percutienti
1378 1025 1428 1055 se
1455 1007 1716 1066 maxillam,
1745 1006 1827 1070 qui
1842 1021 1931 1070 pro
1956 1007 2058 1052 Deo
2076 1003 2247 1068 gaudet
2264 1003 2490 1067 injuriari.

391 1089 633 1137 subu-abit
650 1106 676 1136 e
694 1089 933 1136 contrario
951 1088 1189 1135 maxillam
1209 1124 1221 1147 ,
1247 1089 1330 1152 qui
1357 1087 1550 1151 injurias
1578 1085 1767 1150 refugit,
1795 1085 1868 1133 vel
1895 1084 2067 1131 invitus
2089 1083 2280 1149 patitur.
2303 1085 2398 1130 Cur
2417 1098 2498 1129 au·

393 1180 488 1217 tem
507 1169 661 1233 justus
691 1168 894 1216 libenter
919 1168 1021 1216 haec
1048 1168 1238 1227 toleret,
1262 1178 1310 1215 et
1332 1168 1380 1214 in
1405 1166 1702 1233 passionibus
1727 1165 1952 1230 gaudeat,
1971 1165 2103 1228 juxta
2124 1162 2242 1210 illud
2271 1162 2404 1227 quod
2436 1162 2498 1210 de

392 1248 619 1314 apostolis
649 1248 828 1295 dictum
871 1250 968 1295 est¹
993 1265 1004 1293 ε
1031 1267 1054 1292 «
1077 1247 1215 1295 Ibant
1244 1247 1502 1311 gaudentes
1532 1263 1560 1294 a
1583 1255 1841 1312 conspectu
1865 1245 2081 1304 concilii,
2116 1244 2342 1308 quoniam
2368 1243 2498 1307 digni

389 1326 536 1374 habiti
567 1338 677 1375 sunt
700 1343 790 1394 pro
819 1327 1018 1375 nomine
1042 1330 1151 1374 Jesu
1179 1326 1519 1374 contumeliam
1537 1326 1666 1392 pati?
1686 1345 1709 1371 »
1737 1329 1795 1373 Et
1816 1326 1958 1373 etiam
1985 1323 2286 1390 supponitur,
2316 1332 2362 1370 et
2386 1338 2498 1387 pro-

391 1406 536 1470 pheta
560 1407 681 1454 ait’:
707 1425 733 1452 «
749 1407 872 1465 Quia
896 1423 996 1454 non
1031 1406 1225 1471 repellet
1250 1407 1300 1453 in
1333 1407 1675 1472 sempiternum
1710 1406 1959 1453 Dominus.
1989 1424 2011 1448 »
2045 1403 2276 1469 Repulsus
2300 1420 2326 1450 a
2355 1404 2501 1467 gratia

390 1487 610 1547 Domini,
638 1497 686 1534 et
710 1487 908 1535 miseriis
932 1487 982 1534 in
1009 1487 1103 1534 vita
1126 1486 1217 1534 hac
1241 1487 1483 1551 expositus
1507 1486 1693 1534 videtur
1711 1486 1864 1550 justus
1886 1503 1896 1532 z
1921 1484 2048 1532 unde
2073 1494 2120 1532 et
2144 1483 2204 1531 de
2228 1483 2332 1548 ipso
2353 1483 2502 1547 justo-

392 1582 498 1613 rum
527 1568 680 1632 capite
704 1567 932 1632 scriptum
958 1569 1085 1614 est³z
1116 1586 1139 1611 «
1162 1566 1542 1614 Desideravimus
1569 1583 1679 1614 eum
1703 1565 1979 1631 despectum
2012 1575 2058 1612 et
2092 1564 2403 1611 novissimum
2434 1564 2501 1610 vi-

394 1660 556 1692 rorum
571 1681 584 1705 ,
608 1655 655 1693 et
670 1646 940 1711 putavimus
955 1662 1064 1694 eum
1081 1647 1215 1710 quasi
1230 1646 1471 1711 leprosum
1486 1682 1498 1706 ,
1519 1655 1565 1693 et
1589 1659 1864 1711 percussum
1880 1661 1907 1692 a
1924 1648 2026 1693 Deo
2041 1681 2054 1705 ,
2077 1654 2122 1692 et
2143 1643 2456 1691 humiliatum.
2477 1662 2498 1686 »

394 1726 465 1772 De
487 1724 582 1772 hoc
606 1725 830 1791 despectu
855 1726 930 1774 vel
965 1725 1235 1792 repulsione
1259 1726 1374 1786 Dei,
1401 1742 1549 1790 quum
1575 1727 1664 1773 nos'
1687 1726 1736 1773 in
1761 1725 1974 1773 adversis·
2006 1741 2104 1772 non
2131 1724 2356 1790 protegit,
2388 1724 2501 1770 scri·

394 1815 531 1870 ptum
555 1807 652 1853 est⁴
674 1824 684 1853 ε
710 1825 734 1851 «
753 1809 906 1866 Deus,
936 1807 1147 1872 repulisti
1171 1824 1275 1854 nos.
1303 1827 1326 1852 »
1355 1807 1449 1855 Sed
1472 1807 1583 1871 quia
1606 1806 1684 1854 hic
1700 1843 1712 1867 ,
1741 1816 1794 1854 ut
1827 1806 2007 1853 dictum
2038 1816 2134 1865 est,
2169 1804 2352 1870 repellit
2385 1820 2497 1862 nos,

393 1894 446 1931 ut
480 1884 757 1950 probemur,
794 1903 916 1951 quos
943 1896 1053 1952 post
1088 1887 1335 1934 victoriam
1368 1888 1590 1946 assumit,
1619 1897 1672 1934 ut
1704 1903 2024 1935 coronemur:
2048 1875 2155 1951 spes
2188 1885 2498 1949 afflictorum,

393 1979 490 2028 qua
509 1964 830 2030 triumphant,
857 1967 1111 2032 exponitur
1134 1984 1283 2032 quum
1310 1966 1509 2014 dicitur⁸
1531 1985 1541 2013 :
1568 1967 1729 2025 «Quia
1746 1983 1844 2014 non
1868 1965 2064 2032 repellet
2086 1966 2133 2012 in
2161 1965 2504 2030 sempiternum

394 2044 651 2105 Dominus3
677 2063 701 2089 »
728 2045 823 2093 hoc
846 2056 937 2106 est,
972 2062 1137 2113 poenas
1169 2046 1300 2095 finiet
1335 2047 1644 2108 afflictorum,
1679 2047 1761 2112 qui
1797 2062 1961 2112 poenas
1997 2062 2096 2093 non
2131 2044 2262 2092 finiet
2297 2044 2504 2109 affligen-

395 2123 530 2170 tium.
570 2126 629 2172 Et
666 2124 933 2173 notandum
970 2125 1102 2190 quod
1143 2126 1379 2173 Dominus
1419 2126 1644 2191 apostolis
1686 2142 1866 2174 novum
1909 2134 2241 2173 testamentum
2284 2123 2502 2182 tradens,

394 2219 545 2267 quum
568 2204 617 2251 in
644 2204 840 2252 exordio
867 2206 1023 2253 statim
1049 2205 1111 2253 ad
1135 2216 1462 2272 paupertatem
1485 2207 1733 2267 admonet,
1757 2216 1810 2254 ut
1832 2205 2185 2253 foecunditatem
2209 2214 2504 2252 terrenorum

394 2282 572 2331 coelesti
595 2296 946 2333 commutemus
969 2285 1202 2343 felicitate,
1224 2295 1442 2352 patenter
1466 2287 1899 2334 remunerationem
1919 2284 2159 2350 Evangelii
2177 2301 2205 2332 a
2228 2299 2503 2332 remunera-

397 2364 525 2412 tione
548 2363 662 2429 legis
686 2364 955 2431 distinguit,
984 2383 1132 2431 quum
1167 2366 1230 2413 ibi
1256 2367 1543 2428 coelestium,
1572 2368 1651 2415 hic
1686 2378 1984 2415 terrenorum
2019 2375 2204 2413 tantum
2234 2365 2506 2430 promissio·

396 2457 510 2489 nem
539 2443 587 2490 in
622 2446 1056 2493 remunerationem
1088 2445 1368 2493 obedientiae
1393 2447 1664 2494 constituat.
1692 2446 1901 2494 Carnalis
1925 2446 2102 2510 quippe
2125 2444 2332 2510 populus
2366 2444 2506 2491 Israel

396 2531 583 2570 terrena
615 2523 763 2587 magis
796 2540 940 2588 quam
971 2524 1175 2572 coelestia
1201 2525 1500 2584 desiderans,
1527 2525 1623 2572 hoc
1646 2526 1694 2572 in
1724 2525 2106 2573 remuneratione
2137 2523 2344 2587 accepit,
2373 2523 2503 2587 quod

397 2602 545 2666 magis
560 2603 854 2668 concupivit,
882 2613 929 2650 et
947 2620 1033 2668 per
1056 2619 1110 2651 ea
1135 2603 1367 2667 admagis
1391 2603 1716 2651 obediendum
1741 2603 2000 2651 trahendus
2026 2603 2172 2667 magis
2198 2603 2373 2661 fuerat,
2401 2619 2505 2666 quae
2570 2618 2578 2626 ·

396 2681 789 2751 concupiscebat,
830 2692 883 2730 ut
915 2683 1005 2730 hac
1036 2682 1199 2730 saltem
1233 2684 1549 2747 promissione
1579 2699 1604 2730 a
1628 2700 1852 2749 perverso
1892 2682 2210 2730 retraheretur
2246 2699 2419 2747 opere,
2466 2683 2504 2728 si

396 2761 616 2809 nondum
649 2763 834 2811 animus
861 2762 1082 2810 mundari
1105 2773 1292 2828 poterat
1314 2763 1375 2811 ab
1393 2764 1653 2828 iniquitate.
1679 2766 1739 2811 Ut
1762 2764 1890 2811 enim
1920 2762 2170 2828 Apostolus
2194 2763 2257 2810 ait
2272 2763 2315 2809 ⁶:
2339 2783 2362 2807 «
2379 2762 2503 2809 Nihil

397 2840 457 2887 ad
494 2841 756 2906 perfectum
789 2842 985 2890 adduxit
1017 2842 1114 2902 lex,
1140 2862 1164 2887 ι)
1192 2859 1281 2891 nec
1308 2843 1647 2909 perfectionem
1677 2843 1844 2890 habuit
1866 2843 1916 2890 in
1945 2843 2211 2907 promissis,
2246 2843 2312 2889 sic
2343 2858 2431 2900 nec
2455 2843 2501 2889 in

396 2923 657 2986 praeceptis.
679 2923 693 2945 ''
717 2923 890 2970 «Beati
924 2923 1006 2987 qui
1039 2922 1217 2988 lugent.
1258 2941 1281 2968 ιι
1308 2926 1481 2971 Luctus
1517 2922 1716 2971 salubris
1745 2923 1936 2990 proprie
1972 2923 2193 2970 convenit
2228 2922 2499 2981 monacbis,

397 3000 494 3046 sive
534 2999 612 3047 ille
652 3001 711 3048 sit
748 3002 1034 3067 poenitentiae
1060 3001 1121 3050 de
1145 3011 1364 3068 peccato,
1403 3003 1501 3050 sive
1533 3002 1770 3050 dilationis
1804 3018 1832 3049 a
1865 3018 2028 3066 regno,
2068 3004 2183 3059 Quae
2216 3001 2314 3048 duo
2352 3001 2502 3064 lacry-

397 3095 583 3127 marum
611 3097 808 3145 genera,
835 3082 883 3128 in
903 3084 1021 3142 Axa,
1057 3081 1151 3130 filia
1178 3082 1350 3143 Caleb,
1385 3082 1680 3148 praefig-urata
1711 3092 1846 3143 sunt;
1886 3083 1962 3129 cui
1997 3082 2308 3145 conquerenti
2339 3081 2400 3129 ad
2423 3098 2505 3146 pa·-

398 3169 543 3220 trem,
565 3160 698 3225 quod
717 3161 760 3209 ei
779 3171 951 3209 terram
978 3162 1159 3210 aridam
1181 3162 1409 3223 dedisset,
1433 3173 1479 3211 et
1497 3164 1719 3228 irriguam
1743 3162 2023 3228 postulanti,
2045 3164 2088 3210 ei
2108 3172 2242 3228 pater
2259 3162 2390 3211 dedit
2408 3172 2503 3210 tarn

398 3241 612 3305 superius
635 3242 866 3306 irriguum
890 3258 1034 3307 quam
1058 3242 1252 3291 inferius
1265 3245 1294 3290 ⁸.
1327 3246 1569 3301 Quantum
1602 3253 1760 3291 autem
1785 3242 1846 3290 de
1877 3243 2081 3308 peccatis
2103 3252 2199 3290 tam
2232 3243 2328 3291 suis
2359 3259 2502 3307 quam

444 3450 454 3467 ¹
469 3451 541 3484 Act.
558 3451 684 3494 Apost„
698 3462 772 3497 cap.
791 3463 824 3494 v,
838 3463 871 3487 v.
884 3453 920 3486 ⁴¹
940 3452 1005 3478 —¹
1018 3454 1149 3495 Thr-en„
1162 3464 1236 3499 cap.
1256 3466 1309 3496 ιιι,
1328 3466 1357 3489 ν.
1374 3457 1427 3490 31.
1476 3454 1489 3473 “
1510 3455 1644 3494 Tmen„
1664 3465 1738 3499 cap.
1759 3466 1811 3496 m,
1828 3466 1860 3488 v.
1879 3457 1933 3489 31.
1947 3472 1989 3479 -—
2006 3454 2019 3473 ⁰
2038 3456 2151 3494 Helm,
2168 3464 2242 3498 cap.
2260 3465 2321 3495 vu,
2344 3464 2376 3487 v.
2399 3455 2447 3486 19.
2469 3472 2500 3477 —

399 3523 439 3531 —-
462 3506 475 3525 ³
494 3507 586 3550 lsai„
617 3519 690 3553 cap.
718 3520 792 3551 ιιιι,
822 3521 853 3543 v.
882 3512 915 3543 2.
941 3510 1012 3535 ——⁴
1029 3511 1147 3546 Psalm.
1178 3523 1249 3554 ux,
1279 3522 1311 3545 v,
1341 3514 1373 3544 3.
1394 3531 1426 3537 —
1476 3510 1488 3529 ⁷
1502 3511 1632 3553 Manli„
1651 3520 1724 3554 cap.
1742 3521 1773 3551 v,
1790 3521 1823 3544 v.
1841 3511 1872 3543 5.
1890 3527 1934 3536 —
1953 3510 2088 3550 'losum
2112 3520 2186 3555 cap.
2206 3521 2261 3552 xv,
2277 3521 2307 3544 v.
2333 3512 2390 3543 19„
