2970 4152
736 395 795 443 IN
830 393 1228 443 ASSUMPTIONE
1261 393 1473 444 BEATAE
1505 394 1714 444 MARIAE
1746 396 1962 443 SERMO.
2311 395 2395 443 524
2437 455 2441 458 ι

291 490 506 554 jacerent
526 488 717 553 exlege,
737 490 820 555 qui
841 506 1005 537 semen
1026 490 1076 536 in
1104 489 1248 537 Israel
1268 506 1369 537 non
1392 489 1739 555 relinquerent,
1760 500 1808 538 et
1825 489 2047 556 quaedam
2060 488 2176 552 legis
2196 487 2406 536 coactio-

297 587 382 618 nes
403 569 466 617 ad
487 570 677 635 nuptias
699 569 1058 635 compellerent.
1088 573 1247 634 Usque
1272 569 1394 618 adeo
1423 586 1633 635 namque
1662 570 1737 618 lex
1765 571 1855 618 ista
1878 569 2172 618 matrimonii
2192 568 2404 633 vigebat,

297 661 350 697 ut
370 650 473 715 ipsa
494 666 688 715 quoque
710 660 863 698 mater
889 650 1084 698 Domini
1112 659 1212 697 tam
1233 665 1262 698 a
1288 649 1567 715 parentibus
1589 666 1738 714 quam
1758 666 1787 698 a
1812 649 1915 714 lege
1936 659 2105 697 coacta
2130 648 2410 715 desponsari

296 732 566 779 sustineret.
591 731 765 778 Divina
796 740 958 778 tamen
988 730 1279 779 revelatione
1307 729 1557 779 confidens
1586 731 1820 795 virginem
1847 746 2041 795 quoque
2066 729 2202 777 illum
2216 767 2228 790 ,
2259 730 2336 777 cui
2365 737 2412 776 et

296 814 433 877 virgo
456 811 694 872 nubebat,
726 811 788 860 ad
809 812 1090 877 virginitatis
1112 812 1356 861 servandae
1377 829 1668 860 consensum
1688 829 1738 860 se
1766 812 1956 859 trahere
1982 828 2083 859 non
2105 811 2405 877 desperabat.

298 895 391 940 Pro
413 910 511 957 quo
533 893 737 941 maxime
757 892 1061 958 impetrando
1083 893 1134 941 in
1155 894 1261 959 ipso
1279 893 1664 959 desponsationis
1684 902 1904 958 tempore
1924 901 2160 940 secretum
2181 891 2412 939 orationis

296 973 572 1021 cubiculum
593 983 756 1022 tenere
770 973 1012 1022 credenda
1035 984 1106 1022 est
1133 991 1231 1040 quo
1262 975 1500 1038 ingressus
1528 973 1670 1021 fuisse
1691 972 1886 1037 angelus
1907 982 2201 1021 memoratur
2223 972 2284 1020 ad
2306 988 2413 1020 eam

297 1051 485 1103 missus.
509 1057 617 1103 Non
641 1055 771 1103 enim
792 1071 900 1104 eam
921 1056 1124 1104 exterius
1146 1073 1258 1104 cum
1278 1055 1570 1104 secularibus
1597 1054 1786 1103 feminis
1814 1065 2085 1102 morantem
2105 1054 2304 1120 reperit,
2330 1053 2415 1102 sed

297 1133 511 1183 abditam
540 1134 780 1200 pudicitiae
801 1145 849 1183 et
875 1135 1084 1183 cubiculi
1113 1136 1238 1184 ostio
1266 1136 1429 1183 clauso
1459 1135 1634 1184 devote
1661 1135 1926 1183 Dominum
1959 1144 2204 1194 orantem,
2235 1143 2284 1182 et
2316 1134 2413 1181 sin-

297 1231 415 1263 cerae
433 1216 662 1264 orationis
677 1217 883 1282 puritate
903 1217 1139 1282 propositi
1160 1217 1233 1264 sui
1253 1216 1566 1264 concordiam
1585 1217 1798 1263 Domino
1819 1214 2258 1263 commendantem.
2276 1215 2416 1263 Unde

297 1306 345 1344 et
365 1295 414 1343 in
438 1296 607 1344 mediis
628 1296 852 1362 precibus
871 1297 968 1345 suis
984 1297 1248 1361 angelicam
1268 1298 1505 1346 visionem
1526 1297 1724 1357 meruit,
1749 1312 1845 1362 qua
1865 1297 1933 1345 sic
1955 1295 2017 1344 ad
2038 1298 2277 1360 integrum
2298 1312 2416 1344 con-

298 1375 576 1438 fortaretur,
596 1387 650 1426 ut
671 1387 718 1425 et
738 1387 907 1426 votum
928 1378 1209 1442 virginitatis
1231 1378 1275 1426 ei
1287 1378 1527 1425 ‘Dominus
1542 1377 1827 1438 custodiret,
1845 1387 1894 1425 et
1908 1393 1937 1426 a
1951 1376 2288 1425 maledictione
2303 1376 2417 1440 legis

295 1454 359 1503 de
390 1456 494 1522 ipsa
520 1456 764 1506 nascendo
799 1458 842 1505 ei
873 1458 1051 1523 pariter
1071 1457 1372 1524 provideret,
1397 1467 1445 1506 et
1465 1474 1552 1524 per
1579 1473 1687 1505 eam
1714 1457 1764 1504 in
1787 1456 2066 1505 mulieribus
2085 1448 2414 1514 benedictam,

296 1535 419 1584 sicut
439 1545 487 1584 et
508 1537 610 1602 ipse
631 1554 746 1586 mox
772 1538 968 1603 angelus
989 1547 1361 1599 commemorat,
1386 1539 1611 1586 universo
1639 1536 1826 1585 mundo
1846 1536 2236 1586 benedictionem
2256 1536 2418 1584 infun-

299 1614 450 1676 deret,
475 1615 594 1664 illud
617 1618 660 1665 ei
681 1617 860 1666 scilicet
879 1635 1043 1667 semen
1065 1618 1331 1684 largiendo,
1350 1618 1412 1667 de
1433 1635 1532 1685 quo
1556 1617 1754 1666 Abrahae
1774 1618 2077 1684 promiserat,
2092 1617 2280 1666 dicens¹
2298 1635 2308 1664 ε
2324 1636 2347 1662 «
2365 1619 2416 1663 In

295 1696 478 1744 semine
493 1706 578 1744 tuo
599 1697 947 1747 benedicentur
969 1717 1138 1749 omnes
1159 1696 1340 1765 gentes.
1361 1718 1385 1745 υ

360 1778 470 1824 Haec
491 1777 651 1843 itaque
678 1789 909 1845 tanquam
930 1796 1105 1829 aurora
1124 1798 1441 1848 consurgens,
1463 1782 1621 1850 prima
1645 1781 1857 1831 claritate
1878 1779 2117 1830 mundum
2142 1778 2415 1836 illustravit,

296 1856 410 1921 quia
429 1858 587 1922 prima
607 1860 898 1908 castimoniae
923 1862 1132 1911 nitorem
1146 1900 1158 1923 ,
1184 1874 1232 1912 et
1252 1874 1427 1912 sanctae
1446 1864 1730 1929 virginitatis
1753 1863 2056 1930 propositum
2077 1861 2127 1909 in
2149 1858 2421 1925 exemplum

296 1939 566 2003 proposuit.
591 1940 686 1988 Sed
712 1941 825 2005 quia
846 1958 947 1989 non
970 1943 1083 1991 satis
1104 1953 1176 1992 est
1197 1943 1260 1992 ad
1281 1943 1476 1993 laudem
1500 1945 1648 2011 ipsius
1669 1961 1822 1992 unum
1843 1942 2125 2007 virginitatis
2144 1940 2358 1997 bonum,
2382 1938 2422 1987 si

297 2027 578 2071 caeterorum
601 2019 752 2085 gratia
772 2020 894 2069 desit
908 2058 920 2081 ,
938 2021 1062 2070 lunae
1090 2040 1285 2089 quoque
1313 2034 1622 2090 comparatur
1649 2024 1750 2088 ejus
1777 2021 2113 2090 pulchritudo,
2138 2020 2250 2086 quia
2276 2020 2422 2067 totius

298 2096 515 2153 ‚Ecclesiae
530 2098 662 2147 dona
676 2099 725 2146 in
745 2115 803 2147 ea
823 2110 935 2147 sunt
957 2101 1154 2161 collata,
1179 2112 1227 2150 et
1248 2103 1383 2167 quod
1403 2120 1491 2169 per
1509 2113 1668 2168 partes
1692 2102 1867 2150 diversi
1888 2101 2053 2149 fideles
2073 2109 2394 2166 perceperunt
2407 2137 2418 2158 ‚

295 2177 346 2227 in
368 2193 476 2225 eam
498 2178 792 2227 transfusum
814 2189 886 2228 est
905 2190 1087 2242 totum,
1118 2190 1167 2229 et
1187 2198 1294 2247 quae
1321 2183 1371 2230 in
1395 2183 1575 2230 eaeteris
1597 2182 1752 2230 divisa
1771 2191 1884 2230 sunt
1904 2181 2037 2230 dona
2053 2219 2065 2241 ,
2090 2182 2139 2228 in
2163 2181 2266 2247 ipsa
2285 2197 2423 2245 repe-

295 2257 483 2307 riuntur
516 2259 791 2323 conjuncta.
827 2263 887 2309 Et
918 2262 1151 2326 quoan
1183 2279 1359 2329 parum
1391 2273 1464 2312 est
1493 2274 1917 2329 quantamcunque
1947 2263 2147 2327 gratiam
2180 2261 2424 2309 donorum

295 2336 492 2398 habere,
512 2339 551 2386 si
572 2338 695 2388 desit
712 2340 762 2388 in
785 2341 852 2389 eis
872 2342 1023 2390 virtus
1038 2344 1419 2409 perseverantiae,
1439 2343 1501 2392 de
1522 2360 1618 2409 qua
1638 2344 1871 2410 scriptum
1893 2346 2014 2391 est':
2041 2363 2066 2389 «
2088 2343 2181 2401 Qui
2203 2359 2418 2408 perseve-

298 2418 494 2478 raverit,
518 2418 597 2466 hic
618 2418 776 2468 salvus
798 2421 911 2482 erit,
931 2441 954 2467 »
980 2422 1262 2486 adjunctum
1278 2433 1377 2472 est:
1407 2443 1433 2469 «
1450 2424 1613 2472 Electa
1634 2434 1688 2472 ut
1709 2423 1798 2471 sol.
1820 2442 1845 2468 »
1871 2425 1978 2471 Non
1997 2423 2128 2471 enim
2154 2423 2277 2470 sicut
2299 2422 2418 2470 lunae

243 2511 245 2514 ·
298 2498 486 2547 claritas
514 2498 627 2547 solis
654 2499 862 2548 defectui
889 2501 1082 2551 subdita
1109 2514 1204 2564 est,
1228 2504 1314 2552 sed
1346 2505 1396 2552 in
1424 2521 1514 2553 suo
1542 2504 1708 2568 vigore
1739 2513 2029 2570 perseverat.
2061 2503 2169 2551 Tria
2189 2503 2345 2568 itaque
2366 2501 2417 2548 in

297 2577 438 2627 laude
447 2578 590 2644 hujus
602 2580 798 2645 virginis
813 2582 1055 2647 praemissa
1071 2594 1199 2631 sunt.
1217 2584 1376 2632 Primo
1393 2585 1574 2651 quippe
1591 2594 1870 2650 comparata
1885 2593 1956 2632 est
1973 2599 2157 2631 aurorae
2170 2600 2259 2649 pro
2272 2597 2420 2630 exem-

298 2657 380 2723 plo
401 2658 642 2725 pudicitiae
658 2697 670 2720 ,
695 2677 801 2725 quae
822 2677 909 2727 per
936 2678 1044 2710 eam
1066 2663 1252 2712 mundo
1274 2664 1486 2712 innotuit
1512 2682 1523 2711 z
1549 2673 1661 2730 post
1687 2663 1891 2712 modum
1917 2662 2067 2723 lunae,
2091 2679 2181 2728 pro
2214 2660 2420 2728 plenitu-

299 2737 412 2786 dine
434 2740 655 2787 omnium
677 2741 938 2806 gratiarum
963 2760 975 2790 ε
1001 2742 1177 2791 deinde
1198 2743 1312 2804 soli,
1337 2761 1428 2810 pro
1449 2743 1804 2811 perseverantia
1824 2744 1875 2791 in
1903 2743 1970 2791 eis
2001 2748 2212 2808 accepta.
2240 2739 2421 2799 Quibus

298 2818 496 2884 quidem
518 2820 660 2869 donis
682 2821 940 2884 adornata,
965 2834 1013 2872 et
1037 2826 1175 2890 quasi
1201 2825 1492 2891 quibusdam
1513 2824 1805 2891 spiritalibus
1827 2825 1971 2873 armis
1992 2825 2200 2883 munita,
2224 2820 2421 2870 tandem

299 2899 521 2948 terribilis
544 2912 841 2950 memoratur
861 2914 917 2952 ut
937 2914 1205 2953 castrorum
1236 2906 1360 2954 acies
1389 2905 1626 2954 ordinata.
1657 2905 1781 2954 Talis
1809 2905 1989 2971 quippe
2017 2905 2141 2953 acies
2163 2913 2210 2951 et
2236 2902 2331 2950 suis
2352 2909 2421 2949 est

299 2978 540 3039 amabilis,
567 2991 614 3028 et
642 2981 923 3031 adversariis
957 2984 1181 3033 terribilis
1216 3003 1227 3032 :
1259 2985 1299 3033 si
1326 2984 1548 3034 videlicet
1575 2986 1641 3034 ita
1672 2996 1725 3034 ut
1754 2985 1982 3033 convenit
2010 2983 2232 3032 ordinata
2261 2980 2416 3028 fuerit.

298 3062 428 3107 Tunc
443 3077 558 3108 vero
575 3060 699 3110 bene
714 3072 786 3110 est
801 3063 1040 3124 ordinata,
1057 3082 1209 3129 quum
1230 3064 1458 3114 adversus
1479 3065 1691 3130 singulos
1702 3067 1732 3112 ⁸.
1743 3101 1754 3113 .
1765 3101 1776 3112 .
1786 3102 1798 3112 .
1818 3066 2051 3113 irruentes
2065 3063 2228 3110 hostes
2243 3059 2420 3128 provisi

299 3147 428 3199 sunt,
453 3140 537 3205 qui
559 3141 626 3188 eis
647 3142 864 3190 resistere
884 3143 1092 3203 valeant,
1117 3161 1179 3192 ne
1194 3145 1301 3210 quis
1316 3145 1451 3193 locus
1469 3155 1647 3211 pateat,
1672 3161 1770 3209 quo
1786 3144 2052 3209 irrumpere
2069 3141 2131 3190 ad
2154 3139 2422 3189 feriendum

300 3216 452 3266 hostis
482 3230 644 3285 queat.
678 3222 863 3270 Scimus
890 3224 1122 3289 scriptum
1149 3241 1251 3272 esse
1278 3225 1395 3290 quia
1412 3227 1427 3251 ⁴
1450 3245 1475 3271 «
1500 3224 1669 3272 militia
1696 3233 1768 3272 est
1794 3224 1891 3271 vita
1920 3222 2131 3270 hominis
2157 3236 2300 3287 super
2326 3229 2422 3267 ter-

302 3313 436 3358 ram3
466 3317 490 3343 »
515 3310 563 3347 et
585 3301 667 3366 qui
690 3302 740 3349 in
769 3318 923 3367 agone
949 3303 1032 3351 illo
1061 3303 1335 3365 contendit,
1360 3304 1422 3353 de
1443 3321 1542 3370 quo
1564 3304 1790 3352 dicitur⁶z
1818 3322 1843 3349 «
1870 3306 1976 3351 Non
1999 3301 2312 3351 coronabitur
2331 3299 2424 3347 nisi

348 3418 357 3435 ⁸
386 3418 515 3457 Genea„
534 3429 608 3465 cap.
625 3431 711 3464 xxu,
731 3433 762 3457 v.
785 3424 880 3457 18.-
898 3422 911 3441 ⁸
925 3423 1056 3465 nauh..
1071 3434 1145 3468 cap.
1163 3435 1202 3467 x,
1217 3435 1248 3461 v.
1267 3427 1322 3459 22.
1338 3443 1375 3452 -
1394 3425 1407 3444 ⁸
1421 3426 1526 3459 Locus
1545 3432 1768 3469 corruptus.-—
1789 3424 1802 3443 ⁴
1817 3424 1899 3465 Job,
1917 3434 1989 3469 cap.
2011 3434 2053 3458 vu
2065 3448 2075 3465 ,
2090 3434 2122 3457 v.
2144 3425 2175 3457 1.
2195 3440 2228 3446 —-
2245 3421 2260 3440 ⁸
2275 3421 2355 3456 Tim.
2371 3420 2423 3459 H,

296 3486 373 3528 cap.
391 3488 474 3520 u,v.
495 3479 525 3512 5.

2207 3538 2262 3587 {56
