2970 4152
1205 430 1521 477 ErlsTOLAE.
2333 418 2425 463 ⁴47

310 521 439 568 nulla
457 521 615 585 legum
634 521 849 582 decreta,
882 521 957 568 vel
981 506 1324 587 philosophica?
1341 522 1606 588 vdisciplinae
1630 523 1919 569 documenta
1942 518 1992 564 in
2017 513 2257 563 conversis
2278 511 2425 575 genti-

309 600 400 649 bus
433 602 709 649 retinuisse:
732 603 1043 650 verumetiam
1073 603 1324 667 quosdam·
1346 603 1767 651 ecclesiasticarum
1800 600 2083 664 dignitatum
2119 592 2317 658 gradus,
2352 589 2426 636 vel

310 682 614 731 continentiae
633 683 835 730 formam
851 719 863 743 ,
888 693 934 730 et
948 683 1211 749 corporalis
1228 683 1472 732 munditiae
1486 684 1765 748 religionem
1784 681 1844 729 ab
1863 681 1929 727 eis
1947 673 2211 741 accepisse?
2231 675 2428 719 Constat

309 763 488 828 quippe
525 780 662 810 nuncv
687 763 937 829 episcopos
973 764 1048 811 vel
1088 764 1470 830 archiepiscopos
1506 763 1783 830 praesidere,
1830 760 1914 807 ubis
1953 770 2067 806 tunc
2104 753 2320 802 flamines
2352 749 2427 796 vel

309 842 657 891 archiflamines
676 842 998 904 habebantur3
1025 855 1072 892 et
1096 861 1200 910 quae
1218 855 1331 892 tunc
1357 845 1531 911 templa
1551 842 1849 892 daemonibus
1867 850 1979 887 sunt
1999 837 2234 893 instituta,
2263 840 2431 898 postea

310 923 520 970 Domino
545 922 686 970 fuisse
704 934 1004 985 consecrata,
1032 935 1081 972 et
1105 935 1379 972 sanctorum
1403 910 1647 972 memoriis
1670 922 1910 987 insignita..
1934 918 2118 965 Scimus
2144 924 2188 961 et
2212 913 2261 959 in
2282 910 2429 975 genti-

310 1001 400 1050 bus
432 992 667 1068 praecipue
703 1006 1062 1069 praerogativam
1093 1005 1371 1069 virginitatis
1405 1006 1657 1064 enituisse,
1695 1018 1846 1068 quum
1878 997 2185 1047 maledictum
2219 992 2333 1055 legis
2367 989 2429 1036 ad

310 1082 498 1148 nuptias
522 1083 710 1131 Judaeos
729 1088 990 1132 coerceret¹
1012 1103 1022 1131 :
1046 1095 1093 1132 et
1110 1086 1160 1132 in
1184 1096 1372 1133 tantum
1397 1086 1616 1150 gentibus
1634 1085 1760 1132 hanc
1777 1083 2000 1130 virtutem
2030 1094 2115 1124 seu
2141 1071 2427 1121 munditiam

251 1207 259 1215 ,
308 1163 464 1210 carnis
480 1173 722 1229 acceptam
741 1165 963 1226 extitisse,
984 1175 1035 1212 ut
1055 1165 1106 1212 in
1125 1166 1313 1231 templis
1327 1182 1491 1214 earum
1513 1165 1673 1230 magni
1689 1164 1974 1213 feminarum
1987 1164 2253 1205 conventus
2272 1149 2430 1198 coel1b1

309 1258 360 1290 se
372 1243 478 1291 vitae
490 1242 718 1291 dicarent.
732 1244 872 1292 Unde
888 1245 1207 1310 Hieronymus
1220 1248 1271 1293 in
1281 1247 1547 1311 Epistolam
1562 1245 1629 1292 ad
1641 1244 1856 1300 Galatas,
1876 1241 1959 1288 lib.
1980 1239 2081 1286 111²:
2099 1256 2121 1281 «
2138 1232 2267 1292 Quid
2280 1247 2386 1288 nos,
2404 1248 2436 1272 »ν

307 1323 488 1388 inquit,
515 1334 750 1390 «oportet
768 1325 944 1386 facere,
972 1326 1022 1372 in
1041 1343 1249 1391 quorum
1275 1327 1731 1375 condemnationem
1747 1323 1896 1371 habet
1911 1331 1959 1368 et
1976 1323 2101 1366 Juno
2131 1314 2359 1369 univiras,
2385 1319 2431 1356 et

307 1405 450 1452 Vesta
485 1405 715 1470 virgines,
752 1416 800 1454 et
834 1406 926 1454 alia
962 1407 1092 1455 idola
1127 1409 1457 1456 continentes?
1474 1428 1497 1453 »
1520 1409 1739 1455 Univiras
1772 1414 1932 1469 autem
1961 1411 2008 1448 et
2045 1398 2248 1462 virgines
2286 1393 2424 1449 dicit,

308 1484 727 1549 qnasimonachas
752 1503 858 1551 quae
881 1488 1010 1535 viros
1032 1499 1268 1536 noverant
1282 1525 1294 1549 ,
1322 1499 1369 1536 et
1394 1488 1654 1536 monachas
1672 1467 2105 1550 virgineffiMonos
2122 1477 2275 1533 enim,
2303 1471 2430 1520 unde

309 1565 588 1624 nwnaclzus,
616 1565 668 1613 id
690 1576 761 1614 est
787 1566 1024 1615 solitarius
1045 1567 1235 1628 dicitur,
1268 1586 1421 1616 unum
1446 1560 1606 1616 sonat.
1624 1568 1719 1625 Qui
1744 1568 1886 1613 etiam
1910 1562 2032 1610 libro
2059 1562 2076 1605 1
2107 1560 2284 1604 Contra
2308 1553 2430 1599 Jove·-

309 1644 531 1705 mkmum,
554 1645 715 1693 multis
733 1646 795 1694 de
813 1647 1026 1694 castitate
1044 1648 1119 1695 vel
1137 1648 1431 1695 continentia
1450 1647 1696 1712 gentilium
1714 1646 2000 1693 feminarum
2014 1676 2026 1699 ,
2047 1635 2252 1685 inductis
2266 1647 2429 1681 exem-

308 1723 426 1790 plis:
452 1745 476 1771 κ
490 1726 598 1773 Scio
613 1763 625 1786 ,
643 1745 666 1771 n
688 1726 864 1792 inquit,
887 1747 910 1772 «
929 1728 979 1774 in
992 1727 1208 1792 catalogo
1226 1728 1511 1776 feminarum
1529 1745 1606 1775 me
1618 1727 1755 1793 plura
1767 1725 1963 1782 dixisse,
1983 1732 2033 1768 ut
2046 1735 2151 1784 quae
2167 1714 2431 1764 christianae

307 1805 545 1871 pudicitiae
559 1807 831 1873 despiciunt
851 1806 996 1855 fidem
1011 1845 1023 1868 ,
1052 1808 1237 1855 discant
1255 1809 1422 1856 saltem
1442 1809 1502 1857 ab
1519 1808 1720 1856 ethnicis
1735 1806 2012 1853 castitatem.
2030 1781 2056 1863 l>
2078 1799 2171 1857 Qui
2189 1798 2238 1844 in
2259 1793 2431 1842 eodem
2502 1851 2504 1854 .
2553 1799 2557 1803 '

306 1901 450 1951 supra
474 1886 603 1934 illam
627 1903 822 1953 quoque
839 1889 1144 1936 continentia·
1169 1890 1391 1937 virtutem
1410 1889 1532 1937 adeo
1558 1885 1914 1937 commendavit
1929 1920 1941 1942 ,
1970 1871 2029 1930 ut³
2044 1881 2171 1928 hanc
2194 1875 2431 1943 praecipue

309 1966 594 2015 munditiam
626 1969 781 2015 carnis
809 1968 859 2016 in
894 1970 1028 2016 omni
1063 1980 1203 2034 gente
1239 1971 1474 2018 Dominus
1510 1969 1801 2036 approbasse
1836 1965 2070 2019 videatur,
2107 1971 2153 2008 et
2189 1955 2432 2006 nonnullis

309 2041 435 2095 eam⁸
457 2049 506 2095 in
533 2047 805 2097 infidelibus
829 2065 1024 2115 quoque
1047 2051 1124 2099 vel
1149 2051 1403 2099 collatione
1430 2052 1735 2110 meritorum,
1763 2047 1840 2096 vel
1869 2044 2159 2094 exhibitione
2186 2037 2433 2087 miraculo-

309 2145 418 2176 rum
442 2129 677 2177 extulisse.
711 2151 735 2176 «
750 2131 878 2189 Quid
898 2131 1122 2192 referam,
1146 2151 1169 2176 »
1198 2133 1352 2198 inquit
1368 2168 1380 2192 ,
1406 2153 1430 2177 «
1448 2132 1674 2196 Sibyllam
1699 2130 1952 2178 erithream
1981 2135 2123 2189 atque
2148 2135 2425 2176 cumanam,

307 2372 498 2420 cionem
530 2374 735 2422 venisset
762 2377 935 2441 stupri,
975 2377 1122 2424 fertur
1155 2377 1345 2442 cingulo
1375 2377 1566 2424 duxisse
1597 2386 1774 2435 ratem,
1812 2389 1957 2438 quam
1995 2369 2249 2417 hominum
2287 2364 2428 2412 millia

232 2466 235 2471 ’
309 2453 494 2501 trahere
512 2456 876 2520 nequiverant.»
894 2459 952 2504 Et
979 2457 1203 2505 Sidonius
1227 2458 1619 2506 claremontensis
1644 2454 1959 2523 episcopusin
1982 2449 2341 2517 propemptico⁵
2369 2445 2427 2492 ad

308 2531 521 2580 libellum
539 2550 678 2582 suum
696 2536 762 2584 ita
778 2536 1021 2601 loquitur:
2122 2531 2135 2553 ¹

869 2672 1009 2721 Qualis
1026 2684 1103 2713 nec
1122 2671 1316 2727 Tanaquil
1335 2671 1430 2721 fuit,
1453 2685 1529 2713 nec
1547 2672 1636 2722 illa,

867 2742 998 2790 Quam
1022 2748 1062 2782 tu
1078 2773 1087 2791 ,
1109 2741 1365 2795 Tricipitine,
1388 2741 1637 2795 procreasti,

870 2809 1011 2858 Qualis
1029 2823 1107 2851 nec
1124 2809 1311 2864 Phrygiae
1330 2809 1466 2852 dicata
1482 2812 1637 2861 Vestae,

871 2879 970 2927 Quae
990 2878 1099 2920 circa
1117 2879 1216 2920 satis
1233 2878 1421 2920 Albulam
1442 2884 1665 2920 tumentem

870 2947 994 2988 Duxit
1011 2947 1199 3001 virgineo
1218 2953 1346 2998 ratem
1369 2947 1530 3003 capillo

375 3084 658 3149 Augustinus
673 3083 730 3131 de
757 3085 951 3131 Ciuitate
971 3087 1083 3143 Dei,
1107 3085 1189 3133 lib.
1210 3087 1383 3132 XXII‘:
1409 3105 1431 3130 «
1447 3089 1551 3132 Jam
1576 3086 1614 3133 si
1631 3084 1693 3132 ad
1718 3101 1886 3132 eorum
1911 3084 2139 3131 miracula
2158 3088 2404 3138 veniamus
2419 3130 2430 3151 ,

307 3181 413 3230 quae
430 3164 553 3212 faeta
573 3181 601 3212 a
628 3164 717 3211 diis
741 3165 845 3212 suis·
859 3165 1146 3229 martyribus
1169 3176 1425 3231 opponunt
1449 3167 1645 3225 nostris,
1681 3180 1845 3212 nonne
1873 3165 2016 3212 etiam
2046 3166 2149 3231 ipsa
2179 3184 2268 3233 pro
2295 3168 2434 3217 nobis

354 3352 364 3371 ‘
390 3353 536 3393 Denter„
554 3364 628 3398 cap.
650 3365 728 3394 xxv,
746 3363 777 3387 v.
796 3356 815 3387 5
830 3361 863 3388 et
881 3365 932 3398 sq.
954 3372 986 3378 -
1007 3354 1020 3371 '
1035 3354 1154 3388 comm.
1180 3358 1213 3389 in
1238 3355 1343 3398 Epist.
1390 3363 1544 3389 noverant
1561 3363 1591 3388 ει
1608 3356 1785 3388 monachas
1804 3358 1996 3398 univiryines
2012 3359 2158 3398 virqines.
2176 3377 2218 3382 —-
2234 3358 2246 3375 ⁴
2264 3360 2347 3392 Eam
2362 3359 2398 3392 D.
2411 3377 2434 3383 -

308 3413 352 3443 ad
382 3411 507 3450 Galae„
539 3410 598 3444 lib.
629 3411 693 3452 nr,
719 3414 803 3454 cap.'
827 3422 869 3451 iv,
902 3412 983 3452 opp.
1005 3417 1027 3443 t.
1047 3410 1102 3451 lv,
1123 3411 1188 3444 col.
1208 3413 1285 3445 314.
1307 3431 1342 3436 —
1389 3414 1498 3446 Etiam
1522 3412 1607 3446 Edd.
1623 3430 1666 3436 —
1690 3412 1703 3429 '⁵
1729 3414 1852 3451 earm„
1872 3424 1971 3454 xxiv,
2000 3426 2030 3447 v.
2055 3417 2095 3447 39
2123 3423 2155 3447 et
2181 3427 2231 3459 sq.
2259 3416 2332 3448 vid.
2362 3416 2429 3448 Sol.

310 3467 322 3484 ⁸
343 3467 396 3501 Sic
415 3467 479 3500 Ac.
495 3466 658 3500 -Habent
673 3467 833 3501 editiones
854 3478 1025 3511 perperam
1043 3480 1051 3500 ε
1074 3468 1220 3501 Univir‘as
1239 3476 1346 3502 autem
1390 3468 1531 3512 Apollin.
1547 3468 1671 3501 Sidonii
1701 3469 1825 3510 Opera,
1840 3469 1969 3503 Parisiis
1991 3472 2072 3504 1632
2085 3498 2095 3511 ‚
2113 3472 2216 3513 ἱππ-10,
2236 3484 2269 3516 p.
2289 3475 2364 3506 416.
2390 3491 2432 3497 -ν-

310 3532 341 3556 et
360 3526 551 3566 uniairyines
567 3527 665 3564 dicit,
688 3527 780 3565 quasi
795 3524 974 3557 monachas
994 3526 1155 3564 univiras,
1171 3534 1245 3566 «μω
1262 3528 1346 3559 viros
1391 3525 1497 3569 ‘Capx
1517 3535 1539 3558 n
1553 3550 1562 3565 ,
1581 3525 1663 3567 Oppa
1688 3531 1711 3558 t.
1730 3524 1787 3558 vn
1799 3550 1807 3566 ‚
1824 3525 1887 3559 col.
1903 3528 1979 3560 675.

1670 3667 1767 3698 '‘u'!

1574 3711 1593 3729 ἠ
1656 3689 1762 3726 >

1578 3733 1607 3743 ,e

1787 3727 1859 3754 ,μ

1722 3763 1796 3771 ,.

1441 3776 1454 3782 ¹·
1732 3774 1741 3785 l!

1360 3777 1472 3842 ›⁹‹-

1660 3825 1682 3837 V

1404 3862 1545 3896 ἰ’
1664 3875 1675 3895 Ι,

2557 2223 2581 2238 *K

308 2218 356 2256 et
372 2219 483 2257 octo
501 2210 733 2276 reliquas?
750 2215 871 2260 Nam
887 2215 1038 2260 Varro
1054 2211 1170 2261 dece
1239 2213 1380 2261 fuisse
1396 2222 1633 2272 autumat,
1655 2226 1859 2276 quarum
1878 2208 2060 2271 insigne
2079 2202 2319 2267 virginitas
2335 2208 2405 2246 est
2416 2234 2427 2256 ,
2607 2202 2684 2280 23ss³-

308 2300 356 2337 et
370 2291 647 2356 virginitatis
664 2294 911 2359 praemium
938 2294 1184 2343 divinatio.
1219 2314 1228 2339 ι
1258 2299 1376 2342 ltem
1397 2314 1407 2342 ε
1431 2315 1455 2340 «
1473 2294 1670 2343 Claudia
1687 2293 1819 2357 virgo
1843 2289 2031 2338 vestalis
2047 2303 2197 2360 quum
2218 2286 2263 2331 in
2279 2284 2431 2348 suspi-
2476 2283 2510 2332 'st
2643 2280 2654 2291 ²
