2970 4152
469 423 520 467 3⁴
533 423 562 467 2
1273 420 1443 467 PETRl
1480 420 1791 472 ABAELARDI

585 515 725 550 Sanson
743 522 871 551 noster
887 514 1049 559 validus,

585 574 801 611 Resurrexit
818 575 1001 611 Dominus
1015 603 1023 619 ,

583 636 733 671 Circum
739 642 862 683 septus
880 634 1054 671 hostibus

630 695 759 730 Portas
777 694 939 731 sustulit.

585 755 797 791 Frustratus
813 754 1033 804 Alophilus‚

628 816 789 863 Stupens
806 815 981 864 ingemit.

584 901 635 937 Ut
654 901 771 938 leonis
791 901 953 945 catulus,

585 962 802 998 Resurrexit
819 963 1023 1007 Dominus,

584 1023 705 1068 Quem
724 1023 872 1071 rugitus
888 1023 1035 1070 patrius

631 1082 700 1118 Die
719 1083 829 1118 tertia

584 1143 744 1178 Suscitat
760 1142 926 1179 vivificus
937 1171 949 1187 ‚

630 1203 743 1239 Teste
759 1203 923 1251 physica.

586 1283 663 1318 Deo
682 1277 775 1329 p‘atri
787 1311 796 1327 ,
816 1290 887 1320 etc.

909 1381 1047 1418 XLIV.

587 1462 696 1498 Veris
719 1470 825 1510 grato
843 1470 1011 1510 tempore
1024 1491 1035 1506 ‚

588 1521 802 1558 Resurrexit
818 1522 1014 1558 Dominus.

588 1572 750 1616 Mundus
768 1581 983 1618 reviviscere

633 1642 761 1688 Quum
774 1642 850 1690 jam
872 1643 1023 1690 incipit,

587 1703 788 1738 Auctorem
808 1714 1002 1751 resurgere

634 1762 765 1798 Mundi
784 1762 926 1799 decuit.

586 1849 742 1884 Cunctis
760 1849 1011 1885 exultantibus
1022 1878 1031 1894 ‚

588 1909 807 1946 Resurrexit
825 1910 1033 1952 Dominus;

586 1969 722 2006 Hei-bis
743 1970 1043 2015 renascentibus,

634 2031 828 2067 Frondent
845 2030 1016 2075 arbores,

588 2092 733 2128 Odores
753 2104 796 2128 ex
816 2091 971 2128 floribus

634 2153 733 2188 Dant
749 2151 990 2199 multiplices·

587 2235 786 2269 Transacta
803 2233 880 2280 jam
901 2233 1048 2278 hieme,

586 2293 806 2330 Resurrexit
823 2293 1005 2328 Dominus
1015 2320 1027 2337 ‚

588 2356 631 2390 ln
649 2354 711 2390 illa
727 2360 915 2402 perpetuae

638 2415 734 2452 Vitae
752 2413 905 2462 gaudia,

590 2475 736 2512 Nullius
754 2474 931 2510 molestiae

636 2537 727 2582 Quae
744 2542 831 2571 sunt
848 2535 1008 2571 conscia.

591 2622 600 2639 ¹
616 2646 683 2653 .....
703 2623 885 2654 restauret
905 2617 1047 2658 omnia,

588 2678 807 2714 Resurrexit
822 2677 1024 2721 Dominus,

590 2740 784 2788 Tanquam
803 2738 871 2773 ista
890 2735 1022 2784 gaudia

638 2798 804 2835 Mundus
822 2798 999 2842 senserit,

589 2861 716 2904 Quum
740 2869 849 2894 carne
866 2855 1052 2892 dominica

636 2922 657 2956 J
660 2934 716 2956 am
737 2918 918 2956 refloruit.

570 3004 644 3038 neo
662 3002 775 3049 patri,
796 3007 866 3035 etc.

924 3093 1040 3129 XLV.

573 3179 613 3212 In
630 3178 818 3212 montibus
835 3176 896 3210 hic
915 3173 1069 3218 saliens,

575 3237 691 3273 Venit
711 3235 820 3271 colles
838 3234 1062 3277 transiliens,

525 3299 705 3347 Sponsam
723 3302 826 3331 vocat
837 3294 883 3330 de
900 3293 1111 3330 montium⁸
1126 3293 1287 3328 vertice:

526 3360 645 3405 Surge
664 3386 673 3399 ,
694 3368 797 3393 soror
813 3382 822 3399 ,
843 3361 880 3390 et
897 3366 954 3390 me
972 3354 1047 3400 jam
1067 3365 1236 3401 sequere.

526 3497 534 3513 ¹
562 3494 747 3529 Membrana
766 3491 916 3525 hocloco
933 3500 1025 3524 erasa
1041 3496 1103 3523 est.
1116 3505 1161 3514 ·-
1177 3489 1190 3506 ²
1211 3489 1289 3532 Leg.
1309 3490 1437 3522 montis.

1654 516 1713 552 Ad
1731 523 1928 566 paternum
1948 515 2124 564 palatium
2136 543 2146 560 ‚

1654 576 1714 612 Ad
1732 577 1848 625 patris
1863 575 2042 612 scandens
2060 575 2213 618 solium,

1585 635 1755 684 xSpo'nsae
1771 637 1904 673 clamat
1922 652 1929 671 :
1952 634 2095 671 Dilecta
2108 662 2118 678 ‚
2138 646 2298 683 propera
2314 651 2323 678 ;

1605 696 1699 733 Sede
1721 709 1865 733 mecum
1882 696 1921 731 in
1939 695 2054 744 patris
2071 694 2234 732 dextera.

1653 783 1789 819 Omnis
1809 783 1918 819 turba
1936 790 1972 818 te
1990 782 2147 826 civium,

1654 843 1710 879 Te
1729 854 1888 890 regnum
1906 849 2032 878 manet
2050 842 2226 890 patrium.

1606 903 1695 938 Tuae
1712 910 1791 939 tota
1807 914 1893 938 cum
1910 910 2015 953 patre
2032 902 2135 938 curia

1606 963 1811 999 Praesentiae
1826 963 1986 1011 requirit
2006 961 2151 1011 gaudia.

1653 1049 1745 1094 Quae
1763 1049 1862 1096 regis
1878 1059 2018 1096 sponsae
2034 1054 2262 1095 congruant,

1654 1109 1745 1155 Quae
1762 1109 1898 1157 reginae
1915 1108 2138 1144 conveniant
2148 1135 2158 1152 ‚

1605 1168 1678 1204 Hic
1696 1168 1855 1204 intextas
1870 1179 1916 1203 ex
1933 1178 2025 1203 auro
2043 1166 2210 1215 cyclades

1606 1228 1703 1264 Cum
1724 1228 1902 1276 purpuris
1919 1227 2115 1276 gemmatis
2135 1225 2280 1263 indues,

1656 1314 1714 1351 Sit
1732 1314 1885 1350 Christo
1903 1325 2050 1349 summa⁴
2066 1313 2182 1360 gloria
2194 1340 2204 1357 ‚

1655 1375 1731 1421 Qui
1750 1373 1929 1410 scandens
1947 1385 2060 1422 super
2076 1371 2212 1418 sidera,

1608 1434 1704 1470 Cum
1723 1434 1886 1483 Spiritu,
1902 1445 1987 1469 cum
2005 1439 2130 1481 patre,
2149 1444 2281 1480 supera

1608 1494 1708 1531 Deus
1724 1506 1822 1530 unus
1840 1494 1938 1542 regit
1955 1499 1993 1530 et
2013 1492 2145 1529 infera.

2314 1551 2431 1586 Amen.

2002 1659 2139 1697 XLVI.

1656 1753 1891 1801 Quibusdam
1913 1754 2017 1803 quasi
2041 1753 2194 1789 saltibus

1654 1814 1815 1862 Superni
1832 1815 1948 1862 patris
1964 1813 2061 1849 filius
2072 1841 2082 1857 ‚

1610 1874 1668 1911 Ad
1685 1882 1831 1910 terrena
1850 1874 1951 1910 venit
1967 1886 1988 1909 a
2006 1874 2168 1922 superis,

1610 1934 1783 1984 Spoliatis
1800 1946 1901 1970 nunc
1917 1933 2016 1970 redit
2033 1933 2213 1970 Tartaris.

1654 2023 1687 2057 A
1708 2022 1790 2057 sinu
1808 2021 1910 2057 venit
1926 2020 2069 2068 patrio',

1659 2082 1789 2117 Matris
1806 2088 1998 2129 susceptus
2015 2086 2125 2116 utero
2139 2095 2148 2124 ς

1609 2142 1654 2176 In
1676 2141 1874 2190 sepulchro
1892 2141 1938 2177 de
1957 2152 2066 2176 cruce
2083 2141 2226 2188 positus

1611 2201 1831 2237 Resurrexit
1847 2213 1913 2249 per
1932 2212 2045 2250 quem
2065 2200 2308 2248 resurgimus·

1658 2287 1929 2323 Ascendentem
1948 2285 1996 2322 ad
2012 2285 2146 2322 aethera
2157 2313 2167 2330 ‚

1658 2347 1786 2383 Nubes
1801 2347 1945 2394 excepit
1963 2346 2112 2390 lucida;

1611 2407 1822 2442 Terebatur
1839 2406 1973 2443 erectis
1989 2405 2160 2442 manibus
2170 2434 2179 2450 ‚

1614 2466 1840 2503 Benedicens
1858 2467 1934 2502 suis
1952 2466 2172 2503 astantibus.

1660 2553 1931 2590 Ascendentem
1950 2553 2191 2590 cernentibus

1660 2616 1715 2650 Ac
1735 2625 1847 2662 super
1872 2614 1944 2650 hoc
1962 2613 2206 2659 mirantibus,

1614 2673 1827 2710 Astiterunt
1850 2674 1887 2710 in
1907 2673 2000 2710 albis
2015 2673 2134 2722 angeli
2148 2700 2159 2720 ,

1610 2734 1704 2769 Tam
1720 2734 1812 2770 facie
1829 2746 1942 2782 quam
1959 2741 2058 2770 veste
2074 2732 2198 2770 nitidi.

1658 2820 1761 2867 Quid
1773 2849 1783 2866 ‚
1804 2820 1983 2868 inquiunt
1998 2820 2172 2865 attoniti,

1659 2881 1720 2917 Sic
1742 2881 1877 2916 coelum
1896 2880 2128 2916 intuemini?

1612 2942 1735 2987 Quem
1750 2948 1903 2977 euntem
1920 2941 1959 2976 in
1980 2940 2115 2977 coelum
2133 2941 2302 2984 cernitis,

1615 3003 1675 3038 Sic
1692 3002 1815 3037 veniet
1831 3002 1871 3037 in
1887 3001 2007 3037 forma
2026 3000 2178 3048 judicis.

1659 3087 1714 3123 Sit
1732 3099 1897 3132 summo,
1924 3094 1994 3124 etc.

2001 3193 2161 3231 XLVII.

1660 3294 1701 3329 Iu
1725 3294 1833 3330 terris
1850 3293 1975 3330 adhuc
1991 3292 2169 3341 positam,

1662 3353 1842 3402 Sponsam
1860 3353 2035 3393 Christus
2052 3350 2251 3401 Ecclesiam
