2840 4178
748 875 1163 949 LECTORI
1215 872 1571 948 VICTOR
1623 870 1992 946 GOUSIN.

376 1218 697 1288 Quindecim
715 1217 825 1270 fere
840 1216 1037 1269 abhinc
1055 1216 1208 1268 annis
1214 1255 1228 1280 ,
1255 1216 1313 1267 in
1334 1214 1559 1286 prologo
1575 1214 1671 1286 qui
1690 1213 2027 1286 praemittitur
2044 1213 2298 1286 operibus
2320 1213 2427 1265 dia-

305 1322 501 1375 lecticis
524 1320 664 1373 Petri
690 1316 954 1371 Abaelardi
976 1330 1105 1370 tunc
1125 1317 1359 1389 primum
1378 1314 1576 1381 editis¹,
1600 1314 1924 1388 professores
1941 1314 2060 1368 illos
2080 1314 2429 1387 philosophiae

303 1439 415 1474 non
437 1422 507 1473 ita
527 1438 743 1492 paucOS,
763 1419 860 1490 qui
877 1437 1023 1470 nunc
1042 1415 1186 1489 apud
1205 1405 1304 1469 nos
1322 1417 1521 1486 vigent,
1538 1426 1590 1468 et
1608 1414 1808 1487 quibus
1826 1414 2149 1468 curriculum
2165 1417 2430 1487 aperuisse

301 1523 449 1574 laetor
467 1533 519 1573 et
538 1522 755 1592 glorior,
770 1520 1108 1572 vehementer
1123 1517 1374 1570 hortabar
1388 1527 1449 1568 ut
1468 1534 1644 1588 sparsa
1657 1513 1921 1569 Abaelardi
1940 1516 2134 1588 scripta
2153 1515 2280 1567 hinc
2305 1514 2430 1567 inde

302 1624 359 1674 in
387 1641 554 1674 unum
579 1623 912 1692 colligerent,
941 1632 993 1672 et
1023 1621 1096 1673 sic
1130 1619 1197 1672 de
1234 1618 1573 1690 philosophia
1603 1618 1759 1671 simul
1784 1630 1837 1670 et
1859 1617 1927 1671 de
1950 1619 2121 1690 patria
2150 1618 2289 1670 bene
2322 1637 2429 1669 me-

300 1733 561 1774 rerentur.
604 1720 707 1773 Sed
742 1739 909 1791 quum
951 1719 1444 1791 praeterlabentibus
1494 1719 1647 1771 annis
1698 1717 1877 1770 nullus
1925 1730 2173 1790 appareat
2221 1720 2315 1789 qui
2378 1738 2430 1770 se

300 1834 444 1891 gerat
472 1818 751 1873 Abaelardo
787 1818 1052 1871 vindicem
1083 1830 1135 1870 et
1159 1816 1484 1888 respondere
1502 1818 1637 1869 votis
1661 1818 1791 1869 meis
1815 1828 2057 1888 paratum
2076 1858 2089 1882 ,
2122 1819 2234 1889 ipse
2271 1837 2431 1887 cogor

299 1922 563 1992 suscipere
600 1921 899 1991 neglectum
926 1938 1063 1971 onus
1082 1960 1094 1983 ,
1123 1930 1175 1971 et
1194 1929 1317 1990 post
1335 1927 1415 1970 tot
1438 1916 1673 1981 laboreS,
1702 1915 1940 1988 dumque
1968 1918 2057 1969 alii
2081 1935 2141 1969 ac
2169 1918 2322 1971 multi
2342 1918 2431 1971 de-

298 2022 434 2075 fesso
472 2022 602 2073 mihi
639 2040 735 2074 nec
765 2021 871 2092 jam
904 2021 1111 2091 integro
1145 2020 1302 2072 etiam
1334 2018 1681 2083 incumbunt,
1707 2017 1946 2071 laborem
1973 2019 2193 2093 insuper
2214 2021 2427 2093 aggredi

296 2138 514 2186 novum,
530 2140 690 2191 quem
710 2138 949 2173 recusare
976 2117 1224 2171 videntur
1235 2119 1493 2190 juniores,
1516 2117 1783 2170 Incertum
1805 2136 1875 2172 an
1898 2118 2192 2190 perficiam,
2211 2120 2293 2174 his
2307 2140 2430 2193 prae-

296 2224 474 2276 sertim
483 2222 815 2296 temporibus
828 2240 947 2294 quae
959 2222 1119 2275 vitam
1131 2232 1470 2292 mentemque
1480 2221 1669 2274 misere
1680 2218 1999 2274 distrahunt.
2016 2223 2084 2274 At
2097 2223 2234 2275 vires
2249 2223 2428 2276 forsan

295 2324 520 2378 sufficiet
550 2344 698 2379 amor
739 2325 828 2377 ille
866 2323 1217 2398 philosophiae
1249 2325 1373 2396 qui,
1404 2341 1574 2396 quum
1604 2333 1688 2376 me
1715 2323 1963 2396 juvenem
1995 2323 2424 2391 inflammaverit,

295 2423 520 2489 fovebit,
548 2437 607 2476 ut
631 2443 786 2496 spero
806 2423 1078 2497 equidem,
1105 2434 1462 2478 senescentem
1484 2422 1885 2496 invalidumque
1914 2424 2231 2488 sustinebit?

366 2524 414 2576 N
416 2543 489 2576 on
507 2525 595 2577 hic
615 2525 764 2579 locus
790 2537 868 2579 est
885 2524 1181 2579 disserendi
1202 2524 1270 2578 de
1294 2526 1449 2579 Petro
1465 2523 1767 2590 Aboelardo,
1791 2543 1959 2596 quum
1978 2526 2091 2597 ipse
2111 2525 2169 2577 in
2191 2525 2422 2598 Prologo

297 2627 611 2679 ineditorum
644 2646 860 2699 operam
890 2626 1185 2681 doctrinam
1220 2627 1383 2694 illius,
1418 2639 1533 2680 tum
1563 2613 1986 2700 philosophicam
2022 2639 2134 2681 tum
2160 2620 2423 2700 theologi-

294 2746 434 2793 cam,
471 2729 805 2800 exposuerim
836 2739 889 2782 et
917 2728 1319 2801 perpenderim,
1354 2730 1513 2782 vitam
1552 2741 1727 2782 autem
1769 2730 1851 2782 vir
1883 2730 2226 2784 amicissimus
2260 2731 2423 2784 Caro-

293 2826 373 2878 lus
423 2828 669 2881 Remusat
713 2829 785 2882 ita
829 2827 1131 2900 depinxerit
1182 2839 1243 2882 ut
1287 2830 1565 2901 ingenioso
1599 2840 1652 2882 et
1688 2828 1992 2883 doctissimo
2050 2830 2190 2883 libro
2207 2838 2221 2860 ¹
2265 2830 2422 2902 quid-

293 2945 451 2997 quam
478 2926 672 2980 addere
705 2929 772 2981 sit
795 2927 1189 2982 difficillimum.
1214 2927 1464 2984 Ceterum
1489 2930 1547 2982 in
1572 2941 1827 3002 promptu
1850 2941 1973 2983 sunt
1997 2928 2419 2984 luculentissimae

293 3039 343 3078 et
395 3029 539 3080 omni
589 3047 781 3100 genere
832 3028 1149 3083 eruditionis
1204 3029 1409 3084 refertae
1455 3029 1680 3084 Andreae
1724 3031 2044 3098 Quercetani
2088 3031 2417 3086 Turonensis

290 3127 356 3179 ad
383 3129 683 3182 Historiam
709 3131 1086 3184 calamitatum
1119 3143 1258 3185 notae
1277 3172 1290 3197 ‚
1319 3150 1452 3203 quas
1476 3132 1565 3184 hic
1581 3137 1623 3198 ⁸,
1656 3150 1754 3185 nec
1780 3133 1893 3185 sine
1920 3131 2240 3204 quibusdam
2271 3131 2418 3186 addi-

292 3231 562 3295 tamentiS,
590 3231 740 3303 prelo
764 3232 955 3285 iterum
981 3250 1249 3304 expressas
1289 3233 1543 3286 invenies.
1572 3232 1632 3286 Id
1664 3252 1832 3286 unum
1855 3233 1977 3286 volo
2003 3234 2059 3285 in
2096 3234 2192 3286 hac
2230 3233 2414 3305 praefa-

340 3392 348 3409 ¹
377 3391 567 3426 ouvnmsss
590 3395 727 3429 manns
748 3395 972 3439 n'Amimnn,
995 3394 1110 3438 in-40,
1138 3396 1247 3438 1836,
1273 3395 1519 3437 Introduction,
1551 3408 1589 3442 p.
1618 3407 1667 3432 vr.
1684 3395 1756 3422 -2
1773 3394 1938 3436 Abe'tard,
1970 3397 1990 3429 Ξ
2018 3397 2089 3430 vol.
2114 3397 2215 3439 ἱππ-80,
2244 3398 2348 3431 1845.
2367 3415 2400 3423 -

290 3459 301 3475 ²
321 3459 433 3502 Infra,
456 3473 490 3506 p.
512 3462 629 3497 38-71.
