2970 4152
982 395 1292 443 EXPOSlTlO
1327 397 1386 444 IN
1419 397 1812 446 HEXAMERON.
2360 398 2454 448 647

336 492 485 540 modo
514 492 705 540 alterius
730 489 871 542 nobis
893 507 994 538 esse
1015 490 1256 550 videntur,
1280 489 1357 537 vel
1378 507 1684 555 quocumque
1706 490 1856 537 modo
1879 490 2053 537 nostris
2076 490 2346 555 aspectibus
2368 509 2452 539 va-

334 573 534 620 riantur.

401 657 503 700 «Et
524 663 759 718 tempora.
784 669 808 696 »
833 654 936 698 Hoc
959 661 1030 698 est
1050 661 1325 716 temporum
1353 651 1789 716 computationem,
1821 651 1943 698 sicut
1972 651 2159 699 dierum
2189 651 2265 699 vel
2294 669 2449 700 anno-

331 749 462 791 rum,
493 750 599 797 quae
626 732 785 780 statim
811 748 898 796 per
928 731 1145 797 exempla
1172 732 1401 797 supponit
1428 749 1439 778 :
1467 731 1568 778 dies
1597 731 1725 778 enim
1748 742 2083 796 computamus
2107 742 2249 797 atque
2278 750 2450 780 nume-

331 827 492 858 ramus
515 811 781 859 secundum
810 821 970 858 motus
999 822 1046 859 et
1075 811 1315 858 discursus
1348 810 1460 858 solis
1489 810 1550 858 ab
1580 811 1764 858 oriente
1786 812 1836 858 in
1866 811 2190 871 occidentem,
2217 823 2264 860 et
2294 830 2450 861 annos

329 892 595 939 secundum
634 891 957 939 revolutiones
991 893 1091 956 ejus
1132 902 1180 940 et
1215 908 1568 956 nonnunquam
1602 902 1883 939 caeterorum
1917 892 2218 956 planetarum
2252 910 2452 960 compu-

328 981 429 1019 tare
450 972 681 1031 solemus,
707 982 760 1019 ut
784 982 904 1036 quot
925 972 1146 1019 videlicet
1168 972 1491 1019 revolutiones
1513 982 1626 1019 sunt
1648 989 1817 1019 eorum
1839 971 1901 1019 ad
1923 971 2051 1019 idem
2081 982 2338 1036 punctum,
2376 984 2450 1020 tot

326 1064 481 1099 annos
502 1052 614 1099 solis
636 1052 712 1099 vel
734 1053 926 1100 Saturni
946 1052 1022 1099 vel
1045 1052 1249 1100 aliorum
1270 1052 1572 1117 planetarum
1595 1052 1826 1099 dicamus.

394 1150 417 1177 κ
443 1135 501 1179 Et
537 1132 790 1179 luceant.»
829 1135 891 1179 Ut
925 1131 1038 1179 alibi
1064 1151 1088 1176 α
1118 1132 1236 1190 sint,
1266 1151 1289 1176 »
1329 1141 1376 1179 et
1398 1131 1511 1179 alibi
1549 1150 1573 1176 «
1590 1130 1900 1178 illuminent»
1926 1141 2129 1191 terram,
2158 1131 2334 1179 scilicet
2364 1132 2448 1179 ubi

326 1212 647 1259 necessarium
670 1221 740 1259 est
761 1210 1070 1277 splendorem
1091 1228 1233 1258 suum
1256 1211 1370 1258 inde
1392 1211 1680 1276 spargentia.

391 1310 414 1335 α
434 1292 673 1356 Fecitque.
698 1310 721 1335 υ
758 1291 1019 1348 Quomodo
1048 1291 1227 1338 factum
1258 1291 1318 1338 sit
1349 1290 1410 1338 de
1438 1290 1529 1338 illis
1567 1290 1628 1338 ad
1662 1290 1979 1338 dividendum
2012 1290 2142 1338 diem
2176 1302 2222 1338 et
2252 1303 2446 1340 noctem

322 1369 455 1433 quod
483 1371 615 1435 prius
638 1370 821 1418 dixerat
849 1370 1068 1435 exponit,
1102 1387 1254 1434 quum
1281 1369 1434 1417 solem
1465 1369 1527 1417 ad
1561 1369 1961 1417 illuminationem
1995 1369 2155 1416 diurni
2190 1373 2442 1436 temporis,

321 1449 486 1497 lunam
508 1460 555 1497 et
576 1450 734 1498 stellas
757 1451 819 1498 ad
843 1450 1244 1499 illuminationem
1267 1450 1494 1498 nocturni
1516 1450 1788 1497 instituerit.

389 1549 412 1574 α
435 1531 689 1578 Luminare
712 1532 881 1595 majus.
905 1550 928 1577 »
954 1531 1142 1579 Scilicet
1169 1531 1345 1591 solem,
1372 1548 1473 1579 non
1495 1540 1595 1579 tam
1624 1531 1697 1578 sui
1725 1530 1856 1578 orbis
1886 1531 2151 1595 quantitate
2181 1548 2328 1597 quam
2350 1549 2444 1580 suae

319 1609 679 1658 illuminationis
707 1612 883 1659 virtute
911 1621 1147 1677 quantum
1174 1611 1237 1659 ad
1265 1628 1459 1659 sensum
1495 1620 1714 1659 nostrum
1733 1648 1745 1671 ,
1779 1612 1862 1677 qui
1891 1611 2122 1675 majorem
2154 1612 2267 1659 inde
2295 1614 2441 1660 susci-

318 1689 476 1753 pimus
498 1689 917 1739 illuminationem.

385 1787 409 1814 «
428 1772 649 1817 Praeesset
664 1770 776 1818 diei.
799 1790 824 1815 »
849 1773 1095 1835 Tanquam
1113 1770 1335 1818 videlicet
1355 1771 1514 1836 ipsum
1535 1770 1765 1817 diurnum
1787 1779 1975 1836 tempus
1997 1770 2345 1818 illuminatione
2368 1772 2439 1818 sui

315 1847 549 1909 efficiens,
573 1849 649 1897 vel
670 1849 828 1898 lucem
849 1850 1188 1899 circumferens
1203 1887 1215 1908 ,
1247 1851 1369 1898 sicut
1390 1849 1506 1898 luna
1527 1860 1574 1897 et
1595 1849 1738 1912 stellae
1761 1850 1910 1896 nocti.

384 1949 406 1976 «
429 1931 684 1979 Luminare
707 1932 881 1979 minus.
906 1950 929 1976 »
956 1935 1141 1979 Lunam
1163 1931 1303 1991 dicit,
1335 1931 1471 1996 quasi
1499 1931 1761 1979 secundam
1791 1947 1820 1978 a
1846 1929 1947 1978 sole
1978 1931 2027 1978 in
2060 1931 2231 1980 effectu
2259 1931 2436 1979 illumi-

314 2010 489 2070 nandi,
524 2011 658 2076 quod
697 2013 834 2060 terris
867 2013 1187 2077 propinquior
1229 2012 1288 2059 sit
1328 2013 1474 2077 quam
1514 2011 1658 2059 stellae
1678 2049 1689 2071 ,
1731 2011 1936 2076 ideoque
1977 2011 2210 2075 majorem
2242 2013 2341 2059 vim
2374 2015 2435 2061 ad

311 2089 572 2139 lucendum
594 2092 735 2139 nobis
757 2092 933 2141 haheat
951 2109 1098 2157 quam
1119 2092 1287 2152 stellae,
1313 2093 1400 2140 etsi
1423 2092 1591 2157 aliquae
1618 2093 1830 2158 ipsarum
1859 2093 2009 2158 magis
2030 2109 2059 2139 a
2079 2091 2220 2140 nobis
2243 2104 2437 2140 remotae

311 2171 516 2236 amplius
537 2172 806 2237 splendoris
828 2173 904 2221 vel
927 2173 1270 2237 magnitudinis
1292 2173 1472 2220 habere
1494 2173 1769 2221 credantur.

378 2270 403 2296 «
421 2255 480 2298 Et
512 2252 687 2300 stellas.
715 2271 738 2297 »
772 2252 1033 2312 Subaudit,
1064 2253 1298 2312 similiter,
1325 2253 1436 2300 fecit
1469 2262 1523 2300 ut
1550 2263 1807 2318 praeessent
1840 2253 1988 2301 nocti.
2015 2273 2039 2298 «
2076 2256 2189 2312 Eas,
2212 2272 2235 2298 υ
2263 2254 2430 2313 etiam3

309 2332 485 2380 scilicet
504 2333 660 2381 stellas
682 2335 731 2381 in
757 2333 1064 2383 firmamento
1087 2335 1209 2382 sicut
1231 2334 1382 2382 solem
1405 2343 1452 2381 et
1474 2334 1657 2381 lunam.

375 2432 397 2456 «
421 2416 483 2459 Ut
504 2413 733 2460 lucerent.
758 2433 781 2459 υ
820 2414 951 2461 Istud
986 2415 1308 2463 communiter
1342 2424 1441 2462 tam
1463 2414 1524 2461 ad
1550 2414 1711 2461 stellas
1729 2423 1876 2479 quam
1901 2414 1963 2462 ad
1998 2414 2149 2462 solem
2185 2418 2231 2462 et
2264 2414 2431 2462 lunam

308 2492 612 2545 referendum
642 2504 730 2541 est.
768 2494 990 2559 Alioquin
1024 2512 1124 2543 non
1148 2505 1347 2560 apparet
1377 2494 1627 2559 quomodo
1650 2494 1856 2554 diceret,
1894 2506 1947 2542 ut
1968 2505 2223 2561 praeessent
2246 2496 2340 2544 diei
2375 2513 2430 2544 ac

307 2574 463 2633 nocti,
484 2591 634 2638 quum
655 2574 876 2621 videlicet
901 2574 1044 2622 stellae
1068 2576 1196 2623 nocti
1216 2584 1404 2623 tantum
1423 2591 1640 2639 praeesse,
1662 2592 1762 2622 non
1780 2575 1897 2634 diei,
1910 2575 2138 2623 habeant.
2159 2578 2265 2623 Non
2283 2593 2430 2641 parva

305 2655 503 2719 quaestio
527 2665 597 2702 est
619 2655 680 2702 de
702 2655 930 2720 planetis,
950 2656 1034 2719 qui
1056 2665 1226 2703 contra
1247 2654 1605 2703 firmamentum
1629 2655 1738 2702 ferri
1761 2655 2004 2715 dicuntur,
2044 2665 2206 2703 utrum
2231 2657 2430 2705 animati

304 2736 422 2794 sint,
448 2745 501 2782 ut
523 2735 824 2800 philosophis
847 2735 1003 2782 visum
1025 2745 1119 2794 est,
1155 2741 1202 2782 et
1224 2734 1422 2800 quidam
1445 2735 1638 2800 spiritus
1667 2734 1756 2782 illis
1785 2736 1978 2800 praesint
2006 2736 2315 2801 corporibus,
2341 2739 2425 2802 qui

305 2815 434 2862 hunc
456 2816 524 2862 eis
540 2823 727 2863 motum
749 2815 988 2874 tribuant,
1015 2831 1075 2863 an
1099 2815 1201 2864 sola
1222 2815 1309 2863 Dei
1332 2814 1579 2862 voluntate
1601 2825 1649 2862 et
1676 2815 1982 2863 ordinatione
2006 2815 2137 2863 hunc
2160 2816 2428 2864 discursum

304 2893 616 2942 immobiliter
652 2905 864 2943 teneant.
903 2894 1181 2960 Philosophi
1216 2911 1330 2943 vero
1368 2905 1469 2943 tam
1502 2911 1585 2942 eos
1622 2911 1767 2959 quam
1802 2896 1961 2960 ipsum
1995 2905 2152 2942 totum
2189 2896 2427 2944 mundum

301 2977 540 3024 animatos
571 2993 672 3024 esse
694 2976 970 3035 adstruunt,
997 2985 1043 3024 et
1068 2975 1287 3041 quaedam
1310 2975 1534 3024 animalia
1556 2975 1806 3024 rationalia
1822 3013 1833 3035 ,
1859 2976 2149 3024 immortalia
2166 2987 2308 3042 atque
2334 2978 2425 3025 im-

301 3053 545 3120 passibilia
578 3073 677 3103 non
714 3055 938 3103 dubitant
974 3072 1181 3103 asserere
1199 3093 1210 3114 ,
1258 3055 1471 3103 dicentes
1505 3072 1702 3103 omnem
1738 3065 1926 3103 motum
1959 3057 2007 3103 in
2044 3057 2328 3122 corporibus
2362 3058 2423 3106 ab

302 3137 460 3184 anima
482 3136 691 3201 incipere
705 3172 717 3195 ,
738 3152 828 3182 nec
852 3145 1019 3200 postea
1041 3152 1216 3201 corpus
1239 3135 1330 3182 nisi
1353 3152 1438 3200 per
1462 3151 1570 3183 eam
1592 3135 1793 3182 moveri.
1819 3136 1913 3193 Qui
1936 3136 2079 3183 etiam
2102 3136 2341 3184 mundum
2357 3138 2424 3186 ita

300 3215 478 3281 ubique
501 3215 787 3264 animalibus
810 3215 983 3280 repleri
1015 3214 1213 3275 volunt,
1254 3225 1306 3263 ut
1334 3214 1529 3279 singulae
1558 3215 1729 3262 mundi
1761 3225 1919 3280 partes
1951 3215 2163 3263 habeant
2199 3217 2422 3266 animalia

301 3296 519 3361 propria,
551 3311 631 3342 aer
653 3294 851 3360 quidem
881 3294 968 3341 iste
1003 3294 1199 3342 inferior
1227 3304 1275 3341 et
1307 3294 1636 3360 corpulentior
1670 3311 1820 3359 usque
1851 3294 1912 3342 ad
1946 3294 2111 3354 lunam
2147 3294 2388 3343 daemones
2407 3334 2418 3356 ,

298 3376 517 3441 superior
539 3392 653 3423 vero
676 3392 785 3441 pars
812 3373 1004 3433 mundi,
1030 3388 1177 3439 quam
1198 3374 1457 3422 aethereum
1479 3374 1654 3421 coelum
1670 3375 1922 3422 nominare
1943 3374 2174 3435 solemus,
2207 3375 2420 3441 planetas

302 3455 375 3503 vel
397 3465 564 3503 caetera
588 3455 760 3503 sidera.
788 3457 945 3512 Quam
975 3454 1169 3518 quidem
1205 3455 1490 3502 sententiam
1517 3454 1685 3503 beatus
1719 3455 2006 3518 Augustinus
2035 3472 2419 3502 commemorans
