2970 4152
2617 334 2626 356 0

590 379 651 424 :30
1169 381 1338 425 PETRI
1375 380 1687 429 ABAELARDI
1722 381 1796 427 ET
1830 379 2130 425 HELOISSAE

588 489 748 520 meum
781 473 857 520 die
892 489 947 519 ac
983 483 1143 520 nocte
1139 474 1408 568 cruciaret,
1439 492 1589 539 quum
1614 485 1711 522 tam
1745 475 1912 521 animae
1941 489 2057 519 meae
2087 488 2230 535 quam
2254 473 2467 536 corporis
2493 473 2699 538 pericu-la

585 569 859 615 pensan-,em
889 552 1131 598 neminem
1151 552 1251 615 jam
1280 524 1425 600 latere
1457 552 1676 601 arbitror.
1706 556 1796 601 Cei
1798 563 1901 599 tum
1930 551 2108 615 quippe
2132 549 2368 598 habebam
2391 551 2524 615 quod
2552 553 2591 605 si
2614 568 2697 599 eos

586 632 647 679 ad
681 631 945 695 regularem
975 632 1122 678 vitam
1161 648 1307 696 quam
1340 633 1541 697 professi
1566 633 1751 681 fuerant
1779 630 2066 696 compellere
2099 633 2359 677 tentarem¹
2373 665 2387 690 ,
2429 647 2506 677 me
2537 631 2696 681 vivere

586 726 684 757 non
710 727 875 774 posse,
905 712 974 757 et*
996 711 1036 757 si
1058 710 1223 759 hocin
1251 722 1485 777 quantum
1515 728 1705 777 possem
1730 728 1830 759 non
1855 703 2069 774 agerem,
2097 726 2175 757 me
2198 709 2549 756 damnandum'
2576 726 2693 760 esse.

587 793 740 853 Ipsam
760 790 902 836 etiam
918 790 1158 838 abbatiam
1175 801 1403 856 tyrannus
1419 792 1615 857 quidam
1634 793 1682 838 in
1702 801 1825 838 terra
1843 790 1922 837 illa
1938 790 2291 854 potentissimus
2306 790 2371 836 ita
2389 789 2490 852 jam
2507 788 2591 836 diu
2611 789 2701 840 sibi

586 868 938 932 subjugaverat,
966 887 1024 917 ex
1048 871 1401 919 inordinatione
1425 872 1601 918 scilicet
1626 871 1772 936 ipsius
1802 869 2078 916 monasterii
2101 878 2267 916 nactus
2294 869 2623 928 occasionem,
2649 878 2701 916 ut

587 949 748 995 omnia
775 949 881 996 ¹loca
916 952 1204 998 monasterio
1236 952 1501 1014 adjacentia
1531 952 1581 998 in
1612 967 1724 998 usus
1756 950 1977 1014 proprios
2007 948 2283 1012 redegisset,
2317 964 2373 995 ac
2405 947 2699 1012 gravioribus

584 1028 908 1075 exactionibus
936 1029 1199 1076 monachos
1233 1031 1362 1095 ipsos
1390 1047 1533 1094 quam
1559 1029 1831 1077 tributarios
1851 1028 2034 1092 judaeos
2058 1028 2328 1091 exagitaret.
2362 1027 2600 1091 Urgebant
2622 1043 2702 1074 me

582 1107 807 1154 monachi
841 1124 931 1172 pro
968 1109 1392 1157 necessitudinibus
1428 1109 1739 1173 quotidianis,
1769 1126 1918 1173 quum
1956 1108 2075 1156 nihil
2105 1108 2153 1154 in
2185 1122 2443 1154 commune
2471 1105 2703 1153 haberent

582 1186 716 1249 quod
738 1188 804 1234 eis
822 1188 1162 1248 ministrarem,
1185 1189 1269 1236 sed
1290 1190 1614 1253 unusquisque
1632 1189 1693 1236 de
1708 1189 1913 1254 propriis
1932 1188 2048 1235 olim
2063 1187 2313 1252 marsupiis
2338 1202 2388 1233 se
2411 1195 2459 1233 et
2477 1183 2701 1234 concubi-

585 1282 668 1312 nas
693 1283 801 1314 suas
821 1284 932 1314 cum
957 1267 1063 1315 filiis
1089 1271 1159 1316 et'·
1178 1268 1364 1316 filiabus
1389 1278 1686 1317 sustentaret.
1725 1268 2009 1316 Gaudebant
2035 1284 2113 1315 me
2135 1284 2278 1332 super
2306 1266 2401 1313 hoc
2425 1266 2626 1326 anxiari,
2653 1275 2701 1313 et

584 1346 674 1409 ipsi
691 1363 884 1411 quoque
904 1348 1183 1395 furabantur
1199 1359 1245 1396 et
1261 1348 1568 1414 asportabant
1585 1365 1690 1413 quae
1707 1357 1952 1413 poterant,
1974 1357 2028 1394 ut
2044 1363 2195 1411 quum
2218 1346 2268 1392 in
2294 1344 2700 1392 administratione

585 1428 687 1490 ipsa
721 1427 1001 1487 deficerem,
1042 1428 1375 1494 compellerer³
1403 1438 1484 1476 aut
1514 1445 1542 1475 a
1577 1428 1826 1493 disciplina
1862 1443 2066 1485 cessare,
2106 1436 2188 1473 aut
2220 1425 2419 1472 omnino
2459 1423 2696 1472 recedere
2681 1440 2729 1524 ὲ

585 1509 747 1563 Quum
783 1518 942 1555 autem
970 1518 1070 1555 tota
1100 1518 1235 1555 terrae
1271 1508 1395 1555 illius
1422 1508 1664 1555 barbaries
1693 1508 1870 1573 pariter
1904 1506 2038 1553 exlex
2073 1516 2119 1552 et
2158 1504 2529 1568 indisciplinata⁶
2557 1513 2701 1563 esset,

586 1585 703 1632 nulli
719 1597 854 1633 erant
871 1587 1127 1633 hominum
1152 1587 1214 1633 ad
1232 1604 1439 1650 quorum
1455 1587 1711 1650 confugere
1727 1601 1918 1650 possem
1934 1585 2248 1648 adjutorium,
2271 1599 2422 1647 quum
2446 1599 2472 1629 a
2491 1581 2706 1629 moribus

585 1665 802 1710 omnium
826 1665 1002 1728 pariter
1020 1664 1314 1712 dissiderem.
1340 1665 1471 1711 Foris
1489 1681 1567 1711 me
1592 1675 1821 1728 tyrannus
1839 1664 1916 1712 ille
1936 1674 1982 1712 et
2006 1662 2227 1711 satellites
2246 1662 2320 1710 sui
2336 1661 2525 1711 assidue
2543 1661 2706 1726 oppri-

585 1742 801 1803 mebant,
830 1744 958 1791 intus
973 1744 1091 1790 mihi
1110 1745 1273 1791 tratres
1291 1745 1582 1792 incessanter
1596 1743 1962 1792 insidiabantur⁷
1979 1762 1990 1790 ε
2013 1743 2200 1791 utillud
2217 1741 2422 1807 apostoli
2439 1742 2488 1788 in
2506 1756 2584 1788 me
2599 1757 2704 1806 spe-

583 1821 762 1869 cialiter
780 1823 962 1870 dictum
977 1840 1052 1870 res
1071 1824 1174 1888 ipsa
1189 1823 1420 1871 indicaret
1441 1842 1450 1870 :
1473 1843 1496 1868 «
1511 1824 1643 1871 Foris
1666 1840 1853 1889 pugnae,
1874 1824 1999 1870 intus
2014 1823 2240 1870 timores⁸.
2258 1840 2281 1866 »
2303 1820 2699 1880 Considerabam,

585 1910 631 1947 et
646 1901 932 1965 plangebam
949 1919 1095 1966 quam
1113 1903 1330 1950 inutilem
1347 1913 1394 1950 et
1411 1904 1634 1951 miseram
1657 1904 1802 1951 vitam
1824 1903 2068 1963 ducerem,
2085 1913 2132 1950 et
2149 1918 2294 1967 quam
2307 1901 2705 1949 infructuosetam

587 1979 706 2026 mihi
730 1996 876 2043 quam
893 1980 994 2027 aliis
1013 1982 1246 2041 viverem,
1270 1993 1317 2029 et
1340 1993 1574 2046 quantum
1599 1993 1737 2030 antea
1761 1983 1941 2030 clericis
1965 1982 2292 2047 profecissem,
2323 1990 2370 2028 et
2393 1979 2526 2044 quod
2548 1995 2701 2038 nunc,

587 2060 653 2107 eis
680 2069 878 2124 propter
907 2061 1170 2108 monachos
1194 2062 1421 2121 dimissis,
1445 2064 1603 2110 necin
1627 2063 1762 2128 ipsis,
1791 2079 1880 2110 nec
1909 2063 1958 2108 in
1989 2062 2237 2109 monachis
2266 2061 2473 2125 aliquem
2501 2060 2705 2107 fructum

585 2139 836 2200 haberem,
863 2150 911 2187 et
925 2156 1070 2204 quam
1091 2141 1308 2188 inefficax
1335 2143 1384 2188 in
1404 2143 1629 2190 omnibus
1653 2143 1871 2207 incoeptis
1896 2152 2038 2205 atque
2055 2141 2304 2188 conatibus
2323 2141 2440 2187 meis
2461 2139 2703 2197 redderer,

588 2229 640 2265 ut
669 2219 769 2282 jam
806 2219 925 2265 mihi
953 2219 1014 2267 de
1040 2220 1266 2267 omnibus
1306 2220 1425 2267 illud
1463 2222 1778 2285 improperari
1816 2221 2076 2273 rectissime
2104 2219 2300 2266 deberet
2334 2238 2344 2264 ε
2384 2238 2407 2263 «
2440 2219 2527 2264 Hic
2558 2217 2708 2264 homo

587 2300 731 2364 coepit
765 2299 1021 2358 aedificare,
1059 2309 1106 2345 et
1144 2316 1245 2345 non
1280 2301 1436 2363 potuit
1475 2301 1845 2347 consummare⁹.
1883 2318 1905 2342 »
1944 2299 2270 2363 Desperabam
2306 2298 2518 2362 penituS,
2557 2313 2709 2360 quum

590 2378 867 2425 recordarer
885 2395 990 2442 quae
1008 2377 1242 2441 fugeram,
1266 2387 1313 2424 et
1336 2378 1692 2425 considerarem
1706 2394 1812 2442 quae
1829 2378 2169 2437 incurrerem¹03
2200 2387 2247 2424 et
2270 2377 2453 2442 priores
2469 2375 2709 2426 molestias

590 2457 725 2519 quasi
741 2457 841 2519 jam
871 2456 1026 2503 nullas
1055 2466 1304 2521 reputans,
1337 2456 1507 2504 crebro
1533 2456 1662 2522 apud
1693 2473 1771 2503 me
1803 2457 2116 2522 ingemiscens
2147 2455 2393 2503 dicebam:
2417 2455 2585 2502 Merito
2609 2454 2709 2503 haec

591 2537 763 2601 patior,
783 2536 915 2600 quifl,
930 2533 1258 2596 Paracletum»,
1281 2536 1331 2583 id
1349 2547 1419 2583 est
1435 2537 1788 2585 consolatorem
1799 2573 1811 2597 ,
1841 2537 2082 2595 deserenS,
2107 2536 2158 2582 in
2174 2534 2519 2582 desolationem
2534 2543 2712 2581 certam

594 2633 672 2663 me
686 2616 880 2675 intrusi,
902 2625 949 2663 et
967 2616 1119 2663 minas
1134 2617 1310 2663 evitare
1329 2617 1544 2681 cupiens,
1563 2616 1626 2664 ad
1645 2627 1773 2665 certa
1792 2617 1986 2680 confugi
2008 2615 2234 2681 pericula.
2255 2614 2378 2661 Illud
2392 2623 2551 2660 autem
2568 2613 2714 2678 pluri-

596 2713 730 2743 mum
754 2713 832 2742 me
852 2695 1114 2756 cruciabat,
1136 2696 1269 2760 quod
1293 2697 1505 2743 oratorio
1533 2706 1700 2746 nostro
1725 2697 1946 2756 dimisso,
1970 2696 2030 2742 de
2058 2694 2207 2741 divini
2230 2692 2547 2740 celebratione
2569 2689 2713 2739 officii

596 2778 659 2823 ita
677 2785 728 2822 ut
745 2784 989 2840 oporteret
1006 2775 1258 2840 providere
1279 2792 1380 2822 non
1404 2785 1644 2840 poteram3
1666 2776 1896 2840 quoniam
1919 2775 2013 2822 loci
2035 2774 2180 2820 nimia
2200 2782 2455 2838 paupertas
2472 2771 2549 2817 vix
2571 2770 2711 2819 unius

596 2854 805 2902 hominis
826 2854 1164 2903 necessitudini
1186 2854 1436 2903 sufficeret.
1459 2854 1553 2902 Sed
1576 2856 1677 2920 ipse
1701 2872 1894 2920 quoque
1919 2870 2058 2902 verus
2078 2852 2344 2901 Paracletus
2369 2850 2487 2898 mihi
2508 2850 2712 2906 maxime

598 2950 739 2998 super
761 2934 856 2981 hoc
880 2934 1094 2982 desolato
1118 2951 1281 2982 veram
1315 2935 1470 2982 attulit
1492 2935 1893 2995 consolationem,
1917 2945 1964 2982 et
1985 2935 2183 3001 proprio
2207 2943 2352 2999 prout
2375 2931 2578 2980 debebat
2602 2946 2714 2996 pro-

600 3013 717 3060 vidit
746 3014 970 3062 oratorio.
1001 3015 1182 3062 Accidit
1205 3032 1413 3080 namque
1437 3025 1491 3063 ut
1513 3015 1660 3063 abbas
1686 3026 1848 3064 noster
1872 3016 2031 3063 Sancti
2053 3014 2270 3078 Dyonisii
2293 3012 2566 3079 praedictam
2584 3010 2714 3059 illam

602 3094 904 3156 Argenteoli¹²
921 3095 1184 3156 abbatiam,
1205 3096 1252 3143 in
1278 3112 1374 3160 qua
1396 3095 1636 3160 religionis
1660 3096 1877 3143 habitum
1895 3105 2059 3143 nostra
2080 3095 2160 3142 illa
2179 3094 2281 3158 jam
2297 3094 2346 3140 in
2366 3092 2552 3140 Christo
2576 3105 2714 3138 soror

602 3173 761 3236 potius
779 3189 923 3236 quam
943 3191 1063 3221 uxor
1088 3176 1298 3222 Heloissa
1324 3186 1617 3241 susceperat,
1638 3186 1865 3240 tanquam
1884 3175 1945 3222 ad
1966 3176 2044 3238 jus
2069 3173 2342 3221 monasterii
2360 3173 2433 3219 sui
2456 3170 2714 3235 antiquitus

648 3327 658 3342 ¹
682 3327 821 3359 Conarer
845 3327 940 3360 RMS.
959 3302 998 3353 3-
1016 3327 1029 3345 ²
1048 3328 1100 3362 Sic
1119 3330 1241 3363 ABD.-
1258 3333 1350 3371 Quod
1366 3335 1394 3365 si
1411 3331 1472 3364 hoc
1492 3331 1577 3364 Edit.
1593 3348 1634 3354 —
1677 3331 1772 3364 RMS.
1786 3348 1825 3354 -—
1842 3331 1855 3348 ⁸
1873 3331 2017 3364 Corinth.
2034 3331 2085 3369 11,
2102 3340 2176 3372 cap.
2192 3340 2234 3362 vn
2246 3353 2257 3367 ,
2274 3339 2304 3360 v.
2322 3328 2353 3359 5.
2366 3344 2407 3350 -·
2422 3326 2435 3343 ⁹
2448 3327 2528 3363 Luc.
2550 3335 2625 3368 cap.
2647 3335 2711 3364 xiv,

604 3382 617 3398 ³
629 3382 901 3423 Damnificandum
910 3384 1143 3418 MS.Amb.-—⁴
1157 3389 1212 3420 Vel
1225 3388 1324 3420 D.-⁸
1333 3387 1634 3429 Compeueremms.
1679 3398 1711 3420 v.
1731 3388 1787 3419 30.
1804 3404 1842 3409 -
1861 3386 1890 3404 ¹⁰
1915 3387 1951 3419 In
1971 3394 2093 3427 quanta
2119 3388 2194 3419 odia
2221 3387 2391 3418 inciderem
2409 3382 2504 3416 Rus.
2518 3399 2562 3407 ·-
2580 3382 2607 3399 ⁴¹
2631 3382 2711 3421 Quia

606 3437 742 3471 Amb.-
758 3438 772 3457 ‘
784 3440 885 3473 Rudis
900 3440 1061 3474 RMS.-—'¹
1080 3443 1290 3481 Quotidianas
1304 3451 1490 3477 struxerunt
1505 3446 1639 3477 insidias
1681 3444 1719 3477 C.
1739 3462 1770 3468 -
1791 3442 1818 3461 ¹²
1835 3444 2011 3484 Arqentolii
2024 3443 2090 3476 MS.
2108 3440 2204 3476 Amb.
2219 3458 2243 3466 -
2257 3440 2338 3474 Vide
2357 3446 2426 3474 not.
2442 3449 2529 3472 xux.
