2970 4152
539 369 634 414 440
1345 364 1516 433 PETRI
1551 364 1866 413 ABAELARDI

538 462 681 520 Quod
708 477 820 509 vero
853 460 1034 508 dictum
1060 469 1130 506 est
1151 477 1160 505 z
1187 479 1207 504 «
1229 462 1288 506 Et
1311 476 1462 523 quum
1492 459 1781 507 recubuisset
1814 460 2012 517 iterum,
2032 477 2054 502 »
2078 460 2233 507 innuit
2257 477 2340 507 eos
2359 472 2468 526 post
2491 463 2665 510 sacrifi-

536 543 658 589 cium
685 541 854 588 veteris
881 539 1085 599 Paschae,
1113 539 1175 586 ad
1193 555 1380 586 coenam
1410 539 1683 586 convivium
1703 539 1920 586 ciborum
1948 538 2212 586 accessisse.
2235 542 2340 587 Non
2371 542 2500 589 enim
2525 553 2664 590 tantae

538 624 748 668 virorum
775 620 958 668 familiae
978 619 1118 666 unius
1137 619 1366 666 comestio
1385 620 1493 683 agni
1511 619 1586 667 vel
1603 619 1728 666 haedi
1745 619 1805 666 ad
1825 619 2134 665 refectionem
2156 618 2251 665 diei
2268 620 2519 669 sufficeret.
2546 625 2666 670 Prae-

537 713 663 749 terea
688 699 835 747 Lucas
858 716 1007 764 quum
1033 699 1264 746 retulisset
1288 694 1550 746 Dominu'm
1577 699 1638 746 de
1664 700 1810 746 veteri
1835 698 2013 745 Pascha
2037 698 2206 745 dixisse
2233 699 2473 764 discipulis
2494 720 2505 747 :
2532 721 2556 747 «
2576 705 2666 750 De-

535 782 708 828 siderio
734 780 999 827 desideravi
1027 779 1122 826 hoc
1149 780 1325 845 pascha
1349 780 1638 827 manducare
1666 779 1940 839 vobiscum,
1970 788 2084 838 etc.,
2107 798 2130 823 »
2159 778 2282 827 duos
2307 781 2475 828 calices
2502 793 2666 846 postea

537 870 883 909 commemorat
918 861 1179 907 Dominum
1214 860 1452 926 discipulis
1492 860 1703 919 dedisse,
1742 876 1894 907 unum
1937 859 2134 924 quidem
2178 861 2335 907 statim
2377 872 2486 926 post
2534 873 2667 910 vetus
2698 881 2703 886 ’

539 941 740 999 Pascha,
770 941 970 988 alterum
996 941 1043 987 in
1065 940 1383 988 celebratione
1400 941 1515 987 novi
1535 939 1738 986 Paschae.
1764 943 1822 986 Et
1838 939 1899 987 de
1915 939 1997 987 illo
2018 939 2211 1004 quidem
2232 940 2389 1004 primo
2409 941 2553 988 calice
2571 945 2668 990 Do-

539 1022 694 1068 minus
717 1020 956 1086 discipulis
980 1021 1043 1067 ait
1068 1039 1076 1065 :
1105 1041 1126 1066 «
1150 1021 1356 1086 Accipite
1376 1031 1422 1067 et
1439 1020 1634 1067 dividite
1662 1020 1786 1067 inter
1809 1036 1910 1067 vos.
1944 1020 2062 1067 Dico
2088 1020 2217 1067 en‘im
2246 1019 2382 1067 vobis
2398 1057 2410 1080 ,
2433 1022 2544 1085 quia
2567 1039 2666 1069 non

538 1100 697 1147 bibam
739 1101 799 1147 de
839 1101 1143 1164 generatione
1173 1101 1302 1160 vitis,
1341 1100 1496 1147 donec
1536 1116 1736 1164 regnum
1773 1100 1862 1147 Dei
1901 1101 2121 1147 veniat.»
2147 1103 2218 1147 De
2247 1100 2340 1147 alio
2376 1117 2489 1148 vero
2523 1101 2668 1149 calice

537 1182 766 1245 scriptum
792 1191 882 1240 est,
910 1181 1021 1245 quia
1051 1180 1183 1228 dedit
1206 1181 1322 1240 illis,
1353 1181 1515 1227 dicens
1539 1199 1547 1226 :
1577 1181 1709 1227 «Hic
1739 1190 1809 1227 est
1835 1182 2025 1245 sanguis
2061 1198 2196 1228 meus
2233 1182 2347 1228 novi
2379 1182 2663 1230 testamenti.

538 1262 656 1308 Dico
675 1272 834 1309 autem
853 1261 1011 1323 vobis,
1032 1278 1131 1309 non
1158 1262 1320 1310 bibam
1343 1261 1519 1308 amodo
1540 1261 1600 1308 de
1620 1262 1713 1308 hoc
1732 1262 1970 1325 genimine
1998 1262 2103 1309 vitis
2130 1279 2279 1326 usque
2298 1262 2346 1308 in
2366 1262 2494 1309 diem
2511 1262 2665 1323 illum,

537 1360 685 1406 quum
707 1343 824 1390 illud
845 1342 1007 1390 bibam
1030 1343 1279 1390 vobiscum
1306 1359 1487 1390 novum
1505 1343 1552 1389 in
1581 1359 1728 1407 regno
1748 1343 1894 1407 patris
1917 1343 2027 1390 mei.
2045 1362 2068 1386 »
2091 1343 2226 1390 Prior
2241 1344 2400 1407 itaque
2422 1343 2540 1390 calix
2561 1355 2669 1409 post

539 1434 671 1470 vetus
703 1423 880 1470 Pascha
896 1460 908 1484 ,
934 1434 981 1471 et
1009 1434 1117 1471 ante
1146 1441 1327 1471 novum
1353 1433 1626 1488 susceptus,
1656 1433 1703 1470 et
1726 1423 1804 1470 ille
1825 1423 2063 1470 secundus
2089 1422 2327 1470 recubitus
2344 1433 2454 1488 post
2472 1423 2671 1471 ablutio-

537 1520 647 1550 nem
671 1503 874 1568 pedum,
906 1521 1003 1551 non
1029 1504 1091 1551 ad
1113 1503 1428 1564 sacrificium,
1459 1503 1543 1550 sed
1566 1503 1628 1550 ad
1653 1503 1961 1550 refectionem
1991 1519 2249 1567 corporum
2278 1504 2517 1567 pertinere
2544 1504 2671 1551 vide-

539 1595 682 1631 retur.
712 1585 835 1631 Nihil
862 1586 989 1631 enim
1015 1585 1075 1632 de
1098 1595 1215 1650 potu
1235 1586 1283 1631 in
1313 1585 1458 1631 veteri
1482 1583 1663 1630 Pascha
1682 1583 1755 1630 lex
1774 1583 2011 1649 praecipit,
2038 1583 2122 1631 sed
2146 1593 2333 1630 tantum
2358 1583 2419 1630 de
2447 1583 2670 1631 carnibus
2718 1599 2723 1607 ·

536 1667 644 1729 agni
671 1666 744 1713 vel
766 1666 889 1713 haedi
915 1683 1026 1713 cum
1056 1666 1260 1732 panibus
1289 1667 1464 1730 azymis
1491 1675 1538 1713 et
1562 1666 1755 1713 lactucis
1779 1664 2054 1730 agrestibus.
2082 1668 2135 1711 In
2159 1665 2250 1712 hac
2278 1666 2437 1729 itaque
2463 1667 2669 1713 convivii

538 1748 792 1795 resectione
820 1748 1060 1814 discipulis
1083 1748 1364 1810 edentibus,
1390 1748 1578 1796 videtur
1602 1748 1837 1794 Dominus
1863 1747 1922 1794 de
1946 1745 2152 1811 panibus
2184 1746 2307 1793 illius
2342 1763 2541 1803 mensae,
2569 1763 2669 1794 non

537 1827 596 1874 de
631 1830 806 1892 azymis
837 1828 1024 1876 Paschae
1058 1830 1324 1894 accepisse,
1357 1840 1403 1877 et
1439 1845 1622 1876 novum
1649 1827 1827 1875 Pascha
1855 1817 2127 1874 confecisse.
2173 1828 2278 1873 Non
2310 1826 2438 1872 enim
2474 1825 2556 1872 illo
2592 1825 2670 1873 die

539 1910 726 1957 Paschae
752 1911 1057 1958 interdictum
1076 1922 1199 1972 erat,
1223 1928 1283 1959 ne
1303 1928 1449 1977 panes
1474 1912 1616 1958 etiam
1642 1910 1934 1970 fermentati,
1964 1910 2047 1974 qui
2071 1909 2263 1974 proprie
2289 1924 2436 1972 panes
2458 1908 2557 1955 vini
2584 1907 2668 1961 ad-

531 1990 739 2051 jectione
761 1989 1033 2050 dicuntur,
1022 2008 1071 2037 1n
1091 1991 1315 2038 domibus
1335 1991 1684 2056 ieperirentur3
1708 1990 1793 2037 sed
1818 1988 2127 2054 sequentibus
2153 1998 2339 2035 tantum
2364 1997 2546 2052 septem
2575 1986 2670 2034 die-

535 2069 651 2129 bus,
680 2071 763 2133 qui
788 2069 852 2117 ob
877 2070 971 2117 hoc
997 2071 1074 2118 die
1102 2088 1380 2135 azymorum
1413 2070 1676 2135 specialiter
1711 2069 2006 2116 dicebantur.
2042 2068 2177 2116 Unde
2212 2077 2259 2115 et
2299 2067 2449 2113 Graeci
2481 2082 2579 2112 non
2608 2066 2669 2112 de

537 2167 703 2214 azymo
722 2168 862 2216 pane,
886 2151 971 2199 sed
987 2151 1047 2199 de
1065 2152 1346 2199 fermentato
1365 2153 1628 2198 Dominum
1648 2151 1814 2198 dicunt
1832 2166 2017 2197 novum
2037 2148 2215 2196 Pascha
2230 2148 2510 2206 confecisse;
2535 2146 2670 2210 quasi

538 2231 653 2278 nihil
679 2231 740 2279 de
765 2233 913 2279 veteri
939 2233 1118 2280 Pascha
1144 2234 1192 2280 in
1219 2250 1347 2281 novo
1372 2233 1513 2280 vellet
1534 2233 1753 2280 retinere.
1782 2233 1876 2290 Qui
1900 2233 2070 2290 etiam,
2102 2229 2375 2293 ubicunque
2404 2245 2492 2275 nos
2526 2227 2670 2274 habe-

539 2329 642 2368 mus
666 2312 715 2358 in
744 2328 872 2360 novo
907 2312 1084 2359 Pascha
1113 2312 1296 2359 dictum
1320 2331 1346 2360 a
1376 2313 1612 2371 Domino,
1646 2312 1780 2375 quod
1808 2332 1830 2356 «
1855 2311 2036 2375 accepit
2070 2326 2245 2374 panem
2277 2319 2324 2356 et
2349 2307 2618 2366 benedixit,
2645 2326 2668 2350 »

541 2409 624 2456 pro
650 2408 772 2456 pane
793 2394 841 2438 in
868 2409 1019 2456 graeco
1043 2393 1247 2440 habetur
1276 2398 1412 2457 ἀρτόν,
1446 2392 1579 2456 quod
1596 2391 1948 2454 fermentatum
1973 2388 2219 2453 significat.

604 2471 747 2530 Quod
768 2489 882 2519 vero
902 2473 1144 2538 discipulis
1163 2472 1414 2520 edentibus
1433 2472 1668 2519 Dominus
1691 2471 1780 2529 ait,
1810 2469 1944 2533 quod
1969 2485 2095 2515 unus
2118 2485 2286 2515 eorum
2311 2477 2431 2514 esset
2456 2483 2567 2513 eum
2586 2476 2674 2513 t1·-a

540 2553 748 2613 diturus,
783 2564 829 2600 et
860 2571 972 2601 eum
1004 2553 1179 2601 deinde
1214 2554 1539 2618 praesignavit,
1579 2552 1772 2599 dicens:
1801 2550 1939 2608 «Qui
1962 2550 2151 2614 intingit
2174 2565 2364 2596 mecum
2393 2563 2589 2594 manum
2623 2547 2671 2592 in

539 2635 811 2699 parapside,
838 2655 860 2678 >2
889 2636 987 2682 sive
1011 2636 1060 2682 in
1085 2636 1242 2682 catino
1260 2671 1272 2694 ,
1303 2655 1324 2679 «
1348 2635 1426 2682 hic
1451 2651 1529 2681 me
1548 2634 1725 2692 tradet,
1751 2652 1774 2676 »
1800 2632 1861 2679 ad
1894 2648 2028 2679 esum
2055 2631 2226 2678 veteris
2254 2629 2443 2677 Paschae
2467 2628 2674 2675 referen-

540 2714 654 2762 dum
684 2726 774 2776 est,
805 2727 855 2763 ut
883 2733 1033 2780 quum
1060 2716 1177 2763 illud
1196 2716 1394 2764 ederent
1418 2716 1511 2762 hoc
1538 2716 1603 2762 eis
1623 2714 1816 2761 diceret.
1848 2714 2046 2777 Signum
2079 2722 2239 2759 autem
2266 2709 2552 2776 parapsidis,
2576 2725 2673 2773 quo

540 2795 756 2857 proditor
780 2796 1068 2860 designatur,
1099 2798 1164 2844 sic
1191 2796 1525 2861 accipiendum
1550 2795 1754 2855 videtur,
1778 2794 1911 2859 quod
1931 2811 2080 2858 quum
2112 2792 2330 2858 proditor
2348 2791 2554 2838 audisset
2572 2793 2672 2837 Do-

543 2878 724 2924 minum
750 2878 919 2925 dixisse
935 2915 947 2937 ,
979 2879 1091 2943 quia
1118 2895 1240 2925 unus
1270 2878 1614 2943 discipulorum
1640 2887 1759 2924 esset
1787 2893 1899 2924 eum
1926 2874 2210 2934 traditurus,
2234 2890 2294 2920 ne
2311 2872 2407 2919 hoc
2427 2871 2488 2919 de
2507 2888 2556 2919 se
2581 2870 2674 2918 dici

541 2967 800 3020 putaretur,
832 2977 975 3024 quem
995 2960 1095 3023 jam
1125 2960 1416 3007 conscientia
1450 2976 1534 3006 sua
1564 2976 1706 3023 super
1738 2958 1833 3005 hoc
1865 2955 2147 3015 accusabat,
2176 2954 2438 3003 temeritate
2466 2952 2672 3017 quadam

542 3034 748 3098 providit
781 3040 1236 3099 demonstrandum,
1267 3055 1572 3103 nequaquam
1597 3038 1658 3085 de
1683 3055 1732 3085 se
1759 3035 2099 3102 suspicandum
2125 3052 2258 3093 esse,
2288 3033 2372 3098 qui
2395 3033 2462 3079 sic
2489 3031 2550 3078 de
2574 3034 2672 3077 Do—

544 3117 673 3164 mino
699 3119 989 3180 confideret,
1020 3130 1071 3167 ut
1103 3120 1150 3167 in
1188 3120 1360 3167 eodem
1393 3136 1503 3165 vase
1529 3118 1690 3165 cibum
1720 3133 2031 3164 communem
2062 3115 2239 3162 habere
2266 3129 2365 3160 non
2395 3110 2668 3175 trepidaret.

546 3197 681 3244 Unde
699 3208 812 3245 tunc
831 3201 879 3246 in
900 3200 1000 3263 ejus
1020 3199 1321 3265 parapsidem
1343 3215 1539 3245 manum
1558 3197 1687 3244 illam
1707 3197 1960 3244 sceleratus
1973 3194 2148 3254 intulit,
2169 3209 2264 3258 qua
2279 3208 2391 3239 eum
2406 3190 2508 3254 ipsa
2533 3197 2674 3234 nocte

546 3276 800 3325 traditurus
841 3279 902 3326 ad
941 3290 1145 3326 mortem
1184 3280 1351 3326 fuerat.
1400 3278 1528 3325 Sicut
1565 3293 1758 3341 quoque
1800 3275 1996 3339 intelligi
2035 3266 2192 3339 potest
2222 3273 2409 3335 signum
2437 3268 2552 3315 illud
2587 3283 2676 3332 pa-

545 3356 768 3420 rapsidis,
795 3358 927 3421 quod
950 3360 1209 3415 Dominus,
1239 3360 1321 3423 qui
1346 3359 1520 3406 mensis
1556 3356 1853 3404 ministrabat
1883 3354 2253 3420 discipulorum,
2281 3352 2331 3398 in
2361 3346 2674 3397 consuetudi-

546 3452 654 3483 nem
681 3437 877 3487 haberet
901 3450 1154 3505 postquam
1175 3457 1348 3488 mensae
1369 3426 1646 3488 deservisset
1666 3455 1774 3486 cum
1796 3441 1818 3484 J
1825 3437 1916 3484 uda
1937 3435 2088 3495 refici,
2122 3435 2205 3498 qui
2231 3432 2365 3497 quasi
2391 3437 2675 3496 procurator
