2970 4152
530 445 624 493 346
1335 445 1510 492 PETRI
1550 445 1861 495 ABAELARDI

530 536 619 575 Vile
635 536 759 572 minus
779 542 942 571 scortum
954 563 964 581 ,
985 534 1050 571 sed
1069 534 1177 571 vilior
1194 542 1250 571 est
1267 535 1472 582 sodomita;
1665 538 1750 576 Sola
1763 539 1940 589 loquatur
1954 540 1993 576 iu
2011 540 2101 587 hoc,
2121 553 2185 578 ore
2198 549 2365 591 tacente,
2384 556 2529 581 manus·

577 597 691 645 Pejor
707 607 820 645 quam
838 595 1015 632 meretrix
1031 596 1170 632 femina
1188 596 1243 632 vir
1258 597 1449 634 meretrix.
1618 601 1777 642 Maxima
1797 602 1976 638 sobrietas
1995 608 2069 638 tam
2089 603 2207 639 virtus
2220 615 2332 653 quam
2346 604 2530 641 medicina
2547 622 2553 640 :

531 659 687 697 Gratior
700 665 758 695 est
773 657 927 694 humilis
953 659 1131 695 meretrix
1146 670 1258 708 quam
1276 667 1374 697 casta
1391 661 1562 710 superba.
1620 656 1626 669 ³
1668 661 1744 698 Cor
1756 662 1868 698 simul
1884 669 1922 698 et
1935 673 2070 711 corpus
2083 664 2249 701 conseret
2263 665 2466 703 incolume.

581 744 1460 758 ...............
1623 721 1721 757 Bella
1737 729 1869 770 gerant
1884 722 2058 769 juvenes3
2077 724 2241 761 seniores
2260 725 2528 770 consilientur3

531 779 705 817 Praevalet
724 780 764 816 in
777 779 905 828 lingua
922 779 988 829 qui
1006 791 1084 816 non
1095 786 1151 816 est
1172 780 1279 817 fortis
1296 781 1335 817 in
1352 783 1464 819 armis
1479 799 1488 828 ;
1671 782 1766 824 Hos,
1783 781 1875 831 quid
1893 790 2005 831 agant
2022 782 2099 830 illi,
2119 785 2353 836 constitui*
2366 784 2486 822 decet.

583 841 717 878 Nullus
736 842 776 877 in
795 840 866 877 hac
880 852 1007 889 pugna
1027 840 1110 889 plus
1122 842 1320 878 meretrice
1338 850 1473 892 potest.
1623 841 1663 877 Si
1682 842 1760 877 sine
1777 842 1933 879 consilio
1945 843 2015 879 tibi
2033 845 2255 881 concessisse
2272 845 2414 882 videbis
2427 874 2438 891 ‚

533 903 585 938 Ex
603 902 675 938 hoc
692 901 876 950 praecipue
892 900 1034 938 distant
1049 900 1205 949 ignavus
1218 908 1257 938 et
1274 902 1391 939 audax
1401 931 1410 948 ‚
1669 901 1802 938 Gratia
1814 902 1973 940 fortunae
1988 904 2036 940 sit
2050 905 2129 941 sine
2143 904 2252 942 laude
2269 912 2345 942 tua.
2431 950 2437 955 ι

580 961 692 1009 Quod
710 962 816 998 factis
830 961 918 1008 iste,
939 961 1110 1010 praevalet
1123 961 1186 998 ille
1204 962 1330 999 minis.
1622 963 1660 999 Si
1678 970 1762 1011 post
1780 964 1977 1000 consilium
1997 976 2072 1001 non
2088 965 2164 1002 sint
2181 965 2250 1002 tibi
2270 965 2365 1003 facta
2378 965 2561 1015 benigna,

532 1022 621 1060 Plus
640 1023 736 1059 ratio
755 1034 867 1071 quam
883 1021 962 1069 lex,
978 1021 1062 1071 plus
1077 1023 1347 1059 consuetudine
1363 1023 1421 1059 lex
1434 1023 1481 1060 sit
1496 1038 1502 1058 :
1668 1023 1703 1059 N
1705 1035 1754 1060 on
1771 1023 1861 1059 hinc
1877 1024 2104 1073 culpandus,
2119 1025 2184 1061 sed
2198 1025 2433 1062 miserandus
2449 1027 2536 1062 eris.

579 1081 734 1129 Singula
751 1082 826 1118 sint
847 1083 1003 1131 proprio
1021 1082 1281 1119 constituenda
1299 1083 1428 1132 gradu.
1622 1084 1713 1131 Quae
1731 1096 1858 1120 voveas
1873 1084 2043 1121 discerne
2059 1086 2144 1134 pius
2156 1085 2393 1135 multumque
2406 1085 2566 1135 diuque;

535 1143 667 1190 Majori
682 1143 779 1191 parti
797 1155 845 1179 ne
860 1142 989 1191 cedas,
1009 1143 1073 1180 sed
1091 1143 1237 1180 meliori
1252 1160 1258 1180 :
1669 1136 1880 1181 Consilium
1897 1144 2004 1181 tarde
2020 1152 2105 1194 post
2122 1152 2187 1182 tua
2205 1153 2288 1182 vota
2305 1145 2419 1182 venit.

581 1202 793 1240 Stultorum
809 1215 989 1240 numerus
1003 1203 1287 1240 innumerabilis
1299 1211 1364 1240 est.
1624 1203 1749 1241 Omne
1766 1203 1891 1240 minus
1916 1211 2044 1240 votum
2059 1205 2149 1242 solvi
2174 1205 2314 1253 majore
2328 1205 2456 1243 licebit
2469 1234 2478 1250 ,

535 1263 718 1311 Tempere
730 1269 773 1299 tu
784 1262 901 1310 judex
919 1262 1009 1312 legis
1023 1263 1218 1300 moderare
1234 1264 1398 1312 rigorem
1416 1279 1422 1298 ε
1670 1264 1718 1300 Et
1735 1263 1900 1301 cambire
1912 1264 2053 1301 bonum
2072 1277 2141 1313 pro
2155 1265 2309 1302 meliore
2319 1264 2435 1313 juvat.

583 1323 665 1359 Hoc
679 1323 820 1359 etenim
836 1322 937 1372 leges
948 1324 1014 1373 qui
1034 1330 1196 1360 statuere
1213 1324 1356 1360 volunt.
1623 1324 1757 1361 Dulcia
1770 1331 1858 1361 sunt
1874 1324 1966 1362 adeo
1981 1325 2168 1362 commissi
2184 1325 2317 1374 gaudia
2330 1326 2467 1369 nostri,

538 1383 623 1429 Quo
639 1383 722 1431 plus
741 1382 911 1431 proficiat
923 1389 987 1420 tua
1002 1384 1049 1420 sit
1061 1384 1245 1420 correctio
1257 1383 1391 1420 blanda
1405 1397 1414 1426 ;
1671 1385 1726 1422 Ut
1741 1392 1946 1422 memorata
1956 1385 2091 1433 juvent
2107 1397 2187 1435 quae
2201 1385 2372 1434 placuere
2385 1386 2510 1422 nimis.

585 1445 728 1492 Aspera
747 1455 937 1491 perversos
954 1455 1030 1480 non
1049 1444 1148 1492 capit
1160 1471 1170 1489 ‚
1186 1444 1301 1480 immo
1313 1451 1448 1481 movet.
1529 1457 1534 1462 ·
1630 1445 1707 1492 Qui
1730 1444 1823 1482 dicit
1840 1458 1969 1482 verum
1982 1474 1992 1493 ,
2007 1458 2083 1482 non
2100 1446 2175 1482 hoc
2191 1445 2352 1482 dicendo
2369 1445 2512 1482 laborat
2530 1461 2536 1480 ς

536 1505 662 1550 Quum
684 1510 722 1540 te
741 1504 921 1552 corripiat
939 1504 1079 1550 senior,
1101 1504 1286 1552 patienter
1301 1503 1460 1553 habeto,
1657 1506 1828 1554 ,Fingere
1842 1505 1930 1542 falsa
1944 1507 2050 1554 prius
2067 1506 2238 1551 nitimur,
2259 1505 2347 1542 inde
2364 1505 2482 1554 loqui.

583 1564 630 1599 Et
647 1571 770 1611 grates
787 1570 964 1612 tanquam
982 1571 1065 1612 post
1081 1563 1167 1600 data
1186 1575 1319 1612 magna
1335 1564 1445 1601 refer.
1621 1565 1817 1602 Mendaces
1834 1565 1977 1602 faciunt
1995 1578 2043 1602 ne
2056 1565 2184 1602 credas
2196 1577 2282 1602 vera
2297 1565 2487 1614 loquenti,

538 1625 594 1659 Ne
606 1623 818 1660 libertatem
831 1623 967 1660 vendas
979 1652 989 1670 ,
1005 1624 1094 1673 fuge
1108 1624 1204 1660 dona
1223 1631 1421 1673 potentum
1436 1642 1443 1661 ε
1674 1626 1720 1662 Et
1737 1625 1870 1664 multis
1873 1625 1985 1673 justis
1997 1625 2163 1674 perfidus
2176 1637 2275 1662 unus
2295 1627 2414 1663 obest.

584 1684 763 1732 Emptum
780 1692 816 1720 te
834 1683 982 1731 credas,
1002 1685 1079 1721 haec
1092 1684 1158 1720 ubi
1173 1684 1379 1721 sustuleris.
1626 1686 1711 1722 Non
1724 1686 1802 1723 leve
1817 1687 2024 1734 corrigitur
2039 1686 2104 1736 qui
2123 1698 2161 1722 se
2179 1685 2397 1735 delinquere
2419 1687 2560 1722 nescit:

540 1744 595 1779 Ne
611 1745 747 1780 servire
759 1744 877 1781 bonos
892 1744 939 1780 ad
955 1745 1080 1794 turpia
1093 1752 1202 1793 cogat
1214 1751 1357 1793 egestas
1375 1761 1381 1780 :
1669 1746 1859 1797 Plagaque
1877 1754 1969 1783 tunc
1989 1747 2114 1783 minor
2131 1753 2207 1792 est,
2229 1746 2293 1783 sed
2311 1745 2496 1783 medicina
2522 1746 2655 1794 gravis.

583 1805 651 1840 His
665 1811 797 1840 natura
810 1817 942 1841 manus
954 1805 1224 1855 ingeniumque
1237 1805 1354 1842 dedit.
1625 1806 1728 1854 Quid
1740 1835 1750 1853 ,
1779 1807 1840 1843 cui
1869 1807 1934 1844 des
1959 1807 2083 1843 videas
2094 1835 2103 1853 ‚
2131 1807 2196 1843 ubi
2209 1834 2219 1852 ‚
2244 1806 2415 1856 quando,
2444 1804 2634 1855 quomodo
2645 1833 2655 1850 ,

539 1867 723 1902 Contenta
740 1872 797 1902 est
810 1866 958 1903 modico
975 1867 1215 1904 mediocritas
1228 1874 1310 1904 tuta
1326 1867 1453 1904 labore
1464 1898 1472 1914 ,
1671 1866 1720 1902 Ni
1740 1874 1844 1915 grata
1865 1868 2007 1916 pariter
2022 1867 2196 1917 donaque
2211 1867 2366 1916 perdere
2381 1867 2448 1903 vis.
2503 1868 2654 1915 [quare3

585 1927 676 1973 Quae
689 1939 805 1976 quum
819 1927 937 1964 libera
946 1929 1016 1974 sit,
1033 1928 1087 1965 nil
1105 1928 1303 1977 pretiosius
1322 1935 1388 1965 est.
1626 1928 1766 1975 Largus
1785 1928 1945 1977 quisque
1958 1928 2072 1974 datis,
2094 1928 2254 1976 acceptis
2270 1927 2408 1976 gaudet
2424 1938 2571 1971 avarus,

539 1987 711 2023 Archelai·
725 1987 928 2036 reprobans
939 1987 1107 2025 Socrates
1123 1988 1277 2024 donaria
1286 1989 1385 2037 regis
1673 1988 1750 2025 Nec
1765 1989 1795 2024 si
1813 1988 1992 2036 poeniteat
2005 1994 2091 2037 post
2106 1987 2191 2024 ‘data
2207 1987 2333 2036 largus
2349 1987 2434 2024 erit.

588 2048 690 2084 Dixit
706 2060 743 2084 se
756 2061 832 2085 non
850 2048 909 2084 his
920 2060 1026 2096 posse
1041 2049 1180 2085 referre
1195 2049 1324 2084 vicem.
1626 2048 1701 2095 Qui
1719 2061 1784 2085 sua
1797 2048 1862 2084 dat
1874 2048 1979 2097 largo
1997 2061 2072 2085 non
2085 2048 2167 2093 dat,
2192 2047 2258 2084 sed
2276 2048 2418 2084 fenerat
2435 2046 2489 2083 illi
2507 2062 2514 2081 :

545 2108 818 2157 Philosophum
842 2107 980 2156 puduit
1001 2108 1109 2145 donis
1133 2121 1153 2144 a
1171 2108 1286 2144 divite
1307 2108 1425 2153 vinci,
1671 2109 1820 2146 Semina
1833 2121 1951 2157 pauca
1962 2110 2073 2157 jacit,
2097 2108 2297 2146 commoda
2313 2108 2431 2144 multa
2449 2109 2571 2144 metit.

586 2168 709 2215 Quem
728 2180 766 2204 se
781 2167 967 2216 gaudebat
985 2168 1132 2204 vincere
1146 2168 1337 2216 pauperie.
1625 2170 1700 2207 Vix
1718 2181 1783 2205 sua
1802 2170 2030 2218 pauperibus
2046 2170 2212 2205 moriens
2235 2168 2397 2218 largitur
2414 2180 2544 2205 avarus
2556 2195 2567 2212 ‚

540 2228 703 2264 Vincere
716 2234 935 2276 contemptu
951 2228 1082 2263 mundi
1091 2256 1101 2273 ‚
1118 2228 1255 2264 virtute
1268 2229 1409 2276 perire,
1671 2229 1732 2266 Ad
1745 2241 1872 2266 manes
1887 2241 2092 2278 properans
2105 2229 2182 2264 haec
2195 2228 2300 2278 quasi
2313 2229 2411 2265 ferre
2427 2222 2529 2265 velit.

586 2288 739 2326 Cautela
757 2288 834 2324 haec
855 2288 982 2336 magni
1000 2288 1129 2337 regula
1149 2300 1283 2336 magna
1302 2289 1384 2324 viri.
1627 2289 1808 2339 Quisquis
1822 2290 1906 2338 plus
1919 2290 2058 2326 retinet
2073 2301 2186 2338 quam
2201 2289 2283 2324 vitae
2296 2288 2460 2336 postulat
2473 2299 2560 2324 usus
2570 2316 2580 2332 ‚

540 2348 720 2385 Oblatum
735 2349 848 2396 gratis
865 2348 1055 2385 Abraham
1068 2361 1134 2385 cur
1151 2350 1286 2385 emerit
1299 2361 1431 2397 agrum
1440 2378 1449 2394 ,
1672 2349 1859 2387 Admovet
1871 2349 1918 2385 ad
1925 2349 2103 2398 jugulum
2118 2349 2292 2398 pauperis
2307 2349 2386 2396 ipse
2397 2360 2541 2384 manus

586 2408 859 2457 Respueritque
878 2408 1037 2445 datum?
1052 2409 1206 2446 forsitan
1224 2409 1407 2446 audierat.
1628 2410 1704 2457 Qui
1716 2409 1848 2446 leviter
1864 2409 2023 2458 spondet
2033 2437 2043 2454 ,
2065 2421 2135 2445 nec
2146 2408 2307 2445 multum
2322 2408 2463 2444 solvere
2480 2414 2599 2444 curat.

538 2470 667 2515 Multi,
695 2482 743 2506 ne
757 2469 884 2518 cupidi
902 2469 1110 2516 videantur,
1132 2470 1230 2506 dona
1243 2470 1428 2516 refutant,
1679 2495 2322 2506 ...........
2325 2490 2329 2493 -
2377 2495 2384 2503 .
2441 2495 2449 2502 .
2499 2495 2506 2502 .
2559 2496 2566 2502 .

587 2533 709 2579 Atque
725 2530 795 2566 sibi
814 2542 951 2566 nomen
967 2537 1047 2566 arte
1066 2542 1196 2578 parare
1212 2530 1379 2567 student.
1630 2530 1682 2566 Ex
1697 2529 1862 2566 hominis
1875 2530 1966 2567 vitio
1984 2542 2031 2566 ne
2048 2529 2173 2578 culpes
2186 2528 2288 2565 illius
2306 2534 2424 2564 artem
2440 2543 2448 2563 :

539 2590 644 2626 Nolis
660 2602 703 2626 ex
721 2590 852 2626 habitu
865 2589 995 2639 populi
1008 2597 1157 2638 captare
1172 2590 1335 2627 favorem
1352 2606 1359 2626 ε
1680 2590 1745 2627 Est
1757 2590 1874 2626 homo
1887 2602 1980 2638 saepe
1995 2590 2114 2626 malus
2126 2589 2191 2639 qui
2209 2588 2332 2625 bonus
2344 2594 2401 2625 est
2411 2587 2547 2636 opifex.

586 2652 615 2687 F
616 2651 729 2697 allere
747 2650 951 2699 prudentes
963 2650 1071 2699 pellis
1086 2652 1194 2687 ovina
1210 2651 1362 2701 nequit;
1631 2650 1786 2699 Frigore
1798 2650 1932 2686 bruma
1949 2650 2100 2699 pigrum
2115 2649 2285 2685 crucians
2303 2654 2478 2696 aestasque
2495 2647 2617 2683 calore

541 2713 631 2758 Quae
647 2711 753 2760 pellis
770 2712 819 2747 sit
830 2712 907 2748 ovis
916 2740 925 2757 ,
947 2723 1028 2761 quae
1045 2711 1165 2760 vulpis
1176 2740 1186 2757 ,
1208 2723 1283 2748 non
1300 2711 1390 2748 latet
1407 2710 1503 2747 illos.
1681 2710 1835 2759 Cogunt
1846 2710 2062 2746 mendicum
2075 2710 2200 2746 vivere
2213 2720 2358 2757 semper
2371 2719 2477 2752 eum;

589 2798 1479 2809 ...............
1634 2772 1837 2820 Quumque
1862 2771 2014 2819 pigrum
2041 2776 2187 2806 vexaret
2208 2769 2340 2817 hyems
2353 2795 2364 2813 ,
2398 2773 2572 2815 tectoque
2603 2778 2664 2802 ca-

543 2835 595 2869 Ex
612 2833 746 2869 habitu
769 2844 845 2868 non
864 2843 968 2868 secus
984 2832 1076 2877 eris,
1098 2838 1204 2880 potes
1220 2843 1298 2868 esse
1316 2832 1499 2880 superbus
1519 2848 1525 2867 :
1731 2837 1831 2868 reret
1847 2846 1853 2866 :

587 2894 652 2930 Est
671 2893 784 2930 nimis
800 2893 878 2928 haec
897 2893 1051 2929 summis
1067 2904 1128 2929 res
1146 2892 1277 2940 odiosa,
1292 2892 1392 2928 viris.
1682 2892 1774 2937 Ver,
1789 2891 1934 2939 inquit,
1953 2891 2094 2936 veniet,
2115 2897 2281 2939 tuncque
2296 2888 2435 2938 parabo
2448 2887 2615 2924 domum.

542 2955 751 3002 Hypocritae
774 2954 950 2990 miseram
968 2964 1079 3001 super
1098 2953 1224 2989 omnia
1246 2964 1380 2989 censeo
1402 2952 1528 2989 vitam.
1635 2953 1714 2990 Ver
1725 2953 1826 2988 venit
1839 2951 2009 3000 dixitque
2023 2951 2131 3000 piger
2144 2962 2220 2987 non
2239 2962 2316 2986 esse
2329 2960 2476 2985 necesse

591 3039 1481 3051 ...............
1682 3012 1881 3059 Temperie
1893 3018 1996 3047 tanta
2014 3011 2194 3059 temporis
2207 3022 2286 3047 esse
2299 3010 2467 3046 domum.

541 3075 659 3110 Nemo
672 3086 781 3111 senex
798 3074 890 3111 adeo
908 3074 1001 3123 quin
1018 3073 1142 3109 vivere
1167 3084 1275 3122 posse
1292 3084 1360 3121 per
1378 3085 1519 3110 annum
1635 3072 1674 3109 Si
1688 3072 1794 3120 piger
1809 3083 1985 3108 excusans
2002 3071 2194 3120 praesentia
2206 3078 2375 3118 tempora
2391 3068 2536 3117 culpat,

589 3135 634 3170 Se
649 3134 810 3170 confidat
825 3134 950 3170 adhuc
967 3148 975 3169 :
997 3133 1140 3169 fallitur
1153 3133 1274 3169 omnis
1293 3132 1332 3168 in
1348 3132 1434 3169 hoc.
1681 3133 1876 3181 Tanquam
1895 3133 1942 3168 sit
1955 3133 2088 3168 vitium
2111 3131 2293 3180 temporis
2309 3130 2382 3167 hoc
2401 3127 2505 3178 quod
2522 3135 2616 3177 eget.

545 3194 679 3230 Nullus
697 3195 799 3230 enim
816 3202 872 3231 est
887 3194 953 3244 qui
971 3207 1047 3231 non
1065 3193 1192 3243 aliquo
1218 3193 1400 3230 moriatur
1421 3194 1460 3230 in
1480 3205 1576 3231 anno
1632 3193 1777 3230 Asserit
1790 3193 1945 3241 ignavus
1959 3193 2057 3229 bona
2069 3199 2239 3240 tempora
2255 3190 2493 3239 praeteriisse,

590 3253 713 3299 Quem
725 3259 816 3289 tunc
834 3260 872 3290 et
887 3254 969 3290 vitae
987 3253 1144 3303 deputat
1159 3254 1238 3303 ipse
1254 3265 1337 3290 suae.
1680 3254 1726 3289 Et
1740 3253 1874 3290 vitium
1887 3252 1974 3289 fatis
1988 3253 2149 3300 imputat
2162 3251 2242 3300 ipse
2259 3262 2382 3286 suum.

544 3313 602 3349 Ad
616 3313 784 3362 requiem
803 3320 948 3350 sanctos
966 3321 1110 3351 constat
1130 3314 1347 3363 pertingere
1364 3321 1506 3362 morte,
1632 3314 1771 3350 Mulcet
1785 3313 1957 3350 adulator
1973 3312 2130 3349 stultum
2141 3340 2151 3358 ,
2171 3310 2315 3348 delator
2330 3310 2525 3359 iniquum3

589 3374 718 3420 Quum
732 3380 823 3409 tunc
836 3373 883 3410 ad
896 3381 1056 3411 mortem
1069 3386 1180 3412 nemo
1193 3374 1320 3412 venire
1332 3374 1433 3412 velit.
1678 3374 1793 3411 Auris
1806 3373 2002 3410 confestim
2019 3379 2144 3409 sancta
2158 3370 2307 3420 repellit
2323 3382 2400 3407 eos.

542 3434 579 3470 Si
599 3434 647 3469 sit
664 3434 780 3469 amica
799 3444 908 3469 senex
922 3461 931 3478 ‚
951 3434 1059 3470 donis
1079 3435 1265 3472 conducat
1284 3436 1422 3472 amica:
1633 3433 1767 3469 Divitis
1784 3438 1841 3468 est
1857 3444 1985 3468 rerum
2010 3443 2211 3467 numerum
2228 3430 2372 3466 nescire
2393 3440 2544 3465 suarum
2559 3455 2569 3471 ‚

589 3493 768 3542 Suppleat
784 3506 828 3529 ex
847 3493 954 3530 donis
967 3495 1069 3543 quod
1086 3502 1188 3532 caret
1205 3508 1250 3532 ex
1268 3496 1374 3532 facie.
1679 3493 1858 3541 Pauperis
1875 3499 1940 3528 aut
1957 3491 2082 3527 nullus
2099 3497 2294 3539 compotus
2311 3495 2374 3525 aut
2396 3488 2517 3524 brevis
2533 3494 2603 3523 est.

543 3554 735 3590 Artificem
750 3553 986 3591 commendet
1003 3567 1096 3603 opus
1109 3582 1120 3602 ‚
1138 3568 1214 3592 non
1234 3556 1387 3604 propria
1402 3555 1529 3604 lingua
1545 3571 1551 3590 :
1633 3555 1671 3591 Si
1689 3554 1775 3602 quis
1794 3552 1932 3590 divinis
1943 3552 2075 3599 jubeat
2092 3551 2277 3587 contraria
2294 3550 2424 3597 jussis,
