2970 4152
754 423 812 469 ΙΝ
845 422 1022 468 FERIA
1057 421 1296 478 QUARTA
1330 420 1736 468 PENTECOSTES
1769 421 1986 469 SERMO.
2339 427 2421 472 504

316 516 651 580 praedicatione
673 516 808 580 quasi
830 515 1044 580 quodam
1065 514 1162 562 sale
1184 515 1425 579 sapientiae
1446 514 1495 560 in
1518 514 1660 561 bonis
1682 515 1897 573 moribus
1916 516 2270 581 componenda.
2291 521 2434 582 Aquae

318 597 476 660 itaque
497 596 639 660 hujus
660 595 770 643 salis
791 596 940 643 verba
960 606 1072 643 sunt
1094 594 1364 660 apostolicae
1392 593 1760 658 praedicationis.
1786 599 1890 642 Istae
1918 612 2052 661 aquae
2073 613 2102 644 a
2122 600 2226 644 Deo
2253 614 2433 645 vocan—

317 687 411 736 tur,
437 688 484 724 et
505 694 648 742 super
668 687 804 724 terrae
827 677 996 724 faciem
1017 668 1347 734 effunduntur,
1373 675 1719 739 dumapostoli
1741 676 1913 724 Christi
1936 677 1998 724 ad
2025 677 2238 726 officium
2265 679 2434 743 praedi-

315 758 518 804 cationis
539 757 600 804 ab
623 758 727 821 ipso
750 757 908 804 vocati
937 756 1272 815 admittuntur,
1304 772 1405 801 non
1434 771 1570 802 more
1599 755 2115 820 pseudoapostolorum
2150 774 2236 822 per
2269 774 2319 804 se
2353 774 2435 804 ve-

317 838 473 896 niunt,
497 837 660 901 quales
680 836 880 901 quidem
900 836 1086 884 Veritas
1108 852 1310 899 arguens
1333 834 1471 881 dicit¹
1494 853 1504 881 :
1529 854 1552 879 «
1571 836 1752 881 Omnes
1773 847 2013 900 quotquot
2032 848 2291 897 venerunt,
2311 837 2437 884 sures

318 916 509 964 fuerunt
542 927 589 963 et
622 917 849 963 latrones.
871 935 894 960 »
919 919 1168 980 Tanquam
1189 916 1228 962 si
1250 914 1429 961 diceret
1456 932 1467 960 ε
1494 917 1742 961 Venerunt
1774 932 1861 979 per
1891 933 1964 975 se,
2003 933 2103 963 non
2138 917 2268 963 missi
2289 933 2317 964 a
2338 934 2431 964 me.

319 990 468 1044 Vocat
489 996 648 1060 itaque
671 996 907 1042 Dominus
925 1012 1073 1059 aquas
1092 996 1236 1041 maris
1249 1031 1260 1053 ,
1281 994 1399 1040 dum
1416 994 1688 1058 apostolicae
1703 995 2053 1059 praedicationis
2070 996 2218 1044 verba
2236 998 2285 1044 in
2304 1000 2437 1044 omni

317 1093 490 1140 genere
513 1076 807 1139 linguarum,
834 1085 881 1122 et
902 1091 988 1138 per
1009 1075 1287 1122 universum
1309 1073 1549 1120 mundum
1572 1073 1749 1137 dirigit.
1776 1077 1834 1121 Et
1855 1075 1955 1122 haec
1983 1094 2084 1123 non
2113 1077 2270 1124 solum
2297 1095 2438 1142 super

317 1166 516 1215 terram,
554 1156 867 1202 verumetiam
906 1171 1049 1218 super
1083 1153 1253 1200 faciem
1290 1163 1426 1199 terrae
1460 1152 1582 1200 fudit
1600 1190 1611 1211 ,
1646 1153 1764 1199 dum
1798 1171 1898 1201 non
1933 1156 2090 1203 solum
2124 1159 2326 1205 exterius
2355 1176 2439 1206 so·—

318 1245 464 1294 uant,
496 1235 808 1281 verumetiam
846 1233 1086 1280 intellecta
1125 1242 1337 1279 mentem
1384 1233 1512 1279 intus
1554 1232 1842 1281 illuminant.
1890 1237 1980 1282 Per
2019 1236 2189 1284 faciem
2229 1238 2406 1302 quippe
2426 1277 2435 1297 ,

318 1330 413 1378 qua
435 1314 762 1378 unusquisque
790 1312 1112 1376 cognoscitur,
1139 1328 1240 1366 non
1270 1312 1534 1375 incongrue
1562 1313 1732 1360 notitia
1765 1312 2056 1378 designatur.
2083 1318 2234 1381 Super
2264 1327 2439 1364 terram

319 1395 477 1458 itaque
494 1393 641 1441 verba
665 1393 810 1452 fiunt,
831 1392 916 1440 sed
936 1409 1087 1456 usque
1109 1391 1171 1438 ad
1196 1391 1366 1438 faciem
1388 1409 1488 1438 non
1512 1404 1858 1456 pervenerunt,
1884 1412 2035 1459 quum
2057 1397 2302 1460 aenigmata
2328 1398 2441 1462 legis

317 1474 394 1522 vel
415 1473 779 1539 prophetiarum
800 1473 1018 1520 velamen
1047 1471 1229 1519 habent
1257 1472 1307 1518 in
1336 1472 1515 1531 littera,
1548 1490 1648 1520 non
1682 1475 2014 1540 appertionem
2049 1478 2099 1524 in
2134 1477 2439 1542 intelligentia

319 1555 591 1619 evangelica
605 1554 681 1602 vel
695 1553 956 1619 apostolica
969 1553 1212 1611 doctrina,
1232 1552 1346 1616 quia
1367 1570 1466 1600 non
1489 1553 1556 1601 ita
1578 1555 1788 1618 mysticis
1810 1556 1983 1604 referta
2003 1567 2074 1604 est
2091 1557 2248 1605 verbis
2269 1577 2280 1606 ε
2298 1576 2440 1623 super

321 1644 455 1682 terrae
499 1634 667 1682 faciem
688 1633 967 1691 effunditur,
1008 1632 1126 1679 dum
1147 1648 1253 1696 quae
1274 1631 1601 1696 proferuntur,
1642 1634 1881 1683 intellecta
1924 1648 2297 1700 cognoscuntur.
2324 1640 2440 1695 Quis

323 1731 434 1763 vero
445 1717 532 1763 iste
555 1717 631 1772 sit,
657 1716 741 1781 qui
756 1715 857 1763 haec
881 1724 1012 1781 tanta
1037 1714 1237 1779 peragit,
1263 1723 1592 1778 competenter
1612 1714 1798 1763 subdit:
1813 1736 1836 1762 «
1857 1718 2092 1764 Dominus
2108 1735 2286 1767 nomen
2310 1721 2391 1767 illi.
2415 1740 2436 1764 υ

319 1802 476 1857 Quem
497 1815 648 1864 quum
670 1797 946 1862 simpliciter
974 1796 1239 1843 Dominum
1266 1805 1431 1854 vocat,
1464 1812 1554 1843 nec
1575 1813 1784 1861 quorum
1806 1798 1866 1845 sit
1888 1798 2197 1860 determinat,
2223 1801 2441 1864 generale

320 1879 465 1944 ipsius
487 1879 782 1938 dominium,
804 1888 850 1926 et
870 1876 1135 1925 universale
1156 1875 1315 1923 innuit
1335 1876 1590 1942 imperium
1603 1914 1614 1936 ‚
1639 1895 1738 1942 quo
1760 1889 1934 1927 cuncta
1954 1879 2074 1944 regit
2095 1891 2237 1946 atque
2260 1883 2441 1948 optime

320 1958 533 2024 disponit
553 1960 602 2007 in
626 1958 796 2007 saecula
817 1957 1116 2006 saeculorum.
1144 1959 1312 2005 Amen.

747 2439 825 2497 IN
879 2439 1107 2497 FERIA
1153 2439 1441 2509 QmNTA
1489 2441 2023 2500 PENTECOSTES.

1234 2601 1382 2632 SERMO
1417 2602 1531 2631 xxn.

384 2714 499 2758 Tam
522 2711 678 2775 ipsum
698 2709 827 2757 diem
852 2709 1041 2757 Paschae
1062 2726 1206 2775 quam
1235 2713 1538 2758 Pentecostes
1558 2711 1692 2758 dono
1715 2712 1915 2776 Spiritus
1949 2713 2099 2759 sancti
2134 2712 2330 2775 legimus
2370 2714 2442 2759 iu-

320 2790 506 2854 signiri,
531 2799 584 2836 ut
605 2806 706 2836 non
728 2788 886 2836 solum
906 2789 1032 2836 hanc
1046 2827 1057 2848 ‚
1083 2789 1396 2837 verumetiam
1420 2789 1550 2837 illam
1571 2790 1947 2849 solemnitatem,
1971 2808 2076 2856 quae
2098 2792 2343 2856 praecipuae
2365 2792 2444 2838 ha—

322 2871 513 2929 bentur,
539 2870 601 2918 ad
622 2870 863 2917 honorem
896 2887 1089 2934 quoque
1117 2871 1317 2936 Spiritus
1345 2872 1496 2918 sancti
1526 2871 1799 2919 referendas
1827 2889 1929 2920 esse
1964 2873 2184 2920 sciamus.
2220 2877 2280 2920 Ut
2314 2874 2442 2921 euim

322 2955 528 2999 Joannes
541 2955 925 3010 commemorat²,
946 2969 1131 3016 «quum
1153 2961 1275 2999 esset
1295 2968 1403 2999 sero
1426 2952 1505 2999 die
1522 2952 1621 3011 illo,
1643 2963 1690 3000 et
1707 2953 1832 3000 fores
1851 2963 2009 3002 essent
2022 2953 2191 3002 clausae
2209 2954 2291 3002 ubi
2308 2965 2440 3002 erant

322 3031 541 3097 discipuli
562 3031 836 3094 congregati
857 3040 1055 3095 propter
1076 3041 1259 3078 metum
1286 3031 1584 3093 Judaeorum,
1611 3034 1741 3080 venit
1768 3036 1924 3091 Jesus,
1956 3043 2003 3080 et
2036 3034 2163 3081 stetit
2198 3034 2246 3080 in
2280 3034 2442 3081 medio

323 3131 513 3172 eorum,
545 3123 592 3160 et
623 3112 741 3159 dixit
767 3113 834 3159 eis
862 3131 871 3159 :
902 3131 925 3157 «
948 3115 1042 3160 Pax
1063 3112 1217 3160 vobis.
1242 3132 1265 3158 υ
1291 3116 1350 3160 Et
1371 3131 1522 3179 quum
1550 3114 1650 3162 haec
1679 3114 1894 3172 dixisset,
1927 3116 2137 3162 ostendit
2171 3117 2238 3163 eis
2273 3134 2442 3164 manus

322 3205 369 3241 et
390 3195 528 3243 latus.
555 3194 716 3242 Gavisi
737 3203 848 3240 sunt
877 3210 990 3257 ergo
1020 3193 1239 3259 discipuli
1265 3195 1370 3242 viso
1403 3196 1632 3243 Domino.
1661 3196 1784 3242 Dicit
1818 3212 1932 3259 ergo
1964 3197 2031 3243 eis
2067 3198 2238 3244 iterum
2270 3201 2401 3246 Jesus
2430 3220 2438 3246 :

327 3293 348 3317 «
371 3277 464 3321 Pax
486 3273 646 3332 vobis,
672 3273 794 3320 sicut
815 3273 943 3319 misit
965 3289 1042 3319 me
1066 3276 1221 3332 Pater,
1243 3284 1291 3321 et
1313 3291 1402 3338 ego
1426 3276 1565 3322 mitto
1586 3291 1688 3322 vos.
1709 3294 1731 3319 »
1754 3278 1862 3322 Haec
1878 3292 2030 3340 quum
2052 3275 2266 3335 dixisset,
2294 3278 2441 3324 insus—

324 3355 453 3402 tlavit
473 3365 520 3402 et
538 3353 655 3401 dixi‘t
677 3354 766 3401 illis
788 3372 797 3400 ε
819 3354 1062 3418 «Accipite
1085 3355 1314 3419 Spiritum
1335 3366 1554 3403 sanctum
1574 3375 1583 3403 :
1606 3372 1814 3420 quorum
1837 3357 2109 3405 remiseritis
2127 3368 2343 3422 peccata,
2368 3376 2446 3406 re-

369 3507 377 3523 ¹
404 3506 515 3546 Joan„
534 3515 606 3548 cap.
623 3516 663 3546 x,
684 3515 715 3537 v.
734 3507 765 3538 8.
780 3503 969 3545 —·1bid.,
987 3515 1061 3548 cap.
1081 3515 1145 3545 xx,
1163 3516 1191 3537 v·
1213 3505 1250 3537 19
1268 3511 1383 3549 etseq.
