2970 4152
574 373 665 418 576
1368 382 1539 430 PETRI
1574 382 1886 430 ABAELARDI

570 483 691 532 saepe
712 482 907 520 vocatus
930 474 990 520 ad
1012 474 1267 538 prandium
1290 475 1357 521 ire
1379 492 1480 522 non
1503 485 1705 523 recusat.
1735 478 1990 539 Nunquam
2010 483 2226 538 petentes
2254 492 2364 524 raro
2393 475 2679 540 accipiamus

570 549 737 610 rogati.
764 553 931 598 Nescio
955 553 1083 599 enim
1105 553 1354 617 quomodo
1377 555 1520 601 etiam
1543 555 1667 625 ipse,
1693 555 1776 619 qui
1800 554 2166 618 deprecatur.ut
2193 553 2400 614 tribuat,
2428 571 2577 619 quum
2600 569 2679 600 ac·

571 629 749 690 ceperis
782 630 999 678 viliorem
1026 633 1209 696 judicat
1241 643 1304 681 te.
1341 652 1378 689 »‚
1400 634 1545 692 Quod
1571 635 1611 682 si
1637 634 1733 681 hoc
1760 644 1830 681 est
1857 635 1907 681 in
1936 633 2118 680 clericis
2145 634 2466 697 arguendum,
2497 644 2678 699 quanto

571 709 718 770 magis
740 711 788 756 in
813 713 1061 759 monachis
1085 723 1154 760 est
1176 713 1538 761 detestandum?

635 790 695 833 Ut
716 800 874 837 autem
897 809 1026 838 nunc
1048 792 1337 840 documenta
1357 803 1634 841 sanctorum
1656 793 1898 852 omittam,
1924 793 2172 856 gentilium
2186 793 2353 842 saltem
2373 794 2682 860 philosopho·

567 883 672 912 rum
707 871 921 934 exempla
948 882 1123 919 nostrae
1149 873 1420 939 cupiditatis
1452 874 1800 938 impudentiam
1831 874 2109 938 reprimant.
2147 874 2208 920 Hi
2240 875 2420 939 quippe
2449 875 2551 922 sine
2585 873 2681 922 ulla

566 948 736 1012 regulae
757 951 1052 1014 professione
1075 952 1196 1000 adeo
1219 954 1455 1001 mundum
1481 963 1896 1018 contempserunt,
1930 964 1983 1000 ut
2015 971 2115 1001 non
2145 954 2302 1001 solum
2323 965 2578 1019 potentum
2603 970 2678 1002 re-

565 1039 789 1092 spuerent
822 1029 976 1091 dona,
1023 1049 1193 1096 verum
1227 1034 1370 1080 etiam
1413 1033 1737 1098 possessiones
1774 1032 2086 1097 amplissimas
2113 1032 2420 1080 abdicarent.
2460 1036 2681 1091 Quorum

564 1108 784 1154 nonnulli
796 1118 928 1157 tanta
952 1111 1216 1176 frugalitate
1239 1113 1508 1161 referuntur
1530 1113 1761 1172 contenti,
1781 1123 1834 1159 ut
1849 1112 1924 1159 vel
1943 1129 2095 1159 unum
2110 1113 2315 1160 retinere
2330 1113 2564 1178 scyphum
2574 1129 2682 1160 cen-

563 1199 720 1236 serent
736 1191 1047 1254 superfluum‚
1064 1211 1214 1258 quum
1231 1195 1293 1241 ad
1305 1194 1625 1242 hauriendum
1641 1210 1774 1258 aquae
1789 1193 2018 1258 poculum
2035 1194 2255 1259 proprias
2276 1193 2682 1243 manuswiderent

563 1268 793 1317 sufficere.
813 1275 879 1318 Ex
902 1272 1075 1337 quibus
1096 1274 1231 1321 illum
1253 1276 1517 1338 Diogenem
1533 1274 1925 1334 famosissimum,
1946 1283 1993 1320 et
2016 1273 2077 1321 de
2098 1283 2380 1339 contemptu
2402 1273 2571 1322 mundi
2586 1290 2682 1321 no-

562 1349 812 1411 tissimum,
839 1353 1011 1401 doctor
1024 1355 1283 1419 praedictus
1301 1357 1478 1402 Contra
1495 1357 1799 1402 Jovinianam
1815 1355 1864 1400 in
1890 1354 2103 1402 secundo
2119 1354 2244 1402 libro
2257 1355 2534 1415 inducens¹,
2556 1355 2681 1402 inter

561 1440 750 1478 caeteras
772 1434 870 1496 ejus
893 1433 1056 1482 laudes
1078 1435 1128 1482 id
1151 1453 1343 1501 quoque
1372 1436 1544 1500 adjecit
1570 1454 1580 1482 :
1611 1455 1635 1480 «
1662 1435 1886 1493 Quodam
1915 1452 2032 1482 vero
2063 1445 2280 1500 tempore
2301 1435 2486 1483 habens
2507 1434 2570 1483 ad
2590 1450 2681 1500 po-

560 1509 760 1557 tandum
783 1529 983 1560 caucum
1013 1514 1247 1578 ligneum,
1272 1515 1392 1562 vidit
1412 1532 1617 1580 puerum
1644 1531 1791 1562 manu
1822 1530 2035 1561 concava
2062 1513 2251 1573 bibere,
2285 1524 2333 1560 et
2360 1514 2535 1561 elisisse
2562 1512 2681 1560 illud

560 1587 707 1635 fertur
730 1591 791 1636 ad
823 1602 1024 1653 terram,
1051 1593 1214 1641 dicens
1247 1613 1258 1641 :
1289 1614 1312 1640 «
1346 1594 1623 1642 Nesciebam
1647 1593 1780 1658 quod
1804 1603 1850 1640 et
1871 1602 2042 1640 natura
2061 1592 2262 1640 haberet
2282 1592 2528 1657 poculum.
2558 1611 2582 1637 »
2609 1591 2680 1639 Ad

558 1684 701 1730 quem
736 1671 879 1718 etiam
911 1674 1269 1737 potentissimus
1308 1674 1569 1722 Alexander
1602 1674 1753 1720 multa
1787 1674 1830 1720 ei
1864 1673 2058 1720 donalia
2092 1672 2321 1734 offerens,
2359 1690 2511 1738 quum
2547 1672 2679 1720 dolio

557 1747 908 1814 ejus‘tanquam
931 1751 1071 1799 dator
1093 1753 1397 1818 importunus
1430 1755 1691 1813 assisteret,
1717 1753 1813 1800 hoc
1834 1769 1987 1799 unum
2010 1752 2071 1800 ab
2094 1754 2199 1817 ipso
2222 1753 2482 1818 suscepisse
2505 1751 2680 1799 dicitur

556 1842 861 1891 responsum:
878 1850 901 1875 «
917 1834 955 1878 N
958 1849 984 1878 e
1000 1831 1159 1880 obstes
1177 1833 1312 1893 mihi,
1325 1834 1533 1897 juvenis,
1545 1850 1573 1881 a
1585 1834 1734 1881 sole.»
1747 1836 1964 1881 Socrates
1978 1850 2172 1898 quoque
2183 1831 2399 1880 Archelai
2412 1833 2534 1896 regis
2548 1831 2680 1879 dona

556 1923 804 1972 respuens,
830 1910 925 1958 hoc
946 1929 1098 1959 unum
1120 1914 1170 1960 in
1193 1915 1496 1962 excusatione
1517 1913 1791 1979 praetendit,
1817 1913 1946 1961 nolle
1968 1930 2018 1961 se
2040 1913 2279 1978 suscipere
2313 1922 2472 1971 tanta,
2504 1910 2678 1976 quibus

556 1986 729 2034 referre
758 2006 858 2036 non
886 2002 1048 2054 posset
1086 1993 1299 2058 aequalia.
1336 1994 1475 2041 Unde
1506 1996 1685 2041 Seneca
1716 1993 1773 2040 de
1795 1993 2047 2054 Benefici&
2078 1992 2204 2039 libro
2222 1995 2264 2039 V
2284 1995 2298 2017 ²
2321 2010 2345 2036 υ
2377 2010 2387 2038 :
2414 1989 2678 2038 Alexander

555 2066 872 2115 Macedonum
906 2070 1097 2133 gloriari
1127 2073 1312 2120 solebat
1347 2090 1375 2120 a
1410 2074 1544 2120 nullo
1566 2090 1616 2121 se
1638 2071 1882 2120 beneficiis
1914 2073 2112 2120 victum.
2145 2091 2168 2116 »
2204 2073 2348 2118 Item³
2374 2089 2386 2116 ε
2426 2069 2678 2117 Archelaus

555 2161 634 2190 rex
680 2148 924 2195 Socratem
958 2152 1143 2214 rogavit
1176 2163 1229 2199 ut
1266 2153 1328 2200 ad
1363 2170 1415 2200 se
1453 2153 1654 2200 veniret.
1681 2153 1863 2199 Dixisse
1885 2154 2101 2199 Socrates
2132 2151 2352 2209 traditur,
2378 2149 2507 2196 nolle
2531 2165 2583 2196 se
2614 2148 2677 2195 ad

555 2241 666 2272 eum
698 2228 861 2275 venire
877 2266 888 2287 ,
927 2246 955 2277 a
990 2248 1088 2295 quo
1125 2232 1360 2297 acciperet
1380 2232 1639 2292 beneficia,
1676 2249 1827 2297 quum
1861 2232 2063 2279 reddere
2093 2231 2160 2278 illi
2191 2230 2326 2295 paria
2359 2246 2459 2276 non
2494 2238 2672 2294 posset.

556 2305 792 2366 Primum,
819 2310 868 2355 in
892 2309 1015 2357 illius
1036 2321 1272 2376 potestate
1294 2324 1395 2360 erat
1416 2331 1517 2361 non
1549 2314 1780 2378 accipere.
1806 2312 1992 2359 Deinde
2022 2313 2123 2376 ipse
2145 2311 2259 2358 dare
2281 2309 2569 2357 beneficium
2588 2326 2678 2374 par

552 2383 823 2449 incipiebat.
851 2389 1084 2437 Veniebat
1106 2392 1235 2438 enim
1257 2403 1476 2456 rogatus,
1514 2402 1562 2440 et
1594 2393 1645 2440 id
1673 2392 1842 2451 dabat,
1875 2391 2008 2456 quod
2030 2392 2196 2455 utique
2224 2389 2302 2436 ille
2330 2406 2431 2436 non
2460 2399 2562 2436 erat
2587 2391 2676 2436 So-

550 2465 666 2510 crati
697 2466 988 2515 redditurus.
1015 2470 1172 2517 Etiam
1199 2488 1289 2518 nec
1317 2472 1576 2519 Archelaus
1605 2472 1803 2518 daturus
1832 2481 1934 2518 erat
1965 2487 2136 2517 aurum
2160 2480 2207 2516 et
2235 2479 2509 2532 argentum,
2542 2484 2675 2516 rece-

549 2552 715 2606 pturus
738 2555 1071 2612 contemptum
1093 2550 1196 2596 auri
1217 2559 1266 2597 et
1288 2552 1489 2614 argenti.
1516 2554 1623 2597 Non
1645 2559 1836 2614 poterat
1864 2549 2041 2597 referre
2063 2548 2294 2596 Archelao
2323 2550 2540 2595 Socrates
2568 2563 2674 2611 gra·

548 2622 689 2670 tiam?
713 2627 770 2671 Et
792 2625 908 2689 quid
929 2628 968 2674 si
990 2644 1151 2692 regem
1172 2630 1222 2675 in
1246 2629 1351 2676 luce
1375 2630 1535 2677 media
1558 2639 1798 2677 errantem
1831 2629 1892 2676 ad
1927 2646 2090 2677 rerum
2123 2639 2346 2676 naturam
2377 2627 2669 2686 admisisset,

548 2704 585 2749 si
608 2704 742 2751 illum
773 2723 947 2770 negare
979 2709 1234 2756 vetuisset?
1263 2713 1423 2768 Quare
1452 2727 1565 2774 ergo
1594 2710 1690 2757 hoc
1720 2712 1936 2757 Socrates
1959 2710 2101 2769 dixit,
2126 2709 2199 2756 vir
2221 2709 2423 2767 facetus,
2459 2717 2507 2754 et
2540 2706 2674 2770 cujus

547 2800 632 2847 per
651 2783 824 2848 figuras
849 2803 1006 2834 sermo
1029 2788 1292 2852 procedere
1313 2789 1479 2837 solitus
1510 2799 1611 2837 erat
1629 2827 1640 2848 ‚
1679 2790 1863 2837 derisor
1904 2790 2123 2836 omnium
2156 2789 2362 2836 maxime
2398 2796 2667 2852 potentum.

548 2864 710 2911 Maluit
743 2866 786 2912 ei
822 2877 990 2914 nasute
1028 2884 1200 2931 negare
1238 2885 1385 2933 quam
1425 2870 1772 2917 contumaciter
1810 2880 1892 2918 aut
1918 2870 2140 2935 superbe.
2182 2869 2355 2916 Timuit
2394 2867 2592 2914 fortasse
2610 2882 2672 2913 ne

548 2954 795 3007 cogeretur
811 2947 1024 3012 accipere
1047 2964 1151 3012 quae
1174 2948 1340 2996 nollet.
1365 2950 1540 2996 Timuit
1557 2966 1618 2996 ne
1641 2950 1758 3014 quid
1779 2950 2033 3014 indignum
2054 2949 2238 2997 Socrati
2260 2948 2511 3012 acciperet.
2535 2946 2671 2995 Dicet

548 3023 714 3087 aliquis
741 3043 752 3071 t
778 3028 1000 3090 Negasset
1027 3028 1067 3075 si
1096 3028 1271 3087 nollet,
1309 3029 1393 3076 sed
1421 3029 1687 3092 instigasset
1725 3030 1774 3076 in
1806 3046 1857 3077 se
1887 3046 2048 3093 regem
2081 3029 2407 3086 insolentem,
2428 3037 2475 3075 et
2507 3024 2670 3073 omnia

548 3119 631 3149 sua
659 3122 833 3170 magno
862 3109 1081 3156 aestimari
1109 3109 1368 3157 volentem.
1408 3110 1488 3156 Vis
1516 3111 1636 3156 scire
1670 3110 1787 3173 quid
1822 3127 1933 3157 vere
1954 3110 2186 3157 voluerit?
2217 3108 2378 3156 Noluit
2399 3108 2469 3154 ire
2498 3105 2560 3154 ad
2581 3121 2668 3152 vo·

548 3179 800 3232 luntariam
836 3189 1110 3236 servitutem
1129 3227 1140 3248 ,
1179 3189 1229 3248 is
1254 3190 1389 3257 cuqu
1423 3189 1692 3236 libertatem
1734 3189 1886 3237 libera
1926 3190 2090 3237 civitas
2130 3189 2253 3235 ferre
2293 3204 2392 3234 non
2418 3186 2592 3252 potuit.
2608 3205 2633 3231 »

614 3264 757 3320 Quod
778 3266 816 3311 si
839 3266 898 3313 de
927 3268 1226 3334 philosophis
1249 3268 1310 3317 ad
1333 3269 1593 3345 wostolos,
1625 3270 1724 3315 imo
1746 3269 1809 3316 ad
1833 3270 1985 3334 ipsam
2006 3268 2226 3334 sophiam
2248 3267 2506 3325 Christum,
2533 3267 2668 3329 quasi

594 3448 602 3464 ¹
629 3448 707 3490 opp.
726 3455 748 3482 t.
768 3448 828 3492 IV,
843 3457 927 3494 part.
947 3452 997 3492 ΙΙ,
1016 3464 1051 3496 p.
1070 3454 1145 3486 20⁷.
1158 3471 1202 3480 —
1215 3453 1228 3471 ⁸
1244 3453 1360 3487 Senec.
1376 3454 1488 3496 Renes.
1509 3453 1550 3494 V,
1567 3455 1606 3494 6,
1626 3458 1654 3488 1.
1672 3473 1710 3479 -
1726 3453 1854 3494 ⁸1bid.,
1873 3455 1903 3486 2.
