2970 4152
1263 346 1581 396 APPENDIX.

2390 351 2486 398 7217

333 441 339 450 ’
360 461 483 505 sens,
505 455 557 492 ut
577 443 797 503 voluistis,
819 443 1037 506 scriptum
1053 451 1099 488 et
1116 440 1358 505 sigillatum
1377 444 1651 489 transmitto.
1668 443 1805 488 Mitto
1825 443 1958 489 etiam
1976 443 2092 489 sicut
2108 443 2370 505 mandastis,
2393 462 2486 492 ma·
2539 521 2543 524 ῃ

358 524 486 587 gistri
512 525 635 571 Petri
650 523 982 571 absolutionem
1005 524 1053 570 in
1074 523 1227 570 charta
1249 522 1455 569 similiter
1475 524 1687 588 scriptam
1712 534 1758 570 et
1779 523 2033 587 sigillatam.
2058 523 2316 571 Astralabio
2337 536 2486 572 vestro

357 604 584 667 vestrique
607 621 738 651 causa
762 615 936 664 nostro,
966 621 1071 650 mox
1091 614 1144 650 ut
1165 602 1351 650 facultas
1373 603 1478 650 data
1502 604 1660 664 fuerit,
1689 604 1737 649 in
1764 603 1913 667 aliqua
1937 604 2159 651 nobilium
2186 604 2485 652 Ecclesiarum

356 685 648 748 praebendam
673 685 817 732 libens
840 687 1073 750 acquirere
1101 686 1335 733 laborabo.
1358 682 1459 732 *Res
1483 696 1634 732 tamen
1658 686 1854 732 difficilis
1885 697 1951 732 est
1971 704 1982 733 z
2006 688 2136 750 quia,
2162 698 2214 734 ut
2237 705 2352 752 saepe
2378 705 2485 752 pro-

357 764 479 826 bavi,
505 767 563 812 ad
586 766 757 813 dandas
780 767 827 813 in
846 767 1054 814 Ecclesiis
1074 768 1164 814 suis
1188 767 1455 830 praebendas
1472 767 1606 814 variis
1629 767 1815 830 objectis
1838 767 2308 828 occasionibus,valde
2330 786 2376 815 se
2395 769 2484 814 dif-

355 843 494 892 ficiles
522 834 725 909 praebere
749 847 951 911 episcopi
973 847 1135 894 solent.
1163 849 1342 894 Faciam
1364 858 1515 894 tamen
1533 864 1666 894 causa
1686 849 1823 895 vestri
1845 847 1969 912 quod
1993 858 2176 911 potero,
2203 865 2309 895 mox
2330 860 2384 896 ut
2399 866 2483 913 po-

354 933 469 970 tero.
497 924 672 972 Valete.

1031 1067 1324 1107 ABSOLUTIO
1349 1068 1504 1107 PETRI
1529 1068 1809 1105 ABAELARDI.

416 1174 513 1235 Ego
538 1174 699 1221 Petrus
721 1174 1029 1222 Cluniacensis
1044 1176 1216 1237 Abbas‚
1237 1179 1316 1241 qui
1338 1180 1524 1225 Petrum
1542 1177 1832 1224 Abaelardum
1849 1179 1895 1224 in
1914 1179 2189 1225 monachum
2212 1179 2481 1228 Cluniacen-

349 1268 443 1298 sem
466 1255 632 1318 recepi,
650 1266 695 1301 et
713 1272 878 1319 corpus
898 1257 991 1319 ejus
1014 1257 1172 1305 furtim
1196 1258 1396 1306 delatum
1420 1259 1635 1307 Heloissae
1654 1260 1888 1307 abbatissae
1902 1270 1947 1307 et
1964 1259 2236 1308 monialibus
2262 1262 2480 1309 Paracleti

347 1334 570 1394 concessi,
591 1336 865 1383 authoritate
889 1339 1216 1402 omnipotentis
1233 1341 1320 1387 Dei
1342 1351 1388 1387 et
1405 1342 1610 1389 omnium
1625 1351 1885 1389 sanctorum
1903 1341 2087 1389 absolvo
2103 1360 2206 1389 eum
2227 1360 2311 1407 pro
2329 1343 2480 1392 officio

348 1407 405 1459 ab
423 1415 634 1463 omnibus
655 1418 848 1481 peccatis
871 1419 977 1467 suis.

1344 1750 1478 1811 VII.

882 1896 1382 1969 EPITAPHIA

1428 1899 1931 1971 ABAELARDI.

840 2206 880 2240 4.

338 2284 461 2321 {Petrus
476 2287 651 2316 venerahilis
669 2297 770 2318 auctor
781 2289 873 2329 hujus
886 2295 916 2319 et
927 2293 1075 2330 sequentis
1087 2294 1231 2332 epitaphii
1244 2304 1303 2322 esse
1317 2295 1377 2323 ser-

377 2340 439 2365 tur.
467 2337 542 2366 Vide
565 2337 714 2375 Amboes.‚
736 2350 765 2378 p.
782 2344 852 2376 3⁴2,
870 2347 898 2370 et
917 2342 1047 2380 Proefat.
1062 2344 1224 2383 Apolog.,·
1247 2345 1376 2375 Fabricii

376 2386 525 2417 Biblioth.
552 2390 630 2418 mecl-
653 2396 681 2418 εἰ
703 2391 811 2427 infimoe
832 2392 1017 2427 latinitatis,
1041 2394 1156 2425 Patavii
1176 2400 1262 2432 175⁴,
1282 2399 1376 2434 iu-40,

377 2443 399 2467 t.
417 2438 455 2474 V,
470 2449 500 2478 p.
515 2443 586 2476 2353
604 2440 687 2470 Hist.
707 2441 769 2471 Iiu-
788 2443 825 2472 de
846 2443 879 2472 la
896 2444 1036 2479 Franz-e,
1049 2450 1073 2473 t.
1091 2444 1169 2481 ΧΠ,
1191 2456 1219 2484 p.
1242 2449 1318 2482 102]

336 2514 533 2552 Gallorum
556 2517 743 2563 Socrates,
763 2517 871 2556 Plato
891 2521 1074 2557 maximus
1092 2521 1372 2570 Hesperiarum,

335 2575 472 2612 Noster
483 2576 715 2624 Aristoteles,
736 2578 868 2628 logicis
886 2582 1104 2630 quicunque
1115 2581 1284 2630 suerunt,

334 2635 414 2672 Aut
430 2649 509 2684 par,
525 2644 589 2674 aut
608 2638 761 2684 melior;
778 2640 990 2677 studiorum
1004 2643 1177 2690 cognitus
1194 2644 1277 2679 orbi

334 2695 533 2745 Princeps;
549 2697 703 2746 ingenio
716 2701 851 2746 varius,
868 2701 1016 2738 subtilis
1031 2709 1068 2738 et
1085 2716 1189 2748 acer3

335 2755 476 2794 omnia
495 2758 530 2794 vi
549 2771 726 2807 superans
746 2762 914 2807 rationis,
929 2769 967 2799 et
983 2769 1062 2799 arte
1079 2763 1259 2813 loquendi

334 2815 550 2856 Abaelardus
567 2825 647 2855 erat
657 2834 667 2865 ;
687 2820 751 2856 sed
768 2828 858 2857 tunc
876 2823 993 2871 magis
1007 2824 1133 2859 omnia
1147 2823 1248 2869 vicit,

333 2875 462 2922 Quum
482 2877 766 2916 Cluniacensem
790 2882 1019 2920 monachum
1042 2896 1263 2935 moremque
1286 2898 1372 2934 pro-

1221 2946 1367 2993 [fessus‚

332 2994 394 3032 Ad
410 2995 555 3032 Christi
568 3009 691 3035 veram
705 3000 877 3036 transivit
889 3001 1183 3052 philosophiam.

332 3055 377 3091 In
389 3067 464 3104 qua
479 3055 649 3105 longaevae
666 3058 760 3096 bene
773 3060 965 3109 complens
980 3061 1113 3100 ultima
1129 3065 1222 3111 vitae,

331 3113 572 3164 philosophis
589 3117 816 3169 quandoque
836 3120 945 3157 bonis
962 3134 1001 3158 se
1020 3126 1368 3164 connumerandum

330 3172 445 3223 Spem
464 3175 588 3224 dedit,
609 3177 776 3216 undenas
792 3180 892 3217 maio
910 3189 1108 3220 revocante
1124 3183 1310 3224 kalendas.

832 3281 869 3319 2.

328 3361 462 3399 Petrus
478 3362 519 3399 in
534 3362 606 3400 hac
622 3369 731 3412 petra
747 3363 888 3412 latitat,
904 3377 1019 3416 quem
1039 3368 1204 3406 mundus
1221 3369 1364 3407 Home-

375 3422 581 3470 Clamabat,
595 3424 659 3461 sed
673 3424 751 3473 jam
768 3425 891 3464 sidera
906 3427 1011 3465 sidus
1026 3428 1180 3468 habent.
1262 3430 1363 3480 [rum

1431 2206 1494 2243 Sol
1514 2214 1594 2243 erat
1614 2207 1678 2243 hic
1698 2208 1838 2254 Gallis,
1862 2209 1928 2245 sed
1945 2221 2032 2245 eum
2046 2209 2125 2257 jam
2144 2210 2218 2248 sata
2236 2211 2417 2250 tulerunt.

1478 2267 1579 2315 Ergo
1595 2275 1697 2304 caret
1711 2270 1816 2317 regio
1835 2269 1966 2317 gallica
1984 2269 2060 2306 sole
2079 2281 2159 2307 suo.

1431 2326 1498 2363 Ille
1515 2327 1633 2363 sciens
1652 2329 1842 2377 quidquid
1866 2330 1938 2366 fuit
1956 2330 2023 2366 ulli
2044 2329 2184 2375 scibile,
2204 2331 2296 2367 vicit

1478 2386 1664 2433 Artifices,
1684 2395 1781 2424 artes
1798 2389 1936 2438 absque
1954 2389 2112 2426 docente
2132 2390 2285 2426 docens.

1432 2445 1649 2483 Undecimae
1669 2448 1755 2484 maii
1773 2449 1927 2484 Petrum
1948 2461 2107 2498 rapuere
2120 2449 2297 2496 kalendae,

1476 2506 1668 2543 Privantes
1684 2507 1823 2555 logices
1839 2509 1933 2544 atria
1952 2521 2040 2557 rege
2057 2521 2138 2547 suo.

1430 2566 1495 2602 Est
1512 2568 1599 2603 satis
1616 2568 1655 2604 iu
1671 2568 1829 2613 tumulo,
1848 2569 1983 2606 Petrus
1996 2569 2061 2606 hic
2075 2570 2174 2618 jacet
2189 2570 2416 2618 Abaelardus,

1476 2627 1547 2663 Cui
1568 2628 1635 2664 soli
1652 2628 1773 2677 patuit
1790 2629 1919 2666 scibile
1938 2630 2125 2680 quidquid
2137 2638 2227 2668 erat.

1933 2745 1966 2778 3.

1425 2825 1484 2862 [Ex
1497 2825 1603 2855 Codice
1614 2826 1788 2862 oxoniensi,
1799 2829 1875 2866 apud
1885 2828 2052 2858 Rawlinson
2065 2853 2073 2866 ,
2085 2831 2117 2858 in
2131 2830 2258 2860 editione
2265 2831 2463 2870 Epistularum

1756 2879 1839 2908 Petri
1855 2880 2000 2909 Abaelardi
2014 2903 2022 2918 ,
2035 2891 2066 2920 p.
2081 2883 2144 2916 nh]

1424 2951 1618 2989 occubuit
1634 2953 1782 3000 Petrus,
1798 2956 2012 2993 succumbit
2028 2970 2073 2993 eo
2091 2959 2275 2995 moriente

1424 3011 1561 3050 Omnis
1578 3013 1840 3063 philosophus,
1858 3017 1958 3064 perit
1975 3018 2098 3054 omnis
2115 3018 2372 3068 Philosophia,

1422 3073 1619 3110 Scinditur
1630 3074 1669 3110 in
1686 3075 1899 3123 partesjam
1915 3077 2024 3113 vestis
2038 3078 2302 3127 Philosophiae.

1422 3133 1547 3170 Gallia
1561 3133 1658 3170 facta
1673 3141 1731 3171 est
1751 3134 1927 3184 frequens
1945 3137 2079 3174 studiis
2099 3146 2136 3175 et
2154 3139 2412 3190 Philosophia,

1419 3193 1578 3230 Petrum
1597 3193 1818 3231 defunctum
1837 3195 1950 3234 deflet
1967 3197 2014 3234 de
2030 3199 2288 3248 Philosophia,

1419 3252 1581 3289 Gemma
1594 3253 1785 3291 subtracta
1804 3255 1950 3305 plangit
1970 3257 2134 3295 solitaria
2151 3260 2260 3296 sacta.
2432 3303 2435 3306 ,

1418 3311 1569 3362 Plangit
1581 3314 1826 3352 Aristotelem
1848 3317 1919 3353 sibi
1938 3317 2072 3367 Logica
2088 3332 2210 3368 nuper
2226 3319 2457 3369 ademptum,

1419 3372 1467 3408 Et
1483 3372 1629 3423 plangit
1641 3374 1831 3413 Socratem
1845 3377 1915 3413 sibi
1928 3390 2090 3415 moerens
2104 3379 2238 3420 Ethica
2250 3379 2457 3430 demptum,

1419 3432 1578 3482 Physica
1600 3434 1797 3473 Platonem
1809 3465 1819 3484 ,
1846 3437 2036 3475 Facundia
2054 3439 2107 3476 sic
2123 3439 2363 3485 Ciceronem,
