2970 4152
1211 349 1531 398 EmsroiAE.
1643 323 1645 325 ’
2333 349 2415 396 451
2460 346 2466 351 ·

312 453 599 493 tantus-<esse
627 442 1001 507 deprehenditur
1018 477 1034 501 ,
1055 452 1115 493 nt
1137 443 1185 490 in
1207 459 1378 493 earum
1399 442 1630 491 laudibus
1642 441 1945 509 *aliquatenus
1958 442 2175 489 veritatis
2191 443 2427 490 tramitem

311 523 538 571 excedere
559 523 775 573 videa-tur
791 559 803 582 ‚
831 524 1032 588 quasiin
1059 539 1108 574 se
1123 524 1228 588 ipso
1247 522 1366 573 illud
1391 532 1610 587 expertus
1627 558 1640 582 ‚
1669 522 1802 586 quod
1820 521 1991 570 alicubi
2009 537 2392 570 commemorans
2414 542 2422 568 :

314 603 597 663 «Charitas,
624 621 648 647 »
664 604 873 667 inquiv,
895 623 922 653 ,α
942 616 1223 654 mensuram
1236 602 1526 653 nonhabet.
1550 621 1574 648 »
1596 603 1695 660 Qui
1710 599 1766 649 ‘in
1791 603 1895 668 ipso
1919 602 2076 651 statim
2100 601 2296 650 exordio
2311 602 2429 648 .vitae

312 693 485 733 sanctae
517 683 670 733 Paulae
686 720 698 742 ‚
738 685 874 748 quasi
899 694 1137 735 attentum
1146 679 1247 733 »sihi
1262 683 1497 732 ,lectorem
1534 698 1801 748 praeparare
1828 682 2132 743 desideranS,
2155 683 2264 730 ait’
2288 701 2298 728 ε
2330 702 2353 727 «
2381 683 2428 729 Si

304 774 483 812 cuncta
518 764 734 828 corporis
758 765 867 814 ruci
906 764 1122 813 membra
1145 773 1449 813 verterentur
1479 764 1530 811 in
1560 763 1774 828 linguas,
1805 773 1852 810 et
1877 780 2045 810 omnes
2069 774 2196 828 artus
2219 763 2430 813 humana

314 860 434 894 voce
450 854 732 895 resonarent
749 880 761 903 ‚
773 872 775 894 2
788 845 907 893 nihil
932 845 1130 909 dignum
1147 854 1318 893 sanctae
1335 860 1393 892 ac
1407 844 1690 892 venerabilis
1709 843 1863 891 Paulae
1889 843 2136 890 virtutibus
2161 843 2386 891 dicerem.
2404 864 2427 888 »

314 924 571 988 Descripsit
605 934 653 971 et
689 925 943 973 nonnullas
981 935 1255 974 sanctorum
1290 934 1480 989 patrum
1508 924 1802 974 venerabiles
1838 924 1985 983 vitam,
2015 934 2160 988 ,atque
2195 924 2432 971 miraculis

311 1019 533 1054 coruscas
550 1040 562 1063 ‚
582 1005 634 1051 in
655 1004 831 1068 quibus
855 1005 998 1069 longe
1015 1005 1304 1052 mirabiliora
1316 1013 1434 1053 sunt
1451 1021 1556 1068 quae
1573 1005 1859 1070 referuntur.
1882 1004 2073 1051 Nullum
2087 1013 2247 1051 tamen
2264 1020 2431 1051 eorum

313 1092 443 1132 tanta
466 1083 609 1135 laude
633 1084 890 1151 verborum
911 1084 1130 1139 extulisse
1151 1084 1366 1143 videtur,
1394 1094 1573 1148 quanta
1590 1083 1927 1133 hancviduam
1945 1083 2314 1132 commendavit.
2336 1084 2433 1140 Qui

313 1163 457 1212 etiam
482 1164 544 1211 ad
568 1165 922 1233 Demetriadem
947 1166 1183 1229 virginem
1200 1164 1439 1224 scribens,
1464 1174 1601 1213 tanta
1618 1165 1725 1229 ejus
1752 1165 1893 1214 laude
1914 1166 2131 1222 frontem⁴
2147 1165 2297 1230 ipsius
2319 1165 2433 1210 insi-

313 1243 461 1306 gnivit
485 1245 720 1310 epistolae,
752 1256 803 1293 ut
829 1262 928 1296 non
954 1246 1003 1298 in
1030 1246 1268 1296 modicam
1291 1245 1388 1296 labi
1406 1246 1631 1295 videatur.
1646 1245 1986 1294 adulationem.
2014 1266 2037 1293 u
2055 1249 2186 1294 Inter
2203 1262 2389 1304 omnes,
2410 1265 2431 1289 »

243 1389 246 1392 ἢ
297 1324 467 1389 inquit
482 1327 496 1350 ³
511 1362 523 1386 ‚
557 1346 579 1372 «
604 1328 823 1379 materias
841 1364 853 1387 ‚
882 1345 1000 1392 quas
1014 1328 1082 1376 ab
1104 1328 1298 1378 infantia
1322 1344 1475 1392 usque
1497 1327 1562 1393 ad
1579 1327 1704 1375 hanc
1724 1338 1910 1375 aetatem
1934 1322 2010 1375 vel
2035 1344 2167 1387 mea,
2196 1326 2272 1375 vel
2303 1337 2437 1373 nota-

301 1405 494 1458 riorum
509 1408 673 1473 scripsi
697 1425 842 1458 mauu
861 1445 874 1468 ‚
903 1408 1019 1458 nihil
1044 1409 1263 1475 praesenti
1289 1426 1433 1476 opere
1459 1407 1712 1457 difficilius.
1737 1409 2160 1474 Scripturus=enim
2185 1407 2247 1455 ad
2263 1410 2436 1454 Deme·

314 1486 513 1537 triadem
539 1488 770 1552 virginem
793 1489 994 1548 Christi,
1021 1507 1126 1553 quae
1151 1499 1198 1538 et
1221 1488 1466 1537 nobilitate
1483 1495 1537 1536 ,et
1559 1488 1733 1537 divitiis
1757 1490 1911 1554 prima
1927 1490 2062 1536 estin
2083 1488 2200 1536 urbe
2216 1505 2433 1548 romana;

315 1567 353 1613 si
375 1577 548 1615 cuncta
566 1567 666 1631 ejus
689 1569 941 1617 virtutibus
955 1586 1168 1633 congrua
1187 1569 1352 1618 dixero
1368 1605 1381 1628 ‚
1410 1568 1594 1617 adulari
1609 1569 1831 1634 putabor.
1857 1587 1880 1614 υ
1902 1569 2238 1617 Dulcissimum
2261 1570 2438 1634 quippe

315 1648 416 1694 viro
442 1658 605 1695 sancto
631 1649 783 1696 fuerat
807 1666 1092 1713 quacunque
1115 1659 1215 1697 arte
1238 1648 1731 1714 verborum-fragilem
1755 1659 1975 1697 naturam
1992 1650 2059 1697 ,ad
2077 1650 2225 1697 ardua
2255 1649 2438 1696 virtutis

314 1728 468 1776 studia
493 1746 795 1794 promovere.
824 1733 886 1777 Ut
907 1740 1067 1780 autem
1096 1745 1239 1794 opera
1273 1729 1413 1777 nobis
1440 1746 1585 1794 quam
1608 1729 1756 1777 verba
1777 1730 1826 1776 in
1851 1729 1948 1777 hoc
1969 1731 2171 1777 certiora
2193 1729 2439 1795 praebeant

315 1795 623 1873 argumenta,
654 1819 783 1857 tanta
818 1809 1093 1877 hujusmodi
1122 1809 1321 1857 feminas
1349 1808 1554 1856 excoluit
1586 1809 1812 1857 charitate
1830 1846 1842 1870 ,
1862 1820 1925 1857 ⁴ut
1948 1811 2181 1857 immensa
2206 1810 2306 1873 ejus
2334 1826 2439 1856 san-

315 1890 450 1937 ctitas
469 1906 655 1937 naevum
676 1890 764 1938 sibi
788 1891 994 1955 propriae
1008 1891 1305 1955 imprimeret
1317 1890 1467 1937 famae.
1493 1890 1638 1948 Quod
1656 1891 1821 1956 etipse
1841 1891 2037 1955 quidem
2055 1891 2118 1938 ad
2138 1890 2336 1938 Asellam
2349 1927 2360 1949 ‚
2379 1891 2439 1938 de

316 1970 622 2018 fictisamicis
646 1981 797 2035 atque
815 1971 906 2019 sibi
937 1971 1304 2023 detrabentibus
1335 1971 1576 2031 scribens,
1617 1972 1739 2019 inter
1763 1982 1930 2019 caetera
1951 1982 2331 2032 commemorat,
2373 1973 2440 2019 di-

315 2053 487 2098 cens‘:
516 2055 619 2099 «Et
641 2052 846 2100 licetme
865 2052 1145 2099 sceleratum
1176 2052 1371 2117 quidam
1410 2062 1606 2118 putent,
1644 2063 1687 2100 et
1717 2051 1945 2099 omnibus
1964 2053 2154 2117 flagitiis
2180 2052 2436 2109 obrutum3

316 2141 364 2178 tu
397 2142 555 2180 tamen
580 2132 703 2180 bene
727 2133 870 2194 sacis,
911 2133 1043 2198 quod
1074 2150 1133 2180 ex
1163 2143 1243 2180 tua
1282 2143 1441 2181 mente
1470 2134 1614 2181 etiam
1644 2133 1795 2180 malos
1818 2133 1980 2180 bonos
2008 2144 2168 2198 putas.
2207 2133 2442 2181 Periculo-

316 2227 422 2259 sum
444 2214 622 2278 quippe
649 2223 718 2261 est
746 2213 807 2260 de
833 2229 971 2262 servo
997 2213 1187 2261 alterius
1208 2213 1423 2278 judicare
1440 2250 1452 2274 ‚
1482 2224 1529 2261 et
1553 2230 1653 2261 non
1683 2213 1828 2261 facilis
1857 2214 1996 2261 venia
2023 2230 2169 2280 prava
2189 2214 2362 2262 dixisse
2381 2214 2442 2262 de

308 2292 471 2340 vrectis.¹
501 2292 852 2344 Oseulabantur
877 2294 1075 2358 quidang
1096 2294 1216 2341 mibi
1234 2311 1439 2355 manus,
1467 2304 1516 2342 et
1530 2311 1615 2342 ore
1632 2295 1826 2361 vipereo
1852 2294 2181 2342 detrahebant.
2207 2294 2443 2343 Dolebant

318 2370 483 2432 labiis,
520 2373 666 2420 corde
700 2373 987 2438 gaudebant.
1016 2375 1186 2423 Dicant
1219 2374 1336 2439 quid
1371 2392 1583 2440 unquam
1610 2376 1658 2422 in
1687 2392 1764 2423 me
1788 2375 1923 2422 aliter
1949 2386 2202 2423 senserunt
2220 2378 2259 2435 ⁸,
2290 2391 2440 2440 quam

316 2452 448 2515 quod
473 2452 782 2502 christianum
809 2453 1043 2503 decebat?
1072 2454 1195 2514 Nihil
1218 2454 1341 2502 ‚mihi
1359 2454 1593 2518 objicitur
1608 2492 1621 2515 ‚
1660 2455 1750 2502 nisi
1775 2472 1915 2502 sexus
1939 2472 2089 2502 meus.
2118 2458 2177 2502 Et
2200 2455 2294 2502 hoc
2318 2472 2442 2501 nun-

318 2549 462 2596 qnam
481 2533 768 2596 objiceretur
783 2569 795 2592 ‚
814 2534 906 2582 nisi
924 2551 1074 2598 quum
1093 2535 1471 2598 Hierosolymam
1491 2536 1634 2583 Paula
1650 2535 1982 2600 proficiscitur.
2009 2555 2032 2578 »
2055 2538 2173 2582 ltem
2190 2537 2204 2561 ⁶
2225 2553 2236 2581 z
2263 2555 2285 2580 «
2305 2538 2443 2582 Ante·

320 2614 886 2677 quamdomumsanctae
912 2613 1065 2662 Paulae
1091 2631 1340 2663 noscerem
1357 2651 1370 2675 ‚
1402 2615 1547 2663 totius
1573 2617 1621 2662 in
1649 2633 1726 2663 me
1749 2615 1880 2663 urbis
1907 2615 2062 2663 studia
2090 2616 2437 2664 consonabant.

320 2695 549 2741 Omnium
586 2711 709 2760 pene
746 2695 928 2759 judicio
965 2695 1137 2759 dignus
1173 2713 1363 2743 summo
1402 2696 1671 2745 sacerdotio
1710 2696 2018 2745 decernebar.
2058 2696 2153 2744 Sed
2189 2706 2442 2762 postquam

321 2791 426 2822 eam
454 2792 544 2839 pro
575 2791 661 2822 suo
687 2776 857 2823 merito
889 2776 1151 2824 sanctitatis·
1169 2777 1415 2837 venerari,
1447 2777 1635 2838 colere,
1657 2778 1941 2843 {suscipere⁷
1974 2777 2126 2843 coepi,
2167 2793 2336 2824 omnes
2367 2793 2443 2824 me

320 2854 444 2902 illico
463 2855 714 2902 deseruere
736 2857 945 2904 virtutes.
974 2876 995 2900 »
1026 2861 1083 2904 Et
1105 2867 1215 2922 post
1240 2856 1423 2922 aliqua:
1453 2878 1475 2904 «
1500 2858 1676 2919 Saluta,
1699 2878 1723 2903 »
1753 2858 1930 2923 inquit,
1955 2878 1977 2903 «
2001 2858 2194 2906 Paulam
2213 2868 2260 2905 et
2279 2861 2444 2905 Eusto-

322 2935 511 2995 chium,
543 2936 709 2995 velint,
742 2936 924 2995 nolint,
954 2938 1003 2983 in
1030 2937 1218 2985 Christo
1242 2955 1388 2986 meas.
1416 2957 1438 2982 »
1465 2940 1704 3004 Legimus⁸
1727 2949 1774 2987 et
1795 2940 2057 2986 Dominum
2083 2939 2238 3004 ipsum
2266 2948 2443 2986 tantam

321 3015 468 3064 beatae
494 3017 725 3064 meretrici
755 3016 1117 3064 familiaritatem
1143 3017 1435 3078 exhibuisse,
1464 3020 1612 3084 utqui
1633 3035 1743 3066 eum
1768 3019 2046 3066 invitaverat
2069 3018 2350 3084 pharisaeus,
2381 3018 2444 3066 ob

321 3096 414 3143 hoc
436 3097 534 3160 jam
568 3098 757 3162 penitus
786 3097 846 3144 de
871 3097 975 3163 ipso
1001 3097 1265 3159 diffideret,
1307 3099 1435 3164 apud
1473 3116 1523 3147 se
1559 3099 1722 3147 dicens
1752 3118 1762 3146 ε
1804 3119 1827 3144 α
1861 3099 1948 3146 Hic
1970 3099 2009 3145 si
2031 3108 2152 3146 esset
2174 3098 2441 3163 propheta,

321 3177 460 3223 sciret
486 3178 646 3242 utique
671 3194 775 3242 quae
800 3188 847 3224 et
871 3178 1024 3242 qualis
1049 3189 1119 3226 est
1140 3196 1244 3243 quae
1271 3180 1418 3244 tangit
1446 3197 1573 3227 eum.
1601 3200 1624 3225 »
1656 3179 1782 3238 Quid
1808 3196 1921 3244 ergo
1947 3179 2123 3226 mirum
2141 3216 2153 3234 ,
2186 3180 2223 3226 si
2249 3197 2337 3244 pro
2370 3180 2446 3227 lu-

368 3330 376 3347 ·
406 3331 508 3373 Epist.
527 3342 612 3372 mv,
630 3332 710 3373 Opp.
730 3338 754 3365 t.
771 3332 826 3370 lv.
846 3333 909 3366 col.
934 3333 1009 3365 545.
1026 3331 1084 3358 -¹
1098 3333 1203 3375 Epist.
1226 3344 1343 3366 Lxxxvi
1357 3360 1365 3376 ,
1409 3351 1453 3359 —-
1469 3334 1481 3351 ⁸
1493 3335 1655 3367 Senserim
1676 3334 1715 3366 Ι).
1731 3351 1772 3358 -
1784 3332 1796 3351 “
1819 3333 1918 3373 lbid..
1940 3334 2003 3367 col.
2021 3335 2077 3368 66.
2096 3351 2134 3358 -·-
2152 3334 2164 3352 '
2181 3336 2348 3376 Suspicere
2378 3334 2449 3366 MS.

321 3390 370 3420 ad
400 3388 609 3421 Eustochium
624 3413 634 3427 ,
656 3388 737 3430 Opp.
755 3395 777 3422 t.
797 3389 853 3430 IV,
871 3390 935 3422 col.
953 3391 1030 3422 669.
1046 3406 1091 3416 -·
1107 3389 1120 3406 ⁸
1137 3390 1241 3433 Epist.
1259 3401 1345 3423 xcvu
1357 3416 1366 3431 ‚
1413 3389 1509 3424 Amb.
1528 3407 1573 3414 -
1591 3389 1603 3408 ⁸
1621 3390 1716 3431 Luc„
1733 3400 1807 3434 cap.
1825 3401 1886 3431 vu,
1905 3401 1935 3424 v.
1955 3391 2008 3423 39.

328 3445 410 3485 Opp.
427 3451 452 3477 t.
467 3444 523 3484 lv,
539 3444 602 3478 col.
619 3445 739 3478 784.--
756 3443 883 3489 ‘Epist.
900 3447 1103 3488 xxvn=‚opp.
1121 3453 1143 3479 ι.
1160 3446 1213 3486 Ν,
1231 3447 1293 3480 col.
1310 3448 1363 3480 65.
