2970 4152
974 351 1032 430 1Ν
1065 381 1346 429 ΡΑ551οΝΕ
1379 381 1588 447 Domui
1623 381 1837 429 SERMo.
2040 411 2044 416 .
2367 381 2453 428 444

345 475 616 524 communis
640 474 822 522 loculos
844 476 1067 542 impensae
1089 475 1344 526 deferebat.
1366 476 1522 527 Tertio
1541 477 1776 524 Dominus
1799 474 2094 541 proditorem
2117 474 2361 539 designare
2383 492 2461 522 cu-

348 555 467 602 ravit
482 591 494 615 ,
523 572 620 620 quo
641 573 753 603 eum
776 557 978 622 amplius
1003 575 1030 605 a
1054 574 1139 605 sua
1156 568 1478 624 compesceret
1499 558 1764 622 iniquitate.
1794 561 1953 617 Quum
1979 557 2109 605 enim
2131 558 2289 623 primo
2322 556 2462 603 dixis-

200 673 202 675 ,
262 685 266 690 ,
345 643 419 680 set
439 652 448 680 :
473 654 496 680 α
517 636 612 693 Qui
635 636 822 701 intingit
847 654 1034 685 mecum
1053 645 1250 686 manum
1268 637 1316 684 in
1343 638 1615 703 parapside,
1636 637 1716 685 hic
1739 656 1817 685 me
1836 638 2011 698 tradet,
2036 657 2059 682 »
2081 654 2136 684 ac
2153 636 2464 703 postmodum

346 713 547 765 traditor
571 726 798 780 tanquam
825 718 1044 765 conscius
1069 719 1164 778 sui,
1191 727 1237 765 et
1255 719 1392 782 quasi
1404 718 1505 781 jam
1522 717 1792 782 designatus
1816 734 1871 765 ex
1889 717 2170 782 parapside,
2203 717 2465 782 requireret

345 786 511 844 diceris
533 815 543 844 :
569 817 592 842 t<
609 797 835 863 Nunquid
850 815 938 863 ego
963 800 1101 846 sum?
1129 799 1260 848 Rabi.
1282 820 1306 845 >2
1334 800 1595 866 Respondit
1617 800 1660 847 ei
1682 803 1814 847 Jesus
1835 818 1844 846 :
1873 818 1897 844 «
1915 802 1982 846 Tu
2007 799 2177 846 dixisti.
2198 818 2220 843 »
2246 802 2309 846 Ac
2334 799 2372 846 si
2397 799 2466 847 di—

345 884 473 921 ceret
491 893 500 921 :
518 878 584 923 Tu
604 876 702 940 jam
727 887 868 942 pacto
892 895 1004 926 cum
1026 879 1197 927 Judaeis
1220 880 1338 927 inito
1353 915 1366 940 ,
1392 890 1439 929 et
1461 889 1507 926 te
1531 879 1625 927 hoc
1650 880 1882 927 facturum
1914 896 2016 926 esse
2039 879 2296 945 pollicitus,
2332 879 2465 944 quod

345 969 476 1002 nunc
500 954 609 1003 dico
634 956 700 1003 015
723 956 991 1021 praedixisti.
1018 959 1172 1006 Refert
1197 959 1340 1007 etiam
1361 962 1584 1019 Joannes,
1608 959 1757 1023 quod,
1779 976 1929 1024 quum
1949 961 2050 1024 ipse
2069 960 2301 1006 Dominus
2321 959 2464 1006 dixis-

344 1044 443 1082 set:
466 1035 608 1093 «'Qui
631 1036 888 1084 manducat
910 1054 1087 1103 panem
1105 1056 1290 1099 meum,
1307 1040 1482 1088 levabit
1499 1050 1667 1087 contra
1683 1057 1762 1087 me
1780 1040 2056 1087 calcaneum
2075 1057 2231 1101 suum,
2252 1059 2275 1084 »
2299 1050 2349 1087 et·
2363 1040 2464 1105 ipse

343 1116 550 1163 Joannes
574 1115 857 1164 recumbens
875 1133 1019 1182 super
1038 1128 1205 1182 pectus
1221 1108 1347 1179 Jesu,
1375 1121 1635 1184 requireret
1656 1119 1718 1167 ab
1742 1121 1846 1185 ipso
1869 1120 1975 1185 quis
1999 1120 2076 1167 ille
2100 1130 2236 1181 esset,
2263 1137 2466 1186 respon-

341 1194 436 1243 dit:
459 1195 586 1243 «Ille
606 1206 691 1256 est,
714 1197 791 1244 cui
807 1197 1061 1245 intinctum
1075 1214 1253 1263 panem
1267 1216 1577 1264 porrexero.»
1598 1203 1657 1247 Et
1671 1218 1823 1264 quum
1840 1201 2104 1249 intinxisset
2122 1217 2311 1266 panem,
2335 1199 2465 1248 dedit

342 1275 490 1335 Judae,
511 1286 558 1324 et
580 1287 690 1342 post
712 1276 993 1337 buccellam,
1022 1287 1135 1325 tunc
1152 1278 1365 1326 introivit
1385 1281 1435 1326 in
1458 1279 1593 1326 illum
1617 1280 1862 1328 Sathanas.
1884 1281 2012 1327 Dixit
2036 1281 2078 1328 ei
2097 1284 2254 1328 lesus:
2276 1301 2300 1326 «
2319 1281 2463 1339 Quod

341 1355 476 1415 facis,
506 1355 579 1403 fac
603 1357 738 1404 citius
770 1376 794 1402 »1
824 1360 989 1415 Quum
1015 1367 1175 1405 autem
1202 1359 1458 1424 accepisset
1485 1359 1562 1407 ille
1585 1359 1873 1421 buccellam,
1903 1361 2045 1408 exivit
2072 1363 2318 1409 continuo.
2349 1364 2461 1407 Erat

341 1446 499 1484 autem
538 1454 651 1485 nox.
684 1456 708 1482 »
748 1441 869 1486 Ecce
898 1438 993 1486 1100
1022 1440 1164 1487 tertio
1195 1439 1414 1505 proditor
1446 1440 1692 1488 manifeste
1723 1441 2020 1505 designatus,
2056 1452 2166 1506 post
2198 1441 2461 1490 buccellam

258 1511 261 1513 ’
341 1517 498 1564 statim
523 1517 633 1566 exiit
657 1517 718 1565 ad
746 1529 1034 1585 conceptum
1053 1519 1206 1567 scelus
1228 1519 1554 1586 peragendum
1569 1555 1581 1579 ,
1607 1530 1836 1584 tanquam
1851 1520 1950 1584 jam
1967 1521 2168 1568 omnino
2190 1521 2251 1569 de
2270 1522 2466 1569 Domini

341 1596 488 1659 gratia
519 1596 799 1662 desperanS,
821 1615 973 1662 quum
992 1599 1092 1662 ejus
1110 1607 1329 1647 'mentem
1356 1599 1422 1646 ita
1451 1598 1669 1651 diabolus
1697 1600 1898 1646 omnino
1918 1600 2203 1665 possideret,
2233 1611 2284 1648 ut
2309 1600 2465 1648 redire

339 1674 399 1723 ad
425 1677 613 1725 veniam
638 1677 908 1726 nullatenus
931 1689 1107 1744 posset.
1131 1680 1304 1727 Mirum
1326 1689 1483 1746 tamen
1511 1690 1580 1726 est
1604 1678 1853 1744 quomodo
1880 1680 2115 1744 acquievit
2137 1691 2190 1728 ut
2218 1681 2465 1728 intinctam

339 1756 602 1823 buccellam
625 1760 881 1825 acciperet,
905 1761 943 1807 si
961 1761 1092 1826 prius
1111 1760 1316 1809 audierit
1330 1762 1592 1809 Dominum
1612 1760 1706 1808 1100
1724 1760 1894 1808 dixisse
1910 1761 1959 1808 in
1977 1761 2164 1826 signum
2183 1761 2285 1810 fieri
2302 1763 2467 1810 futurae

339 1837 639 1903 proditionis.
684 1839 933 1888 Credimus
958 1857 1071 1906 ergo
1099 1842 1363 1889 Dominum
1400 1842 1500 1889 hoc·
1528 1842 1750 1907 privatim
1785 1842 1958 1889 Joanni
1991 1842 2288 1890 recumbenti
2324 1860 2466 1908 super

340 1929 506 1986 pectus
529 1921 629 1984 ejus
652 1922 971 1987 respondisse,
991 1923 1055 1970 ita
1074 1933 1128 1970 ut
1147 1923 1364 1989 proditor
1383 1923 1433 1970 id
1456 1940 1761 1988 nequaquam
1785 1923 2079 1988 intelligeret.
2105 1927 2225 1972 Nam
2241 1935 2288 1972 et
2305 1928 2469 1972 Petrus

339 2011 520 2049 secreto
543 2001 638 2050 1100
665 2002 984 2052 demonstrari
1012 2005 1168 2070 petiit,
1198 2005 1403 2052 innuens
1427 2005 1597 2052 Joanni
1623 2005 1782 2070 potius
1813 2022 1958 2070 quam
1985 2005 2213 2070 loquens,
2242 2017 2295 2053 ut
2316 2022 2343 2053 a
2367 2009 2465 2053 Do-

338 2082 469 2129 mino
503 2083 763 2147 requireret
794 2085 899 2148 quis
930 2085 1007 2133 ille
1035 2095 1157 2133 esset
1185 2085 1246 2132 de
1279 2102 1378 2150 quo
1408 2085 1603 2132 diceret.
1642 2088 1713 2133 De
1743 2085 1821 2133 illa
1856 2095 2016 2134 autem
2043 2085 2260 2133 buccella
2295 2088 2462 2152 panis,

335 2178 482 2225 quam
499 2162 561 2210 ad
585 2165 882 2228 proditorem
908 2165 1254 2231 designandum
1282 2167 1530 2214 intinctam
1553 2167 1595 2214 ei
1618 2167 1851 2231 porrexit,
1875 2165 2114 2233 plerisque
2134 2167 2320 2214 videtur
2332 2168 2464 2232 quod

334 2242 396 2289 de
415 2243 519 2309 ipso
544 2259 668 2310 pane
687 2256 868 2293 sacrato
890 2263 995 2294 eam
1021 2247 1278 2313 acciperet,
1306 2248 1435 2295 unde
1464 2244 1586 2295 inter
1614 2250 1807 2295 caeteros
1829 2248 1893 2295 ita
1924 2265 2034 2295 eum
2069 2249 2457 2296 communicaret.

335 2326 491 2382 Quam
516 2325 713 2390 quidem
734 2318 1126 2375 communionem
1151 2346 1302 2393 quum
1326 2329 1519 2393 indigne
1544 2339 1776 2387 sumeret,
1793 2329 2029 2393 judicium
2048 2329 2207 2394 potius
2228 2346 2373 2394 quam
2392 2346 2458 2377 sa-

334 2403 481 2464 lutem
502 2404 566 2451 ibi
586 2406 840 2470 acciperet,
867 2407 989 2453 sicut
1018 2417 1065 2453 et
1090 2408 1343 2473 Apostolus
1373 2409 1537 2455 asserit
1555 2408 1615 2456 de
1635 2408 1829 2472 indigne
1853 2409 2232 2456 communicatis.
2255 2409 2393 2457 Unde
2416 2419 2459 2455 et

334 2493 443 2548 post
465 2482 747 2544 buccellam,
777 2485 1006 2533 Sathanas
1029 2486 1076 2532 in
1103 2486 1273 2534 sudam
1299 2488 1534 2546 introisse,
1566 2498 1613 2534 et
1636 2489 1702 2535 sic
1728 2505 1838 2535 eum
1864 2489 2051 2553 plenius
2069 2489 2335 2553 possedisse
2360 2505 2456 2536 me-

334 2573 563 2611 moratur.
587 2567 708 2611 Nam
725 2575 772 2612 et
797 2565 930 2629 quod
949 2565 1063 2613 huic
1082 2582 1277 2630 quoque
1295 2567 1627 2614 communioni
1652 2567 1871 2632 proditor
1895 2568 2183 2628 interfuerit,
2206 2572 2352 2616 Lucas
2369 2583 2456 2632 pa-

332 2653 485 2692 tenter
503 2643 742 2692 insinuare
759 2645 962 2693 videtur.
988 2648 1110 2707 Qui,
1137 2647 1254 2694 dum
1283 2664 1466 2695 novum
1484 2647 1657 2714 pascha
1683 2648 2002 2697 celebraretur
2020 2665 2047 2696 a
2063 2650 2271 2697 Domino
2285 2686 2297 2709 ,
2319 2649 2457 2696 refert

332 2739 441 2770 eum
473 2722 644 2771 dixisse
668 2742 678 2770 :
706 2742 730 2769 «
755 2727 1092 2774 Verumtamen
1121 2743 1231 2774 ecce
1259 2743 1432 2774 manus
1463 2727 1690 2775 tradentis
1723 2745 1801 2775 me
1831 2745 2022 2776 mecum
2053 2739 2124 2775 est
2151 2729 2199 2775 in
2225 2745 2401 2776 mensa.
2428 2748 2451 2772 »

328 2802 569 2849 Continuo
595 2813 755 2850 tamen
781 2814 973 2869 accepta
996 2804 1228 2865 buccella,
1255 2806 1478 2871 proditor
1500 2823 1599 2854 non
1624 2818 1867 2874 exspectat
1890 2809 2279 2856 communionem
2300 2808 2450 2867 finiri,

328 2879 403 2927 vel
429 2879 662 2944 hymnum
693 2892 802 2947 post
830 2883 1135 2933 refectionem
1160 2886 1371 2933 Domino
1397 2886 1630 2951 persolvi3
1662 2904 1848 2936 sacrum
1877 2889 2034 2936 statim
2052 2888 2304 2953 collegium
2324 2905 2453 2952 egre-

329 2959 473 3018 ditur,
505 2977 603 3024 quo
629 2977 829 3026 pravum
856 2962 1144 3012 desiderium
1171 2965 1374 3031 amplius
1399 2976 1681 3027 maturaret,
1702 2968 1822 3015 sicut
1848 2978 1895 3015 et
1920 2968 2154 3015 Dominus
2178 2968 2454 3034 praedixerat

329 3041 521 3088 dicens:
548 3043 729 3099 «Quod
755 3043 888 3103 facis,
918 3044 989 3091 fac
1022 3046 1173 3093 citius.
1204 3065 1226 3090 »
1260 3046 1373 3094 Ideo
1400 3057 1558 3095 autem
1593 3065 1768 3114 panem
1805 3049 2057 3095 intinctum
2095 3049 2182 3095 soli
2220 3048 2453 3115 proditori

328 3120 484 3180 dedit,
516 3132 566 3170 ut
591 3123 692 3186 ejus
729 3135 937 3172 mentem
972 3125 1069 3189 jam
1109 3128 1424 3192 conceptione
1456 3130 1635 3193 peccati
1673 3130 1894 3177 infectam
1925 3139 1972 3176 et
2001 3129 2283 3181 maculatam
2314 3130 2454 3194 signi-

328 3200 504 3250 ficaret.
549 3205 736 3252 Caeteris
775 3215 955 3266 autem,
988 3207 1069 3271 qui
1101 3224 1273 3272 puram
1310 3208 1553 3257 habebant
1595 3211 1932 3258 conscientiam
1948 3245 1962 3268 ,
2006 3220 2298 3258 sacramenta
2345 3227 2450 3259 cor-

326 3283 456 3346 poris
488 3293 534 3330 et
565 3286 804 3349 sanguinis
842 3288 915 3333 sui
952 3289 1201 3353 separatim
1242 3289 1503 3350 distribuit,
1532 3292 1666 3355 quasi
1704 3308 1878 3356 panem
1911 3308 1998 3357 per
2029 3308 2079 3340 se
2107 3302 2154 3339 et
2176 3293 2342 3339 vinum
2364 3308 2451 3356 per

327 3379 377 3409 se
425 3366 676 3429 separatim
718 3367 1005 3416 ministrans.
1058 3368 1197 3416 Unde
1242 3369 1365 3418 bene
1419 3381 1645 3419 statutum
1690 3383 1759 3420 est
1803 3373 1852 3420 in
1895 3372 2101 3421 Ecclesia
2117 3409 2130 3434 ,
2166 3384 2219 3420 ut
2253 3372 2447 3437 quando

325 3440 489 3489 fideles
521 3447 953 3506 communicantur,
982 3448 1082 3496 haec
1117 3451 1367 3513 separatim
1407 3452 1655 3515 accipiant.
1697 3454 1817 3500 Sunt
1848 3468 1960 3501 vero
1994 3453 2075 3517 qui
2108 3444 2282 3518 panem
2314 3451 2445 3499 illum

490 3535 501 3562 t
2233 3533 2286 3573 56
