2970 4152
863 366 865 368 ’
934 383 992 430 IN
1024 381 1206 429 RAMIS
1240 379 1566 428 PALMARUM
1599 378 1815 424 SERMO.
2349 376 2444 422 443

324 481 474 529 buant
491 478 821 528 necessitatem
840 477 1065 544 patienti3
1088 476 1199 524 etin
1222 473 1533 522 exterioribus
1552 472 1818 520 actionibus
1833 470 2102 538 laborantes
2115 507 2127 528 ,
2151 468 2229 515 illa
2247 469 2447 534 implent

325 577 470 627 opera
494 557 850 618 misericordiae,
879 557 940 604 de
962 556 1135 622 quibus
1156 555 1245 603 illis
1263 555 1500 602 Dominus
1518 554 1733 601 dicturus
1750 555 1844 600 est¹
1869 570 1878 598 z
1907 571 1929 596 «
1953 550 2136 597 Esurivi
2155 586 2166 610 ,
2190 559 2234 597 et
2254 549 2448 597 dedistis

324 640 444 688 mihi
461 640 750 688 manducare
764 675 776 698 ,
799 649 890 686 etc.
913 657 936 682 »
956 635 1332 702 Contemplativa
1350 651 1466 682 vero
1492 644 1561 681 est
1583 634 1700 693 vita,
1727 649 1832 697 quae
1851 647 2015 678 amore
2034 631 2121 677 Dei
2140 629 2445 677 vehementer

325 737 573 781 succensa,
601 730 734 767 tanto
758 720 985 767 sincerius
1003 719 1046 765 ei
1065 727 1221 776 vacat,
1242 717 1354 764 etin
1373 716 1474 779 ejus
1496 713 1972 780 contemplationem,
1997 722 2042 759 et
2061 721 2207 758 status
2231 728 2446 776 supernae

323 802 429 848 vitae
466 800 632 848 oculos
669 799 846 846 meritis
873 798 1125 864 perfectius
1155 798 1311 862 erigit,
1341 806 1388 843 et
1412 813 1470 844 eo
1495 795 1644 860 magis
1668 795 1716 841 in
1748 795 1839 841 hac
1867 792 2188 858 speculatione
2219 809 2445 857 suspensa
2515 796 2525 799 '

323 882 601 941 delectatur,
623 890 804 945 quanto
822 895 849 926 a
868 879 993 926 curis
1008 879 1163 926 saeculi
1183 877 1385 944 amplius
1403 886 1588 924 remota
1606 875 1820 940 quiescit.
1845 872 2027 920 Martha
2046 873 2202 936 itaque
2220 882 2445 937 tanquam

323 963 372 1010 in
410 962 630 1011 exteriori
663 960 1073 1008 administratione
1106 969 1338 1025 occupata
1354 995 1366 1019 ‚
1394 957 1604 1004 Domino
1627 955 1836 1003 venienti
1860 954 2015 1001 statim
2039 954 2271 1017 occurrit,
2298 953 2442 1000 Maria

323 1059 437 1090 vero
463 1040 597 1089 domi
621 1040 791 1088 sedens
815 1039 1035 1105 quiescit,
1058 1055 1360 1103 nequaquam
1390 1037 1488 1084 istis
1510 1035 1771 1083 visibilibus
1795 1035 1975 1081 intenta
1997 1033 2161 1093 bonis,
2185 1032 2268 1079 sed
2287 1049 2447 1097 super-

323 1123 397 1169 nis
413 1121 604 1169 inhians
623 1120 829 1185 gaudiis,
859 1137 964 1185 quae
987 1136 1077 1167 nec
1101 1119 1268 1166 oculus
1301 1118 1419 1165 vidit
1435 1155 1447 1178 ,
1479 1134 1568 1165 nec
1586 1117 1711 1164 auris
1734 1115 1926 1186 audivit.
1957 1117 2112 1173 Quam
2136 1114 2277 1161 etiam
2303 1130 2442 1159 evan-

323 1201 486 1267 gelista
507 1202 558 1248 in
575 1212 762 1249 tantum
779 1201 987 1266 quietem
1007 1217 1140 1247 suam
1157 1216 1316 1247 amare
1332 1198 1556 1247 describit
1568 1235 1580 1258 ,
1605 1207 1657 1245 ut
1673 1212 1976 1261 nequaquam
1995 1195 2056 1242 de
2075 1194 2222 1242 domo
2243 1210 2443 1258 egressa,

323 1284 414 1331 nisi
449 1299 476 1330 a
517 1284 725 1330 Domino
760 1283 892 1349 prius
926 1292 1118 1341 vocata,
1155 1298 1305 1347 quum
1345 1282 1388 1329 ei
1427 1280 1647 1328 videlicet
1681 1278 1865 1326 Martha
1899 1277 2076 1325 diceret
2109 1297 2118 1323 :
2165 1296 2188 1321 «
2225 1276 2443 1340 Magister

321 1364 480 1424 adest,
508 1374 556 1412 et
579 1374 715 1412 vocat
737 1374 798 1412 te.
823 1383 847 1409 υ
869 1367 1226 1428 Nonnunquam
1254 1363 1340 1410 viri
1365 1361 1723 1427 contemplativi
1750 1362 1810 1407 de
1835 1369 2016 1407 secreto
2042 1357 2217 1405 intimae
2242 1356 2435 1421 quietis,

320 1447 424 1493 Deo
442 1445 717 1510 inspirante,
737 1455 974 1510 coguntur
998 1445 1148 1505 exire,
1178 1454 1224 1492 et
1246 1443 1429 1509 populo
1454 1441 1535 1490 illo
1560 1441 1847 1508 postulante,
1873 1440 1997 1487 curis
2029 1437 2330 1504 implicantur
2355 1452 2438 1482 ec-

321 1525 609 1585 clesiasticis,
637 1526 757 1573 sicut
779 1525 825 1572 in
854 1524 995 1572 beato
1017 1524 1192 1571 factum
1218 1534 1288 1572 est
1312 1523 1532 1570 Martino.
1562 1525 1753 1581 Quanto
1777 1531 1936 1569 autem
1960 1518 2437 1584 contemplativorum
2503 1564 2523 1579 (ἡ

322 1606 475 1670 major
500 1606 663 1672 religio
688 1606 960 1654 ferventiori
989 1604 1147 1653 studio
1178 1604 1387 1652 adhaeret
1411 1607 1514 1651 Deo
1531 1640 1543 1663 ,
1571 1613 1705 1651 tanto
1729 1602 1885 1649 Mariae
1908 1601 2213 1648 devotionem
2240 1615 2438 1663 evange·
2505 1606 2521 1611 “

321 1685 424 1734 lista
447 1687 596 1751 magis
617 1686 963 1735 commendans
989 1687 1081 1734 ait²
1104 1704 1113 1732 :
1145 1705 1169 1730 «
1193 1686 1337 1732 Maria
1362 1696 1538 1744 autem,
1562 1701 1711 1750 quum
1735 1683 1939 1731 venisset
1963 1681 2044 1728 ubi
2069 1691 2167 1729 erat
2186 1683 2340 1739 Jesus,
2370 1680 2436 1725 vi-

320 1765 439 1814 dens
461 1784 590 1829 eum,
617 1767 787 1816 cecidit
811 1768 871 1815 ad
895 1767 1043 1835 pedes
1066 1767 1183 1832 ejus.
1207 1768 1263 1813 Et
1292 1766 1409 1815 dixit
1430 1767 1472 1815 ei
1496 1785 1505 1813 :
1531 1765 1797 1826 «Domine,
1819 1764 1856 1811 si
1872 1763 2035 1811 fuisses
2057 1762 2163 1822 hic,
2193 1778 2290 1809 non
2312 1770 2434 1808 esset

324 1866 347 1892 «
366 1858 584 1897 mortuus
596 1850 738 1898 frater
752 1866 903 1899 meus.
914 1869 937 1896 »
959 1853 983 1897 J
986 1867 1092 1898 esus
1111 1867 1242 1915 erg0‚
1253 1850 1433 1898 utvidit
1445 1866 1550 1898 eam
1563 1849 1849 1915 plorantem,
1864 1843 2105 1893 etJudaeos
2115 1844 2197 1908 qui
2208 1852 2434 1890 venerant

323 1944 434 1975 cum
469 1945 523 1976 ea
554 1929 819 1995 plorantes,
847 1940 939 1979 etc.
969 1950 992 1975 »
1028 1933 1339 1996 Nequaquam
1368 1930 1494 1978 enim
1519 1927 1724 1988 Martha,
1751 1944 1856 1993 quae
1879 1925 2090 1972 Domino
2116 1924 2247 1989 prior
2273 1939 2436 1969 occur-

319 2018 468 2070 rerat,
493 2008 566 2057 vel
589 2009 650 2057 ad
673 2011 821 2076 pedes
846 2011 946 2076 ejus
968 2011 1217 2060 adorando
1242 2021 1502 2077 prostrata,
1532 2009 1608 2058 vel
1634 2026 1777 2085 super
1802 2009 1942 2055 fratre
1967 2005 2137 2053 dicitur
2158 2004 2429 2067 lacrymata.

318 2089 453 2136 Prior
468 2088 530 2137 ad
546 2091 808 2138 Dominum
826 2092 1010 2139 Martha
1027 2093 1172 2152 venit,
1194 2092 1423 2157 quoniam
1443 2091 1593 2139 activa
1611 2090 1705 2137 vita
1722 2088 1828 2136 licet
1846 2089 1894 2135 in
1914 2087 2091 2134 meritis
2107 2087 2164 2133 sit
2181 2084 2430 2151 posterior,

317 2169 593 2218 naturaliter
618 2181 775 2219 tamen
804 2173 853 2219 in
880 2172 1049 2220 ordine
1072 2173 1300 2238 temporis
1325 2183 1395 2220 est
1419 2173 1567 2238 prior.
1592 2175 1653 2218 Ut
1680 2170 1809 2218 enim
1834 2168 1998 2216 beatus
2018 2167 2233 2216 meminit
2252 2168 2431 2229 Grego-

316 2249 414 2298 rius
438 2266 465 2298 a
490 2251 698 2299 minimis
721 2252 922 2317 quisque
949 2252 1168 2313 inchoat,
1194 2263 1246 2300 ut
1269 2252 1331 2301 ad
1358 2252 1538 2316 majora
1559 2251 1817 2317 perveniat.
1843 2253 1899 2296 Et
1922 2248 2239 2314 imperfectior
2262 2247 2436 2294 activo-

317 2346 424 2377 rum
452 2332 548 2379 vita
570 2331 788 2396 quaedam
818 2343 888 2380 est
918 2332 1131 2380 fidelium
1161 2333 1403 2380 inchoatio
1420 2369 1432 2392 ,
1463 2334 1512 2380 in
1539 2349 1632 2397 qua
1658 2348 1707 2379 se
1732 2331 1862 2396 prius
1886 2339 2159 2387 exerceant,
2193 2344 2337 2392 quam
2371 2326 2433 2373 ad

316 2411 654 2475 perfectionem
676 2413 1092 2479 contemplationis
1116 2414 1457 2462 conscendant.

382 2493 525 2551 Quod
544 2509 657 2540 vero
680 2494 914 2541 Dominus
938 2497 1165 2541 Lazarum
1191 2495 1498 2542 suscitaturus
1523 2495 1818 2542 infremuisse
1836 2496 2026 2561 spiritu,
2050 2504 2095 2542 et
2114 2496 2320 2560 seipsum
2339 2504 2434 2541 tur-

317 2574 452 2622 basse
471 2573 660 2634 dicitur,
678 2573 838 2621 hocin
863 2574 1018 2640 seipso
1044 2573 1256 2621 exhibuit
1278 2574 1411 2639 quod
1437 2575 1803 2622 misericorditer
1822 2576 1867 2622 in
1889 2575 2027 2622 nobis
2043 2576 2151 2639 agit.
2176 2577 2284 2632 Quo
2307 2575 2434 2621 enim

317 2657 516 2721 quisque
545 2656 781 2721 poenitens
806 2655 986 2719 majora
1011 2656 1324 2725 commiserit,
1348 2657 1497 2722 magis
1521 2656 1721 2703 horrore
1749 2656 1975 2721 gehennae
1999 2656 2249 2704 infremere
2266 2672 2321 2703 ac
2339 2666 2435 2702 tur-

317 2735 420 2784 bari
434 2736 618 2801 cogitur
633 2735 694 2783 de
711 2746 1016 2802 peccatorum
1037 2752 1235 2783 suorum
1255 2736 1597 2801 magnitudine.
1615 2737 1701 2783 Hic
1720 2754 1832 2784 vero
1852 2738 1934 2802 qui
1949 2736 2292 2801 quatriduanus
2312 2754 2437 2784 mor-

318 2827 426 2864 tuus
447 2816 600 2864 dictus
627 2827 719 2876 est,
746 2834 832 2883 per
855 2817 945 2864 hos
963 2827 1169 2882 quatuor
1187 2817 1311 2878 die's,
1334 2835 1456 2883 quos
1469 2818 1569 2882 jam
1587 2819 1635 2865 in
1661 2828 1815 2865 morte
1838 2818 2068 2866 habuerat
2086 2855 2098 2879 ,
2123 2819 2255 2865 omni
2274 2835 2437 2884 pecca-

318 2908 475 2945 torum
499 2915 671 2963 genere
695 2898 1045 2946 contaminatus
1069 2890 1210 2947 fuisse
1231 2900 1461 2947 innuitur.
1492 2903 1543 2947 In
1572 2916 1630 2948 eo
1654 2900 1831 2966 quippe
1855 2911 1950 2947 tam
1974 2901 2269 2965 cogitationis
2293 2917 2435 2965 quam

317 2979 606 3044 operationis
624 2987 871 3044 peccatum
892 2978 1166 3044 praecedens
1191 2980 1240 3026 in
1266 2980 1664 3028 consuetudinem
1689 2991 1908 3041 venerat,
1931 2991 1978 3028 et
1997 2981 2189 3028 tandem
2216 2981 2332 3028 alios
2353 2998 2439 3047 per

317 3058 588 3124 exemplum
622 3059 1004 3124 corrumpendo,
1033 3059 1082 3106 in
1107 3070 1260 3108 morte
1284 3061 1460 3126 pariter
1485 3071 1580 3108 tam
1609 3060 1810 3109 aliorum
1832 3078 1976 3127 quam
1996 3063 2191 3127 propria
2220 3078 2441 3109 consum·

317 3149 499 3187 matum
526 3151 649 3200 erat,
678 3140 860 3206 primo,
888 3149 939 3187 ut
966 3139 1148 3188 dictum
1175 3151 1272 3200 est,
1301 3142 1350 3188 in
1377 3143 1662 3207 cogitatione
1682 3179 1694 3203 ,
1716 3142 1927 3190 secundo
1951 3142 2167 3190 habitum
2193 3142 2241 3189 in
2265 3159 2437 3208 opere,

318 3220 457 3267 tertio
481 3219 662 3267 dictum
681 3220 729 3267 in
756 3220 1102 3268 consuetudine
1120 3258 1132 3282 ,
1158 3232 1328 3287 quarto
1347 3223 1396 3270 in
1414 3223 1615 3271 aliorum
1636 3223 1958 3289 corruptione.
1982 3223 2124 3281 Quod
2143 3241 2257 3271 vero
2277 3226 2443 3272 Domi-

321 3314 412 3349 nus
433 3299 692 3364 interrogat
721 3320 731 3347 :
768 3320 789 3345 «
818 3300 908 3348 Ubi
933 3301 1156 3366 posuistis
1180 3302 1324 3349 eum?
1349 3322 1372 3347 »
1403 3314 1628 3368 tanquam
1655 3303 1878 3368 ignorans
1906 3304 2108 3368 sepulcri
2136 3304 2321 3364 locum;
2350 3304 2444 3352 hoc

365 3484 374 3501 ¹
400 3484 528 3527 nauh„
545 3496 617 3530 cap.
634 3498 713 3527 xxv,
729 3498 759 3520 v.
778 3489 833 3521 35.
851 3506 890 3512 ·-
905 3487 916 3505 ¹
934 3488 1045 3529 loun„
1064 3499 1139 3532 cap.
1158 3501 1190 3523 xi
1204 3515 1213 3530 ‚
1231 3499 1261 3522 v.
1283 3491 1343 3530 20,
1364 3492 1420 3523 91.
