2970 4152
1213 407 1531 455 EPISTOLAE.
2349 407 2366 451 1
2378 409 2439 453 27

330 503 673 550 resurrectione
688 502 884 550 Domini
897 502 997 566 jam
1018 501 1281 566 completa:
1299 501 1496 550 demum
1521 501 1679 565 ipsum
1718 502 1983 551 Dominum
2015 501 2181 565 primae
2221 500 2443 549 viderunt

330 592 376 629 et
416 592 687 630 tenuerunt.
728 583 864 629 Prior
900 581 1095 647 quidem
1135 581 1282 629 Maria
1316 580 1593 644 Magdalene
1606 616 1619 640 ,
1659 598 1763 644 quae
1796 581 1975 630 caeteris
2017 580 2273 634 ferventior
2307 590 2438 639 erat3

329 672 494 726 postea
537 664 638 728 ipsa
683 663 854 722 simul,
897 672 945 709 et
991 662 1117 722 aliae,
1152 662 1214 710 de
1251 660 1427 725 quibus
1447 661 1694 726 ‘scriptum
1729 671 1799 708 est
1815 697 1827 721 ,
1872 660 2005 725 quod
2037 671 2147 726 post
2182 660 2442 724 angelicam

328 743 586 791 visionem¹
609 763 634 788 «
652 744 867 790 exierunt
889 741 950 789 de
974 751 1290 789 monumento
1304 778 1317 801 ,
1356 752 1600 789 currentes
1625 741 1844 788 nuntiare
1870 741 2111 805 discipulis
2138 741 2442 789 resurrectio·

233 832 297 880 a
328 840 441 871 nem
459 824 670 878 Domini.
700 826 757 869 Et
776 839 886 870 ecce
910 825 1041 870 Jesus
1059 823 1267 871 occurrit
1291 822 1404 881 illis,
1426 822 1590 869 dicens
1614 840 1624 868 :
1655 825 1814 868 Avete.
1838 821 1931 868 111ae
1947 831 2107 869 autem
2126 831 2441 880 accesserunt,

328 915 376 951 et
391 914 647 952 tenuerunt
661 905 809 969 pedes
838 904 964 967 ejus,
993 914 1040 950 et
1063 904 1385 950 adoraverunt
1409 920 1538 950 eum.
1565 904 1697 950 Tunc
1722 902 1786 949 ait
1808 905 1941 948 Jesus
1962 920 1971 948 :
1998 905 2092 961 Ite,
2116 903 2329 969 nuntiate
2354 901 2444 948 fra-

329 979 478 1032 tribus
493 986 611 1031 meis
624 1021 636 1043 ,
659 994 713 1031 ut
729 995 840 1031 eant
856 985 905 1030 in
921 983 1178 1030 Galilaeam.
1205 983 1275 1029 lbi
1292 1000 1369 1030 me
1388 982 1635 1030 videbunt.
1658 1001 1683 1026 »
1713 984 1784 1028 De
1802 998 1900 1045 quo
1925 991 1973 1028 et
1995 985 2144 1029 Lucas
2167 991 2446 1046 prosecutus

329 1064 424 1111 ait*
454 1082 465 1110 :
500 1083 529 1109 ⁴«
551 1067 664 1111 Erat
689 1064 965 1128 Magdalene
982 1100 995 1123 ,
1029 1073 1077 1110 et
1099 1065 1310 1123 Joanna,
1339 1073 1387 1110 et
1409 1063 1556 1110 Maria
1585 1061 1771 1122 Jacobi,
1809 1072 1856 1109 et
1878 1071 2078 1122 caeterae,
2109 1078 2213 1125 quae
2244 1078 2354 1107 cum
2381 1062 2447 1108 eis

329 1154 484 1204 erant,
521 1161 626 1209 quae
651 1144 876 1192 dicebant
902 1144 965 1191 ad
993 1143 1236 1209 apostolos
1260 1143 1376 1190 haec.
1402 1163 1427 1188 »
1465 1145 1594 1200 Quas
1624 1143 1767 1190 etiam
1794 1142 1855 1189 ab
1880 1142 2048 1206 angelo
2079 1143 2289 1207 primum
2306 1141 2446 1189 fuisse

329 1226 494 1272 missas
517 1225 579 1273 ad
603 1225 843 1291 apostolos
870 1226 1089 1272 nuntiare
1118 1225 1219 1272 haec
1242 1241 1343 1272 non
1371 1225 1535 1271 reticet
1562 1225 1801 1284 Μαι-ουδ’,
1837 1223 1919 1270 ubi
1935 1261 1948 1283 ,
1976 1223 2144 1287 angelo
2171 1222 2447 1275 mulieribus

276 1318 279 1321 ·
326 1304 576 1369 loquente,
604 1307 835 1370 scriptum
853 1315 923 1352 est
946 1323 956 1351 ε
983 1325 1006 1351 «
1030 1305 1268 1351 Surrexit:
1289 1321 1390 1351 non
1409 1314 1478 1352 est
1494 1303 1590 1350 hic.
1611 1303 1706 1350 Sed
1723 1304 1811 1363 ite,
1840 1303 1982 1351 dicite
2001 1302 2244 1366 discipulis
2260 1302 2378 1365 ejus,
2404 1313 2448 1348 et

327 1387 489 1445 Petro,
509 1386 620 1449 quia
638 1385 874 1450 praecedet
888 1402 974 1432 vos
991 1386 1042 1432 in
1053 1384 1309 1432 Galilaeam.
1331 1404 1354 1429 υ
1375 1387 1480 1450 lpse
1499 1384 1642 1431 etiam
1661 1384 1898 1430 Dominus
1913 1384 2070 1450 primo
2090 1383 2245 1429 Mariae
2261 1381 2448 1445 Magda-

325 1465 443 1512 lenae
461 1482 720 1531 apparens,
745 1467 809 1513 ait
825 1466 894 1512 illi
910 1467 924 1490 ⁴
946 1484 956 1512 ε
989 1485 1012 1510 «
1034 1465 1164 1512 Vade
1188 1465 1250 1512 ad
1272 1465 1438 1512 fratres
1457 1481 1591 1512 meos
1605 1501 1619 1524 ,
1646 1475 1695 1512 et
1712 1464 1790 1511 dic
1814 1465 1881 1512 eis
1901 1482 1910 1510 :
1943 1463 2160 1512 Ascendo
2181 1463 2243 1510 ad
2263 1465 2448 1509 Patrem

328 1562 505 1593 meum.
534 1564 557 1590 »
578 1549 648 1592 Ex
663 1546 837 1610 quibus
855 1546 1120 1610 colligimus
1134 1545 1220 1592 has
1237 1555 1422 1593 sanctas
1441 1545 1663 1593 mulieres
1680 1546 1816 1609 quasi
1838 1545 2078 1610 apostolas
2096 1561 2241 1608 super
2259 1553 2449 1608 aposto-

326 1626 399 1674 los
414 1644 515 1675 esse
530 1628 826 1687 constitutas,
841 1645 991 1692 quum
1003 1628 1115 1692 ipsae
1132 1627 1194 1674 ad
1211 1643 1295 1674 eos
1310 1627 1385 1674 vel
1398 1628 1646 1674 aDomino
1666 1627 1743 1674 vel
1761 1626 1822 1674 ab
1838 1625 2016 1690 angelis
2037 1626 2189 1672 missae
2208 1641 2447 1671 summum

327 1707 444 1755 illud
468 1709 826 1755 resurrectionis
857 1708 1082 1772 gaudium
1114 1708 1477 1767 nuntiaverunt,
1506 1707 1641 1772 quod
1664 1706 2003 1772 expectabatur
2026 1705 2087 1752 ab
2115 1704 2339 1752 omnibus
2356 1741 2368 1764 ,
2399 1715 2449 1751 ut

327 1803 414 1850 per
439 1803 516 1834 eas
541 1788 744 1852 apostoli
769 1788 980 1851 primum
1003 1787 1302 1834 addiscerent
1327 1787 1461 1851 quod
1480 1788 1565 1834 toti
1582 1786 1767 1834 mundo
1786 1785 2099 1851 postmodum
2117 1784 2443 1850 praedicarent.

327 1868 457 1924 Quas
474 1868 616 1914 etiam
640 1877 749 1932 post
773 1867 1169 1921 resurrectionem
1191 1867 1401 1913 Domino
1426 1877 1706 1914 occurrente
1731 1866 1923 1914 salutari
1947 1865 2008 1912 ab
2036 1866 2141 1931 ipso
2167 1864 2450 1929 evangelista

328 1963 470 2013 supra
493 1949 778 1995 memoravit
800 1966 811 1995 ε
841 1958 894 1995 ut
918 1958 1014 1995 tam
1038 1963 1240 1994 occursu
1263 1963 1352 1993 suo
1377 1963 1523 2011 quam
1548 1946 1831 1994 salutatione
1850 1955 2079 2010 quantam
2096 1961 2206 2008 erga
2231 1961 2310 1991 eas
2325 1944 2451 1990 solli-

329 2028 589 2075 citudinem
617 2038 664 2076 et
688 2029 887 2093 gratiam
909 2027 1107 2076 haberet
1131 2027 1419 2075 ostenderet.
1449 2030 1557 2074 Non
1583 2027 1711 2074 enim
1747 2026 1850 2074 aliis
1879 2026 2131 2091 proprium
2159 2025 2452 2113 soahffiationis

329 2107 556 2168 verbum,
593 2109 728 2173 quod
757 2119 827 2156 est
854 2127 864 2156 :
909 2127 934 2154 «
963 2112 1130 2167 Avete,
1163 2126 1188 2153 »
1222 2124 1335 2155 eum
1364 2107 1564 2171 legimus
1599 2106 1850 2171 protulisse
1879 2124 1890 2153 ε
1921 2107 2020 2152 imo
2058 2115 2105 2152 et
2128 2103 2450 2166 ¹⁵[salutatione

329 2198 466 2236 antea
486 2189 744 2255 discipulos
761 2188 1049 2248 inhibuisse,
1078 2204 1230 2252 quum
1255 2188 1322 2235 eis
1344 2187 1550 2235 diceret⁶
1578 2206 1587 2233 :
1622 2206 1646 2231 «
1667 2189 1724 2233 Et
1754 2186 1997 2234 neminem
2022 2202 2108 2250 per
2132 2185 2258 2232 viam
2284 2184 2450 2236 saluta:

330 2269 503 2316 veritis.
542 2287 567 2314 »
620 2270 766 2327 Quasi
812 2269 907 2316 hoc
956 2268 1256 2334 privilegium
1301 2285 1431 2315 nunc
1480 2284 1631 2331 usque
1673 2267 1861 2314 devotis
1913 2266 2100 2313 feminis
2158 2274 2446 2321 reservaret,

328 2347 461 2411 quod
489 2365 576 2414 per
611 2349 919 2413 semetipsum
951 2349 1018 2396 eis
1049 2347 1319 2406 exhiberet,
1357 2346 1725 2394 immortalitatis
1759 2346 1909 2410 gloria
1943 2345 2045 2408 jam
2080 2345 2275 2410 potitus.
2304 2349 2450 2391 Actus

329 2444 522 2492 quoque
546 2428 881 2492 Apostolorum
905 2445 1056 2492 quum
1081 2428 1286 2475 referant
1309 2427 1469 2474 statim
1498 2436 1609 2491 post
1631 2426 1963 2476 ascensionem
1987 2425 2183 2471 Domini
2208 2423 2451 2489 apostolos

330 2523 356 2552 a
398 2517 562 2554 monte
605 2507 777 2555 Oliveti
816 2507 1112 2555 Hierusalem
1170 2506 1364 2554 rediisse
1391 2541 1404 2565 ,
1445 2516 1493 2552 et
1530 2505 1652 2552 illius
1689 2505 1978 2552 sacrosancti
2021 2513 2290 2550 conventus
2347 2503 2451 2549 reli-

329 2587 519 2650 gionem
544 2587 794 2652 diligenter
822 2587 1118 2647 describant,
1147 2603 1248 2634 non
1278 2597 1350 2634 est
1371 2586 1640 2633 devotionis
1663 2595 1935 2632 sanctarum
1960 2583 2214 2630 mulierum
2233 2599 2451 2647 perseve-

330 2669 480 2716 rantia
505 2670 838 2734 praetermissa,
876 2686 1027 2733 quum
1052 2667 1250 2715 dicitur⁷
1273 2687 1283 2715 :
1307 2688 1339 2721 ⁴«
1364 2668 1422 2714 Hi
1445 2677 1580 2714 erant
1602 2683 1771 2714 omnes
1788 2675 2143 2731 perseverantes
2163 2664 2449 2711 unanimiter

328 2749 374 2794 in
407 2748 701 2796 orationibus
737 2766 848 2796 cum
888 2748 1186 2808 mulieribus,
1227 2758 1275 2796 et
1299 2748 1446 2795 Maria
1477 2757 1627 2795 matre
1651 2749 1777 2794 Jesu.
1805 2766 1829 2791 υ
1870 2749 1932 2794 Ut
1959 2755 2118 2792 autem
2152 2745 2212 2791 de
2244 2744 2447 2791 Hebraeis

329 2829 739 2893 praetermittamus
767 2829 977 2888 feminis,
1004 2846 1111 2893 quae
1135 2829 1292 2894 primo
1318 2844 1558 2875 conversae
1583 2827 1645 2875 ad
1673 2826 1819 2874 fidem
1844 2827 2032 2874 vivente
2056 2825 2214 2872 adhuc
2238 2825 2449 2872 Domino

328 2907 376 2954 in
393 2923 558 2967 carne,
580 2918 626 2955 et
641 2908 927 2974 praedicante
941 2945 953 2968 ,
977 2908 1179 2956 formam
1194 2907 1336 2971 hujus
1354 2907 1593 2972 religionis
1611 2906 1981 2966 inchoaverunt,
2005 2905 2065 2953 de
2085 2904 2239 2952 viduis
2254 2921 2448 2969 quoque

327 2990 625 3047 Graecorum,
654 3005 760 3053 quae
783 2987 845 3036 ab
868 2989 1096 3054 apostolis
1113 2998 1279 3054 postea
1296 2998 1525 3053 susceptae
1544 2997 1654 3034 sunt
1670 2986 2055 3044 consideremus;
2079 2995 2257 3049 quanta
2273 2984 2448 3033 scilicet

328 3068 590 3132 diligentia,
619 3079 799 3134 quanta
815 3086 930 3116 cura
947 3069 1008 3117 ab
1026 3068 1252 3134 apostolis
1270 3078 1318 3116 et
1335 3068 1447 3134 ipsae
1464 3076 1669 3115 tractatae
1689 3067 1782 3114 sint
1796 3102 1809 3125 ,
1837 3083 1988 3130 quum
2004 3065 2065 3112 ad
2082 3064 2447 3113 ministrandum

329 3149 395 3196 eis
430 3149 794 3213 gloriosissimus
826 3150 1016 3214 signifer
1051 3149 1317 3197 christianae
1351 3148 1526 3197 militiae
1551 3147 1821 3212 Stephanus
1852 3155 2176 3211 protomartyr
2212 3162 2323 3192 cum
2347 3145 2448 3209 qui-

329 3228 531 3277 busdam
556 3230 657 3278 aliis
674 3231 960 3296 spiritalibus
975 3230 1086 3278 viris
1109 3229 1171 3277 ab
1188 3230 1300 3295 ipsis
1316 3228 1544 3294 apostolis
1562 3228 1701 3275 fuerit
1719 3227 2019 3275 constitutus,
2044 3225 2184 3276 Unde
2198 3226 2248 3277 in
2267 3225 2446 3273 eisdem

376 3441 386 3458 ¹
414 3443 538 3479 Matth..
560 3454 633 3487 cap.
654 3454 754 3477 xxvm
767 3469 775 3483 ‚
796 3455 827 3476 v.
847 3446 865 3476 8
884 3451 917 3477 et
933 3455 982 3487 sq.
999 3461 1039 3466 -
1056 3442 1069 3460 ⁸
1086 3443 1180 3483 Luc„
1194 3453 1268 3486 cap.
1290 3453 1334 3476 xx
1353 3467 1360 3480 ,
1406 3453 1437 3474 v.
1461 3444 1512 3474 17.
1527 3458 1570 3466 --
1583 3440 1596 3458 ⁸
1609 3411 1755 3477 SA-
1766 3440 1831 3473 lmo
1845 3443 1907 3473 ista
1926 3439 2008 3473 Edd.
2027 3459 2057 3465 ω
2073 3439 2087 3458 ⁰
2101 3440 2196 3479 Luc.‚
2213 3449 2286 3481 cap.
2306 3449 2326 3470 x
2342 3461 2351 3478 ,
2369 3448 2397 3469 v.
2415 3437 2445 3467 ⁴.

332 3511 361 3531 v.
381 3501 429 3531 10.
449 3517 484 3523 —
497 3498 509 3516 ³
522 3499 634 3540 Marc„
650 3509 723 3543 cap.
740 3511 813 3542 xvi,
827 3511 858 3533 v.
877 3502 896 3532 6
912 3506 946 3533 et
961 3501 994 3533 Ἰ.
1008 3517 1047 3523 -
1060 3498 1074 3516 ⁴
1086 3499 1196 3539 Joan„
1212 3508 1286 3540 cap.
1305 3509 1360 3538 xx,
1411 3517 1447 3521 -
1465 3498 1476 3515 ⁷
1491 3500 1562 3531 Act.
1580 3500 1704 3540 Apost„
1719 3507 1792 3540 cap.
1815 3508 1844 3538 1,
1862 3507 1894 3530 v.
1916 3498 1966 3529 14.
