2970 4152
811 533 890 570 LX.

480 623 578 658 Deus
594 622 662 658 Dei
683 621 839 657 verbum
851 648 860 664 ‚

479 684 590 720 Pater
606 689 830 718 coaeternum
841 708 852 726 ,

480 743 586 779 Mens
603 756 648 779 ex
669 743 747 778 Deo
763 747 848 777 nata

478 804 566 840 Non
584 808 706 840 creata
717 806 744 845 ¹,

477 897 551 933 Per
568 909 680 946 quem
698 895 816 932 factus
836 893 1017 938 mundus,

478 958 550 993 Per
573 969 686 1005 quem
705 961 912 1003 reparatus,

478 1017 590 1055 Votis
608 1015 899 1064 supplicantium

478 1075 636 1112 Intende
653 1086 855 1112 servorum.

475 1169 597 1206 Judex
614 1175 740 1205 noster
757 1167 924 1211 Christe,

477 1230 605 1266 Nostri
626 1230 824 1273 miserere,

476 1290 631 1339 Ignosce
649 1301 750 1325 nunc
769 1288 890 1324 bonus
901 1316 910 1332 ‚

476 1350 532 1386 Ne
549 1348 774 1386 condemnes
790 1348 924 1396 justus.

475 1444 563 1480 Esto
580 1443 688 1480 nobis
705 1450 832 1488 natus,

475 1503 565 1540 Esto
580 1495 690 1543 nobis.
702 1515 829 1552 passus
837 1531 846 1548 ‚

447 1595 454 1603 ,
475 1564 552 1611 Qui
569 1564 634 1600 das
655 1576 757 1612 spem
775 1563 904 1599 salutis

474 1625 520 1661 In
542 1631 704 1674 utroque
722 1624 844 1660 nobis.

476 1720 533 1756 Ne
549 1720 599 1756 sit
612 1719 711 1755 nasci
731 1730 866 1757 vanum
876 1745 888 1765 ‚

475 1781 532 1817 Ne
550 1781 598 1817 sit
620 1780 698 1828 pati
715 1791 858 1816 cassum
870 1807 880 1823 ‚

475 1842 553 1879 Nec
569 1841 723 1878 insultet
739 1839 860 1877 hostis

476 1902 593 1939 Nobis
610 1902 649 1938 in
667 1908 704 1938 te
720 1900 807 1937 fisis.

475 2002 596 2039 Mater
612 2000 779 2049 pietatis,

475 2061 586 2100 Adsis
603 2062 666 2110 pia
690 2060 816 2106 nobis,

475 2122 554 2159 Nec
571 2134 635 2170 spe
655 2133 720 2157 sua
740 2120 890 2157 fraudes

474 2183 529 2219 Dc
544 2189 583 2219 te
598 2187 876 2231 praesumentes.

472 2281 546 2318 Per
564 2287 600 2318 te
617 2281 685 2318 Dei
702 2279 823 2317 sactus

472 2340 533 2378 Ad
549 2352 617 2378 nos
633 2347 691 2377 est.
706 2339 902 2377 descensus
916 2368 926 2385 ,

473 2400 546 2437 Per
563 2407 601 2437 te
627 2398 953 2437 conscendendum

475 2459 593 2496 Nobis
612 2466 668 2496 est
689 2458 735 2495 ad
751 2459 890 2508 ipsum.

475 2558 550 2596 Per
572 2565 610 2594 te
626 2557 871 2602 reducamur,

477 2618 553 2665 Qui
573 2625 609 2655 te
626 2618 861 2667 profitemur,

476 2678 567 2726 Ejus
584 2677 631 2714 ad
654 2689 722 2714 nos
737 2684 883 2727 portam

477 2739 523 2782 Et
545 2737 592 2775 ad
610 2750 697 2775 eum
714 2743 893 2774 nostram.

476 2837 547 2875 Cui
566 2837 614 2874 sit
629 2844 668 2874 et
686 2836 788 2874 trino

475 2899 615 2947 Pei-pes
631 2897 754 2934 honor
770 2897 849 2934 Deo
859 2925 870 2943 ,

476 2958 530 2994 Ex
546 2969 635 3007 quo,
654 2970 722 3006 per
737 2969 850 3006 quem
873 2963 1019 3003 cuncta,

476 3018 522 3054 In
541 3029 617 3067 quo
638 3024 726 3054 sunt
748 3023 883 3054 creata.

971 3090 974 3094 ·
1023 3079 1141 3114 Anum.

803 3178 900 3216 LXI.

477 3266 598 3302 Mater
614 3264 814 3302 Salvatoris

479 3325 580 3363 Vide
596 3324 690 3375 quid
706 3324 843 3363 dicaris
853 3354 863 3372 ,

383 3486 392 3503 ¹
419 3486 472 3519 Sic
489 3486 570 3520 Cod.
586 3505 628 3512 -
644 3486 656 3504 ²
672 3488 751 3532 Leg.
768 3500 832 3522 ore.
847 3507 887 3513 —-
902 3489 914 3506 ³
933 3490 1010 3532 Leg.
1030 3490 1226 3524 Postulabis.
1243 3509 1281 3514 —
1295 3488 1307 3507 ⁸
1322 3490 1401 3533 Leg.
1418 3492 1465 3526 hi.

1255 386 1537 435 CARMINA.

1568 480 1687 518 Pensa
1703 480 1930 529 singularem

1570 540 1751 577 Nominis·
1759 541 1957 578 honorem.

1570 634 1726 683 Comple
1748 634 1893 672 dictum
1915 636 2026 682 facto,

1571 695 1646 732 Sed
1661 695 1788 732 labore
1810 695 1934 741 nullo,

1570 756 1695 803 Quam
1712 757 1766 793 vis
1788 769 1862 792 una
1879 769 1988 804 prece

1572 815 1671 852 Reos
1687 805 1910 853 absolvente.

1571 912 1700 947 Aure²
1712 911 1852 960 quippe
1874 913 2004 948 matris

1571 970 1769 1020 Quidquid
1784 971 2028 1020 postulabit³,

1570 1031 1684 1080 Apud
1705 1039 1781 1068 tam
1796 1032 2004 1081 benignum

1570 1091 1792 1141 Impetrabis
1810 1099 1952 1128 natum.

1569 1186 1744 1223 Sanctam
1763 1193 1920 1223 matrem
1933 1187 2059 1235 justus

1571 1247 1657 1284 Non
1675 1247 1838 1284 offendet
1853 1255 1982 1293 natus,

1570 1307 1649 1344 Nec
1667 1308 1789 1344 ferent
1812 1307 1998 1356 repulsam

1570 1368 1660 1404 Tuae
1677 1380 1806 1416 preces
1829 1367 1958 1406 ullam.

1572 1453 1707 1491 Virtus
1722 1455 1932 1492 sanctitatis

1569 1512 1617 1549 Et
1636 1519 1798 1561 potestas
1817 1516 1946 1552 matris

1567 1569 1913 1625 Quantumcunque
1930 1588 2109 1626 magnum

1569 1632 1809 1671 Obtinebunt
1826 1635 1982 1675 donum.

1568 1719 1702 1758 Preces
1725 1721 1968 1771 supplicantis

1568 1780 1655 1817 Non
1671 1788 1886 1819 contemnet
1904 1785 2052 1830 matris,

1569 1841 1647 1888 Qui
1664 1853 1794 1890 parere
1810 1844 1908 1892 patri

1569 1901 1684 1939 Jubet
1702 1902 1777 1940 sive
1793 1904 1918 1943 matri.

1569 1988 1642 2025 Cui
1667 1988 1714 2024 sit
1722 2016 1732 2034 ‚
1756 1996 1829 2027 etc.

1886 2101 2005 2140 LXII.

1472 2194 1678 2244 Apostolici
1695 2195 1844 2232 culmen
1867 2195 2012 2234 ordinis

1473 2255 1588 2293 Novis
1608 2262 1752 2293 recreat
1768 2255 1954 2293 mundum
1972 2258 2118 2307 gaudiis
2130 2287 2139 2305 ‚

1474 2316 1598 2364 Quem
1622 2316 1806 2354 exhilarat
1823 2317 1925 2354 festis
1941 2319 2087 2356 annuis.

1470 2402 1572 2441 Alii*
1590 2403 1759 2452 signiferi
1776 2411 1864 2441 sunt
1884 2404 2075 2452 Ecclesiae,

1470 2463 1518 2501 In
1534 2463 1722 2501 dominica
1737 2463 1851 2501 duces
1865 2466 1944 2502 acie
1954 2493 1966 2513 ,

1471 2523 1563 2560 Post
1581 2523 1651 2560 hos
1667 2531 1877 2572 martyrum
1892 2524 1972 2562 laus
1992 2525 2147 2564 militiae.

1470 2611 1667 2660 Tanquam
1686 2610 1830 2658 pedites
1849 2612 1966 2648 sancti
1981 2611 2135 2662 reliqui,

1470 2670 1713 2708 Abstinentiae
1729 2670 1841 2721 longe
1857 2671 1975 2709 dediti
1986 2700 1996 2718 ,
2017 2703 2021 2707 ,

1471 2731 1557 2768 Non
1577 2730 1758 2768 deficiunt
1773 2732 1901 2769 castris
1919 2732 2083 2771 Domini.

1470 2818 1608 2866 Perpes
1625 2817 1743 2866 gloria
1760 2819 1841 2867 regi
1860 2819 2004 2868 perpeti
2015 2847 2026 2866 ,

1470 2879 1712 2916 Exercituum
1729 2879 1881 2917 Christo
1898 2880 2075 2929 principi,

1469 2939 1570 2978 Patri
1587 2940 1729 2989 pariter
1744 2947 1784 2976 et
1809 2940 1981 2989 Spiritui.

2162 3005 2277 3040 Amas«

1874 3108 2013 3146 LXIII.

1469 3208 1695 3259 Apostolicis
1713 3215 1814 3246 recte
1832 3208 2006 3246 laudibus

1468 3269 1625 3307 Cunctis
1642 3269 1788 3306 intonat
1804 3267 1969 3305 mundus
1986 3268 2155 3317 partibus

1469 3329 1543 3366 Per
1561 3341 1655 3379 quos
1675 3328 1819 3367 cunctis
1834 3335 1892 3367 est
1906 3328 2006 3366 Deus
2022 3328 2208 3378 cognitus.

2366 388 2462 458 3⁴9
