2970 4152
536 369 614 416 DE
648 369 844 416 LAUDE
878 364 1080 416 SANCTl
1115 361 1398 415 STEPHANI
1430 360 1923 413 PROTOMARTYRIS
1955 363 2170 410 SERMO.
2320 360 2403 407 564

311 473 482 509 norma
502 472 680 520 vestra,
702 464 866 525 graece¹
883 477 1065 508 corona
1086 460 1281 518 dicitur;
1302 459 1435 522 cujus
1457 459 1666 505 nominis
1688 468 1889 522 utraque
1914 455 2243 521 interpretatio
2266 471 2415 519 quan-

311 551 413 590 tum
434 544 576 608 hujus
597 543 759 590 militis
782 542 1107 590 excellentiam
1129 541 1360 605 exprimat
1381 540 1516 586 facile
1545 550 1615 586 est
1645 540 1898 603 assignare.
1926 537 2070 596 Quod
2092 537 2221 583 enim
2243 535 2416 582 dicitur

310 640 481 671 norma
496 634 653 671 vestra
667 662 678 684 ,
698 641 728 671 o
744 623 907 671 fideles
922 661 934 683 ,
957 623 1098 670 tantis
1121 639 1231 668 eum
1247 618 1503 668 virtutibus
1520 620 1807 667 adornatum
1824 620 1996 679 innuit,
2013 629 2066 665 ut
2088 618 2149 666 ad
2167 617 2417 683 perfectio-

310 717 423 751 nem
443 705 550 751 vitae
573 705 674 768 ipse
691 705 750 751 sit
773 703 998 751 omnibus
1019 702 1181 766 regula
1203 701 1478 766 disciplinae.
1496 702 1684 765 Quippe
1703 717 1853 764 quum
1867 700 2058 747 dilectio
2071 700 2131 746 sit
2142 699 2256 762 legis
2269 698 2417 762 pleni-

309 785 446 844 tudo,
467 783 572 850 quis
589 801 722 848 aeque
741 795 793 831 ut
821 784 1090 850 Stephanus
1111 783 1238 831 hanc
1267 791 1366 830 tam
1391 785 1494 829 Deo
1519 792 1664 846 quam
1686 782 1905 846 proximo
1927 781 2054 827 visus
2075 791 2145 828 est
2167 780 2418 827 exhibere?

309 862 413 911 Deo
429 865 624 929 quidem
636 882 726 930 pro
740 865 863 929 ipso,
877 875 924 912 et
939 874 1049 930 post
1069 865 1226 929 ipsum
1248 864 1380 928 prior
1398 861 1670 920 moriendo,
1692 871 1834 926 atque
1851 861 1969 907 illud
1985 861 2268 925 adimplens,
2285 858 2418 924 quod

310 945 411 1011 ipse
433 945 494 992 de
515 946 619 1009 ipso
642 945 843 992 dixerat²
863 964 874 992 z
904 965 928 990 ι(
953 946 1181 1009 Majorem
1202 945 1293 992 hac
1312 944 1618 991 dilectionem
1637 959 1782 990 nemo
1800 941 1964 1001 habet,
1980 958 2125 1006 quam
2140 952 2193 988 ut
2210 942 2418 988 animam

309 1039 445 1072 suam
466 1033 617 1089 ponat
643 1025 749 1088 quis
770 1036 860 1090 pro
883 1026 1046 1072 amicis
1074 1025 1186 1071 suis.
1212 1043 1234 1070 »
1262 1024 1483 1070 Proximo
1512 1033 1695 1081 autem,
1722 1038 1871 1087 quum
1898 1037 1987 1086 pro
2016 1038 2065 1068 se
2098 1020 2419 1085 lapidantibus

311 1116 429 1152 voce
458 1120 633 1168 magna
661 1121 821 1164 orans,
854 1105 1136 1170 supplicavit
1167 1105 1380 1151 dicens³:
1417 1123 1441 1149 «
1464 1104 1688 1161 Domine,
1715 1119 1776 1149 ne
1803 1111 1980 1149 statuas
2013 1101 2103 1148 illis
2130 1100 2225 1147 hoc
2252 1116 2419 1165 pecca-

310 1193 414 1233 tum
438 1205 448 1232 ε
475 1186 586 1250 quia
607 1186 827 1233 nesciunt
854 1185 971 1250 quid
999 1186 1193 1232 faciunt.
1215 1204 1238 1230 »
1260 1185 1353 1232 Ubi
1381 1195 1428 1232 et
1451 1201 1562 1232 mox
1585 1184 1646 1231 de
1667 1184 1772 1248 ipso
1795 1183 1857 1230 de
1878 1192 2012 1230 tanta
2034 1181 2326 1247 perfectione
2348 1197 2421 1227 as—

310 1275 501 1331 sumpta
523 1265 786 1312 subditur‘:
815 1285 839 1310 «
859 1269 917 1312 Et
935 1282 1086 1330 quum
1107 1265 1202 1312 hoc
1226 1266 1440 1324 dixisset,
1467 1264 1762 1313 obdormivit
1783 1263 1832 1309 in
1855 1263 2117 1309 Domino.»
2145 1265 2202 1307 Et
2226 1260 2422 1325 quidem

311 1346 468 1412 ipsum
486 1363 576 1411 pro
598 1363 648 1393 se
673 1363 832 1394 orasse
854 1347 1097 1411 Scriptura
1118 1364 1217 1394 non
1241 1347 1429 1405 reticet,
1458 1346 1669 1392 dicens‘:
1699 1363 1723 1389 «
1743 1347 1801 1391 Et
1821 1342 2100 1409 lapidabant
2127 1342 2422 1406 Stephanum

311 1425 618 1473 invocantem
639 1435 687 1472 et
709 1426 948 1473 dicentem
979 1447 989 1472 z
1020 1445 1044 1470 «
1068 1426 1274 1472 Domine
1298 1428 1430 1484 Jesu,
1456 1425 1642 1489 suscipe
1663 1423 1884 1488 spiritum
1905 1434 2085 1468 meum.
2106 1438 2129 1465 »
2161 1420 2254 1467 Sed
2272 1459 2283 1479 ,
2308 1436 2422 1484 pro-

312 1504 461 1565 fecto,
486 1505 604 1552 dum
624 1523 714 1595 pro
739 1523 789 1552 se
819 1516 946 1565 orat,
971 1523 1061 1553 nec
1084 1522 1238 1569 genua
1266 1506 1471 1564 flexisse,
1498 1518 1588 1551 nec
1616 1504 1844 1551 clamasse
1872 1519 1992 1549 voce
2020 1518 2193 1566 magna
2219 1501 2420 1564 legitur:

313 1594 365 1631 ut
386 1594 520 1632 tanto
543 1585 775 1649 maj0rem
798 1586 1000 1632 inimicis
1023 1585 1266 1632 exhiberet
1288 1586 1622 1643 devotionem,
1647 1594 1829 1648 quanto
1852 1599 1935 1630 eos
1963 1582 2166 1647 amplius
2198 1580 2425 1628 orationis

313 1678 408 1711 suae
428 1664 649 1729 praesidio
672 1681 812 1728 egere
841 1665 1059 1725 sentiret,
1093 1665 1154 1712 de
1182 1681 1390 1728 quorum
1421 1664 1600 1710 meritis
1632 1663 1752 1709 nihil
1779 1661 2070 1709 confidebat.
2105 1664 2159 1707 In
2190 1660 2281 1707 hac
2311 1677 2424 1723 ergo

311 1744 605 1809 perfectione
620 1744 828 1791 caritatis
847 1761 958 1808 erga
973 1746 1192 1792 inimicos
1209 1754 1568 1791 consummatus
1581 1743 1797 1808 ,expleta
1819 1759 1909 1808 pro
1931 1743 1997 1788 eis
2014 1742 2246 1801 oratione,
2267 1741 2425 1788 statim

312 1826 362 1872 in
384 1824 595 1871 Domino
620 1825 794 1871 meruit
812 1824 1114 1883 obdormire3
1131 1834 1184 1871 ut
1203 1824 1263 1871 de
1279 1824 1491 1889 perfecto
1513 1824 1699 1870 virtutis
1718 1822 1912 1869 cumulo
1924 1822 2134 1886 ,primus
2156 1831 2255 1867 tam
2276 1820 2428 1883 digni-

313 1913 409 1952 tate
438 1921 585 1969 quam
619 1915 836 1969 tempore
877 1915 1079 1970 martyr,
1117 1905 1328 1970 primum
1355 1904 1621 1969 perciperet
1649 1903 1885 1950 bravium.
1917 1901 2127 1949 Decebat
2160 1902 2337 1965 quippe
2374 1909 2427 1946 ut

314 1985 419 2033 talis
441 1985 489 2031 in
509 1985 608 2032 acie
632 1986 827 2031 Domini
842 1986 1025 2050 primus
1048 1985 1298 2049 eligeretur
1321 1985 1515 2044 athleta,
1537 1994 1583 2031 et
1605 1984 1782 2031 caeteris
1805 1991 2193 2047 anteponeretur,
2213 1981 2312 2045 qui,
2329 1997 2426 2045 quo

314 2065 486 2112 virtute
523 2065 792 2129 perfectior,
830 2081 889 2112 eo
927 2065 1130 2130 amplius
1175 2065 1236 2112 ad
1271 2065 1450 2112 bellum
1493 2064 1699 2129 propriis
1735 2063 1968 2110 animaret
2002 2071 2143 2125 atque
2176 2062 2427 2107 instrueret

314 2146 540 2212 exemplis
573 2164 583 2191 :
620 2147 756 2210 quasi
783 2162 869 2210 per
904 2146 1061 2211 ipsum
1098 2146 1334 2192 Dominus
1362 2161 1533 2192 manus
1565 2143 1784 2190 omnium
1815 2141 2010 2189 doceret
2049 2140 2112 2188 ad
2140 2139 2354 2205 praelium
2383 2150 2428 2186 et

314 2227 487 2292 digitos
510 2226 571 2275 ad
594 2226 791 2274 bellum.
817 2229 876 2273 Et
900 2236 953 2273 ut
974 2227 1271 2274 constantius
1291 2226 1352 2273 ad
1378 2241 1581 2289 agonem
1604 2233 1822 2289 posteros
1849 2222 2140 2280 hortaretur,
2167 2222 2357 2267 intuens
2379 2220 2427 2265 in

315 2307 489 2355 coelum
515 2306 635 2354 vidit
665 2307 864 2371 gloriam
893 2307 1006 2366 Dei,
1036 2317 1083 2354 et
1100 2306 1188 2353 sibi
1202 2307 1302 2370 jam
1331 2315 1566 2354 astantem
1592 2308 1774 2364 Jesum,
1805 2304 2082 2368 statimque,
2109 2302 2245 2367 quasi
2271 2301 2333 2349 ad
2355 2317 2427 2347 se·

315 2399 489 2451 quaces
522 2402 633 2433 suos
668 2387 717 2432 in
753 2402 906 2449 agone
942 2386 1355 2444 corroborandos,
1393 2385 1624 2432 exclamat
1658 2384 1879 2431 dicens⁸:
1912 2403 1935 2428 «
1956 2386 2077 2429 Ecce
2114 2382 2255 2429 video
2284 2380 2428 2427 coelos

311 2475 529 2531 apertos,
555 2474 602 2511 et
634 2463 785 2510 filium
814 2463 1024 2510 hominis
1052 2475 1258 2512 stantem
1287 2481 1314 2511 a
1339 2464 1514 2510 dextris
1541 2463 1728 2510 virtutis
1758 2462 1863 2508 Dei.
1890 2480 1913 2505 »
1938 2464 2002 2507 Ac
2029 2462 2069 2508 si
2099 2460 2308 2507 diceret:
2337 2462 2428 2504 Pu-

318 2554 458 2609 gnate
480 2554 527 2591 et
549 2560 635 2590 vos
658 2538 859 2602 fortiter,
885 2543 1108 2591 dimicate
1127 2544 1325 2590 viriliter
1345 2562 1355 2590 ε
1381 2544 1494 2607 quia
1515 2553 1625 2607 post
1647 2554 1850 2605 agonem
1872 2556 2065 2605 pugnae,
2092 2538 2222 2586 nulla
2243 2548 2312 2585 est
2328 2538 2428 2601 jam

318 2623 483 2672 dilatio
511 2624 697 2689 palmae.
725 2625 853 2683 State
881 2623 929 2669 in
959 2624 1059 2670 acie
1086 2624 1335 2689 intrepidi,
1367 2633 1575 2689 pugnate
1603 2623 1788 2670 securi:
1817 2622 1927 2686 quia
1956 2620 2169 2668 Christus
2199 2620 2247 2666 in
2277 2635 2429 2682 agone

320 2715 441 2753 astat
453 2705 618 2763 nobis,
638 2714 691 2751 ut
713 2705 961 2752 vincamus
977 2715 1159 2770 pugnat
1185 2722 1274 2770 pro
1295 2705 1452 2752 nobis.
1479 2705 1526 2751 Si
1541 2707 1669 2751 Deus
1687 2720 1777 2769 pro
1800 2702 1963 2762 nobis,
1990 2702 2096 2767 quis
2119 2711 2287 2748 contra
2310 2701 2428 2747 nos?

319 2784 448 2842 Quid
464 2785 606 2832 etiam
628 2783 746 2831 illud
768 2793 839 2831 est
860 2785 1042 2848 insigne
1061 2785 1290 2850 praesagii,
1313 2784 1442 2849 quod
1466 2783 1733 2848 Stephanus
1751 2799 1851 2829 non
1872 2792 1970 2828 tam
1990 2790 2265 2838 coronatus,
2285 2794 2430 2843 quam

320 2881 500 2913 corona
531 2866 633 2930 ipsa
661 2866 1024 2930 interpretatur?
1046 2866 1192 2924 Quasi
1220 2866 1350 2913 enim
1379 2865 1440 2912 de
1468 2865 1573 2929 ipso
1602 2874 1713 2911 sunt
1741 2878 1909 2910 omnes
1938 2861 2227 2920 coronandi,
2259 2860 2341 2924 qui
2369 2858 2429 2905 ab

320 2943 425 3012 ipso
448 2946 754 3005 inchoantes,
781 2955 891 2992 sunt
913 2962 998 3010 per
1020 2946 1177 3011 ipsum
1199 2946 1417 2993 instructi
1439 2964 1449 2991 ε
1475 2955 1528 2991 ut
1550 2945 1651 3009 ipse
1674 2943 1814 2991 simul
1839 2953 1886 2990 et
1908 2942 2070 3007 regula
2091 2942 2151 2988 sit
2170 2941 2400 2988 virtutum
2415 2976 2426 2997 ,

321 3034 368 3073 et
389 3025 753 3091 quodammodo
775 3042 957 3074 corona
977 3026 1237 3084 victorum,
1259 3036 1305 3073 et
1321 3026 1521 3073 ducatus
1545 3025 1606 3073 ad
1628 3024 1893 3089 praemium.
1915 3022 2008 3081 Qui
2031 3022 2173 3069 etiam
2195 3020 2355 3079 tantiS,
2380 3028 2432 3065 ut

322 3106 504 3153 dictum
529 3115 622 3165 est,
648 3106 798 3152 extitit
819 3105 1071 3154 virtutibus
1091 3106 1374 3164 adornatus,
1396 3115 1450 3152 ut
1472 3121 1653 3152 corona
1673 3114 1952 3151 caeterorum
1966 3139 1977 3161 ,
2002 3101 2137 3166 quasi
2155 3114 2432 3164 supremum

323 3185 559 3233 diceretur
587 3196 948 3244 ornamentum,
980 3196 1027 3233 et
1055 3186 1103 3233 in
1133 3187 1237 3252 ipso
1265 3202 1469 3251 corpore
1497 3185 1668 3232 Christi
1698 3201 1798 3230 non
1834 3193 1932 3230 tam
1965 3181 2143 3228 caeteris
2176 3179 2350 3227 sanctis
2382 3179 2430 3224 in

367 3381 382 3399 ⁸·
404 3382 515 3416 Groece
525 3384 624 3416 latine
638 3377 705 3416 MS.
719 3382 809 3416 Eius.
830 3400 866 3406 —
889 3380 902 3399 ²
921 3382 1031 3424 Joan„
1061 3391 1134 3426 cap.
1164 3393 1205 3415 xv
1221 3408 1229 3422 ‚
1258 3391 1290 3416 v.
1323 3383 1374 3415 13.
1395 3380 1464 3407 -'
1483 3382 1554 3414 Ace.
1587 3381 1711 3421 apost„
1742 3388 1814 3423 cap.
1847 3388 1907 3421 vn,
1927 3387 1960 3411 v.
1990 3377 2044 3410 5⁰.
2069 3394 2107 3400 —
2130 3373 2263 3415 ⁴1b1d„
2295 3372 2374 3406 ibid.
2392 3387 2433 3395 -

326 3439 338 3456 ¹
358 3439 456 3481 lbid„
480 3452 511 3474 v.
530 3442 583 3474 58.
607 3461 644 3467 —-
665 3442 677 3459 ⁸
702 3441 801 3483 ibid„
818 3452 848 3475 v.
869 3442 924 3474 55.

485 3517 498 3546 ι
2222 3493 2271 3532 71
