2970 4152
462 424 558 469 344-

629 514 771 551 Omnes
789 523 924 560 agones

629 574 723 610 Sunt
745 571 879 608 sanctis
896 570 1023 606 dulces

626 634 698 669 Per
713 632 946 669 crucifixum.

629 738 727 774 Salix
744 737 940 786 praeclarus

630 799 761 835 Mortis
780 805 834 835 est
850 804 962 846 potus

632 859 725 906 Ipsis
745 870 811 907 per
826 858 963 905 ipsum.

630 967 794 1014 Quaeque
814 970 999 1001 tormenta

634 1027 729 1064 Sunt
750 1027 803 1063 eis
829 1033 932 1075 grata

629 1087 701 1123 Per
718 1087 791 1123 hoc
808 1085 1033 1134 exemplum.

631 1193 684 1229 Ut
703 1192 811 1229 dolor
829 1204 934 1228 meus

634 1252 750 1289 Dolor
766 1259 822 1289 est
840 1251 965 1288 nullus
980 1264 990 1299 ;

634 1313 844 1350 Attendunt
868 1313 1062 1360 scriptum.

634 1420 785 1468 Quippe
808 1421 874 1469 qui
893 1426 1027 1455 cuncta

634 1481 763 1516 Portat
783 1487 929 1528 peccata
941 1508 952 1525 ,

635 1539 764 1575 Nescit
786 1546 994 1588 peccatum.

631 1647 742 1682 Passo
765 1657 834 1694 pro
851 1646 995 1682 cunctis

635 1706 700 1743 Est
716 1706 897 1742 universis

635 1766 966 1815 Compatiendum.

634 1874 808 1910 Personis
823 1874 962 1918 trinos,
982 1879 1053 1909 etc.

957 2018 1016 2054 LI.

568 2133 696 2178 Quum
713 2130 754 2166 in
769 2128 886 2165 altum
903 2129 1003 2166 Deus
1023 2128 1251 2174 ascenderet,

568 2192 616 2227 Et
633 2203 707 2227 una
725 2202 850 2226 secum
868 2189 1037 2226 traheret

522 2250 806 2299 Triumphantis
823 2250 992 2298 majestas
1014 2250 1168 2286 Domini
1185 2278 1194 2294 ,

520 2311 820 2349 Circumstabant
835 2311 1015 2347 victorem
1038 2310 1152 2347 eruti.

570 2419 738 2467 Superna
755 2418 854 2466 regis
872 2418 1001 2454 civitas

568 2480 728 2526 Pompas
742 2477 870 2514 educit
887 2477 1011 2514 obvias
1034 2478 1061 2523 ¹,

519 2539 677 2586 Chere2,
696 2546 847 2575 cantant
863 2538 995 2574 victori
1015 2538 1152 2587 angeli!

523 2601 571 2637 Et
586 2600 753 2636 hosanna
775 2598 903 2635 salvati
925 2598 1069 2647 populi.

568 2706 648 2743 lllis
670 2713 849 2755 tanquam
870 2704 1122 2754 quaerentibus

571 2767 621 2804 Et
643 2778 754 2816 super
769 2766 843 2801 hoc
859 2764 1083 2801 mirantibus

522 2828 572 2864 Hi
597 2825 843 2875 respondent,
865 2832 904 2861 et
919 2824 1189 2861 alternantibus

525 2888 584 2923 Ita
600 2893 752 2923 cantum
768 2885 935 2922 mulcent
951 2884 1186 2921 sermonibus
1205 2901 1211 2919 :

574 2994 669 3040 Quis
685 2999 742 3029 est
761 2993 831 3029 iste
853 3004 919 3028 rex
936 2991 1090 3040 gloriaei’

574 3053 687 3100 Quod
702 3054 775 3090 hoc
795 3052 909 3089 decus
925 3052 1086 3088 victoriae
1100 3052 1116 3086 P

528 3114 622 3159 Quis
638 3121 694 3150 est
712 3114 780 3150 iste
796 3112 843 3149 de
859 3112 967 3148 Edon
984 3112 1153 3157 veniens,

529 3173 723 3220 Purpureo
739 3173 876 3209 vestitu
892 3173 1057 3209 renitens
1071 3172 1087 3208 Ρ

579 3278 702 3314 Fortis
718 3286 757 3314 et
773 3285 905 3326 potens
921 3245 1123 3324 Domimis,

580 3337 834 3386 Triumphans
852 3338 957 3374 victis
972 3338 1162 3385 hostibus,

535 3496 545 3513 ⁴
563 3495 645 3529 Cod.
665 3498 763 3528 ovias.
784 3514 823 3519 —
838 3494 850 3511 ⁸
867 3500 979 3540 Χαῖρε.

1263 413 1433 460 PETRI
1471 410 1785 460 ABAELARDI

1596 506 1712 542 Manu
1728 504 1815 541 forti
1834 510 1964 552 potens
1980 503 2018 538 in
2039 501 2163 550 praelio

1596 566 1731 603 Victor
1748 564 1847 600 redit
1869 563 2021 600 subacto
2040 561 2195 598 Zabulo-

1578 649 1654 709 xSit
1678 671 1829 710 Christo
1845 682 2012 714 summo,
2031 677 2102 705 etc.

2029 823 2107 858 LII.

1650 950 1825 987 Adventu
1845 948 1960 984 sancti
1975 948 2136 996 Spiritus
2147 975 2156 991 ,

1649 1010 1777 1046 Nostri
1794 1008 1917 1045 cordis
1939 1007 2068 1044 altaria

1651 1070 1801 1107 ornans
1819 1070 1919 1105 Deus
1941 1068 2163 1112 virtutibus,

1651 1131 1710 1166 Tu
1735 1129 1805 1165 tibi
1823 1128 1962 1176 templa
1979 1127 2110 1163 dedica

1557 1190 1621 1226 llla
1640 1189 1848 1238 septiformi
1867 1201 1979 1238 quam
2004 1188 2118 1224 habet
2142 1188 2278 1236 gratia,

1603 1251 1719 1298 Cujus
1738 1250 1836 1287 dona
1854 1249 1952 1286 bona
1974 1255 2062 1285 sunt
2079 1248 2222 1292 onmia,

1604 1312 1746 1348 Contra
1764 1317 1906 1359 septem
1930 1309 1992 1345 illa
2012 1308 2205 1345 daemonia.

1652 1420 1724 1455 Per
1740 1419 1915 1454 timorem
1935 1430 2002 1454 nos
2018 1418 2169 1454 Domini

1650 1480 1819 1516 Primum
1842 1491 1863 1514 a
1882 1478 1977 1514 malo
1992 1478 2146 1522 liberat,

1598 1579 1603 1582 ,
1653 1540 1707 1576 Ut
1724 1552 1866 1588 pauper
1882 1539 1996 1587 hujus
2014 1538 2133 1574 saeculi
2145 1567 2154 1584 ,

1655 1599 1802 1636 Coelum
1824 1598 1925 1635 dives
1942 1599 2116 1635 introeat.

1560 1661 1621 1696 Tu
1635 1660 1733 1696 hanc
1749 1659 1796 1695 da
1812 1658 1940 1705 nobis,
1959 1659 2121 1694 Domine
2133 1685 2142 1702 ,
2174 1658 2352 1705 gratiam,

1605 1721 1758 1756 Poenam
1774 1719 1847 1755 reis
1864 1732 1911 1755 ne
1929 1718 2062 1755 reddas
2079 1717 2261 1763 debitam,

1607 1782 1680 1819 Sed
1697 1781 1842 1818 nomini
1861 1788 1927 1817 tuo
1939 1780 1993 1816 da
2018 1779 2188 1828 gloriam.

1655 1888 1712 1924 Da
1729 1888 1877 1936 pietatis
1902 1888 2059 1932 viscera,

1651 1948 1709 1984 Ne
1728 1955 1878 1996 superet
1893 1948 2073 1993 tentati03

1657 2009 1767 2046 Mites
1784 2009 1873 2045 facit
1890 2009 1968 2044 haec
1987 2008 2106 2056 gratia

1658 2070 1831 2117 Quorum
1849 2076 1947 2105 terra
1966 2069 2158 2117 possessio.

1563 2131 1610 2166 Et
1630 2130 1727 2166 hanc
1746 2129 1792 2165 da
1809 2129 1938 2174 nobis,
1957 2129 2138 2172 Domine,
2157 2135 2229 2165 etc.

1660 2236 1830 2283 Apponis
1845 2241 1883 2270 et
1900 2234 2091 2270 scientiam
2101 2261 2111 2278 ,

1656 2296 1730 2333 Per
1745 2307 1859 2344 quam
1877 2293 1999 2331 flenda
2016 2293 2297 2342 cognoscimus;

1658 2355 1869 2392 Consularis
1887 2368 1955 2404 per
1979 2354 2124 2391 veniam

1658 2417 1788 2463 Quum
1811 2416 1909 2452 hanc
1928 2415 2052 2463 primo
2069 2414 2278 2450 fecerimus.

1564 2478 1612 2514 Et
1627 2476 1725 2524 hanc
1740 2505 1750 2522 ,
1771 2483 1842 2513 etc.
2055 2485 2058 2488 ’

1658 2582 1899 2621 Fortitudine
1915 2581 2068 2618 roboras

1659 2644 1829 2680 Esuriem
1843 2642 2010 2691 justitiae.

1660 2705 1754 2744 Veri
1773 2704 1878 2753 panis
1894 2703 2067 2740 saturitas

1661 2765 1854 2803 Viaticum
1871 2770 1928 2800 est
1944 2763 2087 2800 animae.

1566 2825 1613 2862 Et
1628 2825 1744 2870 hanc,
1765 2830 1837 2861 etc.

1663 2932 1861 2969 Summum
1880 2929 1975 2966 illud
1991 2928 2191 2966 consilium

1660 2992 1734 3028 Das
1751 2991 1798 3028 de
1815 2990 2090 3035 misericordia,

1661 3053 1715 3089 Ut
1732 3052 1831 3089 idem
1850 3050 1983 3088 reddas
1999 3050 2213 3099 praemium;

1663 3113 1732 3150 Vis
1748 3113 1865 3157 hanc,
1887 3123 1963 3148 non
1986 3109 2175 3147 sacrificia.

1567 3173 1615 3210 Et
1634 3174 1731 3210 hanc
1749 3172 1816 3219 da,
1836 3179 1907 3209 etc.

1665 3277 1881 3315 Intellectus
1897 3288 1936 3314 es
1952 3276 2104 3325 spiritus

1666 3339 1752 3385 Quo
1770 3337 1918 3374 videtur
1934 3336 2107 3373 divinitas
