2970 4152
1279 454 1566 507 CARMINA.

379 3539 504 3573 codicis
522 3540 637 3575 habitu
653 3552 717 3575 non
743 3549 851 3585 potest
866 3542 950 3575 bene
968 3542 1075 3586 colligi
1099 3551 1205 3578 utrum
1222 3544 1298 3578 hinc
1311 3555 1412 3579 novus
1468 3544 1660 3578 annectendi
1674 3546 1750 3578 sint.

460 555 592 591 Mundi
610 555 733 592 cordis
749 555 975 599 luminibus;
1544 553 1617 588 Lex
1634 559 1740 589 vetus
1763 560 1943 602 tanquam
1969 549 2108 598 frigida

458 616 544 652 Haec
560 623 617 652 est
635 616 788 664 spiritus
808 615 915 664 regni
933 614 1175 652 sublimitas¹.
1544 613 1676 649 Servos
1695 620 1800 649 metu
1816 611 2001 655 coercuit,

364 675 411 712 Et
428 676 525 712 hanc
549 676 614 720 da,
634 683 706 713 etc.
1549 674 1594 709 In
1612 673 1764 710 Christo
1784 680 1901 710 mater
1918 673 2037 722 gratia

786 775 793 782 ,
866 774 873 781 ‚
1551 733 1663 770 Filios
1678 734 1757 769 Deo
1775 734 1919 782 genuit.

460 775 533 810 Das
552 774 700 812 tandem
719 781 938 843 samem-³¹³¹?
1454 795 1607 846 Sumgna
1625 806 1772 830 summo
1797 795 1876 842 regi
1899 794 1997 838 Deo,
2020 799 2093 829 etc.

459 835 531 871 Per
547 847 659 884 quam
677 835 768 871 fiant
783 835 927 884 pacifici
937 863 947 880 ,

460 894 607 931 Nomen
629 895 746 943 patris
773 895 1002 932 sanctificans
1016 922 1026 939 ,
1907 925 1992 962 LIV
2006 925 2020 942 ,

459 955 506 991 In
523 967 600 1004 quo
617 955 692 991 sint
708 955 778 991 Dei
797 954 886 1001 filii,
2026 951 2035 960 ⁰

367 1014 414 1050 Et
431 1014 529 1050 hanc
545 1014 589 1050 da
605 1042 615 1059 ,
641 1021 715 1051 etc.
1553 1028 1780 1064 Tradentem
1798 1028 1918 1076 legem
1935 1027 2097 1063 Domino

801 1114 808 1120 .
1555 1090 1664 1125 Mons
1681 1096 1845 1124 tremens
1860 1094 2003 1124 metum
2022 1086 2164 1130 attulit3

461 1113 693 1162 Populorum
710 1113 902 1162 precihus,
1606 1150 1613 1157 ,
1641 1150 1647 1157 ,
1732 1150 1738 1156 ,
1938 1147 1950 1184 l

463 1175 568 1220 Quos
586 1175 656 1210 hac
679 1174 719 1211 in
737 1174 798 1211 die
815 1186 1024 1219 consecras,
1551 1149 1714 1198 Spmtus
1730 1160 1937 1216 choenacu
1951 1160 1975 1184 ⁰
2024 1208 2029 1215 ,

461 1235 584 1271 Isdem
605 1247 673 1272 nos
691 1234 976 1272 charismatibus
1470 1271 1480 1281 Ἴ
1551 1210 1752 1259 Susceptus
1769 1209 1875 1245 illum
1898 1208 2063 1244 abstulit.

461 1295 651 1332 Confirma
667 1307 762 1345 quos
777 1307 984 1344 regeneras.
1458 1273 1609 1307 bamma
1622 1299 1632 1316 ’
1657 1278 1728 1306 etc·

366 1354 434 1390 ma
458 1355 664 1403 septiformi
676 1383 685 1400 ⁹
705 1362 775 1391 etc·
1555 1371 1743 1408 Micabant
1760 1371 1837 1407 illic
1854 1370 2018 1420 fulgura,

1552 1432 1662 1483 qus
1679 1431 1862 1480 caligabat
1878 1431 2086 1478 fumigans3

834 1488 933 1524 LIII.
1551 1493 1624 1529 Hic
1639 1499 1695 1529 est
1712 1492 1861 1528 flamma
1885 1490 2069 1527 multifida

563 1594 568 1599 ,
846 1553 850 1556 ’
1551 1554 1638 1589 Non
1657 1564 1787 1598 urens,
1810 1551 1873 1589 sed
1892 1551 2119 1588 illuminans.

462 1592 706 1630 Remissionis
729 1606 928 1631 numerum
1460 1614 1631 1658 Summa,
1652 1619 1724 1650 etc·

461 1654 540 1689 Lux
558 1655 680 1702 signat
697 1655 1003 1704 quinquagesima
1014 1683 1025 1699 ,

463 1714 550 1760 Quo
565 1713 731 1761 jubileus
750 1715 921 1751 omnium
1555 1713 1760 1752 Horrendae
1775 1725 1907 1750 sonum
1925 1712 2091 1748 buccinae

463 1777 595 1810 Annus
612 1770 751 1810 relaxat
769 1774 907 1812 debita.
1554 1775 1715 1811 Pavebat
1732 1774 1808 1810 illic
1832 1772 1992 1822 populus
2007 1787 2017 1815 ;

369 1834 522 1871 Summa
540 1846 687 1870 summo
706 1835 786 1883 regi
812 1835 890 1871 Deo
909 1836 958 1871 sit
975 1835 1090 1884 gloria
1105 1864 1115 1882 ,
1557 1836 1727 1872 Verbum
1746 1834 2000 1883 intelligentiae

395 1915 399 1919 ·
416 1895 532 1942 Cujus
549 1902 682 1931 cuncta
698 1896 906 1932 subsistunt
923 1897 1041 1944 gratia
1054 1923 1065 1941 ‚
1557 1898 1677 1934 Sonus
1693 1897 1755 1932 hic
1770 1895 1842 1931 fuit
1859 1895 2032 1943 Spiritus.

417 1949 470 1990 Ex
487 1967 581 2004 qu0,
604 1967 670 2003 per
686 1968 811 2005 quem,
831 1956 868 1992 in
884 1969 959 2006 quo
978 1964 1066 1994 sunt
1085 1958 1223 1993 omnia.
1462 1958 1636 2002 Summa,
1656 1963 1726 1992 etc.

466 2053 544 2090 Sub
559 2054 632 2091 hoc
647 2054 796 2091 dierum
814 2067 971 2092 numero
1558 2058 1699 2093 Fumus
1722 2056 1798 2093 illic
1815 2056 2014 2105 caliginem

466 2113 711 2151 Remissionis
726 2115 888 2164 Spiritus
902 2144 911 2160 ,
1558 2118 1736 2155 Obscurae
1753 2117 1876 2166 signat
1891 2116 2038 2153 litterae.

465 2178 495 2211 A
514 2176 649 2212 summi
658 2175 791 2214 Patris
809 2175 901 2212 solio
1555 2178 1792 2227 Splendentis
1812 2177 1912 2226 ignis
1927 2177 2088 2226 speciem

466 2235 601 2281 Venit,
623 2247 735 2284 quem
752 2236 855 2273 misit
870 2236 998 2274 Filius.
1557 2239 1667 2276 Clare
1685 2239 1834 2288 signum
1857 2238 1920 2274 hic
1941 2237 2080 2285 accipe.

317 2297 321 2301 '
370 2295 522 2332 Summa
540 2307 708 2342 summo,
727 2303 799 2333 etc.
1463 2300 1637 2344 Summa,
1663 2306 1732 2336 etc.

466 2396 642 2432 Divinum
659 2396 800 2446 qnippe
823 2397 1007 2446 Spiritum
1559 2399 1732 2436 Terroris
1763 2410 1805 2434 ac
1831 2397 2000 2446 caliginis

466 2458 643 2492 Amorem
661 2455 742 2503 ejus
761 2455 942 2501 dicimus,
1558 2459 1640 2495 Illic
1656 2458 1765 2507 plena
1779 2465 1866 2494 sunt
1878 2457 2021 2501 omnia,

467 2516 554 2561 Quo
570 2516 644 2552 reis
660 2516 764 2552 hunc
780 2517 999 2566 propitium,
1557 2520 1676 2555 Curat
1698 2518 1761 2554 hic
1783 2530 1826 2554 ex
1851 2517 2047 2554 contrariis

468 2577 555 2622 Quo
575 2577 707 2613 mitem
725 2588 802 2613 esse
818 2577 1001 2614 novimus.
1563 2578 1770 2615 paraclitus
1788 2578 1986 2614 contraria.

373 2637 546 2682 Summa,
565 2643 636 2673 etc.
1465 2640 1615 2676 Summa
1628 2667 1638 2684 ,
1658 2646 1728 2674 etc.

469 2736 586 2783 Cujus
603 2737 740 2774 amoris
761 2735 873 2772 hodie
1561 2739 1704 2776 Omnes
1721 2739 1841 2774 aufert
1862 2737 2047 2774 molestias

469 2796 635 2832 Flamma
651 2796 815 2833 mundus
834 2797 1063 2841 accenditur,
1560 2799 1692 2835 Divina
1709 2797 1912 2834 consolatio
1931 2810 1938 2829 ε

469 2858 592 2903 Quem
609 2857 710 2893 venit
726 2857 899 2894 Christus
916 2858 1065 2895 mittere
1560 2858 1694 2895 Cordis
1712 2864 1837 2894 exarat
1858 2856 2001 2894 tabulas

470 2917 515 2952 In
534 2924 673 2953 terram
691 2918 791 2966 ignis
806 2918 986 2954 mittitur.
1561 2920 1613 2956 Ut
1638 2925 1831 2968 reparetur
1851 2918 1959 2955 ratio.

374 2976 548 3021 Summa,
571 2983 643 3013 etc.
1467 2981 1619 3016 Summa
1641 2991 1805 3023 summo,
1826 2985 1896 3014 etc.

469 3078 515 3112 In
532 3078 652 3126 igneis
670 3077 771 3113 hunc
789 3076 902 3113 hodie
1942 3104 1954 3138 Ι
1973 3103 2007 3140 V

470 3137 626 3186 Linguis
644 3149 757 3185 super
773 3136 957 3184 apostolos
1957 3128 1969 3138 ⁴
2013 3130 2020 3137 ²

470 3197 738 3234 Demonstrans
754 3196 847 3244 legis
863 3198 979 3246 igneae
1561 3204 1827 3253 Apostolorum
1846 3209 1995 3251 pectora

470 3258 710 3306 Praesignavit
731 3257 803 3294 hos
820 3258 985 3294 nuntios.
1562 3264 1719 3300 Divinus
1738 3263 1883 3312 replens
1899 3263 2070 3311 spiritus,

377 3319 550 3363 Summa,
566 3325 638 3354 etc.
1567 3324 1689 3361 Corda
1709 3323 1804 3359 ditat
1823 3323 2023 3368 sententia,
2086 3331 2089 3334 ’

426 3484 434 3500 ¹
461 3484 517 3518 Sic
547 3485 629 3518 cod.
659 3485 755 3519 Brux.
776 3504 794 3510 -
813 3486 953 3528 Spiritus
978 3486 1138 3520 delendus
1163 3494 1223 3521 est.
1256 3505 1294 3512 -
1327 3488 1338 3505 ¹
1364 3490 1410 3522 Ex
1471 3489 1610 3532 hymnus
1638 3489 1770 3531 incipiat
1783 3514 1790 3526 .
1820 3499 1860 3522 an
1887 3490 1993 3533 potius
2012 3500 2122 3523 versus
2144 3498 2316 3534 sequentes
2346 3491 2506 3533 prioribus
