2970 4152
492 435 587 482 302
1294 433 1465 480 PETRI
1502 434 1814 482 ABAELARD1

494 528 651 564 Cunctis
668 527 905 563 laudantibus
916 554 927 574 ,
944 527 1059 563 homo
1074 538 1122 563 ne
1141 533 1260 562 taceas
1276 554 1286 571 ,

495 587 621 634 Quum
637 586 764 623 laudes
781 586 942 623 Domino
965 598 1033 635 pro
1051 586 1196 622 cunctis
1213 585 1361 623 debeas.

496 647 651 695 Urgeris
669 647 825 695 singulis
843 659 889 683 ex
904 646 1095 683 beneficiis
1108 675 1117 691 ,

495 709 548 746 Ut
565 716 685 758 grates
702 709 877 746 laudibus
895 709 1011 746 solvas
1030 709 1233 746 continuis.

494 795 651 831 Perenni
669 795 831 832 Domino
841 823 851 840 ,
870 802 942 835 etc,

956 907 1044 943 XII.

494 992 537 1026 l'n
550 992 665 1027 altum
681 992 801 1028 orbita
821 992 907 1029 solis
918 993 997 1040 jam
1015 992 1167 1029 ducitur
1179 1021 1189 1038 ,

492 1051 677 1100 Calorque
696 1052 842 1100 proficit
860 1065 936 1102 quo
955 1052 1119 1089 mundus
1134 1053 1267 1098 alitur,

493 1112 569 1146 Lux
586 1112 770 1159 primum,
790 1111 925 1149 deinde
941 1112 1041 1149 calor
1056 1113 1269 1150 infunditur
1281 1142 1290 1158 ,
1351 1126 1355 1130 ·

492 1172 619 1216 Quum
637 1171 746 1208 fidem
767 1172 900 1209 caritas
916 1173 955 1209 in
973 1173 1082 1210 nobis
1098 1174 1280 1223 sequitur.

490 1265 597 1301 Hanc
610 1259 731 1302 lucem'
749 1265 835 1302 fidei
853 1265 908 1303 sol
926 1278 1034 1303 verus
1049 1267 1175 1304 attulit
1187 1295 1197 1314 ‚

488 1324 532 1361 In
551 1337 660 1362 carne
683 1326 853 1363 Verbum
871 1339 939 1363 nos
961 1339 1079 1376 quum
1097 1328 1320 1373 visitaverit,

485 1386 631 1423 Coelum
648 1387 892 1423 fortissimum
912 1388 1049 1424 amoris
1064 1388 1191 1424 attulit

487 1447 566 1482 Hac
584 1446 677 1482 hora
693 1447 855 1495 Spiritus
874 1460 985 1496 quem
1003 1448 1174 1486 Verbum
1193 1449 1351 1485 miserit.

488 1541 585 1577 Hinc
604 1548 704 1578 recte
725 1542 887 1590 Spiritus
903 1543 943 1578 in
960 1542 1047 1590 igne
1065 1542 1164 1578 visus
1181 1549 1236 1577 est

485 1602 605 1649 Super
621 1602 809 1649 apostolos
821 1629 832 1650 ,
850 1614 968 1651 quum
988 1602 1061 1638 hoc
1079 1601 1257 1650 largitum
1273 1608 1329 1638 est
1345 1618 1354 1646 ;

486 1661 580 1696 Nam
599 1661 697 1709 ignis
715 1673 820 1698 amor
836 1668 892 1698 est
907 1662 973 1711 qui
989 1669 1132 1698 mentes
1149 1662 1290 1698 animat
1305 1690 1315 1706 ‚

486 1720 537 1757 Ut
554 1727 685 1757 testam
703 1721 842 1758 luteam
859 1722 956 1770 ignis
973 1721 1202 1758 corroborat.

485 1815 645 1850 Perenni
661 1815 836 1860 Domino,
851 1822 923 1851 etc.

945 1928 1053 1964 XIII.

488 2015 600 2050 Plena
617 2013 776 2050 meridie
793 2014 856 2050 lux
874 2015 961 2050 solis
978 2014 1099 2050 radiat
1112 2042 1122 2058 ,

486 2074 695 2123 Plenusque
713 2073 813 2110 calor
831 2080 886 2111 est
901 2087 977 2123 quo
996 2074 1160 2110 mundus
1177 2079 1316 2110 aestuat.

485 2134 732 2171 Beatitudinis
748 2134 825 2171 haec
842 2141 899 2171 est
918 2134 1116 2183 perfectio,

486 2195 614 2241 Quum
631 2195 711 2243 ipsa
727 2195 796 2232 Dei
814 2207 882 2231 nos
896 2194 1073 2231 incendet
1087 2195 1192 2231 visio.

480 2287 601 2335 'Cujus
618 2300 693 2336 quo
710 2288 824 2324 fuerit
840 2289 959 2336 major
979 2288 1163 2337 cognitio,

484 2348 604 2395 Major
619 2349 660 2384 in
680 2348 836 2397 singulis
850 2349 923 2385 erit
938 2348 1090 2384 dilectio
1100 2377 1109 2393 ‚

485 2409 608 2455 Quem
625 2408 722 2444 nihil
742 2407 844 2444 aliud
861 2408 935 2444 erit
953 2409 1166 2456 conspicere
1177 2437 1186 2452 ,

484 2470 606 2515 Quam
624 2481 708 2505 vera
725 2468 867 2517 perfrui
886 2468 1135 2505 beatitudine.

483 2565 622 2601 Felices
641 2564 758 2611 oculi,
777 2564 884 2600 beata
900 2564 1044 2600 lumina
1057 2591 1068 2610 ,

483 2625 630 2671 Quibus
647 2637 863 2662 concessum
879 2632 935 2661 est
950 2625 1021 2660 hac
1039 2624 1116 2660 frui
1135 2623 1264 2672 gloria.

482 2685 604 2733 Hujus
620 2693 656 2722 te
672 2685 857 2734 supplices
873 2697 1065 2734 rogamus,
1087 2684 1264 2727 Domine,

484 2746 578 2781 Loca
593 2745 650 2781 vel
667 2746 800 2782 ultima
820 2745 868 2781 da
892 2745 999 2781 nobis
1017 2745 1142 2781 curiae.

483 2840 644 2876 Perenni
664 2840 844 2883 Domino,
861 2846 933 2876 etc.

942 2952 1050 2988 XIV.
1085 2932 1089 2936 ’

485 3038 583 3073 Deus
601 3039 665 3087 qui
685 3051 841 3087 corpora
858 3050 960 3075 creas
978 3045 1017 3075 et
1034 3038 1194 3081 animas,

487 3098 532 3132 Et
550 3097 641 3134 cibis
659 3099 820 3147 propriis
837 3106 996 3148 utraque
1015 3109 1157 3134 recreas
1171 3125 1182 3142 ‚

486 3157 572 3192 Tibi
590 3165 666 3194 tam
683 3171 839 3207 corpora
857 3159 1014 3208 psallant
1032 3170 1144 3208 quam
1161 3158 1291 3194 animae
1302 3185 1310 3201 ,

485 3217 571 3253 Esse
590 3218 655 3266 qui
672 3218 806 3255 tribuis
826 3219 898 3255 illis
916 3226 953 3255 et
968 3219 1101 3255 vivere.

485 3306 659 3352 Ignosce,
677 3305 853 3350 Domine,
874 3306 1011 3342 nostris
1027 3304 1238 3341 excessibus
1247 3304 1273 3348 ,⁶

484 3364 520 3400 Si
539 3363 622 3412 plus
639 3375 751 3412 quam
769 3364 896 3401 decuit
915 3365 1006 3413 gulae
1024 3364 1249 3400 indulsimus
1266 3380 1276 3408 ;

530 3529 537 3544 ¹
566 3529 661 3561 Certe
677 3530 815 3569 sayinat.
837 3543 878 3550 --
895 3525 908 3542 ¹
926 3526 1006 3559 Male
1020 3526 1102 3559 Cod.
1121 3529 1239 3566 prodii.

1581 528 1702 564 Immo
1718 528 1884 576 piissime
1900 526 1987 576 quia
2004 526 2055 562 sic
2071 525 2227 561 fecimus

1581 588 1764 640 Tam-hoc
1782 599 1895 637 quam
1913 592 2041 623 caetera
2056 584 2225 622 condona
2236 612 2247 630 ,
2268 596 2490 634 quaesumus.

1580 687 1662 723 Hoc
1680 687 1792 735 primi
1808 687 1900 723 vitio
1914 692 2087 735 parentes
2104 683 2272 727 exulant,
2325 698 2326 701 ¹

1580 747 1626 783 Et
1643 747 1782 784 crebris
1801 753 1969 795 posteros
1986 744 2159 782 aerumnis
2177 743 2386 793 implicant.

1578 808 1659 843 Hoc
1676 806 1895 843 naturaliter
1912 812 1969 842 est
1985 803 2094 841 nobis
2110 804 2285 850 insitum,

1579 868 1626 904 Et
1642 868 1746 917 quasi
1764 867 1850 903 filiis
1867 864 2160 903 haereditarium.

1578 968 1867 1005 Immoderatior
1882 974 1920 1003 et
1938 967 2037 1002 inter
2055 964 2183 1013 epulas

1578 1029 1616 1065 Si
1634 1028 1726 1077 quid
1741 1027 1930 1064 addiderit
1947 1025 2062 1074 culpae
2079 1024 2303 1074 loquacitas,

1578 1088 1622 1124 Id
1638 1101 1789 1137 quoque
1807 1094 1916 1124 tuum
1933 1092 1990 1122 est
2006 1085 2082 1121 tuis
2096 1085 2306 1132 ignoscere,

1578 1148 1654 1194 Qui
1671 1148 1778 1184 nobis
1794 1147 1954 1196 spatium
1975 1156 2138 1182 reservas
2153 1143 2278 1180 veniae.

1575 1250 1702 1286 Tuum
1720 1256 1776 1286 est
1792 1249 1949 1297 gratiam
1967 1246 2057 1283 dare
2074 1244 2304 1294 supplicibus
2315 1273 2325 1289 ,

1578 1310 1661 1356 Qua
1679 1309 1750 1345 sibi
1766 1314 1950 1357 temperet
1965 1306 2012 1343 ab
2028 1306 2087 1342 his
2103 1311 2142 1342 et
2160 1304 2310 1341 talibus.

1578 1371 1705 1406 Tuum
1723 1376 1779 1405 est
1797 1367 1972 1405 omnibus
1989 1365 2144 1403 modum
2162 1364 2351 1414 praefigere

1575 1431 1700 1479 Atque
1720 1429 1945 1478 praecipitem
1964 1434 2137 1464 naturam
2154 1436 2297 1473 regere.

1574 1527 1905 1577 peregrinantibus
1924 1525 2034 1562 nobis
2051 1523 2228 1560 viaticum

1573 1590 1629 1626 Da
1645 1588 1895 1625 necessarium
1906 1615 1916 1632 ,
1935 1585 2025 1622 tolle
2043 1583 2274 1633 superfluum
2290 1599 2301 1629 ;

1574 1650 1631 1687 Sit
1646 1661 1727 1699 quae
1746 1661 1822 1684 non
1841 1650 1971 1684 on’eret
1990 1644 2155 1694 supellex
2171 1642 2318 1679 modica
2329 1670 2339 1686 ,

1573 1710 1630 1746 Ne
1648 1709 1754 1746 tarde
1770 1707 1942 1757 profugis
1957 1711 2129 1743 occurrat
2145 1703 2278 1752 patria.

1576 1807 1670 1853 Quis
1688 1806 1727 1841 in
1746 1804 1857 1842 exilio
1875 1810 2015 1853 quaerat
2031 1802 2205 1839 delicias?

1576 1867 1649 1905 Vel
1665 1865 1789 1902 nudus
1805 1865 1951 1901 utinam
1967 1863 2058 1899 hinc
2074 1861 2224 1898 tandem
2242 1867 2360 1897 exeat.

1576 1927 1760 1975 Nudeque
1782 1925 2006 1973 naufragum
2021 1923 2225 1959 haerentem
2244 1919 2376 1958 tabulae

1573 1987 1709 2024 Cautes
1725 1984 1911 2033 excipiant
1926 1994 2052 2019 saxoso
2069 1981 2208 2017 littore.

1574 2082 1650 2127 Qui
1669 2078 1898 2128 spiritalibus
1914 2090 1952 2115 se
1971 2077 2063 2114 cibis
2082 2081 2284 2124 praeparat‚

1575 2142 1659 2178 Non
1676 2140 1809 2189 quaerit
1826 2138 1994 2188 qualibet
2012 2144 2153 2173 stercus
2170 2133 2357 2171 conficiat.

1575 2202 1726 2239 Coelesti
1746 2212 1840 2249 pane
1858 2199 1923 2248 qui
1943 2197 2137 2245 saginans·
2159 2196 2323 2232 animam

1576 2262 1733 2300 Ventris
1751 2259 1939 2308 rugitibus
1955 2270 2030 2295 non
2050 2263 2157 2305 parat
2173 2254 2346 2291 similam.

1574 2357 1695 2403 Quem
1712 2366 1803 2390 verae
1825 2351 2003 2401 poculum
2020 2350 2105 2387 vitis
2121 2348 2300 2392 inebriat,

1574 2416 1667 2453 Vini
1686 2412 1885 2450 dulcedine
1902 2410 2026 2460 gulam
2042 2421 2119 2445 non
2134 2407 2266 2444 incitat
2277 2434 2289 2454 ,

1573 2476 1722 2524 Regum
1739 2472 1897 2517 deliciae,
1917 2482 1994 2507 non
2010 2468 2154 2506 Christi
2172 2459 2378 2516 pauperum
2389 2493 2399 2510 ,

1574 2534 1854 2572 Sollicitudines
1872 2537 1959 2567 sunt
1976 2531 2053 2567 istae
2081 2527 2263 2577 gentium.

1571 2630 1736 2664 Terrena
1753 2627 1919 2675 cogitant
1937 2624 1997 2668 hi,
2017 2634 2095 2658 non
2112 2619 2298 2663 coelestia;

1571 2689 1723 2725 Ponunt
1738 2686 1893 2723 exilium
1913 2684 1982 2721 sibi
2001 2680 2070 2732 pro
2087 2681 2232 2730 patria3

1573 2750 1719 2786 Sortem
1739 2759 1825 2784 cum
1842 2745 1970 2782 bestiis
1988 2744 2052 2780 hic
2068 2753 2173 2778 suam
2190 2740 2353 2784 faciunt,

1574 2810 1620 2845 Et
1636 2809 1726 2845 tales
1746 2807 1874 2844 miseri
1888 2805 2043 2842 comites
2060 2803 2219 2850 eligunt.

1570 2902 1707 2940 Averni
1724 2899 1870 2937 facilem
1888 2899 2109 2936 descensum
2128 2900 2330 2944 appetunt,

1570 2963 1743 2999 Arduum
1761 2960 1941 2996 coelorum
1958 2957 2089 2995 callem
2107 2956 2315 3003 refugiunt.

1574 3024 1717 3062 Ventre
1734 3028 1772 3057 et
1789 3027 1939 3068 pectore
1958 3025 2131 3068 repentes
2150 3016 2299 3065 penitus

1575 3085 1621 3121 Se
1636 3083 1713 3131 jam
1728 3080 1899 3117 attollere
1917 3079 2040 3115 valent
2058 3077 2299 3114 nullatenus.-

1572 3180 1626 3215 Ut
1642 3188 1777 3227 pronas
1793 3185 1950 3223 corpore
1966 3179 2101 3210 natura
2118 3170 2273 3214 bestias,

1572 3239 1633 3275 Sic
1651 3238 1741 3273 istos
1762 3236 1887 3271 animo
1905 3234 1995 3270 fecit
2012 3231 2187 3269 edacitas.

1576 3298 1710 3335 Bacchi
1727 3295 1784 3332 vel
1802 3295 1951 3332 Cereris
1967 3292 2118 3342 templis
2136 3289 2274 3328 assidui
2290 3315 2301 3333 ,

1574 3360 1619 3395 In
1639 3354 1859 3394 caerimoniis
1878 3361 1966 3391 sunt
1984 3352 2125 3389 ventris
2143 3348 2330 3399 prodigi².
