2970 4152
0 3636 87 3714 ...f
39 3593 42 3602 ,

1285 431 1601 479 EPISTOLAE.
2408 438 2426 481 1
2438 435 2492 483 31

392 523 506 568 tima
526 523 778 572 dulcedine
796 525 1029 588 hymnum
1053 525 1311 590 spiritalem
1334 540 1521 573 summa
1544 525 1831 573 exultatione
1848 526 2057 574 Domino
2076 527 2316 591 persolvi-t.
2346 527 2500 577 Habe—

390 619 497 650 mus
520 602 585 651 ihi
604 621 795 668 quoque
815 604 1084 665 Delborae¹‚
1117 615 1164 652 et
1191 610 1362 664 Annae,
1392 622 1481 653 nec
1508 622 1608 653 non
1633 605 1795 655 Judith
1826 607 1974 654 viduae
1998 607 2204 667 cantica,
2233 608 2354 655 sicut
2377 619 2424 656 et
2451 610 2498 656 in

388 685 633 750 evangelio
658 686 813 733 Mariae
836 687 996 732 matris
1015 686 1224 744 Domini.
1239 689 1366 745 „Quae
1388 674 1607 734 videlicet
1631 689 1766 733 Anna
1789 686 2057 734 Samuelem
2079 687 2332 752 parvulum
2360 704 2499 735 suum

389 764 594 812 offerens
616 765 920 812 tabernaculo
936 767 1158 813 Domini’
1171 802 1184 827 ,
1213 766 1541 814 auctoritatem
1558 765 1969 830 suscipiendorum
1991 766 2239 814 infantium
2266 778 2500 816 monaste»

389 846 468 893 riis
493 845 640 894 dedit.
675 846 812 893 Unde
836 845 1044 894 Isidorus
1071 846 1292 894 fratribus
1318 847 1368 894 in
1395 845 1616 894 coenobio
1640 846 2007 894 honorianensi³
2024 848 2290 895 constitutis
2309 864 2414 914 cap.
2434 864 2493 894 v:

393 945 415 970 «
438 927 724 991 Quicunque
738 962 751 987 ,
775 945 798 970 n
821 927 1000 991 inquit,
1032 946 1055 972 «
1080 943 1108 974 a
1131 926 1406 992 parentibus
1431 928 1638 993 propriis
1661 927 1709 973 in
1734 927 2023 974 monasterio
2046 926 2183 974 fuerit
2199 930 2213 952 ⁸
2236 928 2494 993 delegatus,

387 1007 574 1054 noverit
600 1023 650 1054 se
674 1007 738 1054 ibi
763 1018 996 1072 perpetuo
1021 1024 1315 1066 mansurum.
1347 1010 1467 1055 Nam
1493 1009 1628 1055 Anna
1649 1006 1919 1054 Samuelem
1941 1024 2145 1072 puerum
2171 1011 2274 1056 Deo
2305 1008 2494 1057 obtulit.

386 1087 482 1144 Qui
502 1096 551 1135 et
569 1087 618 1134 in
643 1087 904 1134 ministerio
929 1087 1094 1153 templi
1107 1123 1120 1147 ,
1142 1080 1289 1151 quo'a
1305 1097 1455 1134 matre
1475 1087 1627 1134 fuerat
1641 1089 1654 1111 ⁵
1677 1087 1891 1145 functus,
1913 1088 2197 1152 permansit,
2226 1098 2274 1135 et
2287 1087 2370 1135 ubi
2387 1104 2500 1135 con-

385 1168 576 1215 stitutus
599 1178 669 1216 est
693 1167 961 1215 deservivit.
982 1187 1008 1213 »
1036 1170 1232 1215 Constat
1258 1168 1400 1215 etiam
1424 1167 1542 1214 filias
1561 1169 1716 1215 Aaron
1738 1168 1914 1232 pariter
1936 1184 2048 1215 cum
2072 1168 2293 1215 fratribus
2320 1170 2415 1215 suis
2439 1168 2500 1216 ad

384 1248 706 1294 sanctuarium
739 1258 786 1296 et
811 1247 1158 1296 haereditariam
1190 1259 1369 1296 sortem
1398 1248 1510 1296 Levi
1541 1247 1663 1295 adeo
1693 1248 1956 1313 pertinere,
1992 1258 2042 1294 ut
2063 1247 2177 1295 hinc
2214 1266 2407 1313 quoque
2436 1251 2502 1296 eis

384 1319 620 1374 Dominus
639 1328 914 1376 alimoniam
930 1329 1183 1376 instituerit
1195 1365 1208 1388 ,
1230 1329 1349 1376 sicut
1365 1329 1592 1393 scriptum
1616 1328 1752 1375 estin
1771 1327 1894 1375 libro
1914 1331 2129 1385 Numeri,
2151 1329 2254 1394 ipso
2268 1329 2330 1376 ad
2347 1332 2501 1376 Aaron

386 1407 454 1454 sic
472 1406 660 1455 dicente
674 1409 688 1433 ⁶
707 1426 717 1454 ε
750 1427 775 1453 «
795 1411 975 1456 Omnes
999 1409 1230 1474 primitias
1255 1409 1530 1468 sanctuarii,
1553 1424 1671 1472 quas
1689 1408 1895 1455 offerunt
1912 1407 1995 1454 filii
2010 1407 2151 1455 Israel
2169 1409 2397 1468 Domino,
2417 1408 2501 1456 tibi

384 1486 518 1547 dedi,
541 1497 588 1536 et
612 1487 719 1535 filiis
744 1505 799 1535 ac
818 1487 1003 1536 filiabus
1021 1490 1113 1536 tuis
1125 1489 1232 1553 jure
1250 1498 1498 1554 perpetuo.
1525 1508 1548 1532 »
1573 1487 1711 1536 Unde
1729 1505 1818 1535 nec
1840 1504 1869 1534 a
1893 1487 2177 1535 clericorum
2204 1487 2375 1535 ordine
2399 1505 2502 1535 mu·

383 1566 554 1616 lierum
571 1567 735 1634 religio
755 1568 989 1633 disjuncta
1005 1569 1208 1617 videtur.
1232 1572 1361 1627 Quas
1378 1569 1521 1617 etiam
1535 1570 1646 1634 ipsis
1663 1568 1859 1616 nomine
1874 1568 2152 1632 conjunctas
2167 1585 2269 1616 esse
2287 1579 2495 1628 constat,

326 1713 332 1717 Ι
384 1665 535 1712 quum
565 1649 810 1698 videlicet⁷
846 1660 942 1697 tam
976 1650 1268 1698 diaconissas
1294 1667 1439 1714 quam
1467 1649 1695 1697 diaconos
1723 1648 2042 1715 appellemus,
2072 1666 2127 1697 ac
2153 1650 2192 1697 si
2219 1650 2269 1697 in
2288 1651 2499 1715 utrisque
2552 1655 2571 1671 ¹²

382 1728 559 1776 tribum
578 1730 713 1791 Levi,
733 1741 780 1777 et
797 1731 932 1794 quasi
947 1730 1112 1778 levitas
1137 1746 1464 1794 agnoscamus.
1485 1729 1726 1778 Habemus
1747 1730 1890 1777 etiam
1912 1730 1961 1776 in
1986 1729 2159 1777 eodem
2183 1730 2307 1778 libro
2331 1741 2496 1778 votum

381 1808 500 1857 illud
533 1811 818 1870 maximum,
853 1822 901 1858 et
930 1812 1341 1859 consecrationem
1370 1815 1700 1859 Nazaraeorum
1717 1812 1912 1859 Domini
1940 1827 2074 1876 aeque
2098 1811 2283 1859 feminis
2308 1812 2428 1859 sicut
2451 1822 2497 1860 et

381 1890 492 1938 viris
512 1907 612 1938 esse
635 1891 901 1939 institutum
918 1927 930 1950 ,
957 1893 1062 1956 ipso
1087 1892 1149 1938 ad
1173 1895 1386 1956 Moysem
1407 1893 1619 1939 Domino
1646 1893 1712 1939 sic
1728 1892 1915 1939 dicente
1930 1894 1944 1917 ⁸
1966 1910 1975 1938 :
2009 1895 2266 1956 «Loquere
2290 1892 2352 1940 ad
2376 1892 2498 1940 filios

380 1970 538 2031 lsrael,
554 1982 601 2019 et
619 1971 747 2020 dices
764 1971 827 2019 ad
835 1988 918 2020 eos
937 1990 948 2028 ς
975 1991 998 2017 «
1018 1973 1101 2019 Vir
1114 1973 1212 2020 sive
1231 1972 1401 2020 mulier
1418 1990 1569 2038 quum
1586 1972 1781 2021 fecerint
1796 1982 1964 2021 votum
1983 1982 2036 2019 ut
2050 1972 2423 2032 sanctificentur,
2453 1985 2499 2021 et

384 2070 408 2096 «
430 2067 480 2099 se
494 2052 732 2100 voluerint
746 2053 957 2100 Domino
977 2053 1398 2113 consecrare,‘vino
1412 2064 1459 2102 et
1471 2055 1605 2102 omni
1617 2053 1751 2119 quod
1765 2053 1998 2102 inebriare
2009 2063 2165 2119 potest
2174 2053 2495 2102 abstinebunt.

384 2150 407 2175 α
433 2133 629 2180 Acetum
654 2149 713 2181 ex
733 2133 848 2180 vino
870 2144 918 2181 et
938 2150 996 2181 ex
1021 2133 1232 2199 qualibet
1251 2134 1343 2182 alia
1360 2135 1574 2200 potione,
1602 2144 1650 2182 et
1665 2134 1894 2200 quicquid
1910 2134 2082 2202 deuva
2097 2136 2376 2200 exprimitur
2398 2153 2498 2183 non

384 2230 406 2255 «
428 2210 611 2260 bibent.
642 2216 766 2260 Uvas
795 2224 1008 2261 recentes
1033 2215 1276 2280 siccasque
1300 2231 1399 2263 non
1418 2214 1675 2263 comedent
1698 2215 1881 2263 cunctis
1904 2215 2097 2275 diebuS,
2117 2215 2290 2280 quibus
2308 2233 2365 2263 ex
2383 2227 2497 2264 voto

383 2311 405 2338 «
429 2293 639 2342 Domino
655 2303 1010 2342 consecrantur.
1031 2294 1278 2359 Quidquid
1293 2311 1350 2343 ex
1366 2296 1504 2343 vinea
1524 2305 1594 2343 est
1606 2294 1666 2343 ab
1683 2312 1774 2344 uva
1789 2312 1927 2362 passa
1944 2312 2096 2360 usque
2114 2296 2175 2343 ad
2191 2297 2382 2343 acinum
2397 2312 2496 2343 non

383 2392 406 2418 «
426 2373 684 2422 comedent
698 2375 834 2422 omni
863 2384 1081 2441 tempore
1109 2375 1418 2442 separationis
1435 2392 1546 2424 suae.
1571 2376 1758 2441 »Hujus
1777 2376 1974 2442 quidem
1990 2376 2229 2441 religionis
2242 2377 2343 2425 illas
2359 2376 2499 2424 fuisse

379 2452 583 2502 arbitror
600 2454 886 2502 excubantes
900 2455 963 2503 ad
979 2457 1154 2503 ostium
1170 2456 1483 2516 tabernaculi,
1513 2455 1575 2504 de
1599 2474 1803 2521 quarum
1828 2457 2031 2522 speculis
2052 2459 2238 2521 Moyses
2262 2473 2344 2504 vas
2369 2472 2497 2505 com-

379 2534 555 2598 posuit,
574 2535 624 2581 in
640 2550 738 2599 quo
750 2534 1021 2584 lavarentur
1029 2540 1184 2585 Aaron
1202 2547 1248 2585 et
1265 2536 1347 2585 filii
1363 2537 1481 2601 ejus,
1504 2538 1625 2585 sicut
1639 2538 1869 2602 scriptum
1884 2539 1998 2584 est⁹z
2023 2557 2047 2582 «
2065 2538 2296 2603 Apposuit
2312 2539 2496 2601 Moyses

377 2612 566 2661 labrum
586 2630 772 2661 aeneum
791 2615 842 2661 in
866 2632 964 2678 quo
989 2615 1260 2664 lavarentur
1278 2620 1435 2664 Aaron
1461 2627 1506 2664 et
1526 2616 1610 2664 filii
1634 2617 1760 2680 ejus3
1789 2616 1923 2681 quod
1947 2616 2056 2665 fecit
2080 2616 2141 2664 de
2164 2617 2371 2682 speculis
2393 2633 2498 2664 mu—

377 2692 548 2741 lierum
566 2710 672 2758 quae
698 2694 998 2743 excubabant
1011 2698 1036 2722 ¹⁰
1059 2696 1121 2743 ad
1146 2698 1320 2744 ostium
1345 2697 1652 2745 tabernaculi.
1679 2717 1701 2742 υ
1731 2697 1992 2762 Diligenter
2018 2714 2200 2762 magnae
2229 2697 2497 2745 devotionis

378 2790 543 2822 earum
566 2775 722 2822 fervor
745 2775 1029 2824 describitur
1046 2794 1151 2841 quae
1169 2778 1331 2825 clauso
1357 2780 1501 2826 etiam
1520 2778 1829 2827 tabernaculo
1843 2815 1855 2839 ‚
1885 2778 2066 2827 foribus
2084 2779 2184 2842 ejus
2202 2778 2496 2827 adhaerentes

377 2864 648 2902 sanctarum
675 2855 940 2919 vigiliarum
965 2857 1186 2906 excubias
1211 2858 1536 2918 celebrabant,
1567 2869 1757 2907 noctem
1783 2860 1925 2907 etiam
1951 2860 2102 2925 ipsam
2128 2860 2177 2906 in
2203 2858 2498 2906 orationibus

352 2934 631 2995 ducentes,
665 2945 712 2983 et
736 2935 797 2983 ab
822 2936 1054 3001 obsequio
1086 2938 1251 2986 divino
1284 2940 1397 2986 viris
1423 2939 1775 3003 quiescentibus
1804 2957 1904 2987 non
1937 2950 2174 2987 vacantes.
2205 2939 2349 2998 Quod
2384 2955 2496 2987 vero

377 3014 591 3062 clausum
612 3015 679 3062 eis
695 3015 1055 3064 tabernaculum
1081 3028 1374 3066 memoratur
1397 3019 1494 3066 vita
1517 3020 1852 3085 poenitentium
1876 3035 2086 3083 congrue
2103 3019 2393 3083 designatur,
2416 3021 2499 3084 qui

378 3104 430 3143 ut
453 3112 503 3143 se
525 3095 690 3143 durius
709 3097 998 3162 poenitentiae
1013 3098 1233 3146 lamentis
1243 3102 1267 3125 ¹¹
1293 3099 1526 3160 afficiant,
1556 3117 1584 3147 a
1607 3100 1786 3147 caeteris
1809 3110 2130 3163 segregantur.
2153 3103 2270 3157 Quae
2284 3100 2498 3165 profecto

377 3176 471 3222 vita
495 3176 762 3241 specialiter
781 3178 1054 3226 monasticae
1072 3180 1380 3245 professionis
1395 3190 1501 3228 'esse
1520 3179 1823 3245 perhibetur,
1852 3180 1985 3243 cujus
2005 3179 2225 3227 videlicet
2240 3179 2362 3227 ordo
2383 3180 2499 3227 nihil

365 3254 504 3310 ,aliud
522 3273 624 3304 esse
649 3257 823 3305 dicitur
840 3275 986 3322 quam
1002 3259 1219 3324 quaedam
1238 3261 1467 3325 parcioris
1484 3260 1772 3326 poenitentiae
1794 3260 1963 3307 forma.
1985 3259 2362 3308 Tabernaculum
2384 3277 2497 3306 vero

421 3405 430 3421 ¹
457 3406 581 3439 Debere
595 3406 621 3440 C
636 3412 670 3440 et
685 3406 750 3440 MS.
773 3408 870 3442 Amb.
884 3426 927 3433 —
945 3409 957 3427 '
977 3411 1057 3454 Περ.
1076 3411 1110 3451 Ι,
1127 3421 1200 3456 cap.
1220 3423 1249 3452 ι,
1265 3423 1296 3445 v.
1311 3413 1414 3445 25.—
1458 3415 1663 3445 constitutum
1682 3413 1828 3444 videlicet
1842 3412 1935 3445 Ι).-
1948 3411 1960 3429 ⁸
1978 3412 2124 3451 Numer„
2142 3422 2216 3456 cap.
2237 3423 2285 3448 vi.
2307 3422 2336 3444 v.
2354 3414 2373 3443 2
2390 3418 2423 3444 et
2444 3423 2493 3455 sq.

378 3458 389 3475 ¹
416 3461 647 3494 Honoriacensi
674 3462 741 3496 MS.
774 3462 869 3496 Amb.
895 3482 930 3487 -
948 3464 961 3481 ⁴
987 3465 1041 3498 Sic
1068 3465 1106 3499 C.
1125 3484 1148 3491 -
1166 3467 1239 3500 Fuit
1270 3467 1352 3500 Edd.
1369 3485 1413 3492 —-
1459 3487 1498 3492 -
1517 3468 1530 3485 ⁹
1557 3469 1682 3507 Exod„
1718 3477 1794 3511 cap.
1829 3480 1951 3511 xxvni,
1982 3480 2012 3502 v.
2042 3471 2072 3501 8.
2090 3486 2132 3493 —-
2149 3468 2178 3487 ¹⁰
2199 3470 2377 3502 Excubam
2399 3469 2434 3501 Ι).
2455 3486 2494 3492 -

377 3514 389 3530 “
406 3517 523 3549 Fuerat
536 3517 628 3551 deest
642 3518 678 3552 D.
691 3536 726 3542 —
740 3518 753 3536 ⁶
770 3520 915 3560 Numer„
931 3532 1004 3565 cap.
1022 3533 1117 3561 xvni,
1134 3533 1165 3555 v.
1186 3525 1235 3556 19.
1248 3539 1292 3549 --
1306 3523 1317 3541 ⁷
1332 3525 1413 3557 Eue
1458 3524 1485 3541 ¹¹
1504 3525 1673 3557 Doloribus
1691 3523 1786 3557 RMS.

2596 1284 2720 1373 4⁶2⁷

2585 2847 2694 2909 Lito
