2970 4152
575 408 667 452 420
968 403 1138 449 PETRI
1174 402 1487 450 ABAELARDI
1522 402 1595 450 ET
1629 402 1929 451 HELOISSAE
1962 403 2278 451 EPISTOLAE.

570 498 814 544 nocturnis
845 495 983 542 nobis
1015 495 1253 559 agendum
1284 495 1355 541 sit.
1393 497 1716 544 Periculosum
1748 498 1925 562 quippe
1954 497 2140 544 videtur
2170 513 2228 543 eo
2252 506 2467 561 tempore
2493 497 2554 543 ad
2588 513 2677 545 nos

570 577 836 623 sacerdotes
852 586 932 621 aut
958 575 1185 621 diaconos
1203 575 1408 634 admitti,
1427 593 1511 639 per
1536 593 1657 640 quos
1676 576 1776 623 haec
1799 576 1939 622 lectio
1959 575 2197 634 recitetur,
2217 590 2334 638 quas
2358 576 2591 640 praecipue
2613 575 2675 622 ab

570 657 701 702 omni
719 655 971 700 hominum
991 670 1179 700 accessu
1200 664 1341 717 atque
1368 666 1557 719 aspectu
1579 664 1841 719 segregatas
1855 671 1956 701 esse
1975 655 2199 701 convenit
2221 672 2230 699 :
2256 664 2356 700 tum
2376 664 2428 700 ut
2452 654 2677 702 sincerius

570 739 670 781 Deo
698 751 862 787 vacare
886 734 1144 798 possimuS,
1179 743 1282 780 tum
1316 735 1456 780 etiam
1476 745 1527 780 ut
1552 751 1577 780 a
1598 735 1858 781 tentatione
1881 734 2075 781 tutiores
2101 720 2266 780 simus.
2290 731 2391 778 Tibi
2411 748 2563 791 nunc,
2592 732 2677 789 do·

568 817 718 873 mine,
748 815 865 860 dum
887 814 1029 872 vivis,
1053 813 1286 860 incumbit
1313 814 1555 861 instituere
1581 815 1641 860 de
1661 814 1798 867 nobis
1815 813 1930 877 quid
1956 814 2004 860 in
2034 823 2317 878 perpetuum
2342 811 2603 859 tenendum
2620 813 2677 865 sit

571 895 723 940 nobis.
753 897 820 939 Tu
841 894 1017 959 quippe
1036 896 1323 958 post-Deum
1358 894 1500 957 hujus
1526 895 1618 940 loci
1644 893 1884 951 fundator,
1915 903 1965 939 tu
1990 910 2075 957 per
2107 895 2262 940 Deum
2286 901 2459 939 nostrae
2481 893 2678 956 congs'e-

568 975 766 1037 gationis
792 991 840 1019 es
865 973 1119 1038 plantator,
1148 983 1200 1020 tu
1224 977 1459 1021 cumDeo
1486 971 1657 1020 nostrae
1682 975 1746 1019 sis
1778 973 2017 1036 religionis
2041 973 2294 1020 institutor.
2336 974 2677 1036 Praeceptorem

565 1057 708 1102 alium
734 1064 842 1119 post
864 1064 909 1100 te
934 1054 1142 1101 fortassis
1169 1054 1397 1101 habiturae
1431 1071 1616 1112 sumus,
1649 1064 1694 1100 et
1716 1054 1826 1116 qui¹
1853 1068 1994 1117 super
2018 1051 2225 1099 alienum
2251 1049 2455 1115 aliquid*
2479 1049 2678 1101 aedificet

564 1124 944 1182 fundamentum.
977 1134 1186 1198 Ideoque
1208 1152 1427 1181 veremur
1456 1134 1515 1180 de
1547 1133 1686 1180 nobis
1712 1134 1868 1180 minus
1895 1133 2080 1179 futurus
2104 1132 2355 1191 sollicitus,
2382 1131 2458 1178 vel
2484 1147 2512 1177 a
2538 1131 2678 1179 nobis

565 1218 722 1263 minus
751 1215 1041 1274 audiendus,
1071 1225 1117 1261 et
1141 1217 1224 1278 qui
1255 1215 1487 1277 denique,
1517 1216 1554 1260 si
1583 1231 1716 1277 aeque
1742 1213 1877 1272 velit,
1910 1229 2009 1260 non
2034 1229 2166 1276 aeque
2191 1213 2353 1277 possit.
2384 1214 2600 1275 Loquere
2624 1221 2675 1260 tu

563 1297 701 1343 nobis
716 1334 727 1355 ‚
750 1307 794 1343 et
812 1295 1074 1343 audiemus.
1107 1295 1233 1341 Vale.

607 1452 617 1468 ¹
643 1453 730 1490 ‘Quid
749 1451 786 1483 D.
808 1468 843 1474 -
865 1449 878 1466 ²
896 1452 991 1482 Aliud
1006 1449 1070 1482 MS.
1093 1450 1187 1481 Amb.
