2970 4152
1270 394 1468 454 NO'OEAE.
2369 391 2429 441 55

313 492 599 530 consolationem
622 497 746 529 tamen
765 501 967 539 paucorum
982 489 1046 538 qni
1068 494 1322 524 remanserant
1336 513 1345 530 ,
1363 486 1591 526 Hieremiam
1608 484 1831 533 prophetam
1851 483 1992 520 ibidem
2011 495 2096 520 cum
2116 482 2169 518 eis
2183 482 2355 532 reliquit,
2380 486 2430 520 sic

316 554 421 593 nobis
438 554 477 591 in
497 560 599 593 tanta
619 551 830 591 calamitate
854 551 984 600 positis
1002 549 1096 587 duos
1114 549 1404 598 sapientissimos
1425 549 1542 593 viros,
1566 547 1756 596 praefatum
1779 545 1919 583 scilicet
1942 545 2163 594 magistrum
2186 544 2405 583 Auselmum
2420 574 2430 591 ,

315 626 608 664 germanumque
620 615 700 662 ejus
714 614 937 663 magistrum
960 611 1164 655 Radulfum
1179 610 1474 653 misericorditer
1485 609 1688 657 reservavit
1703 624 1712 654 ;
1733 609 1799 657 qui
1819 615 1893 647 tam
1914 607 2067 649 clericos
2084 619 2196 657 quam
2213 607 2326 646 laicos
2342 608 2434 645 dul-

313 678 406 718 citer
423 677 676 724 consolanteS,
700 684 741 719 et
759 675 916 715 diversis
933 675 1213 724 scripturarum
1232 668 1444 716 sententiis*
1452 672 1679 717 refoventes,
1706 683 1753 709 ne
1775 672 1814 708 in
1840 670 2127 713 tribulationum
2145 669 2431 708 adversitatibus

315 739 517 780 deficerent
530 738 838 781 exhortabantur.
857 753 874 770 »

1135 815 1231 851 Nota
1251 814 1424 859 XXXII,
1445 826 1529 863 pag.
1551 817 1609 850 48.

361 897 692 961 Ᾱνσήἱαρἰεοριιηι
706 923 816 947 suum
828 908 1075 957 Radulpkum
1087 908 1288 946 adversum
1303 921 1360 945 me
1374 913 1720 956 commoves-ung.—
1732 909 1796 943 Ivo
1808 907 2061 954 carnotensis,
2075 909 2184 957 epist.
2199 920 2275 952 exe,
2292 907 2435 945 nober-

316 982 375 1011 tus
386 975 498 1011 abbas
513 974 559 1010 atl
576 986 715 1010 annum
739 973 832 1009 4444
846 1000 855 1018 ,
875 973 1011 1008 Petrus
1030 971 1236 1008 Mauricius
1253 971 1363 1014 abbas
1379 971 1636 1017 cluniacensis,
1655 970 1721 1007 lib.
1738 970 1777 1006 II
1796 971 1950 1015 Mirac.‚
1970 983 2050 1019 cap.
2067 982 2112 1015 v,
2135 977 2174 1006 et
2188 970 2248 1006 alii
2268 970 2435 1019 plerique

317 1037 559 1086 Radulphum
576 1037 680 1072 hunc
695 1035 1019 1083 archiepiscopum
1032 1034 1267 1070 rhemensem
1284 1033 1484 1083 appellant,
1494 1046 1607 1083 quem
1620 1040 1745 1069 tamen
1758 1033 1937 1081 Sugerius
1949 1034 1987 1069 in
1999 1033 2089 1070 Vita
2101 1032 2278 1069 Ludovici
2289 1034 2434 1077 Grossi,

317 1110 383 1135 nec
400 1086 657 1135 non'Aimoini
674 1097 929 1141 continuator,
949 1096 1014 1132 lib.
1035 1097 1090 1141 V,
1110 1108 1241 1145 cap..1.,
1258 1096 1504 1144 Rodulphum
1524 1108 1610 1132 cum
1625 1095 1819 1132 Abaelardo
1842 1101 1969 1131 nostro
1985 1094 2118 1131 dicunt
2139 1094 2242 1142 [vide
2266 1107 2348 1143 pag.
2372 1098 2433 1139 48,

315 1168 393 1201 not.
412 1161 499 1210 43];
518 1159 704 1198 Lisiardus
730 1160 769 1197 in
794 1159 885 1197 Vita
900 1159 1018 1197 sancti
1037 1158 1185 1198 Arnnlfi
1205 1159 1478 1196 suessionensis
1501 1158 1680 1208 episcopi,
1696 1170 1777 1207 cap.
1793 1170 1910 1200 xxxvi,
1929 1164 1967 1194 et
1988 1156 2163 1193 Nicolaus
2179 1158 2382 1193 monachus
2397 1158 2436 1192 in

316 1222 406 1274 Vita
421 1223 538 1268 sancti
546 1221 749 1267 Godesridi
764 1221 926 1272 episcopi
945 1220 1205 1266 ambianensis,
1218 1221 1285 1257 lib.
1297 1221 1368 1266 III,
1383 1233 1463 1270 cap.
1478 1233 1572 1267 xxiv,
1592 1219 1853 1270 Rudolphum.
1872 1220 1961 1255 Erat
1977 1226 2101 1256 autem
2120 1226 2225 1255 antea
2246 1220 2440 1255 thesaura-

316 1286 394 1326 rius
416 1285 576 1326 ecclesiae
597 1284 815 1330 rhemensis,
834 1290 872 1320 et
891 1282 1037 1321 Viridis
1055 1283 1389 1332 cognominabatur
1401 1311 1411 1328 ,
1433 1290 1476 1319 ut
1489 1283 1544 1319 vel
1562 1295 1607 1320 ex
1622 1283 1695 1319 hoc
1713 1294 1788 1319 uno
1803 1283 1907 1320 Petri
1923 1282 2178 1319 Cluuiacensis
2200 1281 2342 1318 abbatis
2360 1282 2441 1318 loco

315 1347 563 1399 (liwipooestt
580 1362 597 1383 κ
614 1347 718 1388 Inter
728 1358 823 1398 quos
835 1373 847 1394 ,
867 1361 883 1379 υ
904 1346 1029 1396 inquit
1042 1345 1104 1382 lib.
1120 1346 1159 1382 II
1167 1346 1319 1391 Μίνωα,
1332 1359 1411 1396 cap.
1423 1358 1458 1393 v,
1473 1361 1490 1379 «t
1500 1346 1698 1386 Matthaeus
1708 1345 1907 1396 quemdam
1921 1345 2144 1395 probatioris
2155 1346 2238 1382 vitae
2252 1345 2442 1388 clericum,

315 1410 521 1451 rhemensis
542 1408 701 1449 ecclesiis
722 1416 812 1446 tunc
831 1408 1104 1448 thesaurarium
1123 1407 1264 1457 eligens
1276 1435 1286 1453 ,
1318 1408 1382 1458 qui
1410 1408 1592 1444 Radulsus
1609 1408 1781 1452 nomine,
1811 1407 1956 1445 Viridis
1974 1408 2197 1458 cognomine
2216 1407 2420 1448 *dicebatur
2434 1437 2442 1452 ,

316 1472 350 1508 ei
369 1483 407 1513 se
424 1470 618 1523 specialius
643 1470 815 1522 religiosa
833 1469 1084 1507 familiaritate
1102 1468 1260 1506 devovit.
1279 1469 1425 1506 Dehinc
1443 1477 1550 1520 rapto
1571 1470 1703 1506 eodem
1722 1469 1942 1518 Radulpho,
1957 1477 1994 1507 et
2010 1470 2048 1514 in
2067 1469 2301 1507 rhemensem
2317 1471 2443 1508 archi-

315 1533 531 1586 episcopum
549 1539 751 1582 assumpto,
774 1544 848 1568 non
863 1531 1029 1570 deseruit
1048 1544 1160 1582 quem
1177 1531 1351 1581 elegerat.
1363 1547 1381 1566 a
1398 1534 1623 1582 Assumptus
1640 1545 1727 1569 vero
1741 1539 1798 1569 est
1813 1532 1860 1569 ad
1879 1533 2240 1582 archiepiscopatum
2260 1540 2344 1582 post
2361 1533 2443 1570 Ma-

317 1608 459 1636 nassem
477 1596 607 1635 matris
621 1595 879 1635 Bartholomaei
899 1595 1154 1632 Lauduuensis
1170 1595 1333 1645 episcopi
1348 1595 1584 1637 avunculum.
1596 1595 1658 1632 Sic
1674 1596 1774 1632 enim
1792 1597 1832 1632 in
1851 1596 2017 1633 Historia
2029 1595 2268 1634 laudunensis
2284 1596 2443 1638 ecclesiae

317 1658 473 1708 legitur,
494 1658 554 1695 his
573 1657 695 1695 verbis
715 1670 722 1690 :
745 1672 761 1689 α
779 1657 928 1694 Electus
944 1658 1068 1707 itaque
1085 1658 1242 1708 (nempe
1258 1657 1571 1705 Bartholomaeus)
1593 1658 1759 1696 unanimi
1787 1658 1902 1694 totius
1918 1657 2007 1695 cleri
2026 1672 2068 1695 ac
2083 1659 2213 1708 populi
2230 1672 2380 1696 assensu
2399 1661 2444 1696 ad

316 1720 574 1773 pontificatum
604 1718 708 1756 urbis
732 1718 973 1756 laudunensis
988 1747 998 1766 ,
1021 1718 1176 1755 domino
1204 1718 1406 1768 Radulpho
1428 1719 1660 1756 Rhemorum
1679 1720 1979 1768 archiepiscopo,
2007 1722 2074 1770 qui
2100 1721 2252 1771 praefato
2272 1722 2446 1758 Manassae

317 1782 447 1820 matris
473 1782 553 1832 ejus
575 1780 757 1820 avunculo
778 1787 1020 1826 successerat,
1041 1788 1307 1829 praesentatur,
1331 1789 1369 1817 et
1390 1781 1436 1817 ab
1459 1793 1504 1817 eo
1527 1781 1730 1832 multisque
1754 1782 1835 1818 aliis
1857 1782 2041 1833 episcopis
2062 1779 2232 1836 tempore
2258 1783 2445 1821 Paschalis

315 1855 417 1896 papae
433 1849 471 1880 et
491 1842 665 1883 Ludovici
684 1842 783 1895 regis
801 1842 1031 1878 Francorum
1049 1841 1290 1878 celeberrime
1313 1850 1549 1879 consecratus
1563 1870 1574 1890 ‚
1593 1844 1723 1879 ovibus
1747 1843 1920 1880 desolatis
1938 1856 2055 1881 novus
2071 1853 2197 1895 pastor
2221 1847 2445 1898 transmitti-

316 1914 392 1948 tur.
415 1923 432 1941 υ
462 1906 510 1955 Et
540 1905 640 1955 apud
668 1905 876 1944 Robertum
903 1904 950 1940 de
983 1905 1109 1940 Monte
1127 1904 1308 1947 breviter:
1331 1920 1348 1937 «
1369 1906 1479 1941 Anno
1496 1907 1610 1953 4444,
1631 1907 1669 1942 in
1687 1906 1876 1951 rhemensi
1902 1907 2099 1957 metropoli
2126 1915 2212 1958 post
2240 1910 2444 1947 manassem

317 1970 499 2006 illustrem
517 1968 637 2005 virum
654 1995 663 2013 ‚
684 1966 881 2004 exturbato
897 1966 1098 2012 Gervasio,
1122 1966 1343 2015 Radulphus
1360 1968 1535 2004 successit
1546 1995 1555 2013 ‚
1575 1969 1640 2017 qui
1670 1968 1810 2006 Viridis
1826 1981 2034 2017 cognomen
2051 1970 2197 2007 habuit.
2214 1986 2232 2004 u

1133 2079 1229 2115 Nota
1247 2077 1443 2124 XXXIII,
1462 2092 1547 2128 pag.
1569 2082 1626 2117 48.

364 2177 495 2215 Ascito
513 2176 666 2215 Conana
682 2175 912 2223 proeneslino
930 2176 1101 2222 episcopo
1114 2202 1123 2220 ,
1142 2176 1210 2224 qui
1227 2180 1315 2210 tunc
1333 2173 1768 2224 legatIonesungebatur
1781 2176 1819 2210 in
1843 2175 1981 2212 Gallia.
1995 2196 2042 2203 —
2057 2176 2202 2214 Couani
2219 2177 2346 2225 hujus,
2369 2179 2446 2215 sive

317 2240 493 2284 Cononis,
508 2237 694 2276 Paschalis
706 2238 744 2274 11
760 2250 861 2287 papae
878 2237 1003 2286 legati,
1020 2237 1275 2279 meminerunt
1288 2237 1463 2294 Nicolaus
1475 2238 1682 2274 monachus
1694 2238 1733 2274 in
1747 2237 1836 2277 Vita
1852 2240 1969 2277 sancti
1981 2239 2181 2277 Godefridi
2195 2242 2359 2291 episcopi
2372 2255 2447 2279 am-

317 2302 514 2347 bianensis,
532 2301 598 2339 lib.
615 2301 684 2347 lv,
695 2313 773 2349 cap.
784 2313 836 2348 ix,
849 2300 1028 2349 Sugerius
1043 2300 1081 2336 in
1097 2300 1186 2339 Vita
1200 2299 1378 2337 Ludovici
1396 2300 1543 2347 Grossi,
1562 2299 1750 2337 Robertus
1769 2301 2108 2339 Autissiodorensis
2121 2303 2167 2339 ad
2183 2316 2322 2340 annum
2336 2307 2441 2351 4445,

316 2364 542 2402 Guillelmus
569 2362 934 2407 Malmesburiensis‚
953 2362 1019 2399 lib.
1040 2363 1058 2398 I
1075 2362 1123 2398 de
1147 2364 1272 2400 Gestis
1295 2362 1433 2412 pontis.
1454 2364 1562 2412 angl.
1581 2370 1618 2399 et
1640 2362 1715 2400 alii.
1742 2364 1951 2414 Extantque
1975 2366 2089 2402 etiam
2110 2366 2253 2416 aliquot
2279 2367 2440 2405 Goffridi

320 2426 610 2470 vindocinensis
626 2425 789 2471 abbatis,
809 2431 846 2461 et
862 2425 988 2465 lvonis
1005 2426 1169 2475 episcopi
1185 2426 1415 2465 carnotensis
1431 2426 1594 2475 epistolae
1612 2425 1656 2463 ad
1675 2438 1762 2463 enm
1780 2427 1938 2475 scriptae.
1956 2427 2172 2465 Chronicon
2190 2432 2446 2479 urspergensis

318 2490 461 2531 abbatis
469 2490 688 2534 Gutwnem,
699 2494 738 2527 ct
752 2487 886 2537 aliquis
903 2487 997 2527 alius
1013 2487 1160 2527 Cocum
1175 2495 1382 2537 nuncupat.
1397 2488 1429 2524 N
1433 2501 1475 2526 ec
1492 2489 1647 2527 sortasse
1666 2501 1802 2530 nomen
1817 2488 1858 2525 id
1874 2488 1977 2526 aliud
1993 2497 2050 2527 est
2065 2503 2086 2526 a
2098 2491 2263 2528 Conradi
2278 2492 2442 2529 nomine.

318 2552 471 2592 Nam‘m
488 2550 667 2591 chronico
682 2548 910 2592 vizeliacensi
922 2550 1111 2598 reperitur
1123 2549 1172 2586 ad
1184 2562 1326 2589 aunum
1345 2551 1438 2590 ⁴024
1455 2567 1462 2586 :
1484 2565 1500 2584 α
1516 2551 1636 2598 Cono,
1650 2551 1715 2600 qui
1727 2559 1765 2588 et
1781 2551 1995 2597 Conradus,
2015 2551 2220 2600 imperator
2236 2552 2442 2590 Romaim.»

318 2615 425 2657 Cano
441 2620 567 2654 sutem
586 2612 651 2648 hic
667 2611 869 2661 episcopus
880 2611 1124 2660 prenestinus
1146 2611 1203 2651 bis
1229 2611 1269 2650 in
1286 2611 1405 2649 Gallia
1425 2611 1522 2649 sedis
1545 2612 1752 2662 apostolicas
1769 2612 1954 2663 legatione
1971 2613 2121 2650 functus
2145 2621 2199 2651 est
2216 2630 2222 2651 :
2243 2615 2356 2652 semet
2375 2616 2445 2653 sub

319 2675 485 2719 paschali
499 2703 510 2722 ,
529 2687 627 2718 anno
647 2676 760 2719 4445,
781 2685 857 2724 quo
877 2674 949 2712 tria
973 2673 1128 2715 concilia
1145 2673 1345 2712 celebravit
1364 2674 1506 2712 Belvaci
1519 2703 1530 2721 ,
1549 2675 1706 2713 Rhemis
1718 2703 1728 2721 ,
1747 2682 1786 2712 et
1803 2675 2009 2714 Catalauni.
2036 2677 2098 2714 Sic
2123 2678 2224 2714 enim
2243 2681 2353 2715 docet
2378 2691 2444 2716 nos

319 2746 425 2781 vetus
436 2738 647 2781 'chronicon
663 2736 790 2780 Sancti
803 2737 904 2779 Petri
919 2737 1006 2776 Vivi
1019 2737 1242 2775 senonensis
1258 2753 1265 2773 :
1283 2753 1301 2772 «
1313 2739 1423 2779 Anno
1436 2740 1474 2779 44
1485 2740 1541 2784 45,
1560 2754 1577 2772 »
1591 2738 1730 2789 inquit,
1748 2739 1914 2777 «sactum
1924 2747 1980 2776 est
1997 2740 2197 2777 concilium
2212 2741 2387 2787 Rhemis,
2404 2755 2440 2777 vi

319 2802 388 2844 cal.
406 2801 516 2851 april.
536 2802 632 2840 Item
651 2800 754 2841 aliud
772 2800 895 2842 fuerat
914 2798 1142 2849 celebratum
1164 2799 1264 2848 apud
1278 2800 1474 2839 Belvacum
1492 2814 1512 2838 a
1529 2802 1684 2838 Conone
1702 2803 1925 2851 praenestino
1942 2803 2130 2852 episcopo,
2150 2816 2308 2840 romanae
2326 2805 2443 2842 eccle-

319 2865 377 2906 siae
402 2863 540 2913 legato.
561 2862 706 2902 Rursus
724 2862 765 2905 iu
791 2861 925 2899 eodem
943 2873 1040 2900 auno
1058 2860 1159 2898 aliud
1181 2861 1281 2910 apud
1307 2862 1573 2907 catalaunum,
1595 2862 1686 2900 vid.
1708 2864 1818 2912 april.
1839 2879 1855 2897 »
1872 2864 2063 2910 Secundo,
2089 2866 2157 2902 sub
2174 2878 2312 2902 annum
2333 2869 2442 2912 4420,

318 2925 463 2965 Galixto
483 2925 521 2962 11
541 2924 715 2974 pontifice
727 2952 738 2970 ,
769 2924 865 2963 sicut
889 2936 933 2966 ex
953 2930 1136 2973 praecepto
1158 2924 1332 2962 [udovici
1351 2925 1516 2964 Senioris
1535 2925 1634 2975 regis
1650 2926 1697 2962 de
1713 2926 1866 2963 ecclesia
1882 2927 2051 2975 Cergiaci
2068 2934 2106 2963 et
2123 2927 2234 2964 rebus
2252 2929 2445 2977 pertinen·

320 2988 420 3030 tibus
438 2987 485 3024 ad
501 3000 583 3027 eam
602 2993 724 3036 patet,
749 2986 807 3023 his
825 2985 946 3024 verbis
968 3001 974 3021 :
998 3000 1015 3019 «
1034 2986 1320 3024 Communicato
1345 2999 1431 3023 cum
1450 2987 1622 3036 palatinis
1642 2988 1778 3025 nostris
1795 2987 1972 3033 consilio,
1994 2988 2041 3024 ad
2058 2989 2175 3037 ipsam
2195 2990 2443 3027 sanctissimo-

319 3063 404 3092 rum
436 3057 651 3098 *martyrum
676 3047 845 3096 (scilieet
867 3048 1036 3098 Dionysii
1065 3054 1103 3084 et
1128 3049 1314 3087 sociorum
1340 3053 1353 3097 )
1379 3049 1568 3087 basilicam
1599 3063 1685 3088 cum
1711 3051 1870 3100 conjuge
1907 3058 2032 3087 nostra
2068 3051 2371 3097 acceleravimus,
2409 3060 2446 3088 et

320 3120 497 3162 praesente
513 3110 715 3151 venerabili
734 3111 908 3160 episcopo
923 3110 1077 3148 domino
1094 3110 1249 3149 Conone
1266 3119 1398 3154 sanctae
1424 3112 1520 3149 sedis
1546 3112 1753 3163 apostolicae
1768 3112 1907 3162 legat0,
1934 3114 2113 3162 quoniam
2131 3113 2218 3162 jure
2235 3121 2274 3151 et
2294 3127 2447 3151 consue-

322 3175 452 3218 tudine
470 3186 602 3224 regum
629 3173 843 3213 francorum
862 3171 1156 3222 demigrantium
1176 3174 1337 3223 insignia
1354 3175 1461 3223 regni
1481 3174 1551 3224 ipsi
1568 3182 1694 3213 sancto
1714 3174 1869 3222 martyri
1885 3181 2060 3224 tanquam
2078 3175 2165 3212 duci
2186 3183 2225 3213 et
2240 3178 2443 3225 protectori

322 3250 388 3278 suo
405 3238 640 3282 reseruntur,
661 3248 836 3276 coronam
855 3236 972 3289 patris
984 3236 1101 3274 nostri
1116 3236 1151 3272 ei
1165 3235 1399 3277 reddidimus
1410 3265 1419 3283 ,
1437 3249 1506 3287 pro
1519 3237 1698 3274 dilatione
1712 3236 1933 3274 redditionis
1953 3238 2217 3285 satisfecimus,
2234 3246 2273 3275 et
2285 3246 2359 3277 tam
2377 3251 2444 3288 pro

321 3301 438 3347 salute
468 3300 598 3340 animae
628 3305 760 3339 uostrae
787 3310 903 3349 quam
930 3309 1000 3347 pro
1030 3298 1138 3349 regni
1169 3298 1513 3345 administratione,
1541 3299 1710 3348 conjugis
1737 3305 1776 3335 et
1806 3299 1922 3349 prolis
1949 3301 2228 3339 conservatione
2252 3301 2443 3341 ecclesiam

321 3363 367 3401 de
392 3363 572 3413 Cergiaco
595 3362 693 3402 sicut
709 3361 827 3403 libere
848 3360 1145 3410 possidebamus,
1171 3374 1257 3402 cum
1280 3361 1436 3404 decimis
1454 3370 1492 3400 et
1512 3363 1687 3400 omnibus
1710 3362 1756 3398 ad
1782 3362 1972 3403 ecclesiam
1991 3363 2267 3413 pertinentibus
2286 3364 2444 3402 ecclesiae

322 3420 569 3471 restituendo,
582 3423 673 3475 ipsis
683 3423 818 3466 sanctis
831 3422 1057 3472 martyribus
1074 3423 1343 3466 contulimus.»
1355 3423 1403 3462 Et
1418 3424 1516 3465 infra
1532 3439 1539 3461 ι
1559 3425 1722 3462 «Actum
1738 3424 1887 3474 publice
1897 3438 1995 3463 anno
2008 3426 2189 3463 incarnati
2204 3427 2321 3465 Verbi
2336 3429 2444 3474 4420,

320 3487 427 3537 regni
453 3498 525 3534 ιιι,
546 3485 748 3524 Adelaudis
767 3492 892 3523 autem
910 3485 1046 3534 rcginae
1065 3498 1110 3533 v,
1131 3487 1360 3528 concedente
1380 3487 1556 3538 Philippo
1580 3486 1655 3528 fluo
1673 3494 1848 3526 nostro.»
1871 3488 1984 3536 Quod
2003 3488 2201 3527 confirmat
2218 3495 2257 3527 et
2272 3490 2451 3539 praefatus-
