2970 4152
1150 431 1468 480 EPlSTOLAE.
2282 427 2300 470 4
2312 423 2374 469 99

254 533 411 596 risque
431 531 726 578 monasteriis
744 530 818 594 agi
836 528 981 589 solet,
1000 527 1144 594 'quod
1163 527 1380 575 videlicet
1402 536 1535 591 parte
1555 526 1711 590 aliqua
1729 525 1890 590 panis,
1913 538 2018 586 quae
2044 528 2257 584 superest
2277 518 2377 564 esui

256 625 302 662 et
325 612 614 679 pauperibus
644 622 714 659 est
743 610 1052 670 reservanda,
1085 625 1257 657 manus
1287 618 1334 656 et
1358 608 1573 655 cultellos
1604 606 1837 655 mundare
1857 614 1904 652 et
1925 613 2165 666 extergere
2190 599 2373 658 solent,

256 704 302 742 et
333 703 385 741 ut
416 694 601 759 mappis
629 702 827 758 parcant
861 707 1135 739 mensarum
1152 727 1164 750 ,
1195 700 1371 755 panem
1401 688 1625 754 polluunt
1655 702 1944 753 pauperum,
1970 686 2070 731 imo
2097 683 2196 746 ejus
2220 682 2303 746 qui
2329 697 2377 727 se

252 773 502 821 attendens
541 774 590 820 in
630 771 919 838 pauperibus
963 772 1026 818 ait
1048 774 1060 796 ¹
1093 788 1103 818 ε
1138 790 1162 816 «
1194 769 1340 828 Quod
1381 769 1464 815 uni
1505 785 1563 815 ex
1601 768 1809 815 minimis
1858 765 1974 813 meis
2019 763 2215 822 fecistis,
2259 761 2377 808 mihi

251 853 476 902 fecistis.»

315 937 388 981 De
412 933 691 981 abstinentia
708 933 998 996 jejuniorum
1022 931 1253 995 generalis
1268 931 1499 977 institutio
1519 930 1735 976 Ecclesiae
1757 929 1846 975 illis
1870 927 2092 990 sufficiat,
2120 941 2209 973 nec
2234 940 2376 987 supra

252 1014 465 1063 fidelium
488 1015 720 1062 laicorum
744 1014 1023 1079 religionem
1054 1014 1104 1060 in
1124 1013 1218 1060 hoc
1244 1029 1322 1059 eas
1345 1027 1540 1076 gravare
1564 1011 1917 1077 praesumimus,
1951 1025 2040 1055 nec
2070 1007 2228 1055 virtuti
2255 1005 2377 1053 viro-

251 1110 360 1142 rum
383 1109 547 1142 earum
571 1094 894 1141 infirmitatem
924 1094 974 1140 in
996 1093 1092 1140 hoc
1113 1092 1332 1158 praeferre
1361 1091 1609 1138 audemus.
1649 1090 1720 1137 Ab
1756 1089 2042 1154 aequinoctio
2086 1103 2200 1135 vero
2241 1095 2378 1133 autu-

252 1174 399 1222 mnali
425 1191 574 1239 usque
600 1174 662 1222 ad
691 1174 868 1222 Pascha
885 1210 898 1234 ,
932 1183 1130 1239 propter
1154 1173 1342 1220 dierum
1358 1172 1660 1231 brevitatem,
1689 1186 1835 1218 unam
1857 1171 1903 1216 in
1925 1169 2003 1216 die
2034 1168 2377 1216 comestionem

250 1254 466 1302 sufficere
491 1255 758 1302 credamus.
787 1254 935 1314 Quod
961 1255 1072 1319 quia
1094 1270 1194 1301 non
1226 1269 1315 1318 pro
1341 1252 1623 1300 abstinentia
1641 1251 1906 1316 religionis,
1931 1250 2014 1297 sed
2042 1263 2131 1314 pro
2150 1247 2380 1319 ¹brevitate

250 1334 452 1382 dicimus
475 1336 730 1400 temporis,
762 1335 892 1382 nulla
915 1335 994 1382 hic
1018 1334 1237 1382 ciborum
1267 1349 1440 1398 genera
1470 1333 1829 1398 distinguemus.

316 1416 535 1463 Pretiosae
559 1425 734 1475 vestes,
763 1431 882 1480 quas
918 1415 1120 1462 omnino
1157 1414 1398 1479 Scriptura
1431 1414 1657 1473 damnat,
1686 1429 1992 1477 summopere
2017 1410 2271 1474 fugiantur.
2310 1411 2381 1454 De

249 1494 422 1559 quibus
445 1511 536 1542 nos
574 1497 811 1561 praecipue
844 1497 1079 1542 Dominus
1113 1494 1374 1542 dehortans
1415 1504 1461 1541 et
1497 1495 1710 1542 damnati
1740 1493 1899 1540 divitis
1936 1490 2207 1558 superbiam
2238 1489 2299 1536 de
2326 1489 2381 1534 iis

250 1585 462 1637 accusat3
489 1586 536 1623 et
559 1577 755 1624 Joannis
779 1576 1096 1623 humilitatem
1122 1593 1148 1623 e
1170 1575 1410 1636 contrario
1438 1575 1760 1623 commendat.
1782 1574 1926 1633 Quod
1948 1573 2113 1621 beatus
2132 1570 2381 1636 diligenter

249 1655 500 1703 attendens
514 1657 771 1720 Gregorius
782 1656 980 1703 homilia
994 1656 1359 1721 Evangeliorum
1375 1673 1421 1702 iv
1435 1659 1472 1702 ²:
1494 1675 1518 1701 «
1533 1655 1662 1714 Quid
1678 1665 1796 1715 est,»
1818 1654 1988 1719 inquit,
2012 1673 2035 1699 «
2049 1653 2229 1700 dicere:
2252 1651 2381 1708 «Qui

253 1735 521 1783 «mollibus
555 1737 837 1796 vestiuntur,
881 1737 929 1783 in
971 1735 1196 1788 domibus
1229 1753 1396 1800 regum
1433 1738 1605 1795 sunt⁸3
1634 1754 1659 1781 »
1702 1736 1794 1782 nisi
1828 1744 1990 1800 aperta
2030 1733 2262 1782 sententia
2297 1731 2380 1779 de·

249 1825 513 1863 monstrare
540 1816 672 1880 quod
702 1832 802 1863 non
828 1816 1031 1876 coelesti,
1062 1816 1147 1864 sed
1174 1826 1365 1865 terreno
1394 1833 1542 1881 regno
1570 1816 1797 1875 militant,
1830 1816 1912 1881 qui
1942 1831 2031 1880 pro
2062 1817 2165 1861 Deo
2197 1813 2382 1878 perpeti

248 1903 414 1962 aspera
441 1895 653 1961 fugiunt,
691 1894 777 1944 sed
807 1897 920 1944 solis
951 1897 1264 1945 exterioribus
1293 1898 1469 1958 dediti,
1499 1898 1742 1963 praesentis
1773 1898 1877 1945 vitae
1904 1896 2151 1943 mollitiem
2179 1894 2381 1942 delecta-

248 1976 523 2041 tionemque
556 1977 805 2041 quaerunt?
830 1996 853 2022 »
887 1977 1021 2025 Idem
1056 1978 1254 2025 homilia
1282 1981 1390 2025 xx‘:
1424 1998 1448 2024 «
1472 1981 1592 2025 Sunt
1616 1977 1867 2037 nonnulli,
1897 1978 1980 2042 qui
2011 1976 2193 2024 cultum
2228 1975 2382 2024 subti-

247 2055 364 2103 lium
382 2057 794 2122 pretiosarumque
812 2059 1015 2106 vestium
1034 2075 1134 2106 non
1154 2067 1325 2125 putant
1350 2076 1453 2107 esse
1480 2069 1745 2126 peccatum.
1769 2058 1914 2117 Quod
1938 2058 2156 2106 videlicet
2179 2059 2218 2104 si
2242 2057 2381 2122 culpa

249 2152 347 2183 non
373 2146 520 2197 esset,
555 2152 859 2203 nequaquam
890 2155 1048 2186 sermo
1082 2140 1169 2186 Dei
1201 2150 1298 2186 tam
1323 2140 1570 2204 vigilanter
1597 2140 1910 2204 exprimeret,
1945 2139 2077 2204 quod
2103 2139 2265 2197 dives,
2301 2139 2383 2202 qui

249 2217 558 2282 torquebatur
591 2218 653 2266 ad
680 2219 880 2279 inferos,
916 2219 1059 2283 bysso
1091 2230 1138 2267 et
1170 2237 1383 2285 purpura
1414 2221 1611 2268 indutus
1639 2221 1815 2268 fuisset.
1851 2222 2002 2268 Nemo
2032 2220 2211 2286 quippe
2243 2220 2382 2267 vesti-

248 2307 408 2346 menta
431 2300 668 2365 praecipua
695 2299 785 2346 nisi
811 2299 873 2346 ad
895 2301 1088 2347 inanem
1112 2300 1312 2364 gloriam
1340 2302 1507 2365 quaerit
1523 2339 1534 2361 ,
1567 2301 1786 2350 videlicet
1811 2312 1864 2349 ut
1887 2301 2218 2349 honorabilior
2249 2310 2381 2348 caete—

246 2377 310 2424 ris
330 2394 431 2426 esse
451 2378 681 2426 videatur.
705 2382 823 2426 Nam
842 2396 932 2445 pro
952 2379 1053 2427 sola
1079 2381 1206 2427 inani
1226 2381 1376 2445 gloria
1396 2383 1732 2429 vestimentum
1752 2382 2004 2448 pretiosius
2025 2382 2268 2447 quaeritur.
2294 2383 2381 2428 Res

247 2459 348 2523 ipsa
373 2468 585 2519 testatur,
613 2459 745 2524 quod
770 2476 914 2507 nemo
935 2460 1036 2508 vult
1062 2460 1126 2507 ibi
1151 2462 1370 2526 pretiosis
1393 2463 1602 2510 vestibus
1627 2463 1789 2523 indui,
1813 2462 1895 2510 ubi
1911 2463 1971 2510 ab
1990 2463 2092 2510 aliis
2109 2477 2208 2510 non
2234 2464 2382 2527 possit

247 2538 459 2586 videri.»
487 2542 523 2587 A
547 2556 645 2604 quo
681 2549 728 2587 et
750 2540 904 2605 prima
937 2543 1061 2588 Petri
1093 2542 1294 2607 epistola
1328 2544 1561 2591 seculares
1592 2554 1639 2591 et
1668 2543 1942 2608 conjugatas
1975 2544 2172 2591 feminas
2209 2543 2381 2591 dehor—

247 2628 352 2666 tans
368 2655 380 2679 ,
409 2620 474 2666 ait
489 2622 504 2645 ⁶
529 2637 539 2666 :
573 2639 595 2665 α
614 2619 837 2667 Similiter
860 2630 907 2668 et
930 2621 1152 2668 mulieres
1176 2621 1376 2670 subditae
1397 2624 1491 2670 sint
1516 2624 1627 2670 viris
1651 2624 1747 2670 suis
1764 2660 1776 2682 ‚
1808 2634 1858 2671 ut
1881 2634 1928 2671 et
1952 2624 1991 2670 si
2028 2624 2110 2688 qui
2144 2625 2242 2670 non
2278 2640 2380 2670 cre·

245 2699 371 2746 dunt
390 2699 536 2748 verbo
557 2736 568 2759 ,
598 2717 683 2765 per
708 2699 962 2747 mulierum
987 2703 1402 2750 conversationem
1428 2704 1529 2750 sine
1555 2703 1703 2750 verbo
1732 2703 1998 2763 lucrifiant,
2025 2703 2381 2751 considerantes

245 2780 294 2826 in
323 2780 494 2828 timore
516 2791 693 2829 castam
718 2782 1130 2830 conversationem
1156 2793 1377 2831 vestram.
1411 2787 1626 2841 Quarum
1652 2785 1711 2831 sit
1739 2801 1839 2832 non
1868 2786 2157 2832 extrinsecus
2188 2785 2380 2851 capilla-

244 2870 347 2908 tura
363 2896 376 2920 ,
399 2871 481 2909 aut
501 2862 814 2911 circumdatio
833 2863 952 2923 auri,
973 2873 1056 2910 aut
1073 2863 1342 2911 indumenti
1364 2853 1747 2912 vestimentorius
1766 2865 1949 2925 cultus,
1970 2866 2053 2913 sed
2075 2866 2157 2931 qui
2183 2866 2380 2914 abscon-

243 2937 370 2989 ditus
398 2941 544 2989 corde
567 2952 637 2990 est
661 2942 838 3003 homo,
868 2943 1314 3009 incorruptibilitate
1338 2945 1484 3009 quieti
1510 2955 1556 2992 et
1585 2944 1788 2993 modesti
1814 2946 2031 3011 spiritus,
2062 2945 2195 3010 quod
2227 2956 2296 2993 est
2331 2947 2377 2992 in

242 3032 500 3088 conspectu
534 3024 730 3071 Domini
767 3024 997 3090 locuples.
1025 3043 1048 3069 »
1077 3027 1201 3072 Bene
1240 3035 1399 3072 autem
1433 3025 1631 3073 feminas
1661 3027 1820 3092 potius
1844 3042 1990 3090 quam
2024 3027 2150 3073 viros
2189 3025 2251 3073 ab
2289 3026 2379 3073 hac

243 3103 448 3151 vanitate
472 3105 656 3152 censuit
679 3104 1028 3165 dehortandas,
1060 3122 1265 3170 quarum
1288 3106 1507 3154 infirmus
1532 3107 1718 3154 animus
1743 3107 1793 3154 id
1812 3107 2015 3173 amplius
2043 3108 2246 3173 appetit,
2276 3125 2374 3173 quo

243 3200 330 3249 per
353 3200 430 3231 eas
461 3195 507 3232 et
537 3186 587 3232 in
618 3186 685 3233 eis
722 3185 925 3251 amplius
954 3186 1128 3234 imitari
1164 3186 1349 3234 luxuria
1376 3188 1538 3253 possit.
1572 3188 1620 3234 Si
1649 3197 1808 3235 autem
1846 3187 2081 3236 seculares
2111 3187 2224 3235 hinc
2249 3189 2373 3236 inhi-

243 3263 411 3312 bendae
450 3276 560 3313 sunt
599 3266 813 3327 feminae,
858 3266 975 3331 quid
1002 3266 1189 3315 Christo
1227 3268 1425 3316 devotas
1465 3269 1690 3316 convenit
1725 3268 2014 3334 providere?
2041 3286 2242 3334 quarum
2278 3270 2372 3317 hoc

320 3476 448 3516 Matth„
473 3488 547 3521 cap.
572 3489 651 3519 xxv,
671 3490 701 3511 v.
719 3478 857 3512 40.—·
876 3480 958 3522 Opp.
982 3487 1004 3513 ι.
1031 3480 1062 3521 1.,
1083 3481 1148 3514 col.
1173 3482 1268 3513 14⁵4.
1298 3480 1365 3505 -³
1382 3479 1510 3521 nauh„
1533 3490 1607 3523 cap.
1632 3490 1677 3522 ιι,
1704 3490 1735 3512 v.
1762 3480 1794 3513 8.
1813 3497 1854 3503 —-
1873 3479 1886 3497 ⁸
1904 3481 1986 3522 Opp.
2012 3488 2035 3513 t.
2061 3480 2094 3519 1.
2122 3481 2185 3514 col.
2217 3482 2310 3515 1655.
2332 3500 2363 3506 ·-

239 3535 251 3551 ⁸
273 3535 358 3570 Petr.
375 3538 478 3578 Epist.
496 3538 534 3577 1,
555 3547 627 3581 cap.
649 3549 702 3579 ιιι,
720 3549 750 3571 v.
770 3542 779 3570 1
800 3545 832 3571 et
847 3550 897 3582 sq.
