2970 4152
1290 419 1607 466 EPISTOLAE.
2420 423 2514 469 229

392 524 444 561 ut
468 528 717 577 nunquam
741 511 842 559 haec
867 510 928 558 de
951 511 1171 558 manibus
1194 512 1388 576 virginis
1411 530 1652 560 1ecessu1a
1674 524 1889 573 censeat;
1919 515 2051 578 quasi
2076 514 2184 579 plus
2209 514 2386 578 aliquid
2419 515 2516 561 dia-

392 593 616 650 conissis,
647 609 789 656 quam
820 592 1033 639 diaconis
1067 592 1128 639 de
1157 592 1360 640 lectione
1386 593 1602 657 injungat
1633 594 1937 658 evangelica:
1961 612 2112 658 quum
2136 595 2209 641 isti
2237 596 2285 641 in
2321 594 2517 642 ecclesia

391 673 520 720 illam
539 672 745 719 habeant
772 673 1001 732 recitare,
1032 672 1121 719 illae
1138 689 1385 737 nunquam
1406 673 1467 719 ab
1493 690 1661 720 eorum
1678 673 1883 721 debeant
1906 674 2110 722 lectione
2127 691 2310 722 vacare.
2334 676 2518 722 Deinde

392 753 477 800 ista
508 753 648 799 matri
684 751 744 799 de
782 751 879 798 filia
914 708 1150 812 scribens,
1195 770 1256 800 ne
1293 769 1438 817 quam
1472 763 1626 800 mater
1664 754 2015 801 excusationem
2042 754 2383 819 praetenderet,
2418 756 2518 803 haec

392 833 556 880 omnia
582 835 742 879 Romae
767 831 1029 879 secularem
1061 832 1286 880 feminam
1311 834 1360 880 in
1398 843 1527 880 tanta
1552 833 1803 881 hominum
1840 835 2102 898 frequentia
2128 834 2356 899 perficere
2390 852 2490 882 non
2508 840 2518 860 ¹

391 929 557 977 posse;
588 912 670 959 dat
695 911 949 968 consilium
968 948 980 972 ,
1010 922 1062 958 ut
1089 912 1149 959 ab
1172 914 1262 960 isto
1290 930 1341 960 se
1373 929 1521 960 onere
1555 913 1744 974 liberet,
1775 915 2068 961 monasterio
2094 915 2331 979 virginum
2367 916 2519 963 tradat

391 992 563 1052 filiam,
590 992 672 1039 ubi
688 991 882 1039 educari
901 991 1002 1038 sine
1027 993 1240 1056 periculo
1257 1029 1270 1053 ‚
1298 1003 1345 1040 et
1369 993 1429 1040 de
1453 993 1527 1040 his
1543 1030 1555 1053 ,
1578 1011 1683 1058 quae
1708 993 1824 1041 dixit
1841 1030 1853 1052 ,
1881 994 2134 1059 perfectius
2156 995 2323 1042 instrui
2347 997 2512 1060 possit.

392 1075 601 1120 Omnem
627 1072 834 1136 denique
859 1072 1164 1120 occasionem
1189 1084 1469 1139 amputans,
1502 1091 1563 1121 ne
1593 1074 1654 1122 de
1681 1075 1905 1139 magistro
1930 1075 2125 1122 tandem
2143 1113 2154 1135 ,
2194 1076 2383 1140 qualem
2418 1078 2518 1142 ipse

392 1152 733 1218 descripserat,
772 1162 923 1198 mater
947 1152 1279 1200 sollicitaretur
1298 1190 1310 1213 ,
1339 1154 1507 1218 puellae
1528 1157 1679 1202 Roma
1708 1155 2117 1219 Hierosolymam,
2152 1155 2214 1202 ad
2243 1156 2396 1202 aviam
2429 1157 2517 1202 sci-

390 1232 500 1280 licet
536 1243 748 1280 sanctam
776 1232 971 1279 Paulam
1002 1243 1049 1280 et
1079 1234 1275 1281 amitam
1304 1235 1616 1282 Eustochium
1659 1236 1810 1283 missae
1829 1273 1841 1296 ,
1872 1253 1922 1283 se
1957 1237 2231 1300 magistrum
2266 1237 2442 1301 pariter
2466 1247 2518 1305 *et

390 1313 639 1360 nutritium
665 1313 817 1360 offert.
848 1316 905 1360 Et
931 1314 979 1360 in
1007 1324 1192 1361 tantum
1208 1351 1221 1374 ,
1254 1315 1388 1379 quod
1414 1315 1543 1362 dictu
1579 1316 1795 1364 mirabile
1817 1327 1915 1376 est,
1951 1317 2158 1382 erumpit
2198 1317 2487 1381 promissum
2505 1353 2516 1374 ,

390 1403 442 1440 ut
464 1403 622 1440 tantus
646 1392 862 1441 Ecclesiae
886 1394 1056 1442 doctor
1074 1395 1217 1442 etiam
1240 1395 1374 1443 senio
1400 1395 1570 1444 debilis
1587 1434 1599 1456 ,
1631 1397 1757 1444 dicat
1782 1414 1831 1444 se
1861 1398 2091 1462 virginem
2106 1434 2117 1456 ,
2153 1398 2288 1462 quasi
2306 1397 2519 1461 bajulum

389 1466 518 1530 ejus,
547 1466 758 1515 humeris
789 1477 971 1532 gestare
999 1486 1098 1516 non
1124 1469 1389 1534 dedignari.
1421 1471 1568 1530 Quod
1593 1471 1787 1536 quidem
1814 1473 1943 1538 apud
1973 1473 2260 1538 suspiciosos
2291 1489 2390 1518 non
2422 1473 2523 1519 sine

389 1547 658 1612 suspicione
686 1547 819 1609 fieri,
854 1565 943 1596 nec
962 1551 976 1572 ²
1002 1549 1132 1614 apud
1162 1549 1408 1614 religiosos
1442 1552 1544 1598 sine
1573 1552 1800 1599 scandalo
1829 1553 1905 1599 vix
1935 1554 2246 1617 contingeret.
2291 1557 2399 1600 Haec
2416 1555 2429 1577 ³
2452 1563 2519 1600 ta-

389 1642 500 1674 men
535 1628 698 1674 omnia
734 1629 806 1674 vir
828 1631 931 1675 Deo
968 1628 1139 1694 plenus
1159 1665 1171 1689 ,
1200 1640 1245 1676 et
1285 1629 1346 1677 de
1382 1631 1648 1694 integritate
1672 1633 1778 1679 vitae
1803 1632 2028 1679 omnibus
2067 1633 2233 1680 tandiu
2267 1634 2515 1697 cognitus,

388 1706 689 1754 confidenter
714 1707 983 1772 spondebat
1003 1727 1012 1755 :
1040 1707 1309 1756 dummodo
1338 1727 1485 1757 unam
1508 1711 1575 1758 sic
1593 1712 1826 1759 instruere
1844 1713 2075 1777 virginem
2094 1723 2277 1778 posset,
2299 1724 2351 1760 ut
2369 1713 2519 1777 ipsam

389 1787 567 1835 caeteris
592 1788 863 1852 magistram
890 1788 1207 1853 relinqueret,
1246 1799 1292 1836 et
1315 1789 1362 1836 in
1390 1791 1542 1855 ipsam
1567 1792 1913 1855 Hieronymum
1942 1793 2146 1857 legeret,
2175 1793 2257 1857 qui
2283 1794 2521 1857 Hierony-

391 1885 524 1916 mum
549 1886 647 1916 non
671 1869 881 1916 vidisset.
918 1873 977 1916 Ut
1002 1880 1162 1918 autem
1186 1870 1246 1918 de
1270 1871 1481 1936 parvulis
1506 1873 1567 1919 ad
1594 1874 1797 1937 majores
1823 1884 2116 1921 transeamus
2140 1875 2373 1938 virgines,
2403 1892 2520 1939 quas

387 1949 647 2014 plurimum
674 1966 863 2015 semper
894 1960 1126 2015 provocat
1155 1951 1216 1998 ad
1250 1951 1461 1998 studium
1486 1952 1749 2001 litterarum
1770 1991 1782 2014 ,
1812 1964 1909 2001 tam
1934 1955 2001 2002 eis
2024 1954 2242 2002 videlicet
2267 1955 2519 2003 scribendo

387 2048 492 2096 quae
515 2031 702 2096 legant,
738 2048 883 2096 quam
916 2048 994 2079 eas
1019 2031 1263 2079 laudando
1295 2032 1355 2080 de
1389 2033 1663 2082 assiduitate
1696 2035 1886 2100 legendi
1920 2035 1994 2082 vel
2035 2035 2250 2082 discendi
2277 2054 2286 2082 ε
2317 2036 2433 2100 quid
2459 2036 2518 2083 ad

389 2112 675 2176 Principiam
709 2112 941 2177 virginem
978 2111 1039 2160 de
1075 2112 1259 2178 psalmo
1295 2131 1403 2160 xL1v
1428 2114 1638 2162 scribens
1678 2115 1860 2176 dicat‘,
1904 2115 2169 2163 audiamus.
2219 2136 2240 2160 «
2266 2117 2372 2163 Scio
2412 2135 2517 2175 me,

390 2192 625 2258 Principia
661 2193 709 2239 in
748 2191 935 2240 Christo
983 2192 1103 2252 filia,
1149 2211 1176 2240 a
1222 2193 1460 2259 plerisque
1504 2195 1819 2261 reprehendi,
1864 2196 1998 2261 quod
2040 2197 2280 2244 interdum
2316 2197 2519 2245 scribam

390 2273 451 2321 ad
487 2273 740 2335 mulieres,
782 2285 829 2322 et
863 2273 1148 2339 fragiliorem
1183 2293 1349 2323 sexum
1377 2276 1588 2324 maribus
1616 2278 1861 2343 praeferam
1896 2297 1907 2324 ε
1947 2288 1994 2325 et
2032 2278 2212 2325 idcirco
2240 2278 2394 2326 debeo
2422 2281 2522 2344 pri-

388 2369 523 2400 mum
565 2353 964 2402 obtrectatoribus
1004 2356 1121 2403 meis
1160 2356 1482 2422 respondere,
1535 2367 1582 2405 et
1621 2358 1687 2404 sic
1732 2359 1893 2406 venire
1931 2358 1991 2405 ad
2034 2358 2483 2424 disputatiunculam
2506 2396 2518 2418 ‚

387 2450 533 2498 quam
556 2436 746 2499 rogasti.
779 2436 827 2482 Si
858 2436 946 2483 viri
969 2435 1030 2483 de
1061 2437 1314 2502 Scripturis
1347 2448 1641 2502 quaererent,
1671 2436 1948 2486 mulieribus
1974 2455 2073 2486 non
2099 2438 2337 2503 loquerer.
2367 2441 2414 2486 Si
2440 2444 2522 2486 Ba-

388 2513 502 2560 rach
535 2514 604 2560 ire
637 2514 699 2561 ad
728 2514 942 2579 praelium
982 2515 1231 2576 voluisset,
1262 2516 1453 2564 Debora
1478 2517 1539 2564 de
1566 2518 1699 2565 victis
1723 2517 1941 2565 hostibus
1979 2535 2077 2565 non
2115 2519 2467 2583 triumphasset.
2495 2540 2516 2563 υ

390 2597 446 2641 Et
469 2604 577 2660 post
604 2595 761 2660 aliqua
784 2614 793 2642 :
828 2615 850 2640 «
876 2595 1045 2661 Apollo
1066 2634 1077 2657 ,
1113 2598 1269 2644 virum
1294 2598 1611 2662 apostolicum
1632 2635 1644 2658 ,
1678 2609 1725 2646 et
1748 2598 1797 2645 in
1833 2599 1935 2663 lege
1970 2599 2324 2659 doctissimum,
2356 2600 2521 2664 Aquila

387 2685 434 2722 et
458 2675 666 2723 Priscilla
698 2676 951 2737 erudiunt,
988 2688 1034 2725 et
1061 2679 1302 2726 instruunt
1327 2695 1438 2725 eum
1464 2679 1524 2726 de
1547 2681 1621 2727 via
1646 2681 1857 2727 Domini.
1888 2681 1935 2726 Si
1966 2679 2129 2727 doceri
2163 2697 2190 2726 a
2215 2680 2390 2728 femina
2420 2698 2518 2750 non

389 2755 474 2802 fuit
499 2766 635 2821 turpe
661 2757 909 2822 apostolo,
939 2757 1055 2804 mihi
1078 2775 1226 2823 quare
1258 2768 1395 2824 turpe
1421 2759 1509 2818 sit,
1539 2769 1648 2825 post
1672 2761 1799 2807 viros
1818 2759 1992 2807 docere
2013 2770 2059 2807 et
2078 2760 2309 2807 feminas?
2336 2763 2444 2808 Haec
2475 2772 2521 2808 et

388 2835 682 2896 istiusmodi,
712 2844 934 2901 σεμνοτάτη
962 2837 1056 2886 filia
1073 2875 1085 2899 ,
1109 2840 1358 2905 perstrinxi
1386 2839 1610 2898 breviter,
1642 2851 1690 2888 ut
1715 2858 1805 2888 nec
1824 2851 1870 2888 te
1890 2841 2140 2907 poeniteret
2158 2858 2295 2888 sexus
2315 2842 2410 2901 tui,
2431 2859 2520 2890 nec

389 2918 517 2964 viros
550 2934 691 2964 suum
731 2935 910 2966 nomen
953 2921 1173 2985 erigeret,
1207 2921 1254 2967 in
1280 2937 1490 2985 quorum
1517 2922 1972 2970 condemnationem
2006 2923 2288 2970 feminarum
2318 2924 2366 2969 in
2399 2925 2520 2970 scri-

390 2999 541 3063 pturis
563 3000 735 3046 sanctis
759 3001 853 3047 vita
870 2999 1155 3049 laudatura)
1180 3005 1319 3050 Juvat
1343 3013 1451 3068 post
1477 3003 1681 3067 virgines
1697 3040 1709 3063 ,
1732 3004 1904 3051 intueri
1925 3004 1985 3051 de
2010 3004 2165 3050 viduis
2182 3041 2193 3063 ,
2218 3015 2451 3068 quantum
2475 3017 2521 3052 et

390 3078 501 3143 ipsae
531 3079 579 3125 in
605 3079 764 3126 studio
792 3097 1032 3127 sacrarum
1060 3081 1321 3129 litterarum
1348 3083 1495 3148 ipsius
1521 3084 1793 3131 testimonio
1819 3094 1866 3131 et
1889 3084 2030 3131 laude
2058 3084 2361 3149 profecerint.
2394 3087 2521 3132 Scri-

389 3157 508 3206 bens
541 3159 681 3223 igitur
708 3159 837 3207 idem
867 3160 1039 3208 doctor
1069 3161 1130 3208 ad
1158 3162 1379 3210 eamdem
1409 3163 1641 3229 virginem
1671 3164 1956 3229 Principiam
1981 3163 2043 3210 de
2070 3164 2165 3211 vita
2191 3175 2363 3212 sanctae
2390 3168 2521 3212 Mar-

390 3238 517 3286 cellae
538 3275 550 3299 ,
579 3240 699 3287 sicut
715 3239 794 3288 illa
818 3240 1089 3306 postulabat
1104 3278 1117 3299 ‚
1143 3242 1266 3290 inter
1289 3243 1518 3292 virtutum
1544 3244 1644 3308 ejus
1661 3245 1911 3309 insignia³:
1937 3264 1959 3289 «
1980 3244 2277 3306 Divinarum,
2299 3266 2322 3291 »
2348 3248 2515 3311 inquit,

437 3451 445 3467 ⁶
474 3451 528 3485 Sic
544 3451 625 3487 Cod.
641 3452 838 3487 vich-Non
857 3455 950 3488 deest
969 3456 1000 3488 in
1023 3457 1199 3500 impressis.
1216 3471 1260 3482 ·—-
1274 3456 1286 3474 ³
1302 3458 1356 3491 Sic
1372 3458 1453 3492 Cod.
1471 3458 1556 3492 vict.
1570 3461 1673 3493 -Non
1693 3459 1779 3494 Edit.
1797 3461 1889 3495 Δηὼ.
1911 3479 1949 3484 -
1965 3461 1976 3478 ³
1994 3461 2047 3495 Sic
2062 3461 2143 3495 Cod.
2163 3460 2245 3494 Vict.
2260 3463 2361 3495 -Huc
2378 3461 2460 3494 Edd.

392 3508 405 3525 ⁴
422 3510 501 3551 opp.
519 3516 542 3543 t.
563 3510 612 3552 11,
627 3511 690 3545 col.
711 3513 843 3546 681.—
857 3513 869 3530 ⁸
884 3513 987 3556 Epist.
1003 3526 1095 3554 xcvi,
1117 3517 1197 3556 opp.
1217 3521 1241 3547 t.
1262 3513 1316 3557 lv,
1333 3517 1397 3550 col.
1416 3516 1493 3549 779.
