2970 4152
557 404 649 451 582
1353 406 1523 453 PETRI
1558 405 1872 455 ABAELARDI

555 500 846 547 monachum
868 499 1093 563 scriptam
1119 516 1218 547 non
1244 509 1343 547 tam
1373 517 1429 548 ex
1451 502 1648 549 nomine
1672 501 1899 550 monachi
1922 517 2069 566 quam
2091 501 2356 566 presbyteri
2378 503 2668 552 intitulatam

552 597 668 627 esse.
699 580 892 626 Censuit
927 580 1106 645 quippe
1140 580 1313 628 doctor
1347 581 1734 642 discretissimus,
1771 599 1884 629 eum
1913 582 1996 646 qui
2027 581 2249 628 nondum
2280 582 2341 629 ad
2365 583 2671 649 solitudinem

552 663 820 722 transierat,
847 661 1180 726 presbyterum
1203 663 1352 726 magis
1376 679 1522 728 quam
1546 663 1842 711 monachum
1864 680 1965 711 esse
1985 662 2277 710 vocandum.

615 741 742 798 Quid
765 752 925 789 autem
950 742 1011 789 de
1036 741 1110 790 his
1132 742 1395 790 dicendum
1421 754 1493 791 est
1522 744 1799 803 monachis,
1827 745 1910 808 qui
1934 760 2036 791 non
2058 742 2217 790 solum
2238 742 2399 802 urbes,
2410 754 2503 792 aut
2522 755 2670 791 saeou-

547 822 718 869 larium
730 822 1004 871 habitacula
1019 840 1120 871 non
1135 823 1338 888 fugiunt,
1358 825 1443 872 sed
1455 826 1599 873 etiam
1614 825 1913 872 adsciscunt?
1926 827 2083 882 Quem
2095 824 2293 889 quidem
2307 814 2516 872 Joannes
2534 823 2669 872 tanto
2744 815 2750 822 ’

547 904 768 969 ampliori
785 905 1022 952 desiderio
1047 915 1118 952 est
1137 905 1404 970 amplexus,
1430 917 1613 970 quanto
1633 908 1682 952 in
1704 923 1761 953 ea
1779 906 1991 971 providit
2009 909 2128 954 Deo
2135 907 2375 954 deservire
2394 906 2667 972 perfectnls.

547 983 685 1030 Unde
710 983 869 1031 bene
858 1002 907 1031 1n
931 985 1031 1048 ejus
1051 984 1193 1031 laude
1218 986 1524 1032 meminimus
1547 1002 1574 1032 a
1595 986 1807 1031 Domino
1829 986 2127 1050 praemissum
2149 989 2302 1033 esse¹·
2293 1023 2303 1032 .
2333 1005 2355 1031 «
2377 982 2464 1033 Cui
2486 980 2633 1033 dedi
2621 1002 2670 1034 ln

548 1064 807 1112 solitudine
838 1064 1057 1112 domum.
1082 1084 1106 1110 »
1134 1065 1288 1112 Semel
1315 1083 1343 1113 a
1364 1065 1535 1112 saeculo
1559 1066 1752 1112 recessit
1774 1066 1836 1113 ad
1860 1066 2112 1113 heremum
2129 1103 2140 1125 ,
2163 1065 2295 1112 nulla
2317 1066 2542 1132 deinceps
2569 1068 2670 1132 pie-

545 1147 653 1193 tatis
701 1147 954 1193 occasione
973 1184 984 1206 ,
1026 1146 1101 1193 vel
1139 1147 1411 1211 indigentiae
1454 1147 1805 1194 necessitudine
1842 1157 2094 1195 revocatus
2129 1147 2190 1194 ad
2228 1146 2452 1194 saeculum
2467 1185 2478 1205 ‚
2514 1145 2671 1197 donec

545 1225 606 1272 ab
630 1225 821 1272 Herode
844 1236 1021 1274 tractus
1045 1226 1107 1274 ad
1129 1243 1370 1274 carcerem
1388 1264 1399 1286 ,
1427 1227 1526 1274 lilio
1555 1227 1837 1290 virginitatis
1860 1244 2022 1275 rosam
2045 1227 2263 1291 martyrii
2290 1212 2550 1292 copulavit:
2577 1229 2671 1285 Qui

543 1323 694 1371 quum
716 1316 876 1354 tantus
901 1307 1160 1367 videretur,
1189 1318 1242 1354 ut
1264 1308 1478 1355 Christus
1507 1308 1638 1355 credi
1660 1318 1844 1373 posset,
1873 1318 1919 1355 et
1941 1325 2132 1355 summo
2157 1307 2395 1355 desiderio
2419 1297 2670 1356 ab'omni-

542 1388 632 1434 bus
664 1389 983 1452 requireretur
1020 1390 1070 1436 in
1105 1389 1334 1448 heremo,
1376 1389 1525 1437 multa
1562 1389 1696 1437 facile
1736 1390 1786 1436 in
1825 1389 2096 1437 civitatibus
2122 1399 2285 1454 posset
2318 1390 2588 1453 corrigere,
2623 1400 2670 1437 et

543 1468 844 1516 saecularibus
864 1469 1141 1516 hominibus
1163 1469 1475 1534 persuadere,
1504 1470 1543 1516 si
1563 1469 1722 1533 aliqua
1743 1470 1930 1516 ratione
1953 1469 2043 1516 sibi
2065 1484 2334 1532 congruum
2350 1461 2587 1532 judicaret
2608 1468 2671 1516 ad

541 1549 767 1596 saeculum
791 1550 965 1596 redire.
992 1551 1109 1607 Quis
1133 1550 1278 1597 etiam
1302 1551 1481 1597 nesciat
1505 1567 1562 1596 eo
1587 1561 1828 1615 tempore,
1854 1566 1951 1614 quo
1974 1551 2100 1614 patri
2121 1549 2376 1597 succedere
2404 1550 2454 1596 in
2486 1549 2671 1614 episco-

542 1639 655 1693 patu
679 1629 914 1688 habebat,
935 1630 1037 1692 jam
1061 1630 1110 1675 in
1134 1629 1276 1676 Israel
1298 1630 1506 1676 caecitate
1528 1630 1676 1688 facta,
1704 1640 1940 1694 quantum
1961 1629 2123 1677 locum
2145 1630 2194 1676 in
2216 1629 2308 1676 hac
2331 1629 2561 1692 dignitate
2591 1644 2668 1674 re-

540 1708 653 1771 ligio
685 1709 785 1771 ejus
812 1708 1036 1769 haberet,
1065 1725 1211 1773 quam
1234 1709 1599 1756 convenientius
1622 1726 1734 1756 eum
1756 1726 1903 1774 quam
1927 1711 2114 1757 Annam
2137 1719 2184 1756 et
2206 1709 2439 1774 Caipham
2472 1706 2670 1773 pontifi—

540 1789 637 1836 cari
660 1799 922 1854 oporteret,
940 1789 979 1836 si
992 1789 1053 1836 ad
1065 1788 1334 1836 humanum
1345 1789 1581 1853 judicium
1597 1791 1746 1854 magis
1758 1828 1769 1849 ,
1790 1807 1937 1854 quam
1954 1789 2016 1837 ad
2032 1790 2246 1837 divinam
2263 1789 2668 1854 dispensationem

540 1870 881 1934 respiciamus?
904 1873 974 1916 Eo
996 1879 1159 1916 tamen
1182 1880 1424 1934 tempore,
1452 1887 1550 1934 quo
1573 1870 1891 1935 pontificandi
1918 1871 2153 1934 majorem
2185 1880 2354 1917 nactus
2388 1870 2685 1935 opinionem!
2734 1903 2735 1906 =

539 1949 729 1996 videtur
752 1949 894 1996 fuisse
914 1987 924 2008 ,
950 1949 1296 1996 monachatum
1317 1949 1619 2013 pontificatui
1647 1951 1930 2015 praeposuit,
1958 1960 2005 1997 et
2026 1950 2162 1997 lucro
2191 1949 2395 1997 aliorum
2416 1949 2668 2014 proprium

542 2030 750 2077 melioris
772 2030 879 2076 vitae
901 2030 1126 2076 meritum
1148 2029 1370 2094 praetulit.
1397 2030 1553 2077 Semel
1573 2014 1735 2095 itaque
1758 2031 1987 2078 recedens
2010 2047 2038 2078 a
2057 2030 2230 2078 saeculo
2243 2067 2254 2089 ,
2279 2028 2543 2076 immobilis
2559 2044 2669 2094 per-

540 2111 659 2158 stitit
682 2112 731 2156 in
754 2110 952 2156 heremo
970 2147 981 2169 ,
1009 2120 1055 2156 et
1077 2128 1228 2173 quum
1252 2127 1420 2158 omnes
1447 2111 1508 2157 ad
1531 2128 1643 2158 eum
1677 2111 1737 2158 de
1770 2112 2077 2175 Jerosolymis
2105 2122 2153 2158 et
2186 2111 2247 2158 de
2281 2110 2464 2169 Judaea,
2491 2109 2568 2156 vel
2607 2109 2668 2156 de

541 2191 736 2253 regione
767 2191 895 2237 circa
915 2190 1175 2236 Jordanem
1198 2206 1341 2237 causa
1360 2190 1660 2255 baptismatis
1682 2191 1758 2238 vel
1781 2191 2108 2238 aedificationis
2130 2191 2312 2238 exirent
2326 2227 2337 2248 ,
2362 2191 2463 2254 ipse
2491 2189 2554 2236 ad
2581 2202 2668 2236 ne-·

541 2273 721 2319 minem
745 2271 979 2330 intrabat,
1007 2282 1053 2318 et
1076 2273 1158 2335 qui
1189 2272 1336 2318 semel
1364 2272 1556 2319 vincula
1585 2283 1805 2338 ruperat,
1840 2273 2023 2320 nodare
2051 2272 2365 2338 postmodum
2397 2271 2668 2318 nullatenus

541 2352 886 2417 acquiescebat.
919 2352 1012 2408 Qui
1034 2362 1217 2416 quanto
1241 2352 1444 2417 amplius
1464 2352 1687 2400 homines
1721 2353 1957 2417 fugiebat,
1993 2354 2156 2417 eisque
2188 2353 2342 2399 rarior
2375 2351 2663 2417 apparebat,

539 2444 673 2481 tanto
694 2433 850 2480 carior
872 2433 1099 2479 omnibus
1121 2433 1291 2496 majori
1313 2432 1551 2481 desiderio
1573 2434 1923 2498 requirebatur.
1954 2433 2025 2481 Ad
2054 2450 2200 2498 quem
2223 2443 2270 2480 et
2296 2432 2532 2480 Dominus
2565 2433 2667 2496 ipse

538 2531 650 2560 cum
671 2512 854 2578 populo
878 2513 1004 2560 exire
1025 2530 1127 2560 non
1151 2512 1435 2576 dedignatus
1458 2513 1518 2561 ab
1541 2514 1646 2579 ipso
1670 2530 1767 2561 una
1789 2531 1940 2578 quum
1963 2514 2030 2562 eis
2062 2524 2132 2561 est
2151 2513 2419 2579 baptizatus
2434 2548 2445 2570 ,
2471 2512 2594 2559 sicut
2619 2517 2665 2557 et

538 2598 687 2642 Lucas
709 2594 950 2652 meminit,
968 2592 1182 2640 dicens‘:
1207 2613 1230 2638 «
1250 2596 1446 2640 Factum
1460 2604 1554 2654 est,
1577 2612 1727 2658 quum
1748 2594 2071 2659 baptizaretur
2083 2594 2241 2641 omnis
2256 2592 2481 2659 populuS,
2497 2600 2545 2639 et
2556 2594 2662 2638 Jesu

538 2675 779 2740 baptizato
799 2712 810 2733 ,
836 2683 927 2720 010.
953 2693 976 2719 »
1002 2674 1074 2720 Ad
1096 2691 1287 2722 servum
1309 2675 1546 2722 Dominus
1564 2713 1575 2735 ,
1602 2675 1663 2722 ad
1692 2675 1987 2722 monachum
2015 2691 2230 2722 summus
2260 2672 2474 2738 pontifex
2501 2671 2632 2718 venit
2648 2708 2660 2730 ,

539 2767 591 2803 111
613 2756 674 2803 ab
697 2773 755 2803 eo
776 2755 1071 2819 baptismum
1092 2756 1375 2820 susciperet,
1402 2756 1463 2803 ab
1488 2773 1546 2803 eo
1571 2757 1901 2804 testimonium
1920 2755 2146 2815 haberet,
2171 2756 2293 2803 sicut
2315 2764 2362 2802 et
2381 2754 2502 2801 alius
2521 2758 2664 2800 evan-

539 2837 703 2900 gelista
729 2837 1102 2882 commemorat³
1130 2853 1140 2881 :
1171 2854 1194 2879 «
1218 2834 1349 2882 Vidit
1379 2839 1587 2883 Joannes
1624 2840 1781 2884 Jesum
1817 2836 2092 2884 venientem
2119 2836 2181 2883 ad
2202 2852 2276 2894 se,
2302 2845 2350 2882 et
2372 2835 2437 2882 ait
2457 2846 2480 2881 τ’
2498 2831 2663 2894 (ςΕόόἑ
2730 2871 2735 2875 .

541 2936 562 2959 «
586 2919 744 2979 Agnus
760 2913 877 2973 Dei,
900 2923 991 2960 etc.
1014 2931 1037 2958 »
1063 2916 1160 2959 Nec
1182 2913 1352 2972 5011101,
1372 2914 1456 2960 sed
1474 2915 1643 2979 saepius
1661 2915 1723 2962 ad
1739 2931 1851 2962 eum
1866 2915 2090 2963 veniebat
2110 2915 2364 2974 Dominus,
2384 2928 2534 2978 quum
2550 2918 2662 2961 eum

540 2996 600 3043 ad
622 2995 888 3043 Dominum
908 3010 1160 3059 nunquam
1180 2994 1366 3041 venisse
1390 2994 1620 3058 legamus.
1649 2996 1835 3043 Mittere
1858 3013 1949 3062 pro
1971 3013 2030 3043 eo
2052 2996 2289 3043 Dominus
2310 3004 2473 3059 posset
2488 3030 2499 3052 ,
2523 3001 2578 3039 ut
2599 2991 2661 3039 ad

540 3094 588 3123 se
609 3076 954 3142 baptizandum
974 3076 1160 3123 veniret
1174 3112 1185 3134 ,
1214 3084 1297 3122 aut
1321 3085 1374 3121 ut
1401 3075 1445 3122 ei
1468 3076 1763 3139 apostolatus
1786 3076 2000 3124 officium
2022 3078 2144 3124 sicut
2165 3075 2344 3124 caeteris
2365 3074 2632 3138 injungeret
2646 3109 2656 3129 ,

541 3157 578 3202 si
600 3157 694 3202 hoc
725 3173 993 3220 congruum
1010 3155 1263 3220 judicaret.
1290 3154 1383 3201 Sed
1404 3155 1622 3220 profecto
1646 3174 1791 3221 quem
1812 3156 1933 3203 nihil
1954 3157 2158 3216 latebat,
2181 3155 2232 3203 id
2256 3162 2458 3202 noverat
2476 3147 2660 3217 nequa-

541 3252 686 3299 quam
710 3236 958 3299 proposito
981 3245 1123 3282 tantae
1143 3236 1251 3282 vitae
1272 3244 1327 3281 ut
1348 3233 1411 3281 ad
1427 3234 1652 3281 saeculum
1673 3245 1979 3283 revocaretur
2001 3235 2260 3283 convenire
2277 3271 2289 3294 ,
2309 3242 2357 3280 et
2372 3233 2439 3279 sic
2463 3246 2575 3278 eum
2591 3229 2661 3299 ssfa-

540 3317 628 3363 cile
650 3315 873 3362 vilescere
888 3353 899 3374 ,
925 3332 1015 3363 nec
1051 3316 1379 3363 testimonium
1406 3315 1505 3379 ejus
1535 3325 1719 3363 tantam
1752 3316 1949 3364 ulterius
1977 3316 2308 3364 auctoritatem
2331 3312 2530 3361 habere.
2565 3309 2658 3367 Qui

588 3482 595 3500 ⁸
621 3483 696 3521 Job,
712 3493 785 3526 cap.
801 3493 904 3515 xxxix
918 3507 926 3521 ,
941 3493 972 3515 v.
989 3483 1021 3516 6.
1037 3500 1080 3507 -
1093 3483 1105 3499 “
1122 3483 1215 3525 Luc„
1232 3494 1305 3527 cap.
1325 3495 1379 3524 ιιι,
1398 3495 1427 3516 v.
1450 3485 1506 3516 21.
1525 3501 1566 3509 ·-·
1581 3483 1594 3502 ⁸
1609 3483 1717 3524 Iona„
1735 3493 1808 3526 cap.
1837 3494 1864 3523 i,
1880 3494 1909 3517 v.
1928 3484 1984 3516 29.

2792 1614 2846 1678 ἃ

2792 1968 2794 1972 ,
2834 1874 2903 1969 ὁ

2778 2105 2821 2151 Q
