2970 4152
266 2051 438 2187 352«.

222 2215 309 2325 ‘t

288 2153 451 2248 ἵ]

363 2361 424 2385 “v-¹

418 2306 446 2358 .ίῖ
470 2312 531 2378 εἰ

357 2413 371 2429 Q
428 2422 447 2433 ι,
461 2371 513 2415 μ’

375 2418 388 2430 *³
450 2431 459 2443 ,ζ
463 2438 465 2440 ,

424 2444 463 2467 z.

604 427 695 474 436
1184 429 1355 476 PETRI
1391 430 1704 478 ABAELARDI
1738 432 1812 479 ET
1844 433 2144 480 HELOISSAE

598 521 718 568 batae
741 523 1002 568 reverentia
1021 522 1273 569 deferatur.
1310 523 1448 571 Unde
1473 534 1520 571 et
1544 526 1779 573 Dominus
1806 526 1915 573 licet
1940 530 2173 572 Joannem
2191 525 2448 590 plurimum
2474 527 2721 593 diligeret,

600 605 792 650 Petrum
826 613 984 649 tamen
1015 603 1250 650 seniorem
1277 614 1375 650 tam
1406 605 1495 669 ipsi
1529 622 1674 669 quam
1698 608 1875 654 caeteris
1901 606 2119 671 praefecit.
2155 607 2310 653 Minus
2344 608 2521 672 quippe
2545 625 2712 656 omnes

599 681 904 744 indignantur
922 684 1159 729 seniorem
1177 683 1265 730 sibi
1289 701 1434 748 quam
1454 686 1694 748 juniorem
1713 687 1950 751 praeponi;
1970 695 2017 732 et
2031 685 2253 732 libentius
2271 687 2445 733 seniori
2462 704 2683 772 paremus
2696 725 2708 748 ,

599 778 743 822 quem
767 778 865 807 non
890 761 1047 808 solum
1071 763 1166 809 vita
1196 764 1432 827 priorem,
1462 781 1630 811 verum
1660 766 1802 812 etiam
1826 775 1873 812 et
1899 775 2068 812 natura
2099 775 2146 811 et
2184 764 2305 811 ordo
2329 751 2557 830 temporis
2586 766 2709 814 fecit.

599 841 720 888 Hinc
746 852 793 889 et
816 843 1164 906 Hieronymus
1152 860 1201 889 ln
1220 844 1387 908 primo
1400 847 1576 891 Contra
1591 847 1894 891 Jovmzanum
1908 862 2092 909 ,quum
2110 845 2171 892 de
2186 845 2459 910 praelatione
2478 846 2602 892 Petri
2618 863 2715 893 me-

598 921 814 968 minerit:
840 941 865 966 «
883 925 1040 982 Unus,
1059 941 1083 968 n
1105 924 1258 987 inquit
1271 959 1283 983 ,
1311 924 1553 988 «eligitur,
1577 934 1629 970 ut
1647 925 1799 988 capite
1819 925 2076 971 constituto
2096 925 2358 972 schismatis
2373 924 2565 971 tollatur
2579 940 2716 972 occa-

598 1003 683 1048 sio.
705 1003 798 1049 Sed
819 1019 904 1050 cur
923 1020 1021 1051 non
1040 1006 1247 1051 Joannes
1272 1005 1446 1052 electus
1464 1005 1561 1052 est?
1582 1005 1725 1051 AEtati
1743 1004 1954 1052 delatum
1973 1015 2043 1051 est
2058 1041 2070 1060 ‚
2093 1006 2204 1068 quia
2222 1008 2386 1052 Petrus
2411 1005 2570 1052 senior
2586 1015 2710 1064 erat,

597 1098 658 1128 ne
686 1083 843 1130 adhuc
866 1084 1141 1132 adolescens
1168 1095 1214 1131 et
1237 1102 1361 1150 pene
1388 1102 1509 1150 puer
1533 1101 1793 1149 progressae
1820 1086 1966 1132 aetatis
2001 1084 2278 1132 hominibus
2315 1085 2636 1150 praeferretur,
2669 1095 2717 1132 et

598 1162 818 1225 magister
837 1163 1019 1223 bonus,
1048 1164 1131 1228 qui
1155 1165 1454 1211 occasionem
1475 1165 1618 1228 jurgii
1643 1164 1872 1211 debuerat
1891 1165 2074 1212 auferre
2094 1164 2335 1229 discipulis
2348 1201 2360 1224 ,
2378 1165 2426 1210 in
2446 1164 2719 1212 adolescen-

597 1252 719 1302 tem,
748 1261 893 1307 quem
917 1245 1164 1304 dilexerat,
1202 1261 1393 1292 causam
1409 1244 1619 1310 praebere
1649 1244 1891 1292 videretur
1914 1245 2163 1292 invidiae.»
2202 1248 2305 1293 Hoc
2335 1244 2481 1291 abbas
2510 1244 2587 1291 ille
2611 1243 2717 1291 dili·

597 1323 760 1386 genter
779 1325 1132 1383 considerabat,
1154 1328 1238 1390 qui
1258 1327 1377 1372 sicut
1394 1326 1444 1372 in
1465 1329 1512 1372 V
1508 1328 1586 1372 itis
1605 1329 1807 1372 Patram
1818 1326 2046 1391 scriptum
2060 1336 2145 1385 est,
2163 1326 2344 1389 juniori
2360 1325 2507 1384 fratri,
2528 1325 2611 1389 qui
2623 1325 2718 1390 pri-

597 1421 703 1451 mus
728 1405 790 1451 ad
814 1407 1180 1453 conversionem
1204 1416 1423 1466 venerat,
1451 1407 1711 1470 primatum
1735 1406 1952 1467 abstulit,
1976 1416 2023 1454 et
2045 1406 2216 1470 majori
2241 1423 2352 1453 eum
2377 1405 2596 1465 tradidit3
2623 1405 2718 1452 hoc

597 1501 695 1531 uno
721 1495 933 1544 tantum,
963 1487 1075 1550 quia
1101 1486 1180 1532 hic
1206 1486 1342 1533 illum
1365 1497 1498 1533 aetate
1528 1485 1841 1551 praecedebat.
1870 1486 2134 1534 Verebatur
2152 1487 2329 1551 quippe
2357 1503 2418 1533 ne
2447 1487 2546 1551 ipse
2576 1486 2718 1533 etiam

595 1566 736 1613 frater
769 1567 969 1614 carnalis
1003 1568 1199 1631 indigne
1232 1568 1373 1615 ferret
1400 1568 1644 1631 juniorem
1679 1568 1766 1615 sibi
1794 1568 2024 1633 praeponi.
2065 1567 2346 1614 Meminerat
2371 1567 2499 1631 ipsos
2526 1583 2719 1631 quoque

595 1646 838 1710 apostolos
870 1647 930 1693 de
951 1647 1141 1693 duobus
1160 1649 1374 1711 ipsorum
1393 1647 1661 1712 indignatos
1681 1665 1805 1707 esse,
1830 1664 1981 1712 quum
2000 1647 2130 1713 apud
2148 1647 2387 1694 Christum
2411 1656 2561 1694 matre
2576 1647 2718 1694 inter-

596 1727 813 1773 veniente
839 1728 1199 1791 praerogativam
1234 1728 1494 1791 quamdam
1535 1728 1776 1775 affectasse
1823 1729 2098 1775 viderentur
2126 1747 2135 1774 :
2172 1728 2375 1774 maxime
2406 1743 2557 1791 quum
2597 1743 2719 1773 unus
2766 1717 2774 1727 ⁸

595 1806 769 1852 horum
787 1817 909 1853 esset
927 1807 1134 1854 duorum
1149 1844 1161 1867 ,
1181 1808 1263 1872 qui
1287 1809 1464 1855 caeteris
1478 1809 1644 1871 junior
1662 1818 1762 1855 erat
1778 1808 2028 1874 apostolis,
2052 1809 2153 1873 ipse
2172 1807 2390 1855 videlicet
2407 1811 2635 1866 Joannes‚
2659 1806 2719 1854 de

597 1903 694 1950 quo
721 1887 869 1934 modo
899 1887 1121 1935 diximus.
1152 1891 1247 1935 Nec
1275 1889 1433 1935 solum
1462 1890 1512 1935 in
1537 1889 1814 1936 diaconissis
1845 1889 2146 1936 instituendis
2176 1888 2434 1953 apostolica
2460 1887 2719 1952 plurimum

596 1966 855 2030 invigilavit
879 1984 992 2014 cura
1007 2003 1019 2027 ,
1042 1985 1209 2017 verum
1231 1969 1509 2032 generaliter
1535 1986 1644 2033 erga
1669 1979 1840 2016 sanctae
1864 1969 2170 2034 professionis
2186 1968 2353 2015 viduas
2378 1984 2522 2032 quam
2541 1967 2719 2014 studio·

598 2064 677 2093 sus
696 2048 899 2095 extiterit
919 2049 1092 2113 liquet,
1115 2059 1169 2096 ut
1185 2066 1380 2097 omnem
1397 2060 1611 2115 amputet
1629 2050 1902 2097 tentationis
1922 2050 2238 2096 occasionem.
2269 2051 2431 2106 Quum
2446 2048 2575 2095 enim
2598 2063 2719 2112 prae-

469 2129 855 2228 Ἑξῐηίεἰεεεῌε
890 2150 912 2176 «
937 2131 1110 2178 Viduas
1143 2131 1356 2191 honora,
1389 2145 1494 2196 quae
1526 2148 1648 2178 verae
1672 2131 1825 2178 viduae
1856 2141 1989 2190 sunt,
2018 2150 2040 2175 »
2071 2131 2228 2177 statim
2259 2129 2480 2193 adjecit²:
2504 2147 2533 2173 «
2552 2129 2600 2175 Si
2626 2145 2720 2193 qua

441 2214 526 2298 ΖΨ
521 2230 572 2312 ζῇ
600 2219 759 2256 autem
782 2210 925 2257 vidua
963 2210 1085 2257 filios
1113 2221 1194 2258 aut
1221 2222 1418 2276 nepotes
1447 2211 1615 2358 haJet,
1651 2211 1799 2257 discat
1831 2212 2040 2275 primum
2070 2210 2269 2256 domum
2300 2225 2434 2256 suam
2462 2223 2646 2272 regere,
2675 2217 2722 2253 et

601 2299 815 2336 mutuam
827 2292 980 2338 vicem
994 2291 1194 2338 reddere
1208 2291 1482 2356 parentibus
1552 2294 1609 2338 Et
1624 2302 1732 2356 post
1747 2291 1923 2355 aliqua³
1937 2310 1946 2337 :
1971 2311 1993 2336 «
2011 2292 2058 2337 Si
2075 2291 2197 2354 quis,
2219 2310 2241 2334 υ
2262 2290 2436 2354 inquit,
2460 2304 2715 2347 «suorum,

599 2378 645 2415 et
664 2371 869 2417 maxime
895 2371 1268 2418 domesticorum
1287 2389 1451 2419 curam
1477 2389 1575 2419 non
1606 2370 1952 2431 habet,f1dem
1978 2372 2186 2435 negavit,
2220 2380 2267 2418 et
2299 2380 2368 2416 est
2392 2368 2572 2416 infideli
2589 2368 2720 2415 dete-

600 2450 713 2496 rior.
737 2469 759 2494 »
782 2455 836 2497 In
853 2451 1026 2516 quibus
1046 2453 1243 2516 quidem
1261 2453 1418 2499 verbis
1438 2452 1579 2499 simul
1597 2462 1644 2500 et
1658 2452 1827 2499 debitae
1845 2451 2066 2516 providet
2079 2450 2361 2497 humanitati
2375 2486 2387 2509 ,
2407 2460 2454 2496 et
2470 2448 2724 2514 propositae

601 2529 831 2593 religioni.
862 2535 930 2578 Ne
955 2532 1173 2578 videlicet
1200 2532 1289 2578 sub
1316 2532 1517 2579 obtentu
1547 2532 1787 2596 religionis
1811 2531 1997 2596 parvuli
2023 2531 2301 2579 deserantur
2326 2530 2521 2594 inopes,
2554 2538 2600 2575 et
2623 2533 2725 2575 'car-

601 2610 719 2656 nalis
740 2613 1007 2676 compassio
1029 2629 1138 2676 erga
1162 2612 1426 2676 indigentes
1458 2623 1676 2659 sanctum
1703 2612 1856 2658 viduae
1879 2611 2125 2676 perturbet
2154 2610 2478 2675 propositum,
2514 2618 2561 2655 et
2594 2617 2721 2654 retro

601 2691 834 2756 respicere
860 2703 1022 2756 cogat,
1044 2703 1091 2739 et
1115 2709 1462 2757 nonnunquam
1484 2693 1624 2739 etiam
1645 2709 1796 2756 usque
1820 2691 1881 2738 ad
1898 2692 2136 2755 sacrilegia
2154 2690 2308 2737 trahat
2324 2726 2336 2749 ,
2366 2700 2412 2737 et
2431 2688 2609 2753 aliq'uid
2628 2689 2724 2735 suis

602 2773 837 2837 porrigat,
867 2774 1000 2837 quod
1025 2774 1086 2820 de
1110 2774 1357 2820 communi
1385 2773 1648 2820 defraudet.
1686 2772 1824 2819 Unde
1849 2773 2168 2819 necessarium
2197 2773 2348 2836 patet*
2365 2770 2643 2828 consilium,
2673 2779 2726 2815 ut

602 2868 706 2915 quae
738 2852 1113 2899 domesticorum
1139 2870 1254 2899 cura
1279 2863 1389 2899 sunt
1419 2853 1680 2918 implicitae,
1717 2862 1973 2915 antequam
1993 2852 2055 2897 ad
2078 2868 2240 2898 veram
2263 2850 2542 2898 viduitatem
2573 2859 2724 2896 trans-

603 2942 768 2978 euntes
783 2969 795 2991 ,
839 2933 1010 2980 divinis
1050 2950 1099 2980 se
1142 2933 1329 2998 penitus
1367 2932 1607 2996 obsequiis
1644 2933 1940 2996 mancipent,
1975 2932 2100 2978 hanc
2136 2932 2289 2978 vicem
2322 2931 2416 2977 suis
2448 2928 2724 2995 parentibus

604 3011 833 3059 reddant:
861 3024 915 3059 ut
939 3015 1058 3060 sicut
1083 3030 1251 3060 eorum
1268 3029 1381 3059 cura
1407 3013 1597 3059 fuerunt
1621 3012 1831 3059 educatae
1847 3048 1859 3071 ,
1882 3008 1993 3077 ipsae
2012 3028 2205 3076 quoque
2223 3011 2423 3076 posteris
2447 3010 2542 3056 suis
2555 3008 2722 3056 eadem

604 3090 705 3155 lege
722 3093 1022 3157 provideant.
1057 3094 1151 3151 Qui
1173 3094 1314 3140 etiam
1333 3092 1586 3140 viduarum
1607 3092 1884 3155 religionem
1903 3109 2187 3156 exaggerans
2201 3095 2229 3151 ⁵,
2258 3108 2336 3138 eas
2367 3092 2538 3137 instare
2563 3090 2724 3154 praeci-

604 3172 673 3235 pit
687 3172 1093 3221 obsecrationibus
1110 3184 1156 3221 et
1169 3174 1464 3221 orationibus
1481 3184 1622 3221 nocte
1642 3184 1688 3221 et
1706 3174 1799 3221 die.
1824 3178 1894 3221 De
1913 3191 2114 3238 quarum
2141 3175 2282 3220 etiam
2298 3171 2723 3220 necessitudinibus

605 3252 868 3300 admodum
908 3255 1133 3303 sollicitus
1158 3275 1167 3302 :
1201 3256 1293 3302 «Si
1322 3256 1427 3319 quis
1464 3255 1638 3315 fidelis,
1665 3274 1687 3299 »
1730 3256 1916 3319 inquiff,
1949 3275 1971 3301 «
1994 3255 2139 3314 habet
2170 3255 2359 3314 viduas,
2400 3253 2723 3301 subministret

651 3453 661 3469 ¹
688 3454 821 3487 Timoth.
842 3456 868 3493 I,
888 3466 960 3498 cap.
980 3467 1009 3495 v,
1026 3468 1056 3489 v.
1073 3457 1166 3489 3.—-’
1181 3457 1253 3491 lbid
1270 3482 1279 3498 ‚
1297 3457 1391 3497 ibid„
1410 3469 1440 3490 v.
1457 3459 1488 3490 4.
1507 3476 1531 3481 -
1549 3456 1562 3474 ⁸
1579 3456 1677 3495 lbid„
1695 3467 1723 3489 v,
1744 3457 1817 3487 8.-
1831 3455 1845 3472 ⁴
1863 3455 2111 3489 Praebe1C.·-·‘
2124 3456 2329 3495 Amplfficans
2347 3453 2440 3487 RMS.
2459 3472 2498 3477 -——
2511 3452 2525 3470 ⁶
2542 3452 2678 3486 Timum.
2692 3452 2729 3491 1,

607 3523 682 3554 cap.
697 3524 730 3553 v,
744 3525 774 3546 v.
794 3515 842 3546 16.
