2970 4152
563 362 625 406 94
1144 362 1313 408 PETRI
1349 361 1661 411 ABAELARDI
1697 366 1769 412 ET
1801 367 2101 415 HELOISSAE

566 473 676 504 nem
704 458 955 522 patientur.
980 476 1003 501 »
1032 458 1163 503 Sicut
1188 457 1315 503 enim
1346 458 1551 505 candido
1576 473 1887 526 prosperum,
1921 465 1985 511 ita
2009 480 2108 510 non
2141 464 2403 527 incongrue
2435 466 2569 529 nigro
2595 466 2675 512 de-

565 539 774 602 signatur
797 537 1064 583 adversum.
1096 539 1227 584 Intus
1252 546 1411 584 autem
1430 540 1563 603 quasi
1586 541 1635 587 in
1661 541 1845 589 ossibus
1870 543 2067 601 candet,
2096 543 2206 606 quia
2232 543 2283 590 in
2309 544 2557 593 virtutibus
2575 546 2675 608 ejus

565 620 722 665 anima
739 617 908 682 pollet,
930 618 1049 664 sicut
1067 618 1295 682 scriptum
1314 629 1384 666 est
1400 621 1411 644 ¹
1436 639 1444 666 :
1470 639 1493 664 «
1515 622 1684 668 Omnis
1702 622 1851 686 gloria-
1869 623 1969 685 ejus
1988 623 2094 670 filiae
2110 624 2234 688 regis
2251 623 2312 670 ab
2330 625 2474 672 intus.
2501 645 2524 670 »
2557 629 2674 674 Ossa

564 699 738 761 quippe
753 733 764 754 ,
794 713 897 760 quae
921 698 1144 744 interiora
1168 708 1303 758 sunt,
1333 700 1552 747 exteriori
1577 718 1719 749 carne
1744 703 2062 763 circumdata,
2083 713 2129 751 et
2153 704 2299 769 ipsius
2323 706 2501 764 carniS‚
2530 722 2674 769 quam

563 786 730 838 gerunt
749 775 821 821 vel
847 775 1165 837 substentant‚
1195 777 1343 825 robur
1370 795 1425 825 ac
1450 779 1681 827 fortitudo
1710 791 1842 840 sunt,
1875 782 2000 830 bene
2018 784 2225 831 mimam
2246 784 2542 848 exprimunt,
2570 801 2674 849 quae

561 872 751 902 carnem
790 856 966 920 ipsam,
1008 858 1085 903 cui
1122 858 1268 918 inest,
1315 858 1543 918 vivificat,
1590 871 1845 925 sustentat,
1888 873 2049 910 movet
2087 873 2229 927 atque
2268 865 2411 927 regit,
2456 875 2598 928 atque
2631 866 2674 912 ei

562 952 755 982 omnem
774 936 1093 984 valetudinem
1113 937 1360 985 ministrat.
1383 939 1527 1001 Cujus
1546 940 1742 1003 quidem
1767 949 1836 988 est
1853 942 2036 989 candor
2053 944 2151 991 sive
2179 943 2325 990 decor
2337 980 2350 1004 ,
2372 945 2485 1008 ipsae
2501 944 2674 1008 quibus

559 1014 818 1062 adornatur
840 1017 1049 1063 virtutes.
1082 1017 1221 1081 Nigra
1238 1034 1431 1081 quoque
1454 1028 1523 1064 est
1546 1019 1595 1064 in
1629 1020 1961 1082 exterioribus,
1991 1023 2103 1085 quia
2132 1022 2248 1069 dum
2275 1023 2323 1070 in
2349 1022 2439 1070 hac
2465 1024 2672 1088 peregri·

558 1096 752 1142 natione
781 1096 938 1143 adhuc
975 1097 1155 1157 exulat,
1186 1097 1327 1146 vilem
1353 1107 1400 1145 et
1425 1097 1656 1161 abjectam
1688 1117 1737 1147 se
1763 1110 1891 1148 tenet
1915 1102 1965 1147 in
1997 1101 2087 1149 hac
2117 1103 2237 1162 vita;
2263 1113 2315 1149 ut
2341 1103 2390 1150 in
2415 1102 2494 1150 illa
2527 1103 2672 1151 subli-

558 1186 735 1235 metur,
765 1193 869 1239 quae
893 1187 963 1223 est
987 1177 1265 1224 abscondita
1290 1195 1401 1224 cum
1427 1178 1614 1226 Christo
1639 1179 1689 1226 in
1715 1183 1818 1228 Deo
1836 1217 1848 1241 ,
1885 1182 2088 1246 patriam
2116 1182 2215 1245 jam
2242 1182 2428 1248 adepta.
2457 1184 2534 1230 Sic
2557 1199 2671 1231 vero

556 1273 660 1303 eam
687 1256 757 1302 sol
782 1274 919 1303 verus
944 1257 1212 1318 decolorat,
1244 1259 1356 1323 quia
1374 1258 1574 1306 coelestis
1593 1276 1729 1307 amor
1747 1262 1910 1326 sponsi
1929 1279 2036 1309 eam
2059 1263 2126 1309 sic
2151 1262 2392 1323 humiliat,
2425 1263 2500 1311 vel
2526 1263 2673 1311 tribu-

554 1337 808 1383 lationibus
821 1339 836 1361 ²
853 1338 1047 1397 cruciat,
1067 1355 1128 1385 ne
1147 1355 1252 1385 eam
1273 1339 1448 1387 scilicet
1463 1341 1748 1405 prosperitas
1768 1341 1975 1389 extollat.
1997 1343 2252 1390 Decolorat
2275 1360 2382 1391 eam
2401 1344 2483 1403 sic,
2505 1344 2556 1391 id
2572 1354 2666 1403 est,

555 1418 831 1465 dissimilem
850 1435 956 1465 eam
978 1436 1005 1465 a
1030 1421 1207 1467 caeteris
1221 1420 1352 1481 facit,
1379 1437 1484 1484 quae
1499 1423 1698 1469 terrenis
1729 1423 1913 1471 inhiant
1928 1460 1940 1483 ,
1969 1434 2017 1471 et
2040 1424 2182 1471 seculi
2210 1435 2427 1488 quaerunt
2446 1425 2668 1488 gloriam,

555 1509 606 1544 ut
633 1499 698 1545 sic
720 1499 821 1563 ipsa
838 1515 948 1546 vere
965 1499 1117 1546 lilium
1136 1500 1427 1548 convallium
1444 1518 1530 1565 per
1548 1502 1865 1549 humilitatem
1888 1502 2117 1550 efficiatur
2142 1522 2152 1551 ε
2182 1519 2283 1550 non
2307 1503 2460 1550 lilium
2478 1505 2671 1568 quidem

554 1579 813 1637 montium,
843 1580 963 1625 sicut
980 1579 1067 1626 illae
1086 1579 1307 1627 videlicet
1325 1580 1462 1627 fatuae
1486 1582 1719 1645 virgines,
1752 1599 1856 1646 quae
1882 1583 1943 1629 de
1968 1583 2202 1629 munditia
2229 1584 2406 1643 carnis,
2435 1583 2510 1630 vel
2534 1583 2674 1630 absti-

553 1661 712 1706 nentia
731 1661 961 1706 exteriore
977 1659 1105 1724 apud
1124 1677 1173 1706 se
1192 1661 1583 1721 intumescentes,
1604 1672 1718 1709 aestu
1735 1664 2053 1710 tentationum
2067 1666 2082 1689 ⁸
2099 1674 2340 1711 aruerunt.
2362 1667 2488 1711 Bene
2512 1673 2670 1711 autem

553 1738 670 1784 filias
699 1738 1014 1799 Hierusalem,
1052 1738 1102 1785 id
1139 1749 1233 1799 est,
1271 1740 1643 1805 imperfectiores
1668 1742 1917 1806 alloquens
1942 1742 2131 1803 fideles,
2173 1745 2255 1807 qui
2285 1742 2489 1790 filiarum
2512 1744 2671 1809 potius

554 1835 697 1881 quam
723 1818 930 1865 filiorum
954 1820 1151 1866 nomine
1182 1819 1313 1884 digni
1352 1830 1484 1880 sunt,
1517 1822 1685 1868 dicit‘:
1717 1822 1915 1869 «Nolite
1940 1839 2017 1869 me
2044 1823 2347 1870 considerare
2377 1822 2509 1886 quod
2542 1823 2671 1870 fusca

555 1899 665 1957 sim,
695 1899 807 1962 quia
825 1898 1117 1947 decoloravit
1140 1913 1216 1946 me
1235 1899 1321 1946 sol.
1349 1918 1372 1944 >2
1403 1902 1468 1946 Ac
1488 1901 1526 1947 si
1551 1900 1758 1966 apertius
1783 1901 1909 1948 dicat
1936 1920 1945 1947 :
1976 1902 2121 1959 Quod
2145 1903 2211 1949 sic
2238 1918 2316 1949 me
2339 1902 2567 1963 humilio,
2596 1903 2670 1949 vel

555 1989 652 2024 tam
690 1979 880 2025 viriliter
910 1979 1215 2026 adversitates
1248 1980 1481 2039 sustineO,
1512 1994 1612 2027 non
1647 1991 1717 2027 est
1743 1997 1861 2028 meae
1885 1982 2092 2040 virtutis,
2128 1981 2214 2029 sed
2242 1982 2341 2045 ejus
2367 1983 2524 2046 gratiae
2540 2018 2551 2040 ‚
2595 1984 2671 2029 cui

554 2058 784 2104 deservio.
818 2059 962 2105 Aliter
990 2059 1144 2106 solent
1169 2059 1375 2106 haeretici
1405 2060 1479 2107 vel
1512 2060 1794 2126 hypocritae,
1826 2071 2060 2125 quantum
2091 2061 2153 2108 ad
2186 2061 2355 2109 faciem
2389 2062 2640 2109 hominum
2659 2066 2673 2088 '⁵

555 2148 757 2202 spectat,
786 2156 869 2204 spe
894 2149 1090 2186 terrenae
1115 2139 1272 2204 gloriae
1297 2155 1398 2187 sese
1415 2140 1721 2188 vehementer
1742 2140 1993 2189 humiliare
2007 2178 2019 2201 ,
2039 2141 2115 2189 vel
2135 2142 2283 2189 multa
2307 2143 2534 2189 inutiliter
2553 2143 2670 2190 tole-

554 2235 673 2265 rare.
702 2222 772 2266 De
790 2235 996 2284 quorum
1016 2219 1211 2284 quidem
1229 2220 1506 2283 hujusmodi
1529 2221 1795 2284 abjectione
1814 2222 1888 2269 vel
1908 2222 2212 2269 tribulatione
2236 2238 2382 2286 quam
2405 2224 2635 2270 sustinent
2653 2259 2665 2282 ,

554 2301 859 2349 vehementer
877 2302 1148 2348 mirandum
1167 2312 1257 2361 est;
1275 2317 1426 2365 quum
1445 2303 1538 2348 sint
1553 2302 1777 2348 omnibus
1795 2302 2160 2349 miserabiliores
2176 2302 2470 2362 hominibus,
2483 2305 2567 2366 qui
2581 2320 2670 2350 nec

553 2383 794 2446 praesentis
815 2384 920 2428 vitae
935 2382 1097 2441 bonis,
1122 2397 1212 2428 nec
1237 2381 1405 2428 futurae
1421 2381 1660 2428 fruuntur.
1684 2385 1788 2429 Hoc
1804 2383 1963 2446 itaque
1982 2398 2156 2447 sponsa
2182 2382 2432 2446 diligenter
2454 2382 2671 2430 conside-

552 2478 660 2507 rans
682 2462 796 2507 dicit
818 2480 827 2506 ε
852 2461 1006 2508 Nolite
1025 2461 1185 2507 mirari
1209 2476 1294 2507 cur
1321 2460 1372 2507 id
1395 2460 1579 2507 faciam.
1607 2460 1701 2508 Sed
1726 2461 1786 2508 de
1814 2461 1904 2508 illis
1930 2461 2201 2508 mirandum
2220 2471 2313 2520 est,
2337 2462 2419 2525 qui
2445 2462 2670 2509 inutiliter

552 2552 747 2588 terrenae
766 2541 918 2588 laudis
935 2541 1173 2591 desiderio
1191 2550 1464 2601 aestuantes,
1486 2542 1685 2589 terrenis
1709 2558 1758 2588 se
1782 2543 1972 2607 privant
1995 2542 2285 2602 commodis,
2307 2553 2404 2590 tam
2423 2541 2501 2590 hic
2524 2559 2668 2607 quam

553 2623 598 2667 in
625 2622 783 2668 futuro
816 2623 990 2668 miseri.
1015 2622 1178 2679 Qualis
1202 2621 1396 2688 quidem
1421 2622 1657 2669 fatuarum
1684 2623 1920 2686 virginum
1947 2623 2239 2694 continentia
2269 2633 2338 2670 est
2362 2639 2466 2687 quae
2484 2639 2512 2670 a
2522 2623 2669 2686 janua

554 2712 663 2748 sunt
686 2702 884 2748 exclusae
899 2703 926 2747 ⁶.
950 2705 1076 2749 Bene
1103 2703 1267 2762 etiam,
1290 2702 1403 2766 quia
1427 2703 1562 2766 nigra
1588 2713 1681 2762 est,
1714 2712 1767 2749 ut
1790 2702 2019 2762 diximus,
2049 2713 2095 2749 et
2114 2702 2322 2749 formosa
2336 2738 2348 2762 ‚
2378 2702 2597 2749 dilectam
2620 2714 2668 2750 et

552 2782 872 2829 introductam
888 2798 938 2828 se
957 2781 1071 2829 dicit
1094 2782 1144 2829 in
1168 2781 1441 2829 cubiculum
1459 2783 1581 2846 regis
1595 2818 1607 2841 ‚
1635 2782 1686 2829 id
1711 2783 1847 2830 estin
1874 2792 2107 2830 secretum
2130 2783 2207 2830 vel
2222 2783 2431 2846 quietem
2455 2793 2669 2830 contem-

554 2864 798 2927 plationis,
836 2874 883 2911 et
914 2863 1141 2911 lectulum
1174 2862 1310 2909 illum
1345 2862 1405 2909 de
1435 2878 1534 2927 quo
1567 2863 1735 2910 eadem
1761 2862 1873 2910 alibi
1901 2862 2042 2909 dicit⁷
2069 2881 2079 2909 z
2113 2882 2135 2907 «
2159 2866 2213 2909 ln
2238 2863 2412 2910 lectulo
2438 2879 2546 2911 meo
2580 2879 2668 2928 per

557 2956 718 2992 noctes
751 2945 941 3009 quaesivi
974 2960 1120 3009 quem
1156 2942 1307 3007 diligit
1341 2944 1501 2990 anima
1534 2960 1657 2991 mea.
1684 2963 1707 2987 »
1750 2947 1855 3008 Ipsa
1893 2945 2072 3010 quippe
2102 2943 2362 3008 nigredinis
2393 2943 2667 2991 deformitas

554 3026 793 3072 occultum
818 3027 976 3091 potius
1000 3041 1145 3089 quam
1170 3023 1499 3083 manifestum,
1531 3033 1578 3071 et
1611 3034 1847 3071 secretum
1876 3025 2024 3088 magis
2047 3040 2192 3089 quam
2215 3023 2462 3089 publicum
2488 3033 2616 3070 amat
2629 3026 2656 3069 ⁸.

554 3108 611 3151 Et
629 3122 733 3169 quae
757 3105 861 3152 talis
879 3115 949 3152 est
970 3121 1116 3165 uxor,
1139 3114 1317 3153 secreta
1334 3104 1494 3169 potius
1513 3104 1601 3150 viri
1630 3104 1800 3168 gaudia
1818 3121 1963 3168 quam
1989 3105 2236 3151 manifesta
2253 3104 2513 3160 desiderat,
2542 3113 2589 3150 et
2611 3103 2660 3150 in

552 3186 674 3232 lecto
699 3186 845 3249 magis
868 3185 969 3232 vult
992 3185 1153 3232 sentiri
1171 3201 1316 3249 quam
1336 3184 1385 3231 in
1401 3200 1566 3231 mensa
1583 3184 1748 3231 videri.
1773 3186 1831 3232 Et
1854 3185 2126 3249 frequenter
2142 3183 2328 3243 accidit,
2350 3193 2403 3231 ut
2421 3185 2662 3247 nigrarum

599 3336 606 3352 ¹
634 3336 752 3369 psalm.
779 3347 869 3374 xmv,
898 3347 927 3369 v.
954 3339 1004 3369 14.
1025 3353 1068 3360 —
1083 3335 1096 3353 ¹
1116 3328 1287 3370 Doloribais
1313 3336 1407 3370 Rus.
1428 3354 1470 3360 —
1487 3336 1500 3354 ⁸
1521 3337 1586 3369 Im·
1629 3347 1700 3380 cap.
1721 3347 1774 3376 ιιι,
1794 3347 1824 3369 v.
1852 3338 1882 3368 1.
1901 3352 1944 3360 —-
1961 3335 1973 3353 ⁸
1991 3337 2146 3369 Inseritur
2171 3346 2271 3376 neque
2300 3347 2370 3369 cum
2396 3336 2569 3369 horatiana
2603 3337 2659 3367 illa

550 3396 694 3434 pulsuum
709 3397 926 3426 satanicarum
945 3392 1039 3426 RMS.
1054 3410 1097 3418 —
1113 3393 1126 3410 ⁴
1146 3395 1287 3433 Cantic„
1303 3404 1374 3437 cap.
1397 3404 1425 3432 ι,
1443 3403 1476 3426 v.
1494 3394 1525 3426 5.
1541 3410 1584 3417 —
1625 3396 1755 3435 pictura
1771 3408 1779 3424 .-

555 3451 565 3465 ¹
583 3452 721 3483 Hominis
734 3450 816 3481 C.-
833 3450 845 3466 ⁰
859 3449 987 3490 Matth.,
1002 3459 1075 3492 cap.
1091 3461 1168 3488 xxv,
1185 3461 1216 3482 v.
1236 3452 1246 3481 1
1266 3457 1299 3482 et
1309 3461 1359 3492 sq.
1372 3467 1399 3472 -
1415 3449 1426 3465 “’
1444 3450 1582 3487 Cannio„
1875 3458 1955 3491 cptat
1967 3457 2018 3482 sub
2029 3458 2088 3483 tuce
2102 3456 2198 3483 videri.
2213 3457 2291 3483 uns.
