2970 4152
377 492 438 528 Tu
455 499 581 529 autem
594 493 718 529 exules
735 493 849 529 factos
869 493 1033 541 ingluvie

373 551 447 588 Per
461 551 725 589 abstinentiam
743 553 860 589 reduc
881 565 968 599 nos,
988 554 1167 598 Domine,

373 610 604 661 Nullumque
619 612 764 650 deseras
783 605 936 650 tuorum
953 615 1104 662 inopem
1114 642 1124 659 ‚

375 670 451 717 Qui
470 672 580 708 vestis
602 671 741 718 lilium,
761 680 800 710 et
817 674 936 722 pascis
954 679 1152 722 passerem.
1194 692 1200 697 =

372 755 527 793 Nullum
545 759 741 795 necessitas
757 766 900 807 premat
919 759 1070 808 inopiae,

372 816 446 853 Sed
463 817 512 854 sit
527 817 721 867 frugalitas
739 818 978 855 sufficientiae.

371 877 428 913 Sit
443 878 546 927 quod
561 877 726 915 sufficere
744 886 885 915 naturae
901 879 1035 925 valeat,

370 936 456 973 Non
472 938 574 986 quod
589 939 742 975 lasciviae
759 939 965 977 fomentum
984 940 1152 989 praebeat.

369 1023 528 1061 Perenni
548 1025 728 1071 Domino,
747 1034 819 1063 etc.

833 1134 919 1171 XV.

365 1239 516 1287 Septem
535 1253 626 1289 quas
643 1241 819 1277 solvimus
835 1241 981 1278 diurnis
995 1242 1168 1279 laudibus

364 1299 567 1336 Nocturnis
583 1300 720 1337 additis
737 1308 821 1338 octo
837 1301 1063 1350 perficimus,

364 1359 419 1396 Ex
437 1359 576 1409 quibus
591 1367 771 1410 quattuor
789 1361 930 1398 ascribe
949 1374 1107 1410 vesperae

364 1420 411 1456 Et
428 1432 537 1456 mane
553 1427 742 1469 quattuor,
760 1421 936 1471 diemque
961 1422 1109 1470 perfice.

361 1511 394 1544 A
411 1520 509 1545 nona
525 1520 715 1557 vesperam
733 1510 871 1546 scimus
888 1510 1054 1558 incipere
1065 1538 1075 1554 ‚

362 1569 491 1616 Quum
506 1570 561 1606 sol
576 1582 614 1606 se
634 1570 790 1619 coeperit
806 1571 916 1607 terris
933 1572 1178 1620 immergere;

361 1629 392 1665 E
406 1636 534 1666 contra
551 1636 651 1666 recte
665 1629 751 1679 quis
770 1642 878 1667 mane
897 1631 1075 1669 tribuerit

359 1688 450 1725 Post
466 1689 586 1726 noctis
603 1688 770 1726 medium
788 1701 906 1739 quum
929 1690 984 1727 sol
1001 1693 1209 1730 emerserit.

360 1773 460 1812 Octo
477 1775 674 1813 conficitur
691 1782 815 1813 nostra
832 1777 1038 1814 substantia

358 1835 482 1882 Quam
500 1833 653 1871 demum
668 1836 814 1885 perficit
830 1844 963 1873 octavae
981 1837 1120 1886 gloria3

356 1894 503 1943 Corpus
520 1907 565 1931 ex
583 1901 762 1945 quattuor
781 1903 951 1933 constare
975 1898 1157 1943 novimus,

357 1954 497 1992 Ornari
513 1955 674 1993 totidem
696 1963 841 1994 mentes
854 1957 1070 1995 virtutibus.

355 2035 455 2073 Hinc
470 2043 573 2074 recte
589 2037 725 2086 gratias
740 2037 780 2074 in
797 2045 882 2076 octo
899 2038 1072 2076 laudibus

353 2095 429 2132 Pro
444 2096 552 2133 nobis
567 2097 732 2135 Domino
749 2098 838 2136 solvi
855 2100 1066 2137 statuimus.
1102 2102 1109 2107 '

353 2156 551 2194 Desectam
567 2160 735 2207 corporis
750 2159 955 2208 praebentes
972 2173 1122 2210 vespere
1135 2189 1144 2205 ‚

351 2216 462 2253 Mane
475 2217 679 2254 tribuimus
696 2218 862 2268 vigorem
880 2221 1024 2258 animae.

350 2297 511 2335 Perenni
528 2298 705 2346 Domino,
725 2307 796 2338 etc.

810 2415 918 2454 XVI.

352 2503 500 2542 Octavae
517 2504 630 2542 titulo
646 2505 686 2542 in
703 2506 860 2544 Psalmis
877 2508 1037 2558 legimus

349 2564 498 2601 Futurae
518 2564 675 2613 gloriam
691 2566 773 2602 vitae
789 2569 1024 2614 canentibus,

349 2624 478 2671 Quum
494 2624 558 2661 lux
575 2624 732 2662 subierit
747 2638 879 2676 perpes
896 2627 1062 2664 fidelium

347 2684 460 2722 Istius
477 2685 656 2734 temporis
671 2693 755 2735 post
770 2688 1033 2736 septenarium.

346 2766 454 2804 Hanc
466 2766 544 2814 jam
559 2766 598 2802 in
616 2767 736 2816 capite
753 2767 974 2816 completam
993 2770 1179 2814 novimus,

346 2827 476 2874 Quum
494 2828 739 2864 resur-rexerit
759 2828 830 2865 hac
844 2827 927 2865 luce
943 2829 1127 2866 Dominus
1139 2859 1149 2876 ,

345 2886 400 2923 Ut
417 2887 469 2923 sic
491 2887 734 2923 certissimam
750 2900 852 2937 spem
870 2888 1047 2926 membris
1063 2891 1227 2940 propriis

345 2946 520 2995 Ejusdem
536 2946 680 2984 tribuat
696 2947 955 2986 beatitudinis.

343 3033 443 3070 Hinc
459 3045 480 3069 a
495 3033 733 3071 Christicolis
747 3033 826 3070 haec
840 3033 920 3070 dies
939 3034 1076 3072 merito

343 3093 422 3129 Prae
438 3094 582 3131 cunctis
599 3093 736 3131 colitur
752 3093 825 3130 hoc
841 3093 880 3130 in
898 3094 1088 3143 mysterio.

342 3152 508 3190 AEternis
523 3154 662 3191 etenim
673 3182 684 3199 ,
702 3166 778 3191 non
799 3153 1064 3203 temporalibus

342 3213 394 3249 Hi
408 3213 516 3250 bonis
530 3214 676 3251 inhiant
692 3226 855 3262 quorum
873 3214 956 3252 fons
975 3215 1170 3253 Dominus.

342 3298 442 3336 Neve
459 3306 535 3336 tam
552 3298 707 3336 arduam
726 3300 822 3336 viam
845 3301 1060 3338 tenentibus

342 3358 395 3395 Ex
413 3358 617 3396 diffidentia
636 3366 799 3409 tepescat
815 3360 963 3398 animus
980 3376 987 3396 :

1289 399 1572 448 CARMlNA.

1460 492 1540 528 Hac
1555 493 1634 541 ipsa
1651 494 1835 531 Dominus
1858 495 1920 531 die
1939 495 2157 543 paraclitum

1462 553 1565 589 Misit
1579 553 1770 603 discipulis
1786 556 1826 591 in
1844 567 1951 592 aeram
1969 555 2168 604 Spiritum.

1459 638 1520 674 Ad
1535 639 1650 687 hujus
1666 639 1801 677 additae
1813 640 1889 677 diei
1909 641 2066 689 gloriam

1460 699 1547 746 Quo
1564 707 1664 736 recte
1683 700 1804 737 videas
1821 701 1895 738 diei
1914 701 2179 744 dominicam¹‚

1460 759 1572 805 Quod
1591 760 1835 809 corporaliter
1852 761 1923 797 hac
1937 761 2019 797 luce
2036 761 2220 797 Dominus

1459 819 1513 855 Ut
1530 832 1593 856 rex
1612 827 1803 869 susceptus
1823 828 1879 857 est
1896 828 1934 857 et
1955 821 2072 858 haeres
2089 822 2229 870 regius.

1458 906 1654 955 Ingressus
1672 908 1868 956 proprium
1887 908 2012 943 statim
2031 908 2229 956 palatium,

1455 967 1624 1002 Potentis
1643 967 1795 1003 exhibet
1812 967 1910 1015 regis
1927 967 2127 1015 imperium
2141 984 2150 1012 ;

1454 1026 1592 1062 Pravos
1611 1027 1784 1074 ejiciens,
1804 1039 1913 1063 caecos
1930 1027 2135 1073 illuminat,

1454 1087 1502 1122 Et
1519 1086 1673 1122 domum
1693 1087 1845 1124 Domini
1866 1088 1918 1122 sic
1945 1086 2169 1124 reconciliat.

1456 1170 1605 1207 Octavae
1624 1172 1770 1219 peragit
1785 1172 1808 1208 J
1810 1183 1894 1208 esus
1911 1173 2129 1220 mysterium

1454 1231 1499 1266 In
1513 1243 1587 1279 qua
1606 1231 1787 1268 resederit
1802 1239 1844 1268 ut
1855 1231 1972 1279 judex
1988 1233 2158 1269 omnium
2169 1262 2179 1278 ,

1454 1290 1548 1326 Suos
1565 1290 1780 1327 illuminans
1798 1293 1855 1328 sui
1872 1293 2084 1340 praesentia,

1453 1350 1589 1386 Pravos
1611 1351 1765 1399 ejiciens
1782 1364 1801 1387 a
1820 1351 1927 1401 regni
1951 1351 2080 1400 gloria.

1452 1435 1531 1472 Nec
1546 1448 1566 1472 a
1585 1437 1763 1484 mysterio
1787 1449 1915 1473 vacare
1934 1436 2141 1481 credimus,

1451 1496 1566 1543 Quod
1582 1496 1650 1533 soli
1666 1497 1746 1534 dies
1762 1497 1839 1534 haec
1855 1497 1969 1534 datur
1985 1510 2006 1534 a
2025 1497 2224 1546 gentibus;

1448 1556 1526 1605 Ipsi
1543 1558 1720 1606 quoque⁸
1740 1565 1960 1594 consecrent
1982 1570 2064 1595 eam
2081 1571 2127 1595 ex
2146 1558 2297 1595 nomine
2309 1585 2321 1604 ,

1449 1617 1578 1663 Quum
1600 1617 1672 1654 sibi
1687 1617 1851 1654 vindicet
1867 1617 1967 1655 hanc'
1982 1618 2037 1655 sol
2059 1618 2227 1667 justitiae.

1448 1703 1609 1740 Perenni
1626 1704 1790 1741 Domino
1798 1732 1808 1749 ,
1828 1711 1900 1741 etc.

1897 1816 2025 1856 XVII.

1446 1908 1597 1959 Ubique
1612 1909 1687 1946 tuis
1705 1921 1772 1946 nos
1792 1916 1831 1947 et
1848 1922 1995 1959 semper
2011 1909 2187 1947 laudibus

1445 1969 1607 2014 Vacare,
1628 1969 1811 2015 Domine,
1831 1969 1969 2007 debere
1987 1970 2159 2007 novimus
2171 1998 2181 2014 ,

1442 2030 1520 2077 Qui
1539 2030 1619 2066 loca
1640 2030 1797 2066 fabricas
1813 2030 1922 2067 nobis
1938 2037 1975 2067 et
1991 2037 2179 2080 tempora,

1442 2089 1600 2126 Noctem
1617 2089 1665 2125 ad
1685 2090 1875 2139 requiem,
1901 2089 2003 2126 diem
2026 2089 2074 2126 ad
2093 2102 2219 2140 opera.

1439 2176 1487 2212 Et
1502 2187 1619 2225 quum
1637 2188 1713 2212 non
1731 2176 1825 2213 serat
1839 2176 1912 2213 hoc
1931 2183 2058 2213 nostra
2076 2177 2275 2226 fragilitas,

1438 2236 1560 2272 Horas
1576 2236 1760 2282 instituit,
1781 2236 1858 2273 fixit
1871 2236 2061 2282 ecclesias,

1438 2296 1493 2333 Ut
1507 2297 1589 2346 ipsa
1605 2297 1685 2333 loca
1702 2309 1770 2334 nos
1788 2297 1837 2333 ad
1859 2298 1938 2334 haec
1953 2297 2199 2342 admoneant,

1440 2357 1605 2395 Invitent
1621 2364 1789 2406 tempora
1806 2357 1862 2394 vel
1882 2370 2013 2407 segnes
2032 2365 2206 2408 arguant.

1439 2439 1542 2475 Hora
1560 2439 1639 2486 jam
1656 2439 1824 2488 requiem
1844 2439 1920 2477 diei
1938 2441 2096 2489 septima

1439 2498 1633 2547 Completa
1648 2500 1834 2548 poscimus
1852 2499 2006 2536 laudum
2024 2499 2271 2537 hebdomada.

1437 2558 1499 2594 Tu
1521 2565 1649 2595 nostro
1661 2586 1672 2604 ‚
1691 2559 1870 2605 Domine,
1890 2559 2049 2596 benedic
2067 2559 2239 2604 sabbato,

1437 2618 1543 2664 Quos
1561 2625 1626 2654 tuo
1645 2625 1794 2667 reparet
1809 2619 1915 2668 quies
1934 2618 2129 2669 obsequio.

1435 2704 1542 2741 Hanc
1559 2710 1623 2740 tua
1640 2703 1791 2741 dextera
1807 2703 1964 2741 domum
1986 2704 2191 2741 sanctificet

1434 2764 1482 2800 Et
1497 2764 1809 2801 immanissimum
1823 2764 1971 2802 leonem
1991 2765 2125 2815 religet
2139 2781 2149 2811 ;

1433 2826 1572 2862 Somno
1590 2825 1745 2875 pacifico
1761 2825 1814 2862 sic
1829 2838 1964 2875 corpus
1988 2838 2116 2863 recrea
2129 2853 2139 2871 ‚

1435 2886 1488 2923 Ut
1508 2888 1546 2923 in
1563 2893 1602 2924 te
1617 2886 1746 2935 vigilet
1762 2898 1867 2924 mens
1884 2898 2030 2936 semper
2047 2886 2184 2923 sobria.

1433 2968 1596 3006 Perenni
1615 2970 1794 3016 Domino,
1815 2976 1886 3006 etc.

1866 3077 2022 3119 XVIII.

1432 3184 1573 3220 AEtates
1586 3191 1798 3233 temporum
1818 3182 2012 3232 nostrique
2029 3182 2199 3230 corporis

1434 3244 1560 3281 Divini
1584 3256 1763 3281 numerus
1780 3244 1978 3292 praesignat
1996 3242 2145 3292 operis;

1431 3305 1589 3342 Dierum
1607 3305 1777 3340 novimus
1793 3304 1832 3340 in
1847 3304 1921 3340 hoc
1937 3303 2123 3340 senarium
2134 3329 2144 3347 ,

1434 3363 1482 3400 Et
1498 3375 1560 3400 sex
1578 3370 1699 3401 aetates
1715 3369 1801 3401 sunt
1819 3361 1952 3400 mundi
1969 3361 2027 3399 vel
2042 3361 2254 3399 hominum.

387 3471 397 3489 ¹
413 3471 468 3506 sic
485 3471 569 3507 Cod.
587 3471 687 3508 Brux.
703 3490 727 3499 -
739 3473 829 3507 Diem
848 3475 1040 3508 dominicam
1051 3473 1069 3508 ἔ*
1081 3493 1122 3500 -
1147 3477 1158 3492 ’
1176 3475 1231 3509 Sic
1248 3475 1332 3511 Cod.
1351 3475 1450 3511 Brux.

2402 405 2498 453 303
