2970 4152
1302 414 1619 475 EPISTOLAE.
2427 415 2520 463 233

398 510 600 573 peritam
644 511 788 557 trium
819 509 1090 574 linguarum
1117 507 1331 568 habetis,
1373 507 1436 556 ad
1469 509 1595 555 hanc
1630 507 1774 557 studii
1814 508 2155 574 perfectionem
2194 507 2436 569 feramini,
2474 521 2525 557 ut

399 607 694 655 quaecunque
719 591 780 639 de
807 590 1004 639 diversis
1030 589 1609 639 translationibusoborta
1632 589 1866 637 dubitatio
1891 590 2057 650 fuerit,
2088 607 2174 654 per
2201 606 2286 637 vos
2304 591 2524 655 probatio

400 671 644 718 terminari
668 671 833 737 possit.
864 671 1007 730 Quod
1032 681 1079 719 et
1102 672 1205 736 ipse
1231 670 1484 718 dominicae
1521 671 1674 720 crucis
1698 670 1859 717 titulus
1889 670 2135 730 hebraice,
2176 687 2324 734 graece
2344 707 2356 731 ,
2386 682 2432 719 et
2461 673 2525 719 la-

400 751 498 798 tine
523 752 726 816 scriptus
750 768 850 799 non
876 752 1139 815 incongrue
1161 750 1482 816 praefigurasse
1506 750 1694 798 videtur
1709 787 1721 810 ,
1751 761 1802 798 ut
1823 751 1872 797 in
1889 751 1990 814 ejus
2006 750 2214 798 Ecclesia
2238 751 2416 816 ubique
2435 763 2525 800 ter-

400 848 562 879 rarum
579 832 772 879 dilatata
786 868 799 892 ,
821 832 994 879 harum
1005 832 1276 896 linguarum
1289 868 1301 892 ,
1324 849 1430 897 quae
1447 832 1731 897 praeminent
1745 867 1757 891 ‚
1778 830 2044 878 abundaret
2056 831 2300 893 doctrina;
2321 850 2523 898 quarum

400 911 566 959 litteris
602 913 846 976 utriusque
870 914 1157 960 Testamenti
1179 912 1527 979 comprehensa
1562 922 1633 960 est
1657 913 1903 977 scriptura.
1944 915 2049 960 Non
2080 913 2222 977 longa
2254 915 2524 979 peregrina-

402 993 561 1053 tione,
602 1010 701 1041 non
729 994 946 1058 expensis
969 993 1215 1058 plurimis,
1244 1011 1333 1059 pro
1357 994 1432 1042 his
1455 994 1627 1059 linguis
1658 994 1985 1054 addiscendis,
2014 1011 2136 1059 opus
2174 994 2308 1042 vobis
2340 1006 2438 1056 est,
2474 1008 2527 1044 ut

401 1071 542 1120 beato
570 1073 742 1120 accidit
762 1074 1086 1137 Hieronym03
1121 1090 1273 1137 quum
1298 1084 1500 1121 matrem
1515 1110 1528 1134 ,
1562 1084 1614 1121 ut
1638 1073 1820 1121 dictum
1846 1084 1940 1134 est,
1978 1073 2192 1122 habeatis
2215 1075 2276 1122 ad
2300 1075 2395 1123 hoc
2420 1086 2525 1123 stu-

402 1151 538 1200 dium
561 1153 889 1202 sufficientem.
921 1157 1031 1201 Post
1056 1154 1262 1219 virgines
1280 1172 1475 1219 quoque
1495 1171 1551 1202 ac
1566 1154 1733 1203 viduas
1749 1191 1762 1215 ,
1786 1154 1949 1203 fideles
1973 1155 2234 1220 conjugatae
2250 1157 2527 1205 incitamen·

403 1242 507 1280 tum
525 1233 766 1299 praebeant
786 1233 920 1282 vobis
937 1234 1166 1282 doctrinae
1181 1271 1194 1295 ,
1217 1245 1270 1283 ut
1287 1235 1364 1284 vel
1381 1236 1715 1300 negligentiam
1734 1245 1938 1284 vestram
1956 1246 2178 1300 arguant,
2206 1237 2281 1285 vel
2304 1237 2526 1286 ardorem

403 1324 623 1378 augeant.
651 1317 842 1362 Praestat
865 1316 1139 1380 exemplum
1163 1317 1307 1364 etiam
1336 1316 1470 1364 vobis
1497 1316 1735 1364 Celantia¹
1760 1316 2041 1364 venerabilis
2058 1353 2071 1376 ,
2100 1334 2205 1381 quae
2229 1319 2278 1365 in
2304 1319 2527 1383 conjugio

402 1411 597 1459 quoque
626 1395 900 1460 regulariter
924 1397 1082 1454 vivere
1105 1397 1303 1462 cupiens
1319 1433 1331 1457 ‚
1362 1396 1516 1462 legem
1545 1397 1634 1444 sibi
1669 1397 1878 1463 conjugii
1903 1397 2142 1463 praescribi
2170 1398 2232 1446 ab
2255 1399 2360 1465 ipso
2384 1401 2527 1448 etiam

403 1475 695 1540 Hieronymo
721 1476 918 1524 sollicite
942 1478 1090 1543 petiit.
1121 1477 1260 1526 Unde
1295 1488 1342 1526 et
1373 1479 1474 1543 ipse
1504 1478 1567 1525 ad
1591 1477 1810 1526 eamdem
1841 1495 1984 1543 super
2018 1478 2113 1526 hoc
2137 1479 2428 1540 rescribenS,
2463 1482 2526 1529 ita

403 1557 621 1604 meminit
637 1560 651 1582 ²
675 1575 685 1603 :
713 1577 736 1603 «
764 1561 1055 1606 Provocatus
1071 1558 1133 1606 ad
1148 1559 1453 1607 scribendum
1471 1558 1637 1608 litteris
1653 1560 1770 1619 tuis,
1797 1558 1906 1620 diu,
1929 1559 2078 1607 fateor
2093 1596 2105 1620 ‚
2135 1560 2196 1608 de
2215 1562 2526 1626 responsione

407 1634 648 1697 dubitavi,
686 1637 927 1686 silentium
955 1639 1072 1687 mihi
1103 1629 1369 1706 imperante
1400 1641 1705 1689 verecundia.
1749 1641 1873 1688 Petis
1906 1657 2143 1706 namque,
2173 1651 2221 1688 et
2249 1640 2447 1689 sollicite
2470 1658 2526 1689 ac

405 1715 638 1767 violenter
670 1719 816 1783 petis,
854 1729 911 1767 *ut
947 1720 1034 1768 tibi
1065 1731 1243 1769 certam
1271 1739 1328 1769 ex
1355 1723 1597 1788 scripturis
1633 1722 1807 1769 sanctis
1839 1721 2158 1788 praefiniamus
2190 1721 2431 1786 regulam,
2465 1721 2527 1769 ad

403 1812 549 1860 quam
572 1807 622 1844 tu
647 1799 840 1847 ordines
862 1817 1055 1848 cursum
1079 1803 1185 1850 vitae
1211 1813 1300 1850 tuae
1321 1821 1331 1850 :
1361 1813 1413 1850 ut
1436 1804 1626 1867 cognita
1648 1803 1844 1850 Domini
1867 1803 2134 1862 voluntate,
2163 1803 2286 1850 inter
2316 1803 2526 1851 honores

404 1877 559 1925 saeculi
575 1915 588 1939 ,
629 1889 677 1926 et
700 1879 975 1928 divitiarum
1002 1882 1246 1930 illecebras
1263 1919 1275 1942 ,
1314 1900 1507 1931 morum
1532 1885 1681 1948 magis
1716 1883 1881 1948 diligas
1905 1883 2244 1949 supellectilem
2261 1919 2273 1943 ,
2307 1894 2449 1948 atque
2475 1894 2528 1931 ut

403 1958 556 2022 possis
582 1959 631 2006 in
660 1960 883 2025 conjugio
915 1963 1199 2023 constituta,
1240 1954 1340 2010 non
1375 1964 1531 2010 solum
1569 1965 1760 2028 conjugi
1798 1963 1986 2029 placere
2004 2001 2017 2023 ,
2060 1963 2144 2011 sed
2169 1965 2311 2012 etiam
2342 1965 2414 2024 ei,
2445 1965 2528 2028 qui

407 2038 564 2103 ipsum
585 2039 781 2087 indulsit
810 2041 1102 2107 conjugium.
1133 2042 1221 2090 Cui
1246 2053 1342 2090 tam
1368 2054 1540 2091 sanctae
1564 2044 1810 2109 petitioni,
1842 2055 2035 2109 tamque
2059 2045 2141 2110 pio
2161 2044 2397 2092 desiderio
2427 2060 2527 2092 non

407 2119 671 2167 satisfacere
688 2156 701 2181 ,
730 2121 847 2188 quid
871 2122 1001 2170 aliud
1025 2133 1120 2183 est,
1153 2141 1299 2188 quam
1317 2123 1585 2189 profectum
1612 2125 1803 2172 alterius
1828 2142 1929 2172 non
1961 2125 2156 2172 amare?
2189 2124 2370 2173 Parebo
2389 2125 2530 2189 igitur

403 2199 624 2264 precibus
651 2202 743 2249 tuis
763 2238 775 2261 ,
808 2212 951 2267 teque
979 2214 1194 2268 paratam
1223 2204 1285 2251 ad
1309 2204 1605 2270 implendam
1631 2206 1719 2252 Dei
1745 2204 2063 2266 voluntatem,
2098 2206 2245 2271 ipsius
2267 2206 2391 2253 nitar
2413 2205 2530 2254 inci-

406 2287 506 2327 tare
529 2282 788 2329 sententiis.
817 2301 840 2327 »
874 2283 1098 2331 Audierat
1124 2284 1332 2332 fortassis
1356 2284 1457 2332 haec
1498 2295 1717 2332 matrona
1753 2285 1887 2349 quod
1923 2286 1973 2332 in
2010 2285 2201 2333 laudem
2238 2283 2410 2334 'sanctae
2445 2287 2530 2333 Su-

405 2375 563 2408 sannae
600 2363 840 2428 Scriptura
879 2376 1242 2413 commemorat.
1287 2369 1445 2424 Quam
1477 2384 1627 2431 quum
1659 2367 1960 2432 praemisisset
1991 2366 2241 2432 pulchram
2277 2368 2418 2414 nimis
2437 2403 2450 2427 ,
2485 2377 2531 2415 et

406 2439 651 2490 timentem
678 2445 835 2491 Deum
853 2480 867 2507 ,
899 2445 1028 2493 unde
1049 2446 1136 2513 hic.
1152 2447 1296 2494 timor
1322 2457 1369 2495 et
1392 2464 1532 2495 verus
1561 2448 1729 2495 animae
1752 2447 1899 2495 decor
1924 2437 2233 2513 procederet,
2261 2449 2417 2495 statim
2442 2464 2528 2495 an-

406 2522 568 2570 nexuit
603 2522 796 2571 dicens³
830 2544 840 2572 :
875 2530 1143 2575 «Parentes
1172 2530 1303 2576 enim
1329 2528 1481 2588 illius,
1518 2546 1668 2594 quum
1697 2539 1854 2576 essent
1883 2530 2026 2593 justi,
2068 2528 2345 2576 erudierunt
2382 2528 2530 2576 filiam

407 2617 542 2649 suam
567 2603 836 2652 secundum
861 2605 1015 2670 legem
1041 2609 1207 2671 Moysi.
1245 2628 1268 2652 υ
1298 2609 1442 2672 Cujus
1468 2609 1747 2656 eruditionis
1772 2610 1895 2656 inter
1920 2609 2159 2656 molestias
2183 2609 2458 2674 nuptiarum
2484 2618 2531 2656 et

406 2683 700 2732 saecularium
724 2686 1106 2751 perturbationes
1132 2690 1503 2753 occupationum
1530 2691 1748 2737 Susanna
1771 2706 1870 2736 non
1896 2690 2176 2750 immemor,
2207 2700 2254 2736 et
2277 2689 2421 2736 morti
2445 2688 2530 2737 ad·

401 2762 611 2826 judicata
627 2801 639 2825 ,
680 2767 809 2832 ipsos
833 2785 945 2815 suos
964 2768 1149 2832 judices
1183 2779 1325 2834 atque
1349 2770 1652 2835 presbyteros
1676 2770 1905 2818 damnare
1929 2771 2207 2836 promeruit.
2244 2773 2399 2828 Quem
2423 2757 2530 2835 clui-

406 2843 516 2891 dem
542 2846 591 2892 in
617 2848 814 2896 Daniele
837 2849 998 2897 locum
1021 2851 1123 2916 ipse
1148 2851 1468 2915 Hieronymus
1486 2864 1734 2918 exponens
1748 2889 1760 2912 ,
1788 2852 1907 2900 illud
1922 2852 2055 2917 quod
2072 2853 2253 2900 dictum
2272 2862 2342 2900 est
2364 2870 2374 2898 :
2401 2871 2423 2897 «
2446 2855 2531 2899 Pa-

407 2936 564 2974 rentes
589 2927 712 2976 illius
728 2965 740 2989 ‚
765 2946 915 2994 quum
940 2941 1095 2979 essent
1109 2932 1249 2995 justi,
1277 2933 1554 2981 erudierunt
1578 2933 1725 2981 filiam
1749 2950 1907 2995 suam,
1930 2944 2043 2994 etc.,
2063 2953 2088 2978 »
2115 2935 2163 2980 in
2190 2933 2531 2980 exhortationis
2583 2933 2587 2937 ’

405 3019 733 3074 competenter
774 3028 1020 3059 assumens
1055 3014 1355 3061 occasionem
1373 3050 1385 3074 ,
1428 3014 1522 3061 ait⁴
1558 3033 1569 3061 :
1619 3018 1765 3062 «Hoc
1790 3014 2023 3062 utendum
2063 3024 2133 3062 est
2166 3014 2439 3061 testimonio
2469 3013 2531 3060 ad

409 3087 790 3138 exhortationem
822 3102 1100 3157 parentum,
1138 3103 1190 3140 ut
1215 3093 1419 3141 doceant
1453 3094 1587 3157 juxta
1623 3094 1776 3160 legem
1802 3096 1891 3142 Dei
1921 3111 2288 3159 sermonemque
2314 3093 2532 3142 divinum

409 3185 508 3216 non
535 3170 690 3218 solum
717 3171 869 3234 filios,
899 3173 983 3220 sed
1009 3184 1056 3220 et
1080 3173 1199 3222 filias
1223 3191 1347 3222 suas.
1376 3194 1399 3219 »
1431 3178 1489 3223 Et
1515 3176 1627 3240 quia
1653 3176 1735 3223 diu
1764 3193 1841 3223 me
1867 3186 1963 3223 tam
1989 3175 2252 3223 litterarum
2278 3192 2425 3240 quam
2442 3175 2533 3223 vir-

410 3257 563 3297 tutum
602 3252 834 3318 impedire
869 3253 1025 3301 studia
1050 3253 1313 3319 plurimum
1342 3255 1519 3316 solent,
1556 3271 1750 3303 omnem
1789 3255 1923 3303 vobis
1956 3255 2249 3321 negligentiae
2286 3266 2531 3323 torporem

455 3456 464 3473 ¹
484 3457 632 3492 Getantia
661 3459 743 3494 Cod.
771 3460 856 3494 Vict.
872 3459 942 3487 -·'
966 3461 1069 3505 Epist.
1095 3471 1193 3502 cxix,
1226 3462 1307 3504 Opp.
1339 3469 1363 3495 t.
1394 3462 1450 3504 lv,
1482 3462 1545 3496 col.
1579 3464 1654 3495 810.
1679 3480 1719 3486 -—
1737 3462 1750 3480 ⁸
1771 3462 1868 3505 Bam,
1895 3472 1969 3507 cap.
1997 3475 2075 3504 ¹111,
2101 3476 2130 3498 v.
2152 3467 2185 3498 3.
2212 3483 2251 3490 —-
2276 3464 2290 3483 ⁴
2314 3467 2396 3508 Opp.
2416 3471 2441 3499 t.
2462 3465 2531 3506 111,

410 3516 474 3549 col.
497 3518 595 3551 1134.

570 3588 584 3617 1
2321 3585 2373 3624 30
