2970 4152
1226 401 1543 450 EPISTOLAE.
2353 404 2373 449 ⁴
2386 402 2446 449 69

330 495 408 543 dia
427 496 739 562 periculosior
757 533 771 558 ,
794 514 941 562 quam
967 498 1267 546 animarum?
1291 518 1313 543 α
1337 498 1491 546 Nolite
1510 535 1522 557 ,
1547 518 1570 542 »
1602 499 1756 563 inquit
1776 499 2009 558 Veritas¹,
2034 517 2056 543 «
2077 499 2243 545 timere
2263 515 2345 545 eos
2363 501 2446 562 qui

334 578 559 625 occidunt
584 596 784 645 corpus,
811 581 980 628 animae
1005 597 1119 627 vero
1144 595 1244 627 non
1268 579 1449 627 habent
1475 579 1592 644 quid
1616 580 1803 629 faciant.
1831 598 1854 624 »
1882 580 1930 626 Si
1948 579 2055 643 quis
2071 578 2166 625 hoc
2184 578 2317 626 audit
2335 595 2450 625 cou-

335 659 492 706 silium
509 696 521 720 ,
560 661 664 724 quis
693 678 791 709 non
821 663 970 726 magis
990 671 1191 709 mortem
1220 654 1605 726 corporisquam
1633 661 1800 707 animae
1824 660 1994 708 timet?
2029 661 2146 718 Quis
2171 676 2271 706 non
2303 661 2451 724 magis

335 739 544 804 gladium
570 748 715 805 quam
739 743 1045 790 mendacium
1070 738 1241 790 cavet?
1271 744 1330 788 Et
1353 752 1513 789 tamen
1540 742 1769 806 scriptum
1795 751 1864 787 est
1880 742 1920 786 ²:
1948 761 1970 785 «
1992 743 2058 787 Os
2074 741 2207 804 quod
2226 742 2453 788 mentitur

337 821 510 867 occidit
529 822 752 868 animam.
773 841 796 866 »
816 823 943 880 Quid
959 833 1056 869 tam
1076 822 1209 869 facile
1226 821 1426 869 interfici
1446 838 1592 886 quam
1610 822 1768 867 anima
1787 820 1974 886 potest?
1994 823 2109 878 Quae
2135 821 2299 884 sagitta
2316 821 2453 868 citius

337 900 550 948 fabricari
577 919 723 966 quam
744 914 994 967 peccatum
1022 903 1180 950 valet?
1207 903 1325 960 Quis
1342 902 1431 949 sibi
1449 918 1477 948 a
1495 901 1781 966 cogitatione
1801 901 1966 947 saltem
1985 901 2236 965 providere
2262 901 2451 966 potest?

339 982 455 1039 Quis
472 983 678 1047 propriis
693 984 900 1048 peccatis
918 984 1172 1048 providere
1198 982 1388 1043 sufficit,
1408 982 1590 1030 nedum
1609 980 1808 1028 alienis?
1829 981 1945 1038 Quis
1959 980 2158 1027 carnalis
2176 991 2338 1046 pastor
2360 982 2454 1045 spi-

338 1061 494 1109 ritales
517 1079 630 1109 oves
643 1063 806 1128 alupis
823 1064 1127 1129 spiritalibus,
1151 1063 1408 1110 invisibiles
1427 1062 1813 1110 abinvisibilibus
1837 1061 2075 1108 custodire
2089 1061 2321 1108 sufficiat?
2339 1062 2470 1120 Quis

339 1151 577 1207 raptorem
593 1159 691 1190 non
711 1144 900 1206 timeat,
929 1146 1012 1209 qui
1034 1144 1254 1191 infestare
1278 1161 1379 1190 non
1398 1153 1575 1203 cessat,
1606 1159 1750 1207 quem
1778 1141 1910 1188 nullo
1938 1157 2190 1206 possumus
2209 1141 2458 1189 excludere

337 1223 490 1284 vallo,
537 1225 669 1272 nullo
710 1225 977 1274 interficere
1007 1226 1094 1282 ‚vel
1135 1226 1307 1273 laedere
1339 1225 1532 1289 gladio?
1572 1241 1717 1289 quem
1750 1224 2040 1270 incessanter
2074 1223 2379 1271 insidiantem
2413 1234 2458 1270 et

339 1305 542 1352 maxime
567 1306 807 1370 religiosos
832 1316 1199 1372 persequentem
1217 1342 1229 1366 ,
1254 1306 1388 1369 juxta
1422 1306 1542 1352 illud
1566 1304 1843 1352 Habacuc‘:
1874 1324 1898 1349 «
1918 1307 2045 1351 Escae
2072 1304 2195 1350 illius
2219 1304 2378 1351 electae
2398 1341 2409 1363 ,
2433 1324 2454 1348 n

342 1387 503 1432 Petrus
529 1387 773 1451 apostolus
802 1387 1071 1435 cavendum
1095 1387 1376 1435 adhortatur
1393 1422 1407 1444 ,
1440 1386 1605 1434 dicens
1623 1388 1636 1410 ⁴
1660 1404 1669 1432 :
1702 1405 1726 1431 «
1748 1385 2051 1433 Adversarius
2070 1395 2224 1432 vester
2241 1385 2461 1433 diabolus

338 1475 564 1530 tanquam
597 1467 673 1514 leo
708 1469 925 1532 rugiens,
955 1469 1121 1516 circuit
1151 1485 1367 1533 quaerens
1398 1485 1543 1532 quem
1578 1467 1790 1515 devoret.
1818 1486 1840 1510 »
1880 1466 2024 1530 Cujus
2050 1476 2228 1531 quanta
2254 1467 2312 1513 sit
2346 1483 2460 1531 prae-

338 1547 546 1611 sumptio
584 1547 633 1594 in
669 1548 978 1596 devoratione
1013 1559 1176 1597 nostra
1192 1585 1204 1609 ,
1246 1550 1351 1614 ipse
1379 1548 1615 1595 Dominus
1639 1548 1783 1595 beato
1808 1546 1899 1594 Job
1924 1547 2066 1594 dicit⁵
2092 1565 2101 1593 :
2135 1566 2158 1592 «
2184 1546 2462 1594 Absorbebit

341 1624 563 1686 fluvium,
593 1638 639 1674 et
663 1644 763 1675 non
784 1629 1032 1677 mirabitur
1047 1665 1059 1689 ,
1091 1640 1138 1676 et
1163 1629 1304 1677 habet
1332 1628 1557 1676 fiduciam
1575 1628 1708 1692 quod
1735 1628 1904 1674 influat
1925 1627 2143 1674 Jordanis
2163 1628 2211 1673 in
2230 1644 2284 1674 os
2300 1628 2458 1691 ejus.»

339 1706 468 1763 Quid
500 1707 628 1754 enim
653 1709 844 1772 aggredi
869 1727 967 1757 non
995 1719 1278 1775 praesumat,
1313 1710 1396 1774 qui
1422 1709 1580 1774 ipsum
1607 1725 1801 1773 quoque
1825 1708 2087 1754 Dominum
2120 1725 2362 1772 aggressus
2394 1719 2464 1755 est

341 1787 557 1834 tentare?
592 1789 685 1846 Qui
725 1789 786 1836 de
822 1790 1044 1854 paradiso
1071 1791 1227 1838 statim
1256 1791 1437 1856 primos
1466 1799 1685 1856 parentes
1716 1790 1998 1854 captivavit,
2030 1799 2078 1835 et
2110 1788 2171 1835 de
2201 1789 2463 1853 apostolico

340 1876 464 1914 coetu
501 1867 658 1932 ipsum
697 1870 869 1929 etiam,
909 1887 1055 1934 quem
1083 1871 1319 1934 Dominus
1355 1871 1585 1935 elegerat,
1623 1870 1893 1935 apostolum
1928 1869 2116 1935 rapuit?
2158 1870 2275 1926 Quis
2312 1869 2372 1916 ab
2407 1886 2465 1916 eo

336 1945 471 1993 locus
495 1947 657 1995 tutus?
679 1951 794 2006 Quae
818 1949 1022 1998 claustra
1046 1950 1114 1998 illi
1138 1968 1238 1998 non
1265 1961 1375 1998 sunt
1400 1950 1596 2017 pervia?
1623 1951 1740 2009 Quis
1765 1949 1826 1997 ab
1852 1951 1952 2013 ejus
1977 1949 2158 1996 insidiis
2183 1949 2462 2014 providere,

338 2028 444 2091 quis
480 2028 581 2092 ejus
619 2030 886 2079 fortitudini
909 2032 1034 2080 valet
1059 2034 1309 2081 resistere?
1341 2036 1448 2099 lpse
1474 2043 1543 2080 est
1567 2034 1650 2097 qui
1682 2049 1782 2078 uno
1809 2031 2015 2096 impulsu
2044 2031 2323 2078 concutiens
2356 2047 2471 2095 qua-

340 2118 450 2155 tuor
473 2108 672 2173 angulos
700 2110 875 2159 domus
899 2113 1049 2159 sancti
1073 2114 1162 2160 viri
1186 2113 1277 2160 Job
1294 2115 1333 2173 ⁶,
1375 2112 1498 2160 filios
1524 2123 1570 2160 et
1595 2111 1714 2159 filias
1747 2112 2025 2158 innocentes
2051 2111 2284 2175 oppressit
2318 2121 2364 2157 et
2395 2128 2471 2158 ex-

273 2204 278 2209 ·
342 2189 492 2236 tinxit.
523 2189 650 2248 Quid
676 2207 813 2239 sexus
848 2192 1083 2241 infirmior
1110 2195 1336 2243 adversus
1363 2194 1519 2258 ipsum
1547 2191 1761 2257 poterit?
1791 2192 1878 2238 Cui
1905 2191 2119 2238 seductio
2151 2191 2252 2254 ejus
2285 2201 2471 2238 tantum

339 2271 551 2319 timenda
575 2283 645 2320 est
664 2309 676 2334 ,
708 2284 942 2338 quantum
968 2276 1187 2323 feminae?
1208 2279 1342 2323 Hanc
1367 2276 1545 2341 quippe
1571 2276 1671 2341 ipse
1688 2276 1895 2340 primum
1916 2274 2131 2334 seduxit,
2154 2284 2200 2322 et
2216 2292 2302 2339 per
2320 2275 2471 2340 ipsam

336 2351 492 2399 virum
529 2352 630 2416 ejus
664 2354 869 2419 pariter,
908 2364 954 2402 et
992 2364 1143 2402 totam
1183 2356 1509 2421 posteritatem
1539 2355 1809 2421 captivavit.
1855 2354 2100 2419 Cupiditas
2128 2354 2323 2418 majoris
2352 2353 2470 2401 boni

338 2433 637 2495 possessione
672 2434 871 2481 minoris
906 2435 1153 2483 mulierem
1188 2436 1406 2501 privavit.
1437 2439 1536 2482 Hac
1563 2451 1758 2499 quoque
1785 2443 1885 2481 arte
1908 2451 2037 2481 nunc
2063 2434 2196 2481 facile
2221 2434 2469 2482 mulierem

339 2510 535 2559 seducet
553 2549 566 2572 ,
602 2530 751 2577 quum
780 2531 980 2579 praeesse
1009 2516 1159 2579 magis
1189 2532 1333 2580 quam
1364 2515 1593 2581 prodesse
1633 2515 1865 2580 cupierit,
1909 2531 2069 2562 rerum
2098 2514 2359 2562 ambitione
2393 2516 2469 2563 vel

339 2590 536 2638 honoris
564 2592 626 2639 ad
655 2592 751 2639 hoc
779 2594 998 2659 impulsa,
1024 2595 1169 2652 Quod
1192 2605 1352 2642 autem
1381 2595 1557 2642 horum
1583 2595 1874 2660 praecesserit
1901 2595 2146 2659 sequentia
2173 2594 2464 2660 probabunt.

337 2672 384 2718 Si
412 2687 526 2719 vero
551 2671 797 2720 delicatius
824 2675 992 2721 vixerit
1021 2675 1213 2739 praelata
1247 2692 1394 2739 quam
1421 2674 1658 2738 subjecta,
1692 2674 1767 2722 vel
1799 2675 1838 2722 si
1862 2691 2006 2740 supra
2030 2676 2360 2722 necessitatem
2384 2676 2468 2722 ali-

337 2752 455 2816 quid
485 2752 573 2800 sibi
600 2753 838 2818 peculiare
871 2755 1211 2815 vindicaverit,
1243 2772 1343 2803 non
1382 2755 1583 2802 dubium
1618 2766 1688 2803 est
1711 2755 1806 2802 hoc
1831 2772 1936 2803 eam
1962 2756 2261 2821 concupisse.
2291 2757 2339 2803 Si
2363 2773 2469 2821 pre-

340 2834 534 2880 tiosiora
571 2834 883 2898 postmodum
918 2853 1064 2900 quam
1101 2846 1241 2884 antea
1276 2836 1512 2901 quaesierit
1544 2846 1855 2896 ornamenta,
1899 2837 2114 2901 profecto
2155 2852 2276 2884 vana
2319 2847 2470 2885 tumet

342 2913 506 2977 gloria.
537 2913 700 2970 Qualis
718 2915 848 2979 prius
867 2916 1071 2963 extiterit
1087 2915 1400 2981 postmodum
1418 2914 1679 2981 apparebit.
1704 2916 1848 2974 Quod
1867 2917 1999 2982 prius
2017 2915 2284 2976 exhibebat,
2308 2927 2468 2964 utrum

342 2995 487 3042 virtus
512 2994 650 3042 fuerit
674 3011 736 3042 an
771 2996 1009 3044 simulatio
1029 3033 1041 3056 ,
1079 2996 1310 3044 indicabit
1342 2996 1567 3062 praelatio.
1609 2997 1839 3046 Trahatur
1862 2996 1931 3044 ¹ad
1965 2997 2288 3062 praelationem
2321 2999 2470 3062 magis

340 3091 484 3139 quam
509 3075 667 3122 veniat
686 3111 698 3134 ,
726 3075 913 3123 dicente
938 3078 1150 3128 Domino
1168 3080 1181 3102 ⁷
1201 3095 1210 3122 ε
1242 3098 1265 3122 «
1288 3079 1468 3125 Omnes
1493 3087 1732 3142 quotquot
1750 3078 1969 3136 veniunt,
1993 3077 2119 3124 fures
2136 3087 2247 3124 sunt
2261 3087 2309 3125 et
2327 3077 2469 3125 latro—

341 3172 475 3203 nes.»
499 3157 744 3203 Venerunt
759 3192 772 3216 ,
802 3157 958 3221 inquit
984 3158 1303 3222 Hieronymus
1319 3194 1332 3218 ,
1365 3178 1388 3203 ι(
1410 3174 1512 3206 non
1537 3159 1620 3222 qui
1638 3158 1769 3204 missi
1792 3168 1918 3205 sunt.
1941 3177 1964 3202 υ
1987 3160 2210 3205 Sumatur
2227 3158 2387 3223 potius
2406 3159 2467 3205 ad

345 3236 579 3283 honorem
607 3252 752 3301 quam
784 3236 872 3284 sibi
901 3247 1055 3284 sumat
1083 3237 1320 3285 honorem
1345 3257 1354 3285 :
1383 3259 1406 3283 «
1431 3241 1582 3285 Nemo
1608 3258 1631 3282 »
1653 3239 1804 3298 enim,
1834 3239 1987 3302 inquit
2008 3238 2311 3303 Apostolus⁸,
2339 3259 2361 3284 «
2379 3239 2466 3285 sibi

387 3389 396 3405 ‘
422 3389 641 3434 Matth.,cap.
659 3400 746 3432 x‚v.
762 3391 958 3431 28.—Luc.‚
975 3401 1048 3435 cap.
1067 3403 1131 3433 ιιι,
1148 3402 1177 3425 v.
1198 3391 1383 3425 4.-'Sa-
1427 3404 1455 3426 v.
1491 3395 1542 3426 19.
1564 3411 1601 3416 —
1627 3393 1637 3410 ⁷
1660 3393 1769 3432 ,ΙυειιιΙ
1791 3403 1866 3437 cap.
1895 3403 1941 3434 x,
1975 3404 2006 3427 v.
2033 3394 2065 3426 8.
2083 3411 2125 3418 -
2147 3393 2158 3411 ⁸
2178 3394 2291 3432 Ηεὺν..
2324 3403 2397 3437 cap.
2423 3404 2463 3433 v,

341 3449 455 3485 pient„
472 3456 546 3490 cap.
564 3457 593 3486 ι,
611 3457 640 3479 v.
664 3446 936 3488 11.—·Habac.‚
954 3459 1026 3491 cap.
1043 3459 1071 3488 ι,
1089 3459 1120 3481 v.
1140 3451 1191 3482 16.
1204 3448 1382 3487 -⁴Petr.‚
1428 3460 1457 3483 v.
1484 3451 1517 3482 4.

344 3512 417 3546 cap.
436 3512 471 3543 v,
490 3515 521 3537 v.
538 3507 571 3537 8.
590 3523 627 3528 -—
646 3506 733 3538 'Job
747 3529 758 3544 ,
775 3515 849 3548 cap.
868 3516 928 3545 ιι,
949 3515 979 3536 ν.
997 3505 1047 3537 18.
1068 3523 1107 3529 --
1122 3504 1134 3522 ⁸
1148 3505 1248 3546 lbid.,
1264 3515 1337 3548 cap.
1353 3517 1381 3543 ι,

505 3573 518 3602 1
2254 3564 2306 3603 22
