2970 4152
514 370 610 417 480
1315 371 1486 418 PETRI
1522 372 1837 420 ABAELARDI

514 465 597 528 qui
619 465 757 512 datus
780 475 849 512 est
881 465 1038 512 nobis.
1061 484 1084 509 »
1110 464 1314 523 Diffusa,
1352 466 1531 530 inquit,
1570 467 1730 531 potius
1763 483 1910 531 quam
1937 466 2117 524 infusa3
2149 466 2245 513 hoc
2273 476 2343 513 est
2371 466 2566 514 dilatata
2586 467 2635 513 in

515 544 813 607 plenitudine
836 545 1098 604 donorum,
1118 562 1219 591 non
1234 545 1423 593 stillata.
1450 547 1668 610 Legimus
1691 557 1738 594 et
1760 548 2024 594 Dominum
2047 546 2125 592 die
2147 547 2507 594 resurrectionis
2529 548 2638 611 Spi-

514 626 659 672 ritum
677 626 902 691 apostolis
925 627 1217 673 insufflando
1243 626 1429 674 dedisse
1453 630 1595 692 atque
1619 628 1810 675 dixisse¹
1832 648 1842 675 :
1867 648 1889 673 «
1910 628 2118 693 Accipite
2139 629 2367 693 Spiritum
2390 637 2634 686 sanctum;

514 722 722 769 quorum
744 707 1018 753 remiseritis
1040 717 1255 772 peccata,
1273 717 1364 754 etc,
1381 727 1404 752 »
1433 712 1491 755 Et
1513 719 1630 755 tunc
1650 709 1848 772 quidem
1873 708 2075 772 Spiritus
2093 708 2321 772 apostolis
2344 718 2413 755 est
2435 708 2634 767 infusus,

514 803 614 833 non
654 787 719 833 eis
758 786 957 834 diffusus
985 806 994 834 :
1021 788 1116 834 hoc
1151 798 1244 846 est,
1282 788 1344 836 ad
1378 806 1530 842 unum
1564 789 1812 853 potestatis
1844 789 2029 835 donum
2070 789 2136 835 eis
2172 788 2398 847 collatus,
2438 805 2539 835 non
2577 787 2639 835 ad

515 867 678 913 omnia
713 866 999 915 charismata
1029 867 1267 915 dilatatus.
1310 870 1454 926 Quod
1492 870 1656 933 utique
1695 869 1881 915 donum
1911 869 1961 915 in
1999 869 2238 932 subjectos
2273 870 2432 934 potius
2469 868 2641 915 redun-

515 946 671 1006 daret,
694 963 840 1010 quam
862 938 909 992 in
931 948 1043 1013 ipsis
1067 947 1387 996 fructificaret.
1414 952 1513 995 Hac
1531 966 1646 995 vero
1667 948 1767 1007 die,
1788 964 1882 1012 qua
1902 948 2213 1012 intelligentia
2234 959 2345 996 sunt
2360 947 2635 1005 illuminati,

515 1036 561 1073 et
589 1026 698 1089 igne
733 1026 939 1073 caritatis
968 1028 1176 1086 accensi,
1215 1029 1264 1074 in
1294 1029 1428 1075 omni
1456 1028 1701 1075 bonorum
1729 1027 2022 1092 perfectione
2058 1038 2170 1074 sunt
2198 1027 2534 1075 consummati.
2568 1026 2640 1074 Ad

515 1106 640 1152 hanc
663 1123 745 1153 eos
768 1107 1236 1154 consummationem
1260 1117 1359 1154 tam
1381 1109 1664 1154 resurrectio
1684 1108 1880 1155 Domini
1903 1124 2050 1171 quam
2076 1109 2289 1154 ascensio
2313 1106 2596 1171 praeparavit
2625 1124 2635 1152 ε

514 1187 634 1232 sicut
651 1186 857 1252 populus
877 1188 964 1234 Dei
978 1187 1130 1251 legem
1143 1198 1466 1252 suscepturus,
1485 1188 1637 1235 biduo
1652 1181 1713 1234 ad
1726 1187 1853 1235 hanc
1867 1188 2221 1252 susceptionem
2238 1197 2309 1234 est
2327 1195 2636 1252 praeparatus,

515 1266 726 1312 Domino
754 1283 840 1332 per
869 1269 1064 1330 Moysen
1093 1267 1301 1313 dicente²
1328 1286 1338 1313 :
1369 1287 1391 1311 «
1414 1271 1576 1314 Estote
1598 1268 1752 1332 parati
1778 1268 1826 1314 in
1858 1267 1987 1315 diem
2016 1268 2235 1326 tertium,
2266 1276 2357 1313 etc.
2381 1284 2404 1310 »
2432 1265 2554 1311 Hinc
2579 1263 2640 1311 de
2681 1291 2687 1296 ·

516 1348 863 1394 resurrectione
885 1348 1064 1412 pariter
1086 1357 1133 1394 et
1161 1349 1439 1394 ascensione
1456 1348 1687 1413 scriptum
1713 1349 1802 1394 est⁸
1830 1366 1839 1394 :
1871 1347 2134 1394 «Nondum
2163 1347 2293 1393 enitn
2316 1355 2417 1393 erat
2440 1344 2640 1409 Spiritus

517 1428 679 1487 datus,
700 1428 812 1492 quia
836 1431 969 1474 Jesus
988 1427 1215 1474 'nondum
1237 1427 1390 1475 fuerat
1419 1428 1725 1495 glorificatus.
1749 1446 1772 1472 »
1799 1431 1857 1474 Et
1886 1429 2096 1474 rursum⁴
2125 1445 2135 1472 ε
2167 1425 2406 1491 «Expedit
2428 1424 2567 1472 vobis
2588 1433 2641 1470 ut

518 1524 606 1571 ego
629 1507 820 1554 vadam.
850 1508 946 1554 Nisi
971 1508 1099 1554 enim
1124 1507 1314 1567 abiero,
1342 1508 1599 1556 Paraclitus
1621 1525 1720 1555 non
1751 1508 1968 1555 veniet.»
1995 1511 2058 1554 Ut
2080 1523 2193 1570 ergo
2223 1506 2423 1570 Spiritus
2451 1513 2642 1551 sanctus

515 1588 721 1647 veniret,
749 1598 848 1635 tam
876 1589 1236 1635 resurrectionis
1259 1605 1406 1652 quam
1436 1590 1727 1636 ascensionis
1755 1588 1904 1652 gloria
1927 1588 2141 1635 Christus
2164 1587 2316 1634 fuerat
2338 1585 2638 1642 exaltandus3

516 1681 569 1717 ut
582 1672 648 1717 sic
662 1671 881 1736 discipuli
897 1681 995 1718 tam
1010 1670 1104 1717 fide
1121 1687 1267 1735 quam
1285 1688 1368 1736 spe
1386 1671 1554 1718 futurae
1572 1656 1847 1718 beatudinis⁶
1860 1669 2094 1728 roborati,
2110 1669 2401 1735 promissum
2414 1667 2642 1732 Spiritum

516 1751 730 1816 accipere
762 1761 1083 1810 mererentur,
1118 1761 1170 1797 ut
1202 1767 1288 1815 per
1316 1767 1427 1797 eum
1446 1788 1457 1810 ,
1505 1752 1588 1815 qui
1616 1767 1753 1797 amor
1782 1750 1980 1808 dicitur,
2012 1757 2464 1796 consummarentur
2492 1747 2540 1794 in
2570 1762 2644 1794 ca-

516 1831 671 1878 ritate.
710 1832 968 1878 Caritatem
1007 1832 1208 1897 quippe,
1250 1848 1354 1896 quae
1388 1841 1498 1896 post
1532 1830 1680 1878 fidem
1714 1841 1760 1877 et
1789 1847 1924 1895 spem
1961 1829 2226 1895 perfectum
2262 1826 2434 1886 efficit,
2467 1836 2514 1872 et
2541 1825 2642 1873 sola
2711 1842 2713 1844 ’

517 1909 639 1958 filios
663 1912 751 1958 Dei
771 1929 798 1959 a
821 1911 927 1959 filiis
950 1912 1130 1959 diaboli
1153 1912 1403 1972 discernit,
1426 1911 1527 1959 haec
1545 1912 1646 1959 dies
1665 1911 1893 1977 apostolis
1913 1909 2133 1968 contulit,
2153 1909 2273 1956 sicut
2290 1907 2521 1972 scriptum
2544 1916 2637 1953 est:

522 2012 542 2037 t(
562 1993 742 2040 Caritas
764 1994 853 2039 Dei
875 1993 1049 2041 diffusa
1072 1978 1165 2053 est,
1204 2004 1294 2041 etc.
1316 2013 1339 2039 ))

584 2076 692 2119 Haec
715 2090 828 2136 ergo
851 2073 1076 2121 festivitas
1099 2075 1306 2122 caritatis
1325 2085 1460 2122 tanto
1485 2076 1664 2122 caeteris
1691 2073 1996 2122 excellentior
2017 2069 2231 2130 videtur,
2266 2077 2450 2134 quanto
2472 2067 2643 2114 caritas

519 2155 697 2202 caeteris
719 2155 975 2203 virtutibus
1004 2157 1103 2203 sive
1126 2156 1267 2204 donis
1289 2157 1376 2203 Dei
1404 2158 1685 2222 praeminere
1708 2156 1939 2203 noscitur.
1972 2158 2031 2201 Et
2053 2154 2166 2218 quia
2193 2153 2351 2198 minus
2381 2159 2451 2197 est
2472 2148 2535 2196 ad
2556 2147 2644 2194 ho-

519 2235 661 2282 minis
682 2235 1025 2300 perfectionem
1047 2239 1203 2283 Deum
1225 2253 1408 2296 amare,
1427 2237 1516 2283 nisi
1540 2247 1587 2283 et
1608 2236 1726 2284 alios
1748 2237 1795 2282 in
1821 2251 2038 2282 amorem
2060 2234 2160 2296 ejus
2182 2241 2348 2278 nostra
2368 2227 2642 2295 praedicatio

519 2317 636 2363 sciat
658 2317 942 2376 accendere,
978 2327 1031 2363 ut
1051 2318 1186 2382 quod
1208 2318 1405 2365 facimus
1440 2313 1558 2365 alios
1592 2318 1877 2376 doceamus,
1910 2317 2045 2380 juxta
2075 2314 2192 2361 illud
2225 2312 2446 2359 Veritatis
2467 2325 2644 2375 praeco-

521 2398 674 2444 nium⁵
702 2416 712 2444 :
743 2398 879 2455 «Qui
908 2407 1068 2444 autem
1102 2398 1264 2445 fecerit
1292 2408 1339 2446 et
1366 2399 1584 2446 docuerit
1611 2399 1679 2445 sic
1706 2398 1954 2455 homines,
1984 2396 2064 2442 hic
2092 2410 2294 2457 magnus
2321 2390 2572 2438 vocabitur
2594 2389 2642 2435 in

521 2495 668 2542 regno
692 2478 947 2537 coelorum,
971 2497 993 2522 υ
1025 2479 1210 2526 caritati
1232 2479 1578 2545 discipulorum
1600 2479 1823 2526 doctrina
1844 2488 1914 2525 est
1936 2477 2122 2535 addita,
2143 2485 2196 2522 ut
2218 2475 2266 2520 in
2290 2483 2495 2536 utroque
2515 2471 2644 2535 ipsos

519 2577 724 2625 praesens
753 2570 1109 2607 consummaret
1137 2560 1254 2607 dies.
1288 2561 1426 2608 Unde
1455 2571 1502 2608 et
1523 2560 1647 2607 bene
1675 2561 1725 2607 in
1754 2559 1903 2624 igneis
1933 2558 2106 2621 linguis
2134 2571 2276 2621 super
2305 2570 2387 2600 eos
2410 2566 2643 2616 apparen-

518 2639 646 2687 tibus
679 2640 830 2687 sancti
864 2641 1065 2704 Spiritus
1099 2640 1333 2688 revelatus
1375 2651 1445 2688 est
1482 2641 1740 2699 adventus,
1782 2650 1836 2686 ut
1871 2638 2094 2685 videlicet
2133 2635 2254 2699 ignis
2292 2644 2338 2680 et
2374 2632 2644 2695 linguarum

520 2723 675 2788 specie
698 2722 1003 2769 manifestum
1024 2723 1213 2786 signum
1236 2724 1412 2770 amoris
1435 2734 1481 2770 et
1510 2723 1766 2780 doctrinae3
1798 2731 1851 2768 ut
1872 2737 1958 2786 per
1980 2734 2195 2766 amorem
2217 2715 2330 2772 sibi,
2363 2729 2449 2778 per
2470 2710 2646 2758 doctri-

522 2819 634 2850 nam
661 2802 950 2868 proficerent
973 2802 1090 2849 aliis.
1124 2806 1218 2850 Lex
1246 2803 1358 2851 data
1386 2804 1436 2850 in
1465 2813 1631 2850 monte
1654 2803 1808 2860 Sinai,
1838 2802 2064 2847 timorem
2091 2795 2327 2844 incutiens
2349 2794 2399 2840 in
2421 2791 2646 2838 servitute

522 2885 699 2947 genuit.
740 2884 940 2948 Spiritus
973 2899 1088 2929 vero
1120 2884 1169 2930 in
1204 2884 1529 2949 superioribus
1552 2882 1788 2931 coenaculi
1818 2881 1980 2939 datus,
2006 2879 2067 2926 de
2089 2894 2186 2942 quo
2210 2872 2463 2940 Apostolus
2479 2909 2490 2930 ,
2522 2870 2605 2917 ait⁸
2631 2887 2641 2915 :

527 2983 549 3007 «
572 2964 665 3010 Ubi
702 2963 902 3028 Spiritus
938 2963 1157 3022 Domini,
1196 2963 1263 3010 ibi
1302 2964 1520 3023 libertas,
1540 2983 1563 3008 »
1611 2980 1774 3011 servos
1811 2962 1861 3008 in
1899 2959 2022 3006 filios
2062 2955 2321 3013 convertit,
2361 2953 2482 2999 sicut
2517 2949 2646 2996 idem

524 3044 768 3109 apostolus
799 3044 860 3091 ad
883 3046 1127 3097 Romanos
1149 3044 1361 3090 scribit⁷z
1387 3064 1409 3088 «
1423 3047 1529 3090 Non
1553 3045 1681 3091 enim
1706 3042 1951 3107 accepistis
1973 3039 2193 3104 spiritum
2215 3032 2452 3082 servitutis
2473 3030 2647 3076 iterum

524 3125 571 3171 in
590 3125 780 3183 timore,
799 3125 883 3171 sed
906 3125 1151 3189 accepistis
1174 3125 1395 3190 spiritum
1418 3124 1711 3188 adoptionis,
1729 3124 1777 3168 in
1802 3138 1900 3186 quo
1923 3120 2183 3167 clamamus
2202 3134 2211 3162 :
2235 3135 2258 3159 «
2275 3112 2427 3168 Abba,
2452 3118 2603 3174 pater.
2620 3126 2643 3151 »

526 3208 582 3251 Et
605 3205 666 3251 ad
688 3205 898 3252 Galatas⁸
924 3224 933 3251 :
965 3205 1269 3262 «Quoniam,
1293 3223 1314 3249 »
1339 3205 1494 3269 inquit
1508 3242 1518 3262 ,
1549 3204 1699 3250 «estis
1722 3202 1833 3261 filii,
1858 3201 1986 3248 misit
2007 3202 2134 3245 Deus
2156 3195 2375 3268 spiritum
2398 3190 2481 3236 filii
2502 3189 2575 3235 sui
2596 3189 2646 3235 in

572 3407 580 3423 ¹
607 3407 715 3445 loan„
739 3417 813 3450 cap.
829 3418 892 3447 xx,
911 3417 941 3439 v.
965 3408 1018 3439 23.
1032 3423 1074 3431 --
1091 3406 1104 3423 ²
1125 3409 1252 3446 Exod„
1272 3418 1345 3450 cap.
1363 3418 1418 3439 xix
1432 3431 1440 3446 ‚
1457 3417 1487 3439 v.
1510 3407 1560 3438 15.
1620 3405 1632 3422 ⁵
1647 3404 1776 3444 Matth.‚
1793 3414 1866 3446 cap.
1884 3414 1917 3442 v,
1935 3412 1965 3434 v,
1986 3402 2036 3434 29.
2054 3416 2098 3423 —
2114 3397 2126 3415 ⁶
2142 3395 2283 3430 Corinth.
2305 3395 2356 3433 ΙΙ,
2375 3403 2450 3436 cap.
2470 3403 2521 3431 ιιι,
2539 3401 2569 3421 v·
2594 3389 2645 3420 17-

525 3481 568 3489 --
586 3464 597 3480 ³
612 3464 722 3506 Joan.,
738 3474 812 3507 cap.
828 3475 881 3497 viu
894 3489 902 3504 ‚
918 3474 946 3496 v.
966 3465 1019 3496 39.
1036 3481 1078 3488 —
1093 3463 1106 3481 ⁴
1120 3464 1231 3504 Joan„
1248 3474 1324 3507 cap.
1342 3474 1396 3496 xvi
1409 3488 1417 3503 ,
1438 3474 1470 3496 v.
1484 3465 1563 3496 7.—
1618 3461 1680 3485 -7
1696 3462 1805 3499 Rom„
1820 3470 1894 3503 cap.
1912 3469 1984 3497 vm,
1998 3468 2028 3489 v.
2050 3457 2098 3489 15.
2118 3473 2156 3478 —-
2170 3452 2182 3470 ⁸
2203 3453 2327 3490 Galat„
2346 3460 2418 3493 cap.
2440 3459 2484 3489 ιν,
2498 3459 2529 3480 v.
2548 3447 2579 3478 6.
