2970 4152
0 4004 13 4152 -..‚-.

1216 426 1532 472 EPISTOLAE.
1702 400 1705 401 ⁷
2350 427 2367 471 a
2383 428 2400 472 4
2416 425 2441 469 5

331 530 399 568 est
415 521 599 568 homini
618 522 700 584 qui
720 537 805 585 per
826 520 1168 568 offendiculum
1192 519 1464 566 manducat.
1489 523 1674 565 Bonum
1698 528 1767 565 est
1793 535 1892 566 non
1915 518 2204 565 manducare
2227 535 2438 577 carnem,

329 612 376 648 et
394 617 493 648 non
511 600 674 649 bibere
697 602 862 648 vinum
876 637 888 660 ,
917 617 1073 666 neque
1091 601 1140 647 in
1165 616 1264 664 quo
1284 600 1424 647 frater
1439 609 1548 646 tuus
1567 598 1858 658 offendatur,
1882 609 1963 645 aut
1978 598 2341 658 scandalizetur,
2362 610 2442 645 aut

304 731 307 734 Α
329 680 610 728 infirmetur.
639 684 746 728 Non
777 680 905 728 enim
930 680 1023 727 hoc
1047 680 1155 728 loco
1183 679 1279 745 ulla
1302 678 1399 726 cibi
1421 676 1650 726 ccmestio
1682 678 1998 738 interdicitur,
2024 678 2109 725 sed
2139 679 2443 725 comestionis

329 750 561 820 offensio}
578 777 673 824 qua
688 759 906 807 videlicet
924 760 1120 824 quidam
1138 776 1194 806 ex
1210 759 1452 806 conversis
1470 758 1642 805 Judaeis
1659 757 2098 813 scandalizabantur
2110 795 2122 817 ,
2149 775 2299 822 quum
2316 758 2445 806 vide-

330 850 436 886 rent
453 856 508 887 ea
535 856 728 904 quoque
753 839 943 887 comedi
969 856 1074 903 quae
1088 839 1163 886 lex
1181 838 1502 886 interdixerat.
1527 837 1671 895 Quod
1697 837 1893 901 quidem
1909 837 2189 884 scandalum
2203 838 2445 903 apostolus

330 921 472 968 etiam
496 923 661 967 Petrus
680 920 875 984 cupiens
900 920 1099 978 evitare,
1129 920 1331 983 graviter
1356 918 1417 965 ab
1441 919 1546 983 ipso
1572 928 1643 965 est
1669 917 1968 981 objurgatus,
1998 928 2044 964 et
2068 917 2316 965 salubriter
2340 935 2443 965 cor-

332 1010 502 1059 rectus,
524 1001 644 1047 sicut
663 1001 860 1065 ipsemet
878 999 1050 1056 Paulus
1067 999 1128 1046 ad
1145 999 1335 1046 Galatas
1353 998 1564 1046 scribens
1582 1007 1927 1045 commemorat
1942 1000 1970 1043 ¹.
1995 998 2088 1055 Qui
2108 1014 2268 1044 rursus
2285 1000 2446 1044 Corin-

331 1079 440 1128 thiis
467 1079 698 1127 scribens²
718 1099 728 1126 ε
754 1099 787 1124 .«
807 1083 925 1127 Esca
953 1089 1111 1126 autem
1131 1096 1220 1126 nos
1239 1096 1339 1126 non
1362 1078 1670 1144 commendat
1693 1081 1814 1125 Deo.
1834 1096 1859 1122 »
1889 1080 1946 1124 Et
1969 1080 2183 1124 rursum³
2205 1096 2214 1123 :
2250 1081 2446 1125 «Omne

331 1160 463 1223 quod
481 1161 530 1207 in
549 1160 750 1207 macello
770 1161 898 1207 venit
914 1159 1215 1206 manducate.
1235 1179 1257 1203 »
1282 1179 1305 1204 «
1324 1160 1519 1206 Domini
1535 1168 1606 1206 est
1621 1169 1746 1205 terra
1765 1168 1812 1204 et
1829 1157 2078 1223 plenitudo
2099 1158 2138 1220 ej
2146 1174 2199 1203 us
2214 1159 2242 1204 ”.
2269 1176 2291 1200 »
2315 1161 2371 1204 Et
2386 1158 2447 1205 ad

331 1239 658 1287 Colossenses⁵
680 1258 689 1285 ε
724 1259 747 1284 «
768 1242 920 1286 Nemo
946 1256 1059 1303 ergo
1087 1255 1173 1285 vos
1202 1239 1384 1301 judicet
1407 1239 1458 1285 in
1482 1238 1590 1285 cibo
1616 1238 1770 1284 aut'in
1796 1247 1931 1302 potu.
1957 1256 1980 1280 υ
2009 1240 2066 1284 Et
2090 1246 2200 1302 post
2222 1236 2405 1300 aliqua⁶
2434 1256 2442 1282 :

335 1338 356 1363 ι(
373 1319 431 1365 :Si
454 1320 631 1366 mortui
657 1320 765 1366 estis
789 1335 902 1366 cum
927 1318 1115 1366 Christo
1140 1318 1200 1365 ab
1235 1318 1480 1366 elementis
1502 1318 1644 1381 hujus
1676 1317 1867 1377 mundi,
1896 1317 2013 1382 quid
2037 1317 2195 1364 adbuc
2225 1307 2449 1381 tanquam

331 1398 540 1449 viventes
566 1399 613 1444 in
641 1398 824 1445 mundo
840 1398 1124 1446 decernitis?
1146 1401 1213 1445 Ne
1231 1399 1472 1462 tetigeritis
1495 1414 1652 1462 neque
1676 1398 1993 1461 gustaveritis,
2018 1414 2173 1461 neque
2190 1407 2451 1458 contrecta-

332 1476 489 1525 veritis
506 1494 611 1542 quae
635 1488 745 1525 sunt
770 1479 931 1525 omnia
955 1479 1004 1525 in
1029 1478 1271 1525 interitum
1291 1479 1395 1544 ipso
1415 1495 1526 1535 usu,
1550 1477 1813 1525 secundum
1838 1487 2130 1543 praeceptum
2147 1488 2192 1524 et
2211 1477 2450 1524 doctrinas

331 1557 598 1604 hominum.
627 1577 650 1601 »
680 1557 923 1605 Elementa
940 1558 1083 1622 hujus
1108 1558 1278 1605 mundi
1301 1568 1440 1606 vocat
1463 1559 1619 1623 prima
1636 1558 1750 1622 legis
1776 1556 2045 1610 rudimenta
2063 1556 2328 1604 secundum
2353 1574 2451 1604 car·

332 1637 461 1684 nales
477 1636 822 1697 observantias,
851 1639 898 1684 in
918 1654 1121 1702 quarum
1140 1638 1359 1685 videlicet
1378 1639 1616 1697 doctrina,
1639 1639 1773 1702 quasi
1793 1639 1840 1685 in
1857 1637 2157 1685 addiscendis
2172 1637 2450 1684 litteralibus

332 1715 600 1776 elementis,
630 1717 787 1782 primo
813 1734 863 1764 se
889 1717 1120 1775 mundus,
1155 1717 1206 1763 id
1231 1727 1301 1764 est
1333 1717 1532 1764 carnalis
1556 1717 1714 1764 adhuc
1739 1716 1946 1782 populus
1977 1715 2241 1763 exercebat.
2272 1716 2342 1763 Ab
2374 1716 2448 1763 his

331 1796 527 1859 quidem
558 1796 825 1855 elementis,
859 1797 909 1843 id
928 1807 998 1844 est
1022 1797 1288 1844 carnalibus
1314 1797 1626 1845 observantiis
1650 1808 1748 1844 tam
1773 1796 1946 1844 Christi
1971 1812 2117 1860 quam
2141 1796 2215 1843 sui
2230 1832 2242 1855 ,
2272 1798 2448 1843 mortui

332 1886 467 1936 sunt;
495 1886 646 1941 quum
661 1877 779 1924 nihil
798 1877 871 1923 his
890 1876 1096 1925 debeant
1109 1913 1120 1936 ,
1135 1877 1235 1940 jam
1253 1891 1352 1923 non·
1371 1878 1420 1923 in
1442 1877 1535 1924 hoc
1551 1877 1736 1923 mundo
1754 1878 1965 1924 viventes
1978 1911 1990 1935 ,
2012 1876 2107 1923 hoc
2123 1886 2193 1923 est
2210 1876 2334 1922 inter
2350 1892 2448 1922 car-

333 1956 461 2004 nales
486 1956 647 2021 figuris
671 1957 995 2017 intendentes,
1024 1967 1071 2004 et
1088 1956 1424 2017 decernentes,
1448 1957 1496 2004 id
1517 1967 1587 2004 est
1611 1957 1952 2021 distinguentes
1970 1955 2203 2020 quosdam
2227 1955 2359 2002 cibos
2374 1956 2449 2002 vel

332 2036 568 2099 quaslibet
598 2054 675 2085 res
697 2037 758 2084 ab
776 2037 899 2097 aliis,
928 2047 1071 2102 atque
1097 2037 1160 2084 ita
1192 2037 1403 2084 dicentes
1429 2058 1438 2083 ;
1469 2040 1537 2084 Ne
1563 2037 1801 2101 tetigeritis
1828 2036 1934 2083 haec-
1951 2035 2025 2083 vel
2058 2035 2152 2082 illa.
2191 2038 2307 2093 Quae
2331 2035 2450 2083 scili-

332 2126 407 2163 cet
430 2127 551 2164 tacta
566 2153 578 2177 ,
598 2117 674 2164 vel
691 2127 896 2181 gustata,
923 2116 997 2187 vel
1017 2126 1331 2175 contrectata,
1357 2117 1512 2181 inquit
1531 2116 1806 2182 Apostolus,
1827 2116 2003 2163 suntin
2022 2115 2266 2162 interitum
2282 2115 2449 2162 animae

332 2195 437 2260 ipso
462 2213 549 2243 suo
572 2214 683 2264 usu,
705 2213 804 2260 quo
829 2197 1047 2244 videlicet
1070 2197 1183 2262 ipsis
1209 2196 1270 2243 ad
1295 2196 1503 2261 aliquam
1527 2197 1668 2244 etiam
1686 2195 2256 2243 utimurhumilitatemffi
2281 2212 2447 2243 secun·

333 2276 480 2336 dum,
515 2277 737 2340 inquam,
775 2286 1064 2341 praeceptum
1092 2286 1139 2323 et
1167 2275 1407 2323 doctrinas
1434 2276 1713 2335 hominum,
1749 2276 1799 2322 id
1830 2285 1899 2323 est
1925 2275 2187 2323 carnalium
2219 2285 2265 2322 et
2296 2275 2447 2339 legem

333 2359 582 2407 carnaliter
610 2358 997 2422 intelligentium,
1023 2359 1183 2423 potius
1208 2375 1353 2422 quam
1384 2357 1557 2406 Christi
1588 2358 1662 2405 vel
1690 2375 1904 2405 suorum.
1940 2358 2026 2404 Hic
2055 2358 2184 2404 enim
2215 2374 2365 2421 quum
2390 2358 2450 2404 ad

335 2439 689 2504 praedicandum
714 2439 842 2503 ipsos
878 2418 1435 2503 destinaret-'‘apostolos,
1477 2439 1560 2484 ubi
1591 2439 1738 2501 magis
1760 2438 1849 2502 ipsi
1875 2437 1936 2483 ab
1966 2437 2191 2484 omnibus
2220 2437 2450 2484 scandalis

335 2516 686 2583 providendum
718 2527 840 2577 erat,
886 2518 1104 2564 omnium
1146 2528 1305 2564 tamen
1338 2516 1556 2563 ciborum
1593 2533 1727 2563 esum
1765 2517 1832 2563 eis
1868 2516 1936 2562 ita,
1967 2515 2184 2575 indulsit,
2227 2526 2281 2562 ut
2321 2516 2449 2580 apud

335 2613 647 2662 quoscunque
673 2597 990 2661 suscipiantur
1011 2596 1220 2660 hospitio
1235 2631 1247 2654 ‚
1286 2597 1350 2642 ita
1373 2596 1495 2642 sicut
1518 2595 1585 2641 illi
1611 2595 1848 2654 victitent,
1887 2594 2082 2641 edentes
2106 2594 2282 2641 scilicet
2306 2604 2353 2641 et
2376 2594 2448 2640 bi-

335 2677 500 2724 bentes
529 2693 634 2740 quae
664 2676 793 2741 apud
820 2675 924 2723 illos
949 2685 1058 2722 sunt
1073 2677 1101 2721 ⁸.
1135 2674 1206 2721 Ab
1235 2674 1326 2721 hac
1357 2675 1570 2738 profecto
1602 2674 1843 2721 dominica
1867 2690 2046 2737 suaque
2071 2673 2320 2738 disciplina
2343 2673 2448 2720 illos

336 2772 603 2804 recessuros
627 2756 727 2820 ipse
751 2755 850 2819 jam
874 2755 1044 2802 Paulus
1077 2771 1164 2819 per
1192 2755 1420 2819 Spiritum
1443 2753 1748 2819 providebat,
1775 2753 1836 2801 de
1864 2753 2036 2818 quibus
2063 2753 2124 2800 ad
2148 2753 2447 2801 Timotheum

336 2835 496 2884 scribit
513 2835 675 2883 dicens
691 2838 704 2861 ⁹
726 2854 736 2882 ε
768 2855 791 2880 «
813 2835 1012 2900 Spiritus
1035 2844 1195 2882 autem
1216 2834 1462 2882 manifeste
1486 2834 1625 2893 dicit,
1655 2834 1766 2898 quia
1784 2834 1833 2880 in
1862 2833 2130 2880 novissimis
2155 2833 2448 2898 temporibus

338 2914 582 2963 discedent
605 2914 800 2979 quidam
821 2930 850 2965 a
866 2913 982 2974 fide,
1005 2913 1302 2961 attendentes
1318 2913 1558 2979 spiritibus
1577 2914 1750 2960 erroris
1762 2949 1774 2973 ,
1797 2923 1844 2960 et
1859 2913 2086 2960 doctrinis
2102 2912 2449 2959 daemoniorum

335 2996 385 3042 in
409 2995 651 3060 hypocrisi
675 2994 997 3058 loquentium,
1034 2993 1338 3042 mendacium
1353 3030 1366 3053 ,
1400 2993 1761 3059 prohibentium
1786 2992 1994 3051 nubere,
2029 2991 2264 3039 abstinere
2282 3009 2310 3039 a
2334 2991 2450 3039 cibis

337 3091 458 3140 quos
483 3078 612 3123 Deus
637 3075 812 3123 creavit
837 3073 901 3121 ad
923 3074 1283 3139 percipiendum
1302 3075 1694 3138 cum‘gratiarum
1713 3073 1899 3120 actione
1918 3071 2137 3119 fidelibus
2154 3107 2167 3131 ,
2198 3082 2244 3119 et
2267 3071 2341 3119 his
2369 3074 2451 3136 qui

336 3165 666 3220 cognoverunt
703 3156 971 3214 veritatem;
1009 3154 1121 3218 quia
1156 3155 1314 3201 omnis
1347 3165 1562 3202 creatura
1592 3154 1681 3201 Dei
1709 3153 1867 3212 bona,
1906 3162 1952 3199 et
1985 3151 2103 3199 nihil
2140 3152 2450 3215 rejiciendum

337 3234 469 3299 quod
487 3251 598 3282 cum
626 3235 882 3298 gratiarum
907 3234 1094 3280 actione
1116 3234 1390 3298 percipitur.
1415 3232 1742 3280 Sanctificatur
1766 3232 1894 3279 enim
1921 3230 2040 3297 [per]
2067 3230 2267 3278 verbum
2292 3231 2380 3277 Dei
2405 3240 2451 3277 et

383 3383 392 3399 ⁴
415 3383 540 3420 Galae„
559 3392 633 3426 cap.
651 3393 739 3423 n,v.
756 3386 808 3414 11.
821 3399 859 3405 -—
877 3381 889 3398 ’
904 3381 1046 3415 Corinth.
1061 3382 1095 3420 I,
1109 3392 1184 3425 cap.
1200 3392 1274 3420 vni,
1290 3391 1320 3413 v.
1336 3383 1369 3413 8.
1417 3380 1429 3399 Ἴ
1456 3382 1624 3414 Vititatem.
1639 3397 1663 3403 -
1686 3380 1860 3414 Utilitatem
1886 3379 1953 3413 RS.
1974 3379 2069 3413 Amb.
2091 3397 2133 3403 —
2156 3379 2169 3397 ⁸
2188 3380 2283 3421 Luc„
2302 3389 2374 3422 cap.
2402 3390 2419 3410 x
2441 3402 2449 3416 ‚

337 3437 403 3487 —f
420 3438 600 3476 CorinthJ,
616 3448 690 3481 cap.
706 3449 746 3479 x,
763 3449 794 3471 ν.
812 3440 875 3479 25,
892 3440 944 3471 26.
964 3456 998 3460 —
1011 3436 1024 3454 ⁴
1039 3437 1155 3470 Psalm.
1173 3449 1274 3478 xxm,
1288 3448 1320 3470 v.
1342 3442 1368 3471 1.
1415 3448 1447 3470 v.
1468 3439 1500 3469 8.
1518 3456 1557 3461 --
1572 3436 1585 3453 ⁰
1603 3437 1738 3470 Timoth.
1755 3436 1793 3475 I,
1809 3445 1883 3480 cap.
1901 3446 1946 3477 iv,
1962 3447 1994 3469 v.
2017 3439 2028 3468 1
2053 3443 2085 3470 et
2101 3447 2151 3480 sq.

340 3512 377 3518 —
393 3493 406 3511 '⁵
423 3494 557 3531 Coloss„
586 3504 660 3537 cap.
682 3506 725 3535 u,
744 3506 775 3527 v.
800 3497 850 3526 16.
875 3513 909 3518 —
930 3494 942 3510 ⁶
963 3493 1064 3533 lbid.,
1089 3504 1119 3526 v.
1147 3494 1189 3525 20
1207 3500 1240 3526 et
1258 3504 1309 3537 sq.
1328 3511 1371 3519 -
