2970 4152
1260 362 1574 409 APPENDIX.
2377 356 2461 402 7⁶21

360 455 572 503 ctionem.
609 455 844 519 Religiosis
868 455 1099 501 desideriis
1124 455 1310 518 dignum
1329 466 1396 501 est
1419 455 1592 502 facilem
1615 455 1819 517 praebere
1842 470 2130 513 consensum,
2160 463 2210 499 ut
2234 450 2377 496 fidelis
2395 451 2475 496 de·

360 539 485 583 votio
510 536 701 583 celerem
724 537 938 583 sortiatur
953 536 1180 582 effectum.
1204 536 1394 593 Quanto
1414 537 1565 599 itaque
1581 535 1800 581 femineus
1814 550 1950 582 sexusv
1960 544 2100 581 exstat
2115 531 2334 596 fragilior,
2352 540 2478 576 tanto

361 619 502 681 magis
526 635 631 681 erga
647 635 727 664 vos
751 627 984 680 paternam
1009 617 1162 663 curam
1175 623 1316 679 atque
1335 615 1683 662 sollicitudinem
1708 600 1913 662 volumus
1931 616 2159 674 exhibere,
2179 624 2227 659 et
2249 614 2296 658 in
2316 611 2479 674 quibus

363 698 608 744 secundum
647 699 796 743 Deum
833 714 1067 759 possumus
1098 697 1238 759 quieti
1272 706 1317 741 et
1348 694 1531 741 utilitati
1557 705 1714 741 vestrae
1743 695 1982 741 salubriter
2014 694 2268 757 providem.
2307 694 2479 738 Locum

362 779 514 841 itaque
548 794 678 827 suum
707 794 809 824 cum
837 777 1048 823 omnibus
1081 776 1135 822 ad
1170 777 1315 839 ipsum
1348 775 1704 838 pertinentibus,
1743 793 1874 838 quem
1902 775 2159 821 Gundricus
2189 773 2395 820 sacerdos
2432 773 2478 816 in

360 866 550 920 paterno
585 857 756 920 praedio
792 866 1099 902 constructum
1129 855 1438 919 religiosorum
1467 855 1674 917 precibus
1703 865 1747 900 et
1777 855 1965 901 consilio
1997 853 2326 900 rationabiliter
2354 853 2480 898 vobis

359 927 606 995 concessit,
628 937 893 982 auctoritate
911 935 1038 981 vohis
1062 934 1306 998 apostolica
1330 934 1672 992 confirmamus,
1700 946 1744 980 et
1767 935 2097 980 concessionem
2125 935 2265 996 ipsam
2290 950 2483 996 praesen—

359 1019 416 1063 tis
446 1018 604 1080 scripti
636 1018 797 1080 pagina
836 1017 1118 1062 roboramus.
1161 1017 1207 1061 Si
1239 1016 1339 1079 quis
1375 1026 1523 1062 autem
1561 1015 1693 1077 hujus
1723 1026 1888 1061 nostrae
1913 1015 2247 1062 constitutionis
2271 1014 2479 1077 paginam

359 1098 502 1144 sciens
523 1108 681 1144 contra
703 1114 800 1142 eam
820 1107 986 1143 temere
1006 1097 1317 1159 temptaverit,
1344 1096 1541 1142 secundo
1568 1096 1756 1141 tertiove
1779 1096 2103 1154 commonitus,
2129 1097 2165 1141 si
2191 1112 2283 1141 non
2307 1107 2478 1141 reatum

359 1194 489 1223 suum
505 1193 706 1240 congrua
721 1177 1023 1222 satisfactione
1046 1177 1289 1222 correxerit
1301 1211 1313 1234 ,
1327 1176 1696 1239 ‘indignationem
1711 1177 2040 1239 *omnipotentis
2058 1177 2162 1234 Dei,
2182 1186 2226 1221 et
2246 1176 2479 1222 beatorum

360 1258 480 1303 Petri
516 1268 561 1303 et
598 1256 725 1302 Pauli
762 1256 1070 1319 apostolorum
1101 1258 1194 1319 ejus
1226 1274 1272 1302 se
1298 1257 1474 1306 noverit
1502 1257 1804 1303 incursurum.
1839 1258 2005 1303 Datum
2041 1257 2275 1313 Laterani,
2307 1273 2363 1302 111
2391 1257 2473 1302 cal.

352 1339 565 1399 Januarii.

1372 1438 1455 1482 IV.

421 1563 588 1609 Lucius
613 1564 849 1626 episcopus
878 1579 1029 1609 servus
1052 1580 1281 1609 servorum
1304 1563 1391 1608 Dei
1412 1563 1585 1609 dilectis
1609 1564 1655 1608 in
1680 1563 1880 1609 Domino
1907 1561 2081 1608 filiabus
2107 1562 2319 1608 Heloissae
2342 1562 2481 1607 abba-

361 1642 495 1699 tissae,
520 1642 779 1704 caeterisque
796 1642 1027 1688 sororibus
1045 1642 1091 1687 in
1119 1642 1319 1688 oratorio
1337 1643 1510 1688 Sanctae
1526 1643 1759 1688 Trinitatis
1775 1642 1930 1687 divino
1946 1641 2180 1688 famulatui
2197 1641 2478 1704 mancipatis,

358 1731 445 1767 etc.
480 1719 556 1784 [at
576 1722 627 1768 in
647 1724 678 1767 I
698 1723 965 1768 Innocentl‘l'
984 1721 1183 1786 Epzistff.
1213 1724 1380 1767 Datum
1411 1723 1648 1780 Laterani,
1666 1739 1750 1785 per
1766 1738 1954 1768 manum
1977 1722 2173 1767 Barrocii
2195 1720 2411 1784 capellani
2438 1731 2482 1766 et

358 1800 609 1862 scriptoris,
651 1800 713 1846 id.
750 1802 926 1859 martii,
959 1801 1056 1846 ind.
1085 1817 1155 1847 vn
1171 1836 1183 1860 ‚
1212 1802 1537 1848 incarnationis
1558 1802 1812 1848 Dominicae
1835 1818 1956 1847 anno
1979 1817 2172 1859 Mcxmt,
2197 1801 2483 1864 pontificatus

358 1897 466 1926 vero
492 1880 665 1926 domini
685 1882 813 1927 Lucii
831 1883 873 1926 ΙΙ
898 1898 1024 1944 papae
1043 1899 1162 1928 anno
1191 1899 1222 1928 ι.

1385 2011 1443 2055 V.

421 2134 651 2195 Eugenius
675 2151 826 2180 servus
850 2151 1081 2181 servorum
1107 2136 1210 2191 Dei,
1239 2134 1412 2181 dilectis
1431 2135 1478 2180 in
1499 2134 1680 2181 Christo
1706 2134 1881 2181 filiabus
1904 2134 2117 2181 Heloissae
2139 2135 2370 2181 abbatissae
2389 2151 2483 2180 mo-

360 2214 544 2260 nasterii
569 2215 722 2260 Sancti
746 2216 940 2277 Spiritus
965 2217 1148 2279 ejusque
1181 2215 1412 2262 sororibus
1443 2226 1532 2262 tam
1564 2217 1859 2279 praesentibus
1890 2233 2023 2279 quam
2055 2217 2216 2262 futuris
2238 2216 2485 2279 regularem

359 2292 497 2338 vitam
529 2293 756 2354 professis,
790 2294 859 2339 Ad
894 2294 981 2340 hoc
1014 2295 1145 2341 nobis
1174 2312 1198 2340 a
1228 2295 1461 2358 provisore
1483 2295 1686 2341 omnium
1711 2296 1936 2341 bonorum
1962 2297 2060 2340 Deo
2088 2295 2321 2357 pastoralis
2346 2296 2483 2340 officii

358 2388 466 2418 cura
495 2372 734 2418 commissa
755 2382 845 2431 est,
868 2382 918 2418 ut
945 2373 1310 2435 beneplacentem
1330 2375 1429 2419 Deo
1452 2373 1714 2437 religionem
1734 2373 1987 2419 laboremus
2005 2384 2221 2431 statuere,
2246 2385 2291 2420 et
2311 2375 2482 2421 stabili-

359 2461 448 2496 tam
479 2460 631 2496 exacta
653 2450 884 2514 diligentia
904 2468 1185 2498 conservare.
1213 2454 1278 2498 Ea
1305 2463 1515 2515 propter,
1539 2452 1712 2499 dilectae
1737 2454 1783 2498 in
1807 2454 2007 2499 Domino
2026 2453 2149 2511 flliae,
2178 2455 2336 2500 vestris
2353 2455 2483 2516 justis

360 2530 738 2592 postulationibus
757 2531 1001 2578 clementer
1022 2534 1281 2590 annuimus,
1307 2544 1351 2579 et
1375 2534 1607 2596 praefatum
1633 2528 1971 2592 monasterium,
1994 2535 2038 2579 in
2064 2551 2154 2596 quo
2178 2535 2331 2580 divino
2355 2552 2482 2581 man-

359 2612 519 2674 cipatae
541 2611 906 2674 estisvobsequio,
936 2613 1019 2658 sub
1042 2613 1159 2659 beati
1188 2614 1310 2658 Petri
1332 2624 1375 2659 et
1403 2624 1553 2659 nostra
1572 2614 1853 2676 protectione
1870 2615 2158 2676 suscipimus,
2186 2625 2229 2660 et
2253 2616 2484 2677 praesentis

359 2693 515 2755 scripti
541 2692 778 2756 privilegio
807 2695 1163 2750 communimus,
1193 2705 1437 2741 statuentes
1467 2705 1520 2741 ut
1541 2711 1830 2758 quascunque
1857 2696 2177 2758 possessiones,
2205 2713 2483 2759 quaecunque

359 2771 481 2817 bona
501 2772 547 2817 in
569 2773 702 2834 agris,
724 2772 882 2832 vineis,
911 2774 1068 2835 pratis,
1093 2773 1231 2831 silvis,
1252 2773 1541 2833 molendinis,
1561 2774 1711 2837 aquis,
1737 2774 1939 2831 decimis,
1962 2791 2038 2820 seu
2063 2774 2160 2820 aliis
2185 2775 2301 2820 idem
2326 2793 2484 2821 mona-

361 2852 545 2897 sterium
570 2853 615 2898 in
641 2854 977 2915 praesentiarum
989 2856 1107 2916 juste
1131 2865 1175 2901 et
1191 2855 1407 2901 canonice
1427 2855 1649 2918 possidet,
1668 2865 1748 2901 aut
1767 2856 1812 2900 in
1842 2855 2039 2901 futurum
2062 2856 2348 2902 concessione
2372 2873 2483 2919 pon-

363 2931 532 2976 tificum
549 2967 560 2989 ‚
597 2930 832 2995 largitione
867 2950 1021 2996 regum
1054 2933 1120 2980 vel
1146 2935 1428 2997 principum,
1456 2934 1686 2981 oblatione
1710 2935 1908 2981 fidelium
1927 2970 1940 2993 ‚
1971 2952 2047 2981 seu
2071 2934 2167 2981 aliis
2185 2936 2315 2997 justis
2337 2937 2483 2982 modis

360 3012 460 3056 Deo
483 3012 684 3074 propitio
714 3013 883 3074 poterit
904 3013 1114 3076 adipisci,
1138 3014 1266 3060 firma
1285 3015 1437 3072 vobis,
1456 3015 1609 3078 eisque
1632 3032 1731 3077 quae
1749 3025 1852 3077 post
1875 3032 1954 3060 vos
1977 3017 2290 3073 successerint,
2321 3026 2368 3061 et
2395 3015 2482 3061 illi·

359 3090 464 3136 bata
489 3101 806 3152 permaneant,
834 3092 879 3137 in
909 3093 1072 3155 quibus
1099 3094 1194 3139 haec
1223 3093 1476 3156 specialiter
1497 3094 1705 3140 duximus
1737 3094 2013 3140 annotanda.
2052 3097 2236 3140 Terram
2255 3094 2478 3151 videlicet,

357 3171 406 3215 iu
430 3187 517 3233 qua
542 3172 689 3233 ipsum
713 3172 1035 3218 monasterium
1056 3183 1361 3219 constructum
1382 3184 1464 3219 est.
1493 3173 1702 3220 Culturas
1725 3175 1770 3219 in
1789 3185 1943 3220 monte
1962 3175 2229 3221 Limarsum.
2254 3176 2481 3238 Quicquid

361 3249 535 3296 habetis
554 3267 607 3295 ex
621 3250 882 3297 venditione
906 3268 982 3297 seu
1005 3251 1252 3298 donatione
1273 3251 1474 3298 Milonis.
1503 3254 1609 3298 Duo
1628 3253 1786 3315 jugera
1809 3264 1939 3299 terrae
1964 3265 2067 3299 ante
2090 3255 2236 3317 ipsum
2259 3265 2482 3301 monaste-

360 3329 495 3377 rium.
523 3329 671 3376 Aliam
694 3341 858 3376 terram
883 3332 929 3376 in
956 3331 1114 3379 eodem
1137 3330 1253 3378 loco.
1288 3330 1522 3378 Culturam
1547 3332 1603 3378 de
1630 3333 1755 3378 fonte
1779 3335 1953 3379 Amam.
1981 3335 2141 3379 Totam
2161 3344 2326 3380 terram
2346 3351 2479 3396 quam

364 3407 608 3455 Rainaldus
631 3410 827 3457 habebat
852 3412 898 3456 in
925 3411 1161 3474 parrochia
1190 3411 1245 3457 de
1274 3412 1520 3471 Quinceio,
1544 3429 1597 3458 ex
1623 3423 1813 3476 utraque
1836 3424 1962 3476 parte
1991 3410 2160 3460 fluvioli
2189 3413 2476 3460 Arducionis.

521 3500 535 3528 ι
2261 3495 2309 3535 91
