2970 4152
1019 424 1103 474 'IN
1134 426 1234 472 DIE
1267 425 1515 473 PASCHAE
1540 425 1762 493 ‘SERMQ
2364 422 2458 469 465

349 517 493 574 Quod
515 520 645 566 enim
667 520 809 567 unica
831 529 901 567 est
923 522 1044 579 avis,
1072 537 1161 567 nec
1182 536 1349 585 parem
1372 519 1448 566 vel
1471 519 1700 588 dignitate
1722 519 1798 566 vel
1821 519 1951 566 coitu
1974 517 2242 581 cognoscit,
2267 526 2367 562 tam
2390 532 2462 562 ex-

348 598 574 647 cellentiae
597 618 742 665 quam
764 602 1021 665 virginitati
1044 601 1217 648 Christi
1238 600 1558 666 pulcherrime
1583 583 1788 668 apl-atur.
1816 601 1932 658 Quis
1956 600 2085 646 enim
2113 598 2283 645 unicus
2312 607 2359 644 et
2388 596 2460 643 di-

347 678 524 741 gnitate
546 681 794 744 singularis
816 682 881 728 ita
904 691 957 728 ut
979 670 1219 728 Christus?
1242 684 1296 727 In
1326 697 1424 745 quo
1454 697 1647 744 quoque
1676 698 1765 726 nec
1799 680 2087 739 masculum,
2114 695 2203 725 nec
2233 677 2461 724 feminam

346 760 599 824 Apostolus
622 778 722 808 esse
745 762 859 809 dicit
873 765 885 787 ¹
909 781 918 808 :
946 763 1058 826 quia
1080 763 1130 811 in
1155 761 1329 809 Christi
1352 778 1578 826 corpore,
1598 761 1731 825 quod
1747 770 1825 809 ,est
1847 760 2077 834 Ecclesia,
2100 758 2280 806 nullam
2304 757 2460 821 digni-

347 847 491 886 tatem
531 840 776 889 diversitas
809 858 1008 889 sexuum
1047 852 1301 907 operatur3
1340 858 1429 889 nec
1469 859 1668 888 sexuum
1707 841 1983 906 qualitatem
2003 878 2014 900 ,
2057 840 2141 887 sed
2181 839 2461 885 meritorum

344 918 558 967 Christus
592 922 810 968 attendit.
839 922 1014 969 Nidum
1045 923 1161 974 haec,
1181 923 1280 970 avis
1313 933 1366 969 ut
1399 932 1566 969 ceterae
1595 939 1695 970 non
1726 932 1882 980 curat,
1910 932 1957 968 et
1990 921 2113 968 filius
2140 921 2350 967 hominis
2378 919 2461 966 ubi

343 1009 486 1064 caput
507 1000 704 1049 reclinet
727 1018 827 1049 non
851 1001 1019 1060 habet3
1047 1020 1136 1049 nec
1159 1003 1302 1050 etiam
1325 1003 1374 1049 in
1399 1003 1623 1068 proprio,
1650 1001 1734 1049 sed
1758 1003 1806 1048 in
1832 1002 1987 1049 alieno
2011 1012 2151 1049 natus
2179 1011 2264 1047 est.
2292 1000 2458 1065 Sepul-

341 1096 477 1127 crum
499 1081 587 1128 sibi
608 1093 863 1147 praeparat,
890 1099 988 1147 quo
1013 1093 1059 1130 et
1082 1094 1298 1130 aromata
1320 1094 1594 1148 congregat.
1615 1087 1674 1130 Et
1692 1084 1928 1130 Dominus
1950 1084 2049 1148 ipse
2068 1099 2154 1147 per
2169 1081 2345 1146 Joseph
2362 1082 2460 1128 sive

342 1161 680 1210 Nicodemum²
701 1173 801 1210 tam
823 1163 1095 1228 sepulcrum
1118 1164 1208 1215 sibi
1238 1181 1385 1228 quam
1414 1173 1631 1212 aromata
1658 1164 1963 1229 praeparavit,
1997 1163 2169 1228 quibus
2198 1165 2299 1227 ipse
2333 1162 2460 1210 hanc

340 1240 649 1290 devotionem
679 1244 943 1309 inspiravit.
972 1245 1309 1292 Concrematio
1344 1262 1538 1310 quoque
1572 1244 1805 1311 phoenicis
1835 1262 1863 1292 a
1890 1244 2063 1291 Christi
2098 1244 2324 1308 mysterio
2359 1260 2459 1290 non

338 1319 597 1386 discrepat,
624 1323 673 1369 in
696 1323 830 1386 cujus
853 1332 969 1388 typo
992 1340 1160 1370 carnes
1182 1324 1417 1389 paschalis
1440 1326 1549 1388 agni
1573 1342 1672 1372 non
1698 1324 1850 1384 elixae,
1870 1324 1955 1371 sed
1971 1341 2085 1372 assae
2099 1333 2454 1389 praecesserunt.

339 1402 602 1464 Resurgens
623 1401 818 1466 phoenix
842 1402 1047 1450 formam
1071 1403 1171 1467 apis
1195 1403 1374 1462 induit,
1401 1420 1507 1468 quae
1528 1405 1890 1469 corruptionem
1911 1404 2066 1451 carnis
2088 1404 2262 1462 nescit;
2282 1403 2394 1467 quia
2410 1404 2457 1449 in

336 1477 416 1526 illa
437 1480 795 1527 resurrectionis
825 1480 974 1544 gloria
1000 1500 1023 1525 «
1042 1498 1198 1545 neque
1220 1481 1405 1528 nubent
1427 1499 1585 1546 neque
1607 1482 1866 1542 nubentur,
1893 1483 1977 1530 sed
2001 1493 2141 1530 erunt
2163 1483 2284 1529 sicut
2306 1483 2459 1546 angeli

337 1560 423 1606 Dei
437 1560 485 1606 in
503 1560 654 1607 coelo³.
664 1579 687 1604 »
705 1563 862 1617 Quam
875 1561 1071 1626 quidem
1085 1561 1286 1625 gloriam
1299 1572 1346 1609 et
1359 1579 1464 1622 vos,
1485 1563 1660 1610 Christi
1681 1564 1905 1627 virgines,
1922 1563 2022 1627 jam
2036 1564 2084 1609 in
2105 1564 2241 1610 terris
2257 1562 2454 1628 adeptae,

336 1655 425 1687 nec
447 1649 546 1687 tam
569 1640 779 1688 humane
801 1658 948 1706 quam
964 1642 1174 1706 angelice
1190 1643 1404 1690 viventes
1417 1681 1428 1702 ,
1450 1653 1585 1690 tanto
1601 1643 1743 1707 hujus
1762 1644 2074 1691 solemnitatis
2091 1643 2219 1691 diem
2240 1643 2458 1691 devotius

334 1718 498 1778 colite,
525 1730 707 1784 quanto
731 1737 860 1779 eam,
888 1731 941 1768 ut
966 1731 1076 1770 ante
1100 1721 1280 1786 praefati
1303 1739 1490 1782 sumus,
1526 1723 1587 1771 ad
1610 1722 1935 1771 excellentiam
1958 1724 2100 1770 vestri
2123 1723 2323 1770 honoris
2354 1739 2456 1770 am—

335 1799 456 1868 plius
478 1802 715 1866 pertinere
737 1812 940 1850 constat.

716 2327 1114 2386 EXPOSITIO
1160 2329 1548 2388 DOMINICAE
1594 2317 2066 2398 0RAT10N18⁴,

559 2544 562 2549 .
593 2480 652 2521 IN
689 2480 903 2523 DIEBUS
940 2482 1365 2535 ROGATIONUM,
1406 2484 1540 2535 QUAE
1577 2484 1834 2527 LITANIAE
1871 2485 2190 2530 DlCUNTUR.

1246 2652 1395 2682 SERMO
1428 2653 1508 2682 XIV
1516 2673 1526 2683 .

388 2754 641 2799 Praesentes
666 2756 1008 2817 Rogationum,
1042 2756 1092 2803 id
1121 2767 1191 2804 est
1215 2759 1513 2818 orationum,
1540 2759 1641 2806 dies
1677 2777 1732 2806 ex
1767 2761 1871 2825 ipso
1900 2778 2095 2826 quoque
2128 2764 2325 2810 nomine
2358 2781 2446 2811 suo

322 2848 411 2879 nos
434 2849 564 2880 nunc
586 2835 823 2900 praecipue
847 2835 908 2883 ad
932 2837 1200 2885 orationem
1224 2839 1444 2886 invitant.
1472 2843 1670 2888 Constat
1705 2851 1866 2888 autem
1900 2843 2025 2890 inter
2058 2845 2302 2892 universas
2335 2862 2445 2893 ora·

321 2915 475 2961 tiones
498 2930 604 2960 eam
626 2925 726 2961 tam
748 2914 979 2978 dignitate
1002 2934 1147 2981 quam
1170 2918 1370 2966 utilitate
1392 2920 1697 2984 praeminere,
1723 2938 1829 2986 quae
1851 2922 1912 2969 ab
1938 2923 2043 2988 ipso
2066 2925 2278 2971 Domino
2302 2924 2444 2971 disci-

319 2994 443 3058 pulis
467 2994 641 3045 tradita
664 2997 919 3048 Dominica
940 2998 1052 3045 inde
1077 3008 1147 3045 est
1169 2999 1428 3064 appellata,
1455 3011 1502 3048 et
1525 3000 1589 3048 ob
1611 3001 1707 3050 hoc
1731 3019 1758 3050 a
1781 3003 2003 3052 fidelibus
2025 3006 2327 3070 potissimum
2351 3005 2444 3053 fre-

318 3076 619 3138 quentanda,
641 3087 693 3123 ut
716 3077 777 3124 de
800 3078 902 3143 ipsa
923 3080 1160 3145 praecipue
1183 3080 1389 3129 Jacobus
1411 3082 1630 3130 videatur
1648 3083 1821 3132 dixisse
1837 3087 1850 3110 ⁶
1869 3104 1879 3131 ε
1906 3105 1928 3130 «
1946 3086 2148 3133 Multum
2169 3087 2299 3133 enim
2319 3087 2444 3135 valet

317 3155 471 3202 oratio
490 3155 604 3219 justi
626 3157 833 3205 assidua.
859 3178 881 3202 υ
908 3161 1154 3216 Quantum
1178 3170 1339 3208 autem
1361 3162 1516 3210 valeat
1544 3173 1591 3210 et
1618 3165 1768 3229 possit
1799 3165 1954 3212 oratio
1977 3167 2091 3229 justi
2125 3165 2242 3213 illud
2273 3167 2441 3214 Hiero-

318 3235 449 3298 nymi
493 3253 635 3301 super
679 3239 932 3286 Jeremiam
974 3240 1223 3288 manifeste
1255 3241 1492 3303 declarat,
1531 3245 1742 3291 Domino
1776 3245 1838 3292 ad
1869 3246 2155 3311 prophetam
2189 3247 2402 3294 dicente⁶
2432 3266 2441 3293 z

362 3398 371 3415 ¹
401 3400 525 3438 Galat„
543 3411 616 3444 cap.
634 3413 687 3443 ιιι,
702 3414 733 3435 v.
752 3405 851 3437 28.—
865 3403 877 3421 ¹
891 3405 1021 3446 Manli„
1035 3416 1105 3450 cap.
1124 3418 1212 3440 xxvii
1223 3433 1231 3448 ,
1246 3418 1277 3441 v.
1294 3410 1349 3441 57.
1406 3408 1601 3443 tionem—⁸
1612 3422 1627 3439 ι
1640 3410 1774 3443 Multum
1790 3410 1876 3444 enim
1889 3411 1975 3444 valet
1990 3411 2176 3455 deprecatio
2188 3411 2264 3454 justi
2277 3412 2438 3446 assidua.»

316 3454 447 3495 —³1d.,
459 3467 533 3500 cap.
549 3468 617 3490 χιιι
629 3483 637 3498 ,
653 3471 682 3492 v.
701 3460 819 3492 30.——‘
833 3461 896 3494 leta
909 3462 1069 3504 expositio
1085 3469 1173 3496 extat
1187 3463 1217 3496 in
1229 3464 1350 3497 Codice
1405 3465 1524 3508 (Jacob
1541 3491 1549 3505 ‚
1573 3476 1648 3511 cap.
1670 3478 1704 3509 v,
1726 3478 1757 3500 v.
1788 3466 1854 3510 16.)
1870 3485 1907 3491 ——
1925 3467 1938 3484 ⁰
1956 3468 2092 3509 «ierem,
2117 3479 2190 3512 cap.
2216 3479 2258 3501 vn
2273 3494 2281 3509 ‚
2301 3480 2331 3502 v.
2360 3470 2411 3501 16.

316 3510 480 3545 Victorino
497 3514 570 3547 397.
588 3514 668 3548 Vide
684 3515 763 3549 infra
779 3517 876 3551 aliam
890 3517 1035 3561 ejusdem
1053 3519 1207 3553 orationis
1224 3522 1350 3564 exposi—

474 3583 487 3611 1
2225 3585 2276 3625 59
