2970 4152
536 395 630 441 590
1332 390 1503 437 PETRI
1539 391 1848 439 ABAELARm
2537 460 2571 501 b

534 489 791 536 lacernam.
820 490 996 534 Verum
1026 485 1124 531 haec
1148 485 1420 533 mordacius
1445 485 1762 535 describenda
1788 487 1931 534 beato
1950 487 2062 547 ,viro
2089 487 2382 552 Hieronymo
2409 471 2650 574 relinqua-

535 584 657 614 mus.
1539 598 1571 626 γ,
2483 595 2487 597 Α

597 647 724 704 Quid
747 646 808 693 ad
836 645 936 691 haec
963 644 1030 691 illi
1059 645 1231 692 dicturi
1261 656 1396 705 sunt,
1434 663 1556 711 quos
1583 647 1678 694 hoc
1710 657 1928 712 tempore
1963 648 2013 694 in
2037 657 2226 695 tantum
2248 648 2456 702 vidimus
2483 668 2655 717 praesu-

532 742 684 784 mere,
717 735 769 771 ut
796 725 856 771 de
885 724 1142 772 solitudine
1177 724 1238 772 ad
1265 725 1430 773 turbas
1456 726 1797 790 procedentes,
1823 727 1945 773 sicut
1967 726 2028 772 de
2050 725 2163 773 ficto
2193 725 2435 791 religionis
2457 730 2654 777 nomine

533 805 798 864 tumebant,
825 805 889 852 ita
912 816 959 851 et
980 804 1041 852 de
1063 805 1367 852 simulatione
1382 805 1724 854 miraculorum
1744 806 1894 869 gratia
1904 805 2057 877 videri
2075 802 2317 866 mirabiles
2339 809 2654 875 appetebant?

533 886 715 932 Omitto
738 895 986 932 contactus
1009 895 1056 932 et
1077 885 1437 954 benedictiones
1460 902 1718 950 aquarum,
1745 902 1863 950 quas
1884 885 2121 949 languidis
2151 887 2199 934 in
2227 887 2458 962 pocjllum
2479 884 2652 961 diga-'‘ge-

531 966 670 1025 bant,
708 977 761 1013 ut
796 967 863 1013 sic
900 977 1204 1049 curareptur,
1243 968 1646 1014 contrectationes
1672 966 1748 1013 vel
1780 967 2167 1030 consignationes
2205 962 2564 1029 memhrprum,
2600 978 2655 1039 'ut

532 1047 723 1097 dolores
757 1032 1107 1095 infirmantiuri'i
1139 1047 1452 1112 expellerent,
1484 1047 1693 1111 eulogias
1721 1048 1771 1094 in
1806 1048 2011 1112 panibus
2041 1048 2235 1107 fractas,
2273 1059 2320 1096 et
2349 1033 2411 1097 ad
2438 1034 2656 1098 infirmos
2686 1041 2692 1047 ⁴

531 1130 805 1176 destinatas.
840 1128 910 1174 Ad
933 1129 1116 1192 majora
1136 1129 1350 1187 veniam,
1377 1138 1424 1175 et
1446 1144 1633 1175 summa
1660 1126 1738 1176 illa
1761 1128 1992 1176 miracula
2017 1128 2077 1175 de
2100 1129 2436 1177 resuscitandis
2461 1118 2655 1195 quoque

531 1210 730 1257 mortuis
747 1210 952 1256 inaniter
964 1219 1162 1265 tentata.
1183 1209 1326 1266 Quod
1339 1209 1536 1273 quidem
1550 1225 1704 1274 nuper
1721 1210 2077 1274 praesumpsisse
2093 1210 2465 1271 Norbertuin','et
2480 1222 2656 1276 coapo-

530 1291 707 1338 stolum
736 1291 835 1354 ejus
871 1291 1105 1338 Farsitum
1139 1291 1298 1338 mirati
1337 1290 1537 1349 fuimus,
1578 1300 1626 1337 et
1654 1291 1867 1338 risimus¹
1890 1310 1900 1337 ε
1923 1292 2006 1355 qui
2041 1291 2123 1338 diu
2152 1292 2329 1356 pariter
2356 1292 2406 1339 in
2436 1275 2667 1362 oratione.

532 1387 695 1418 coram
729 1369 911 1435 populo
940 1371 1191 1435 prostrati,
1224 1380 1271 1416 et
1300 1370 1360 1417 de
1388 1386 1474 1417 sua
1501 1371 1874 1435 praesumptione
1904 1370 2140 1430 frustrati,
2170 1388 2320 1436 quum
2349 1388 2376 1418 a
2404 1371 2654 1436 proposito

530 1451 716 1497 confusi
739 1450 1033 1509 deciderent,
1061 1450 1313 1514 objurgare
1334 1450 1571 1515 populum
1600 1450 1906 1515 impudenter
1933 1460 2184 1515 coeperunt
2201 1488 2212 1509 ,
2245 1451 2378 1515 quod
2407 1443 2655 1513 devotioni

529 1548 623 1577 suae
657 1541 704 1577 et
737 1531 977 1577 constanti
1017 1529 1129 1577 fidei
1170 1529 1424 1577 infidelitas
1460 1547 1629 1577 eorum
1667 1530 1935 1577 obsisteret.
1982 1532 2024 1576 Ο
2058 1530 2289 1577 calliditas
2323 1528 2648 1587 incautorum!

530 1628 559 1656 o
589 1611 827 1657 excusatio
857 1609 1025 1656 frivola
1059 1608 1473 1656 inexcusabilium!
1508 1609 1703 1673 Aliquos
1733 1608 1993 1673 aliquando
2022 1610 2071 1655 in
2100 1609 2275 1656 talibus
2303 1608 2524 1674 decipere
2550 1624 2656 1674 pos-

528 1701 655 1750 sunt,
675 1691 759 1738 sed
770 1691 903 1754 juxta
926 1692 1136 1738 veritatis
1160 1692 1490 1750 assertionem,
1508 1691 1627 1737 nibil
1650 1691 1895 1738 occultum
1917 1691 2051 1756 quod
2074 1708 2174 1739 non
2198 1691 2451 1750 reveletur,
2468 1701 2515 1738 et
2522 1691 2656 1755 juxta

528 1772 806 1835 Hieronymi
839 1772 1166 1831 sententiam²‚
1194 1770 1336 1818 falsus
1370 1788 1538 1818 rumor
1563 1771 1658 1818 cito
1684 1772 1988 1836 opprimitur.
2029 1773 2135 1818 Non
2162 1772 2439 1835 ignoramus
2462 1771 2656 1818 astutias

528 1852 717 1910 talium,
749 1852 832 1915 qui
857 1869 1008 1916 quum
1043 1851 1366 1898 febricitantes
1400 1868 1428 1898 a
1461 1851 1649 1898 lenibus
1683 1851 1866 1898 morbis
1895 1867 2063 1899 curare
2090 1861 2407 1916 praesumunt,
2438 1850 2656 1916 pluribus

529 1932 687 1996 aliqua
706 1931 783 1978 vel
814 1932 863 1978 in
894 1931 1003 1978 cibo
1034 1931 1108 1978 vel
1144 1932 1193 1977 in
1218 1941 1338 1995 potu
1367 1931 1586 1978 tribuunt
1619 1942 1672 1977 ut
1706 1942 1875 1978 curent
1894 1969 1905 1990 ,
1942 1931 2017 1978 vel
2044 1931 2407 1979 benedictiones
2435 1931 2511 1978 vel
2545 1947 2654 1999 ora·

528 2013 682 2058 tiones
705 2011 900 2057 faciunt.
927 2014 1029 2057 Hoc
1053 2011 1216 2074 utique
1240 2011 1469 2073 cogitant,
1496 2021 1550 2057 ut
1573 2011 1612 2058 si
1634 2010 1986 2075 quoquomodo
2010 2012 2194 2058 curatio
2217 2020 2459 2075 sequatur,
2484 2001 2657 2057 sancti—

528 2092 612 2138 tati
646 2108 815 2137 eorum
845 2091 1138 2155 imputetur3
1178 2091 1250 2137 sin
1285 2108 1402 2137 vero
1443 2091 1641 2137 minime
1660 2128 1671 2150 ,
1698 2090 1968 2138 infidelitati
2007 2107 2176 2137 eorum
2213 2091 2289 2138 vel
2331 2091 2655 2155 desperationi

529 2172 807 2218 ascribatur.
845 2171 953 2218 Tale
991 2171 1245 2219 consilium
1284 2170 1481 2235 quidam
1519 2171 1755 2218 saecularis
1792 2181 1974 2218 astutus
2008 2171 2201 2218 cuidam
2231 2171 2531 2235 pauperculae
2564 2171 2654 2218 sibi

531 2261 655 2298 notae
678 2251 824 2297 fertur
846 2249 1050 2297 dedisse.
1078 2253 1239 2307 Quum
1262 2251 1391 2297 enim
1415 2250 1516 2308 illa,
1542 2260 1595 2296 ut
1618 2250 1809 2309 dicitur,
1837 2249 1898 2297 ad
1921 2260 2253 2315 paupertatem
2281 2251 2481 2297 nimiam
2509 2250 2653 2297 deve-

530 2333 674 2378 nisset
689 2370 699 2390 ,
727 2342 774 2378 et
799 2348 827 2378 a
848 2331 1075 2395 praedicto
1091 2331 1197 2378 viro
1221 2330 1574 2394 eleemosynam
1596 2331 1883 2394 postularet,
1910 2331 2107 2377 miratus
2129 2331 2206 2377 ille
2232 2330 2365 2394 quod
2389 2346 2495 2377 eam
2518 2347 2654 2377 men-

530 2411 767 2458 dicantem
787 2411 988 2468 videret,
1015 2427 1160 2474 quam
1184 2420 1324 2457 antea
1347 2421 1548 2457 noverat
1571 2410 1917 2468 abundantem,
1939 2410 2071 2457 dedit
2094 2411 2137 2457 ei
2152 2410 2357 2459 tandem
2379 2410 2650 2469 consilium,

530 2503 581 2538 ut
608 2508 658 2538 se
687 2491 913 2538 medicari
934 2491 1054 2538 scire
1077 2490 1343 2549 simularet,
1370 2501 1417 2537 et
1438 2490 1613 2537 herbas
1635 2507 1947 2555 quascunque
1969 2490 2228 2554 colligeret,
2249 2500 2297 2537 et
2317 2490 2655 2554 aegrotantibus

529 2573 641 2619 inde
663 2573 960 2619 curationem
985 2581 1275 2636 praepararet
1292 2608 1304 2630 ,
1339 2581 1386 2618 et
1407 2570 1498 2618 hac
1522 2581 1622 2618 arte
1652 2570 1741 2618 sibi
1766 2572 1946 2618 victum
1969 2581 2217 2636 quaereret.
2258 2570 2476 2618 Addebat
2498 2571 2650 2629 enim,

530 2654 716 2712 dicens,
745 2651 879 2717 quod
907 2653 945 2700 si
974 2652 1113 2699 alicui
1141 2669 1231 2717 pro
1260 2651 1578 2699 medicamine
1602 2652 1782 2716 aliquid
1811 2652 1973 2712 daret,
2007 2662 2054 2699 et
2087 2652 2263 2699 sanitas
2285 2666 2571 2715 quacunque
2593 2649 2654 2697 de

531 2750 671 2780 causa
694 2732 807 2779 inde
826 2732 985 2796 aliquo
1009 2742 1176 2779 curato
1196 2742 1489 2796 sequeretur,
1507 2732 1584 2779 ille
1604 2742 1797 2780 sanatus
1819 2732 1947 2780 hanc
1963 2733 2261 2780 curationem
2284 2732 2384 2795 ejus
2407 2731 2655 2778 medicinae
2708 2763 2723 2777 .

532 2814 790 2878 deputans,
823 2812 1000 2859 multos
1033 2813 1252 2876 exemplo
1282 2813 1354 2859 sui
1383 2812 1445 2859 ad
1474 2812 1824 2860 medicamenta
1852 2813 1975 2860 illius
2002 2813 2226 2860 invitaret
2252 2830 2262 2858 :
2289 2822 2336 2858 et
2357 2813 2424 2859 sic
2446 2812 2495 2858 in
2518 2811 2654 2887 1)Ψί

534 2910 762 2957 magnum
785 2892 874 2939 sibi
888 2909 1067 2939 nomen
1082 2892 1331 2939 medicinae
1348 2893 1638 2956 acquireret3
1666 2910 1770 2957 quae
1787 2911 1939 2958 quum
1961 2894 2010 2940 in
2034 2892 2270 2958 aliquibus
2293 2873 2653 2958 medicai'r'ientis

533 2977 628 3022 suis
663 2975 920 3021 efficaciam
953 2990 1053 3020 non
1084 2973 1307 3032 haberet,
1335 2974 1508 3020 morbo
1539 2974 1588 3020 id
1617 2975 1950 3039 imputaretur,
1977 2974 2111 3039 quod
2139 2972 2414 3040 incurabilis
2436 2981 2580 3030 esset,
2606 2980 2670 3017 et'

535 3064 703 3101 contra
736 3063 942 3100 mortem
979 3052 1470 3106 nihilsmedicamenti
1491 3053 1615 3099 vires
1649 3070 1806 3117 posse.
1846 3053 1974 3110 Quid
2003 3053 2165 3118 plura?
2201 3052 2356 3116 fallaci
2370 3042 2572 3131 ‘bomini
2600 3059 2653 3095 ut

536 3133 710 3180 multos
729 3133 908 3180 falleret
929 3132 1166 3196 acquievit
1188 3132 1283 3191 illa,
1311 3142 1358 3178 et
1380 3148 1551 3194 magna
1575 3132 1772 3178 tandem
1794 3134 1843 3179 in
1867 3133 2098 3197 opinione
2119 3104 2652 3200 hominun'ifiiejffirt'ute

538 3214 871 3261 medicamenti
893 3214 1055 3261 habita
1079 3223 1165 3275 est.
1193 3214 1269 3260 Sic
1291 3213 1368 3260 isti
1391 3212 1451 3259 de
1474 3212 1716 3260 miraculis
1739 3224 2103 3277 praesumentes,
2116 3212 2249 3273 ‚sicut
2266 3211 2356 3273 illa„
2367 3209 2428 3257 de
2450 3209 2653 3256 medica-

583 3380 591 3397 ⁴
631 3381 677 3414 De
713 3380 748 3413 S.
780 3379 939 3413 Norberto
970 3381 1042 3413 vide
1076 3391 1174 3424 supra
1187 3405 1196 3421 ,
1226 3392 1260 3424 p.
1294 3381 1336 3413 63
1354 3402 1364 3419 ,
1394 3386 1486 3413 notas
1524 3380 1566 3413 ad
1619 3380 1777 3423 regularis
1805 3355 2135 3419 suessionensisfde
2158 3364 2223 3422 quo
2246 3360 2320 3412 §ide
2348 3378 2431 3410 Hist.
2458 3378 2520 3409 lin.
2550 3378 2589 3408 de
2615 3377 2647 3407 la

537 3439 655 3470 Histor.
683 3438 806 3470 Calam.
834 3437 975 3469 Farsitus
1000 3437 1059 3469 iste
1084 3447 1178 3481 quem
1202 3436 1390 3469 Abaelardus
1417 3435 1566 3470 Norberti
1620 3439 1759 3474 France,
1777 3444 1801 3470 t.
1817 3438 1890 3478 XII,
1906 3449 1942 3482 p.
1958 3439 2022 3471 294
2039 3444 2072 3471 et
2086 3449 2135 3481 sq.
2148 3437 2199 3471 Cf.
2214 3437 2380 3476 Re'musat‚
2396 3436 2538 3468 Abezard
2550 3459 2559 3472 ‚
2580 3441 2603 3467 t.
2621 3434 2647 3475 1,-

536 3493 658 3526 socium
675 3492 772 3526 fuisse
789 3492 852 3532 ait,
869 3492 995 3526 videtur
1011 3502 1081 3525 esse
1098 3493 1189 3536 Ilugo
1206 3493 1348 3526 Far-situs
1362 3518 1370 3534 ,
1391 3493 1566 3526 canonicus
1621 3505 1655 3537 p.
1678 3496 1749 3527 176.
1762 3492 1828 3517 ——²
1844 3495 1945 3537 Epist.
1961 3506 2051 3534 uix,
2073 3495 2157 3535 Ορρ.
2173 3501 2195 3527 t.
2213 3493 2271 3534 lv,
2287 3499 2372 3538 part.
2390 3492 2419 3525 ll
2431 3518 2438 3531 ,
2454 3503 2488 3534 p·
2505 3492 2582 3524 559.
