2970 4152
606 430 698 476 lO-‘i-
1188 431 1356 477 PETRI
1394 432 1702 480 ABAELARDI
1733 434 1807 481 ET
1840 434 2138 482 HEL0188AE

602 540 684 570 cro
705 561 716 583 ,
764 541 823 571 ne
844 560 855 582 ,
899 524 1031 588 quod
1067 524 1185 571 dixit
1228 526 1482 591 Pompeius
1524 528 1741 574 moerenti
1783 528 2043 587 Corneliae,
2090 528 2171 575 tibi
2221 529 2570 594 improperetur
2614 540 2733 576 turs

602 620 819 668 pissime:

1509 703 1614 745 Vivit
1632 712 1725 758 post
1744 705 1880 759 praelia
1898 707 2068 757 Magnus
2088 723 2096 745 ε

1053 770 1132 811 Sed
1153 770 1315 812 fortuna
1338 772 1464 826 perit;
1485 772 1596 826 quod
1619 773 1746 814 defles
1759 805 1769 823 ‚
1790 773 1891 814 illud
1910 773 2055 814 amasti
2071 773 2097 814 ².

599 885 819 946 Attende,
849 904 1045 952 precor,
1084 889 1159 948 id,
1193 899 1239 936 et
1267 889 1519 950 erubesce,
1549 892 1638 938 nisi
1674 867 1900 939 admissas
1935 891 2253 956 turpitudines
2282 892 2715 957 impudentissimas

592 967 916 1015 commendes.
942 970 1112 1035 Accipe
1131 970 1290 1035 itaque
1309 987 1463 1031 soror,
1484 972 1663 1037 accipe,
1684 988 1862 1036 quaeso,
1887 972 2120 1037 patienter
2145 988 2249 1036 quae
2274 971 2414 1019 nobis
2438 973 2714 1021 acciderunt

591 1040 974 1120 misericorditer.
999 1051 1140 1115 Virga
1166 1050 1267 1099 haec
1297 1062 1365 1099 est
1389 1053 1561 1118 patris,
1592 1069 1692 1099 non
1718 1051 1901 1117 gladius
1924 1053 2255 1117 persecutoris·
2283 1054 2489 1100 Percutit
2508 1064 2643 1118 pater
2660 1064 2713 1101 ut

589 1130 813 1193 corrigat,
850 1147 910 1178 ne
936 1130 1071 1178 feriat
1094 1130 1243 1179 hostis
1274 1143 1327 1179 ut
1366 1133 1567 1180 occidat.
1605 1132 1810 1180 Vulnere
1845 1141 2050 1179 mortem
2077 1133 2329 1197 praevenit,
2366 1149 2465 1180 non
2504 1134 2707 1198 ingerit:

590 1208 800 1257 immittit
817 1210 1017 1271 ferrum,
1046 1222 1097 1258 ut
1115 1223 1327 1278 amputet
1347 1213 1588 1260 morbum.
1619 1217 1803 1279 Corpus
1821 1213 2063 1273 vulnerat,
2093 1223 2140 1260 et
2163 1213 2371 1260 animam
2394 1223 2543 1261 sanat.
2574 1215 2712 1262 Occi·

588 1289 701 1336 dere
726 1290 981 1352 debuerat,
1010 1303 1057 1340 et
1086 1293 1307 1341 vivificat.
1342 1295 1701 1342 Immunditiam
1731 1305 1935 1354 resecat,
1959 1304 2012 1341 ut
2034 1293 2271 1341 mundum
2295 1294 2546 1359 relinquat.
2572 1295 2713 1342 Punit

586 1370 730 1416 semel
759 1387 820 1418 ne
845 1373 1010 1437 puniat
1039 1390 1242 1439 semper.
1284 1375 1463 1421 Patitur
1495 1392 1619 1422 unus
1647 1392 1704 1422 ex
1727 1375 1924 1422 vulnere
1948 1385 2000 1422 ut
2025 1374 2214 1421 duobus
2239 1384 2459 1439 parcatur
2484 1391 2511 1422 a
2534 1385 2704 1422 morte.

588 1452 695 1496 Duo
718 1451 764 1496 in
785 1450 948 1516 culpa,
971 1470 1094 1500 unus
1113 1454 1162 1500 in
1185 1470 1343 1518 poena.
1365 1454 1419 1501 Id
1438 1472 1632 1520 quoque
1657 1465 1746 1503 tuae
1771 1454 2032 1502 infirmitati
2051 1464 2230 1501 naturae
2255 1454 2414 1501 divina
2439 1453 2710 1518 indulgetur

585 1531 913 1592 miseratione,
949 1543 995 1580 et
1020 1533 1233 1598 quodam
1261 1535 1409 1581 modo
1430 1535 1571 1598 juste.
1595 1538 1704 1593 Quo
1732 1536 1860 1582 enim
1884 1534 2160 1582 naturaliter
2179 1551 2292 1581 sexu
2315 1533 2551 1581 infirmior
2575 1552 2705 1596 eras,

585 1620 630 1656 et
656 1610 822 1658 fortior
841 1614 1157 1670 continentia,
1186 1631 1340 1679 poenae
1360 1616 1517 1662 minus
1536 1632 1639 1663 eras
1659 1615 1883 1662 obnoxia.
1913 1615 2078 1662 Refero
2103 1615 2313 1661 Domino
2341 1625 2388 1661 et
2412 1615 2461 1661 in
2486 1614 2581 1662 hoc
2606 1633 2710 1679 gra-

584 1701 653 1738 tes
672 1695 708 1750 2,
732 1694 816 1756 qui
836 1703 881 1740 te
902 1704 1015 1741 tunc
1035 1705 1081 1742 et
1099 1713 1125 1742 a
1141 1713 1283 1760 poena
1303 1695 1540 1756 liberavit,
1566 1706 1613 1743 et
1634 1696 1696 1743 ad
1715 1713 1946 1743 coronam
1974 1682 2251 1754 reservavit3
2275 1705 2322 1742 et
2343 1711 2494 1759 quum
2514 1712 2590 1743 me
2616 1713 2709 1743 una

582 1773 797 1836 corporis
817 1775 912 1821 mei
930 1776 1154 1838 passione
1173 1775 1319 1822 semel
1339 1775 1400 1822 ab
1414 1776 1546 1823 omni
1560 1786 1673 1823 aestu
1691 1776 1833 1840 hujus
1854 1775 2266 1841 concupiscentiae,
2289 1775 2338 1821 in
2361 1792 2455 1840 qua
2475 1791 2569 1822 una
2582 1785 2709 1823 totus

579 1868 665 1916 per
701 1854 1066 1902 immoderatam
1098 1856 1494 1903 incontinentiam
1533 1867 1793 1923 occupatus
1831 1873 1983 1916 eram,
2022 1856 2339 1920 refrigeravit³
2363 1871 2424 1902 ne
2455 1872 2703 1917 corruam;

580 1933 751 1980 multas
775 1934 1104 1983 adolescentiae
1127 1947 1218 1983 tuae
1243 1937 1447 2000 majores
1465 1938 1609 1985 animi
1630 1938 1875 2003 passiones
1898 1955 1954 1984 ex
1983 1936 2171 1986 assidua
2196 1936 2352 1983 carnis
2382 1936 2680 2000 suggestione
2697 1941 2708 1962 ἱ·

580 2016 833 2061 reservavit
852 2015 914 2062 ad
939 2018 1149 2080 martyrii
1172 2034 1420 2065 coronam.
1451 2017 1597 2076 Quod
1620 2018 1730 2064 licet
1755 2028 1800 2064 te
1820 2017 1984 2064 audire
2005 2016 2197 2076 taedeat,
2230 2026 2276 2063 et
2306 2016 2400 2062 dici
2422 2015 2676 2081 prohibeas
2691 2054 2703 2077 ‚

580 2096 748 2143 veritas
776 2105 935 2144 tamen
968 2097 1017 2143 id
1046 2097 1259 2163 loquitur
1289 2099 1554 2146 manifesta.
1592 2099 1679 2145 Cui
1706 2099 1835 2145 enim
1865 2115 2053 2163 semper
2085 2108 2155 2144 est
2191 2113 2378 2163 pugna,
2412 2106 2626 2160 superest
2662 2108 2707 2144 et

577 2192 782 2236 corona;
806 2177 919 2240 quia
943 2193 1043 2223 non
1071 2178 1380 2226 coronabitur
1405 2199 1428 2223 «
1451 2180 1540 2225 nisi
1574 2180 1657 2240 qui
1687 2179 1894 2242 legitime
1920 2178 2169 2226 certaverit
2185 2179 2213 2223 ⁵.
2243 2196 2266 2220 »
2295 2176 2410 2223 Mihi
2437 2193 2551 2223 vero
2577 2176 2707 2225 nulla

577 2266 790 2319 superest
813 2272 1018 2316 corona,
1056 2258 1167 2321 quia
1193 2257 1323 2304 nulla
1347 2257 1508 2304 subest
1533 2258 1803 2307 certaminis
1824 2274 1981 2305 causa.
2012 2260 2156 2304 Deest
2180 2257 2375 2303 materia
2405 2273 2600 2321 pugnae,
2629 2259 2704 2303 cui

575 2334 758 2382 ablatus
789 2346 859 2383 est
892 2336 1109 2384 stimulus
1139 2339 1551 2403 concupiscentiae.
1590 2338 1779 2402 Aliquid
1814 2348 1974 2385 tamen
2006 2354 2107 2385 esse
2136 2337 2318 2384 aestimo
2345 2337 2384 2385 si
2418 2354 2569 2401 quum
2593 2336 2706 2384 hinc

574 2415 754 2462 nullam
778 2417 1039 2482 percipiam
1067 2434 1322 2476 coronam,
1357 2418 1643 2466 nonnullam
1674 2428 1835 2466 tamen
1867 2419 2038 2467 evitem
2060 2434 2278 2483 poenam,
2308 2427 2354 2464 et
2373 2416 2540 2464 dolore
2565 2417 2705 2464 unius

573 2505 920 2543 momentaneae
938 2514 1091 2561 poenae
1110 2497 1270 2544 multis
1296 2498 1502 2545 fortassis
1522 2497 1824 2562 indulgeatur
1848 2498 2048 2545 aeterniS.
2080 2497 2319 2561 Scriptum
2346 2506 2416 2544 est
2439 2497 2617 2562 quippe
2643 2497 2703 2544 de

569 2575 711 2638 hujus
743 2577 1016 2624 miserrimae
1044 2578 1150 2625 vitae
1173 2578 1449 2626 hominibus
1464 2615 1475 2638 ,
1506 2579 1604 2626 imo
1625 2579 1854 2643 jumentis
1871 2580 1914 2624 ⁶:
1941 2597 1964 2623 «
1984 2581 2393 2643 Computruerunt
2412 2577 2628 2641 jumenta
2653 2578 2700 2624 in

568 2657 856 2704 stercoribus
886 2658 996 2704 suis.
1026 2678 1048 2702 »
1077 2660 1234 2706 Minus
1265 2676 1460 2724 quoque
1488 2660 1713 2707 meritum
1741 2677 1904 2707 meum
1923 2659 2074 2706 minui
2098 2675 2397 2723 conqueror,
2428 2658 2545 2704 dum
2565 2668 2699 2705 tuum

570 2754 779 2784 erescere
800 2754 899 2784 non
926 2737 1111 2785 diffido.
1140 2742 1300 2786 Unum
1325 2740 1504 2805 quippe
1530 2757 1696 2787 sumus
1714 2741 1763 2786 in
1786 2739 1997 2798 Christo,
2022 2756 2117 2786 una
2134 2756 2221 2804 per
2237 2738 2389 2802 legem
2409 2738 2699 2785 matrimonii

569 2835 696 2864 caro.
723 2818 963 2882 Quicquid
984 2829 1054 2865 est
1072 2829 1234 2879 tuum,
1269 2820 1386 2866 mihi
1406 2837 1504 2886 non
1533 2820 1737 2867 arbitror
1766 2820 1990 2867 alienum.
2021 2823 2147 2866 Tuus
2173 2829 2332 2866 autem
2361 2828 2431 2865 est
2453 2817 2692 2877 Christus,

568 2900 678 2962 quia
700 2899 819 2945 facta
839 2916 888 2945 es
913 2915 1090 2963 sponsa
1115 2899 1230 2962 ejus.
1253 2902 1311 2946 Et
1331 2917 1486 2960 nunc,
1524 2910 1574 2947 ut
1603 2917 1745 2965 supra
1773 2901 1991 2957 memini,
2027 2917 2104 2947 me
2131 2899 2278 2946 habes
2307 2892 2518 2958 servum,
2553 2914 2698 2962 quem

568 2978 684 3024 olim
721 2978 1011 3042 agnoscebas
1049 2978 1301 3025 dominum
1336 2998 1346 3025 :
1390 2980 1537 3043 magis
1577 2979 1662 3027 tibi
1712 2989 1869 3026 tamen
1911 2996 2075 3026 amore
2115 2996 2246 3026 nunc
2288 2976 2517 3044 spirituali
2534 2980 2548 3002 ⁷
2580 2993 2696 3023 con·

562 3058 808 3117 junctum,
840 3075 985 3123 quam
1014 3058 1184 3105 timore
1209 3058 1492 3122 subJectum.
1526 3059 1664 3106 Unde
1685 3069 1732 3106 et
1749 3059 1810 3106 de
1831 3066 1914 3106 tuo
1934 3059 2073 3106 nobis
2099 3058 2228 3124 apud
2252 3059 2409 3124 ipsum
2429 3056 2695 3122 patrocinio

568 3137 769 3202 amplius
785 3137 1096 3197 confidimus,
1119 3149 1171 3185 ut
1190 3138 1238 3185 id
1256 3139 1501 3186 obtineam
1518 3156 1573 3186 ex
1588 3149 1666 3186 tua
1686 3139 1819 3204 quod
1836 3156 1935 3186 non
1955 3155 2151 3205 possum
2172 3155 2228 3186 ex
2246 3138 2463 3185 oratione
2479 3136 2690 3201 propria,

570 3229 615 3264 et
640 3235 769 3265 nunc
789 3219 992 3265 maxime
1012 3236 1163 3282 quum
1180 3220 1459 3284 quotidiana
1476 3219 1801 3285 periculorum
1820 3230 1901 3266 aut
1919 3218 2335 3284 perturbationum
2354 3216 2576 3264 instantia
2602 3232 2693 3263 nec

567 3300 724 3346 vivere
750 3315 850 3357 me,
880 3315 968 3345 nec
994 3299 1198 3346 orationi
1221 3300 1343 3347 sinat
1361 3317 1545 3348 vacare.
1584 3303 1679 3347 Nec
1705 3300 1839 3347 illum
1863 3300 2189 3348 beatissimum
2220 3299 2392 3345 imitari
2417 3296 2692 3345 eunuchum

615 3448 622 3462 ¹
652 3447 772 3479 Lucan.
794 3445 915 3478 Phara.
937 3444 995 3477 lib.
1013 3444 1107 3486 vlu,
1124 3455 1155 3479 v.
1180 3447 1220 3478 84
1241 3453 1274 3480 et
1291 3448 1346 3480 85.
1366 3464 1404 3470 —
1426 3446 1439 3464 ²
1462 3447 1517 3480 Sic
1537 3446 1574 3479 D.
1587 3463 1609 3471 ·-
1653 3445 1732 3479 ‘Ex
1750 3448 1879 3479 assiduo
1896 3449 2004 3480 carnis
2020 3447 2155 3488 impulsu
2170 3444 2327 3478 RMS.-³
2348 3443 2483 3477 Timoch.
2506 3443 2549 3480 11,
2566 3452 2638 3486 cap.
2657 3446 2691 3479 ιι,’

571 3505 701 3536 Domino
726 3506 758 3535 in
792 3505 851 3535 hoc
877 3504 1000 3544 gratias
1034 3501 1117 3535 Edd.
1139 3518 1180 3525 —
1201 3501 1214 3520 ³
1235 3504 1483 3547 Refriqeraverit
1507 3504 1545 3536 Ι).
1569 3521 1606 3527 -·
1652 3512 1682 3536 ν.
1702 3503 1789 3535 5.-
1805 3501 1818 3521 ⁶
1835 3503 1925 3542 Job„
1943 3512 2017 3546 cap.
2036 3514 2045 3535 ι
2061 3528 2068 3540 ,
2088 3513 2119 3535 ν.
2145 3503 2197 3534 17.
2214 3519 2249 3525 -
2269 3500 2281 3517 '¹
2298 3502 2428 3533 Pur-{ori
2447 3498 2539 3533 RMS.
