2970 4152
1083 375 1397 426 EXPOSlTlO
1431 378 1703 427 SYMBOLI.
2363 382 2415 429 61
2430 385 2448 429 1

341 489 448 520 mus
470 475 662 520 Petrum
689 474 848 538 ipsum
871 483 919 521 et
946 472 1014 520 ibi
1043 490 1144 521 esse
1173 473 1223 520 in
1254 473 1500 538 sepulcro,
1525 483 1574 521 et
1595 474 1646 520 in
1679 472 1949 521 coelestibus
1983 490 2095 520 cum
2130 473 2338 521 Christo,
2365 477 2456 533 Qui

340 555 485 604 etiam
516 554 791 620 sepulcrum
825 554 1023 620 alicujus
1058 555 1299 602 intuentes
1333 555 1492 603 dicere
1525 571 1628 602 non
1663 571 1886 604 veremur
1917 574 1928 603 ε
1965 556 2053 603 Hic
2085 555 2236 603 homo
2269 557 2352 621 qui
2378 557 2455 605 hic

335 633 462 697 jacet
484 650 710 698 magnam
736 635 984 692 scientiam
1006 645 1054 683 et
1076 624 1486 700 pulchritudinem
1512 634 1705 694 habuit,
1731 652 1882 699 quum
1910 646 2072 684 tamen
2107 635 2227 683 illud
2253 637 2457 684 cadaver

334 726 430 766 nec
446 713 550 776 jam
569 713 721 761 homo
744 714 829 773 sit,
855 731 945 762 nec
967 714 1215 762 scientiam
1236 713 1428 773 habuit,
1453 730 1560 778 quae
1581 713 1728 762 solius
1758 725 1860 762 erat
1893 714 2101 763 absentis
2139 716 2330 775 animae,
2368 733 2458 763 nec

285 816 300 830 s
338 792 444 856 ipsa
463 794 622 841 anima
634 832 646 854 ,
677 811 782 859 quae
803 796 1051 843 scientiam
1066 795 1197 844 illam
1216 794 1386 843 habuit
1398 832 1410 854 ‚
1432 794 1667 842 ullatenus
1691 795 1872 843 habere
1887 796 2189 861 corporalem
2206 797 2336 845 illam
2354 797 2458 863 pul-

340 871 662 920 chritudinem
697 875 879 938 potuit,
906 875 991 923 sed
1017 876 1067 922 in
1091 876 1289 923 diversis
1310 875 1500 940 penitus
1521 875 1705 921 naturis
1736 876 1930 923 scientia
1963 876 2042 924 illa
2073 887 2120 924 et
2147 877 2456 942 pulchritudo

339 950 512 1011 fuerit,
537 952 618 999 illa
639 953 836 1017 quidem
856 954 907 1001 in
931 955 1092 1002 anima
1109 991 1121 1014 ,
1147 955 1248 1002 haec
1270 956 1320 1001 in
1344 970 1567 1019 corpore.
1595 956 1758 1010 Quum
1780 954 1941 1018 itaque
1964 955 2167 1002 dicimus
2189 956 2348 1016 hunc,
2374 958 2458 1021 qui

336 1029 417 1079 hic
443 1031 592 1095 jacet,
623 1033 887 1098 sapientem
909 1033 1051 1081 fuisse
1069 1071 1080 1093 ,
1106 1044 1305 1099 propter
1327 1034 1560 1082 unitatem
1581 1033 1802 1080 videlicet
1829 1051 2046 1099 personae
2060 1072 2071 1094 ,
2098 1051 2204 1099 quae
2220 1035 2322 1099 jam
2354 1053 2453 1084 non

337 1120 409 1158 est
424 1147 437 1170 ‚
463 1111 549 1159 sed
570 1111 660 1160 fuit
686 1132 696 1160 :
724 1130 810 1160 cur
833 1131 934 1161 non
958 1114 1174 1162 dicamus
1197 1114 1258 1162 de
1280 1114 1470 1162 Christo
1492 1114 1625 1161 hunc
1643 1151 1655 1173 ‚
1681 1114 1764 1178 qui
1786 1117 1914 1161 Deus
1936 1125 2030 1174 est,
2055 1114 2306 1163 hominem
2329 1119 2457 1164 esse?

337 1190 414 1238 vel
435 1191 583 1252 hunc,
605 1193 688 1258 qui
710 1193 772 1241 de
800 1195 922 1242 coelo
946 1194 1217 1255 descendit,
1244 1195 1538 1255 ascendisse,
1559 1195 1655 1242 hoc
1678 1204 1748 1242 est
1769 1211 1917 1243 unam
1940 1196 2028 1243 Dei
2052 1205 2101 1244 et
2121 1196 2356 1256 hominis,
2382 1199 2455 1245 vel

338 1270 485 1319 Verbi
519 1272 853 1324 descendentis
883 1286 955 1324 est
983 1276 1195 1324 hominis
1223 1292 1481 1341 personam
1510 1276 1642 1324 esse?
1665 1275 1888 1340 Alioquin
1907 1313 1918 1335 ,
1957 1276 2207 1340 quomodo
2243 1276 2457 1324 dicemus

335 1350 545 1418 aliquem
566 1355 805 1404 intuentes
831 1356 1081 1406 hominem
1096 1395 1108 1418 ‚
1137 1359 1250 1422 quia
1271 1357 1350 1405 hic
1364 1395 1376 1418 ,
1402 1358 1486 1423 qui
1507 1357 1707 1423 pulcher
1729 1367 1822 1416 est,
1849 1357 2037 1423 sapiens
2066 1358 2168 1404 est?
2199 1358 2292 1405 nisi
2322 1358 2457 1405 vide-

334 1430 444 1480 licet
479 1436 746 1484 secundum
775 1438 1011 1486 unitatem
1044 1455 1287 1504 personae,
1313 1439 1363 1486 in
1386 1438 1522 1502 cujus
1550 1438 1771 1498 diversiS,
1804 1448 1858 1485 ut
1891 1436 2075 1485 dictum
2109 1448 2202 1497 est,
2241 1438 2458 1503 partibus

332 1511 644 1577 pulchritudo
671 1526 718 1563 et
740 1518 974 1582 sapientia
995 1518 1060 1566 ita
1081 1528 1194 1566 sunt
1223 1517 1470 1577 distincta,
1495 1527 1550 1564 ut
1571 1516 1703 1565 aliud
1725 1516 1791 1564 ibi
1818 1516 2227 1582 pulchritudinem
2249 1515 2425 1565 habeat
2443 1556 2453 1576 ‚

332 1591 384 1639 id
407 1603 479 1641 est
502 1611 707 1661 corpus;
740 1597 871 1645 aliud
899 1599 1182 1665 sapientiam
1199 1636 1211 1659 ,
1242 1599 1293 1647 id
1323 1609 1395 1647 est
1431 1599 1608 1647 anima.
1642 1599 1774 1646 Sicut
1809 1615 1923 1662 ergo
1959 1598 2161 1646 dicimus
2199 1615 2310 1646 eum
2325 1636 2337 1659 ,
2375 1601 2459 1663 qui

333 1673 533 1739 pulcher
556 1687 651 1738 est,
677 1678 753 1725 vel
775 1679 858 1744 qui
881 1680 1143 1741 animatus,
1169 1681 1434 1746 sapientem
1469 1696 1594 1739 esse,
1626 1695 1778 1745 quum
1812 1688 1974 1726 tamen
2007 1678 2317 1749 pulchritudo
2330 1717 2341 1739 ‚
2381 1680 2457 1727 vel

335 1754 564 1804 animatio
583 1756 730 1806 solius
749 1760 809 1807 sit
831 1761 1051 1825 corporis
1067 1797 1080 1820 ‚
1099 1762 1222 1809 sicut
1242 1761 1476 1826 sapientia
1496 1759 1643 1807 solius
1665 1759 1864 1807 animae:
1886 1759 1952 1807 ita
1973 1768 2020 1806 et
2038 1775 2193 1806 unum
2216 1759 2460 1807 eumdem-

331 1850 429 1898 que
451 1834 695 1885 Christum
717 1848 764 1886 et
785 1842 942 1887 Deum
964 1840 1168 1888 dicimus
1191 1850 1239 1889 et
1261 1840 1535 1900 hominem,
1566 1840 1663 1887 hoc
1694 1849 1765 1887 est
1795 1855 1944 1887 unam
1973 1856 2029 1886 ex
2057 1840 2158 1886 istis
2187 1838 2262 1886 v'el
2284 1839 2334 1886 in
2358 1840 2457 1886 istis

333 1916 518 1964 naturis
539 1919 799 1969 consistere
822 1938 1081 1986 personam
1110 1940 1119 1969 :
1148 1932 1195 1970 et
1219 1938 1371 1987 quum
1392 1921 1608 1969 Christus
1630 1921 1788 1969 adhuc
1811 1921 1861 1968 in
1887 1931 2014 1968 terra
2042 1921 2308 1968 consistens
2343 1920 2458 1967 dicit

332 1994 485 2045 filium
511 1998 721 2049 hominis
744 2002 794 2049 in
818 2001 941 2050 coelo
965 2020 1096 2063 esse,
1122 2002 1198 2051 vel
1222 2004 1272 2050 in
1297 2003 1419 2051 coelo
1442 2003 1692 2068 quondam
1715 2002 1857 2050 fuisse
1875 2040 1886 2062 ,
1913 2001 2032 2067 quid
2055 2001 2185 2049 aliud
2207 2012 2348 2050 sonat
2366 2003 2456 2049 nisi

334 2073 597 2127 humanam
620 2091 843 2129 naturam
865 2083 908 2130 ei
931 2099 1033 2131 esse
1056 2084 1241 2132 unitam
1255 2121 1266 2143 ,
1293 2101 1399 2149 quae
1420 2101 1506 2148 per
1529 2083 1830 2149 praesentiam
1853 2082 2114 2129 divinitatis
2128 2081 2315 2146 'ubique
2337 2099 2455 2129 con-

275 2163 277 2165 ’
330 2157 538 2208 sistentis
557 2177 585 2208 a
601 2162 781 2211 coelesti
796 2163 1078 2213 celsitudine
1102 2181 1203 2213 non
1224 2175 1296 2212 est
1313 2166 1526 2212 remota?
1544 2164 1675 2222 Quid
1696 2165 1762 2211 ita
1779 2163 1958 2210 mirum
1970 2200 1981 2222 ‚
2004 2163 2043 2210 si
2064 2179 2217 2227 quum
2239 2164 2456 2228 superius

330 2240 627 2302 praemissum
637 2243 698 2290 sit
711 2243 917 2291 «Filium
932 2245 1070 2304 Dei,»
1081 2245 1242 2292 statim
1258 2245 1540 2309 adjunctum
1552 2245 1637 2292 sit:
1652 2243 1777 2302 «Qui
1790 2251 2054 2308 conceptus
2070 2252 2142 2291 est
2151 2241 2213 2290 de
2222 2243 2420 2308 Spiritu,
2430 2261 2451 2288 υ

328 2315 406 2367 vel
433 2340 456 2367 «
477 2332 618 2371 natus
640 2323 702 2372 de
718 2325 937 2389 Virgine;
953 2344 976 2370 »
995 2325 1091 2373 hoc
1114 2336 1202 2386 est,
1223 2336 1469 2391 assumpta
1485 2326 1760 2373 humanitas
1781 2325 1849 2372 sic
1870 2333 2109 2390 concepta
2125 2333 2197 2371 est
2217 2324 2294 2371 vel
2316 2326 2455 2372 nata?

329 2399 406 2447 Sic
419 2402 598 2467 quippe
608 2403 915 2468 intelligimus
927 2415 974 2452 et
987 2407 1252 2454 Dominum
1268 2406 1427 2470 gloriae
1436 2405 1734 2463 crucifixum,
1743 2404 1839 2451 hoc
1852 2414 1922 2451 est
1934 2404 2185 2451 hominem
2194 2404 2270 2451 vel
2280 2421 2454 2470 corpus

329 2477 391 2525 ab
409 2494 468 2526 eo
486 2492 785 2547 assumptum
799 2482 881 2531 tali
893 2483 1110 2548 patibulo
1127 2484 1339 2532 affixum.
1357 2488 1496 2532 Juxta
1511 2483 1645 2548 quod
1660 2493 1708 2530 et
1722 2483 1871 2530 Maria
1886 2481 2166 2546 Magdalena
2190 2483 2453 2542 Dominum

328 2572 470 2605 suum
492 2559 554 2607 de
575 2572 896 2610 monumento
919 2563 1035 2611 dicit
1049 2562 1316 2623 sublatum,
1342 2563 1393 2611 id
1415 2573 1487 2611 est
1508 2579 1684 2628 corpus
1703 2561 1899 2609 Domini
1918 2561 1991 2609 sui
2011 2580 2022 2608 ε
2043 2561 2165 2608 sicut
2183 2570 2230 2607 et
2249 2561 2451 2610 dicimus

327 2636 406 2685 hic
428 2641 622 2688 Petrum
645 2642 887 2707 sepultum
910 2659 1040 2703 esse,
1067 2643 1129 2691 de
1151 2644 1255 2691 solo
1279 2644 1379 2708 ejus
1401 2659 1606 2709 corpore
1628 2642 1679 2689 id
1710 2641 2054 2704 intelligentes3
2082 2650 2130 2688 et
2156 2657 2371 2702 rursum,
2399 2654 2451 2691 ut

328 2716 511 2766 dictum
534 2731 632 2781 est,
657 2722 815 2793 ipsum
837 2724 887 2771 in
912 2724 1182 2773 coelestibus
1206 2742 1331 2785 esse,
1350 2725 1411 2772 de
1433 2724 1536 2772 sola
1554 2724 1655 2788 ejus
1675 2723 1836 2770 anima
1859 2722 1954 2770 hoc
1976 2722 2296 2770 intendentes.
2318 2725 2450 2789 Saepe

327 2798 506 2865 quippe
530 2801 593 2849 de
623 2813 728 2851 toto
758 2804 820 2853 ad
853 2816 1036 2871 partes,
1062 2806 1139 2854 vel
1162 2807 1223 2854 de
1245 2806 1462 2872 partibus
1489 2805 1552 2853 ad
1589 2814 1747 2852 totum
1775 2803 2112 2852 translationes
2135 2803 2258 2856 fiunt
2290 2806 2445 2851 nomi-

326 2895 446 2928 num
467 2899 478 2929 :
498 2882 646 2931 veluti
668 2902 819 2949 quum
844 2887 995 2935 modo
1018 2889 1253 2948 animam,
1282 2887 1431 2936 modo
1466 2903 1662 2935 carnem
1690 2896 1848 2934 totum
1870 2886 2120 2934 hominem
2143 2886 2374 2947 dicimus,
2402 2899 2449 2935 et

327 2976 682 3028 nonnunquam
698 2967 910 3014 animam
926 2968 1174 3017 desideriis
1190 2968 1460 3017 carnalibus
1482 2969 1715 3016 irretitam
1733 2967 1889 3015 carnis
1905 2967 2104 3014 nomine
2121 2966 2442 3030 designamus.

395 3043 611 3103 «Passus,
620 3063 644 3089 »
656 3046 923 3094 secundum
935 3049 1156 3096 eamdem
1168 3048 1346 3097 scilicet
1354 3048 1665 3096 humanitatis
1678 3056 1900 3094 naturam
1909 3046 1969 3093 de
1977 3046 2154 3111 Spiritu
2164 3055 2442 3110 conceptus,

324 3120 401 3168 vel
424 3139 481 3169 ex
503 3124 699 3189 Virgine
723 3126 878 3175 dictus
901 3139 971 3176 est
988 3139 1145 3177 natus.
1169 3129 1307 3177 «Sub
1328 3130 1500 3177 Pontio
1516 3128 1691 3188 Pilato,
1712 3146 1736 3173 »
1762 3127 1858 3174 hoc
1881 3135 1968 3187 est,
1993 3143 2052 3174 eo
2074 3126 2142 3173 ibi
2165 3126 2446 3173 dominante

326 3199 410 3263 uhi
441 3218 607 3266 passus
631 3205 735 3253 fuit.
761 3208 957 3255 Pontius
989 3208 1064 3256 vel
1096 3226 1369 3274 cognomen
1403 3209 1479 3257 vel
1502 3207 1676 3273 gentile
1704 3222 1885 3254 nomen
1909 3222 2010 3253 esse
2031 3215 2162 3270 patet
2196 3222 2252 3253 ex
2286 3205 2446 3270 aliquo

327 3277 456 3327 loco.
483 3285 610 3331 Bene
638 3295 798 3333 autem
827 3287 1052 3351 gentilem
1080 3299 1429 3338 commemorat
1465 3287 1715 3353 praesidem
1731 3324 1742 3346 ,
1767 3285 1853 3332 ubi
1874 3301 1932 3333 ex
1957 3284 2052 3332 hoc
2074 3285 2218 3332 etiam
2242 3284 2448 3331 insinuet

324 3359 426 3423 jam
455 3362 572 3411 illud
616 3375 805 3432 tempus
839 3368 1110 3429 advenisse,
1155 3386 1253 3434 quo
1283 3370 1383 3434 jam
1407 3370 1541 3433 juxta
1582 3367 1891 3432 Prophetiam
1924 3364 2072 3413 Jacob
2100 3366 2198 3413 sive
2242 3364 2448 3414 Danielis

331 3442 495 3494 unctio
518 3445 646 3508 regia
668 3446 719 3494 in
742 3448 924 3513 populo
947 3448 1223 3497 Judaeorum
1246 3448 1503 3497 defecerat.
