2970 4152
539 295 633 360 65'0
1338 305 1510 360 PETffl
1545 313 1858 386 ABAELARm

539 406 599 453 de
623 422 672 452 se
693 405 1019 469 cognitionem
1041 403 1259 451 conferre
1281 406 1453 469 possit,
1481 406 1613 470 quod
1636 417 1705 454 est
1733 424 1847 454 eum
1873 417 2051 454 naturae
2079 409 2305 472 cognosci
2326 408 2399 456 vel
2429 410 2654 458 determi-

541 496 707 533 natum
730 501 847 532 esse.
874 487 994 531 Nam
1017 493 1064 531 et
1084 500 1177 531 vox
1199 484 1276 532 vel
1295 501 1444 533 sonus
1465 485 1686 534 audibilis
1709 487 1986 535 naturaliter
2013 487 2186 533 dicitur
2210 492 2516 552 quantumin
2542 492 2655 556 ipsis

541 575 632 624 est,
658 565 745 612 etsi
767 581 911 611 nemo
934 565 1120 611 assistat
1141 565 1224 628 qui
1246 564 1347 612 haec
1369 565 1534 614 audire
1556 566 1732 626 valeat,
1759 577 1806 614 et
1834 582 1945 630 ager
1973 566 2035 613 ad
2063 567 2378 616 excolendum
2405 581 2543 635 aptus
2570 571 2657 618 fuit

541 656 799 709 antequam
820 644 970 691 homo
993 654 1115 691 esset
1138 645 1222 708 qui
1242 661 1355 692 eum
1375 646 1589 695 excolere
1612 657 1789 712 posset.
1813 650 1989 694 Futura
2003 663 2119 694 vero
2134 648 2460 711 contingentia
2478 660 2663 698 naturae

540 743 733 789 quoque
755 725 981 772 dicuntur
1003 726 1271 789 incognita,
1292 727 1684 790 quumvidelicet
1705 745 1759 774 ex
1783 727 1916 775 nulla
1933 737 2114 775 naturae
2136 728 2414 793 operatione
2435 730 2509 776 vel
2532 731 2660 778 insti-

541 808 726 853 tutione
738 806 970 870 praenosci
986 816 1182 870 queant.
1200 806 1339 863 Unde
1352 807 1501 856 miror
1516 808 1752 872 quosdam
1765 824 1814 854 se
1829 824 1916 873 per
1929 809 2273 856 astronomiam
2289 809 2413 856 scire·
2423 809 2656 874 profiteri,

541 885 601 932 de
624 886 698 933 his
729 903 930 950 quoque·
953 886 1169 948 judicare
1204 903 1344 951 posse
1362 924 1374 946 ,
1408 897 1455 935 et
1482 888 1618 952 quasi
1654 887 1946 934 divinatores
1978 888 2146 935 talium
2179 905 2298 936 esse.
2335 886 2496 946 Quum
2530 889 2663 936 enim

542 966 838 1012 astronomia
852 965 1033 1029 species
1048 966 1105 1012 sit
1123 965 1352 1030 physicae,
1371 966 1467 1014 hoc
1484 977 1555 1014 est
1573 966 1805 1014 naturalis
1822 967 2138 1032 philosophiae
2149 1005 2160 1027 ,
2180 967 2429 1032 quomodo
2451 985 2539 1034 per
2553 984 2662 1016 eam

540 1046 825 1109 investigare
846 1045 1008 1093 valent
1028 1046 1163 1110 quod
1178 1047 1269 1112 ipsi
1284 1064 1480 1112 quoque
1498 1057 1680 1094 naturae
1697 1046 1974 1112 philosophi
1990 1058 2207 1094 asser-unt
2222 1049 2522 1112 incognitum
2538 1064 2662 1107 esse,-

542 1126 636 1173 hoc
660 1136 730 1173 est
753 1143 809 1173 ex
838 1126 970 1174 nulla
998 1144 1159 1174 rerum
1187 1138 1359 1176 natura
1386 1129 1621 1193 praenosci
1650 1129 1818 1193 posse?
1851 1129 2233 1176 Naturaliavero
2265 1129 2483 1193 quaedam
2505 1128 2683 1176 futura'

542 1223 850 1271 nequaquam
872 1208 1100 1271 cognosci
1122 1225 1208 1273 per
1231 1225 1338 1256 eam
1361 1225 1613 1272 negamus,
1639 1209 1761 1255 sicut
1784 1225 1875 1255 nec
1895 1225 1983 1274 per
2010 1209 2513 1264 medicinam.,Medici
2534 1209 2667 1255 enim

542 1286 808 1334 secundum
823 1287 1179 1352 complexiones
1195 1305 1456 1353 corporum
1474 1287 1625 1335 multa
1641 1305 1938 1352 praenoscere
1956 1288 2017 1335 de
2034 1288 2236 1336 infirmis
2256 1299 2458 1354 possunt
2470 1326 2481 1347 ,
2505 1298 2666 1335 utrum

543 1366 765 1413 videlicet
786 1367 991 1415 evadere
1013 1377 1217 1432 queant,
1241 1385 1304 1415 an
1327 1368 1543 1415 minime.
1570 1368 1646 1414 Sic
1669 1377 1717 1414 et
1738 1368 1879 1432 periti
1906 1378 2171 1427 astrorum,
2203 1369 2287 1432 qui
2314 1368 2669 1432 naturasipso·

544 1462 677 1505 rum,
702 1446 833 1493 unde
855 1447 1011 1494 calida
1032 1458 1114 1494 aut
1137 1447 1329 1511 frigida,
1355 1448 1480 1495 sicca
1507 1447 1590 1495 vel.
1611 1447 1813 1495 humida
1839 1447 1915 1495 vel
1942 1457 2206 1512 temperata
2236 1457 2371 1506 sunt,
2399 1456 2663 1504 noverunt3

544 1537 592 1573 et
619 1527 721 1573 illas
750 1537 914 1591 partes·
931 1527 1039 1575 coeli
1068 1544 1174 1591 quae
1201 1528 1445 1577 domicilia
1467 1545 1637 1575 eorum
1656 1538 1835 1575 vocant
1851 1565 1866 1587 „
1887 1528 1936 1574 in
1961 1528 2143 1592 quibus
2157 1544 2310 1592 quum
2330 1527 2531 1585 fuerint,
2559 1542 2670 1574 suas

545 1608 753 1654 maxime·
773 1607 907 1653 ·vires
943 1618 1189 1667 exercent,
1234 1625 1321 1673 per
1362 1597 1710 1655 astronomiam
1747 1607 2019 1654 didicerunt
2034 1644 2045 1666 ‚
2070 1607 2233 1654 -multa
2272 1606 2335 1654 de
2368 1606 2670 1654 naturalibus
2719 1646 2724 1651 .

546 1685 715 1732 suturis
737 1697 1297 1752 praenoscerepossunt,
1326 1687 1737 1734 utrum-*videlicet
1758 1687 1976 1751 sequenti
2000 1696 2218 1752 tempore
2245 1685 2671 1733 siccitas-abundet

545 1776 628 1812 aut
661 1766 846 1830 pluvia,
878 1767 978 1813 sive
1008 1766 1141 1813 calor
1176 1776 1258 1813 aut
1291 1767 1539 1829 frigiditas.
1574 1769 1690 1823 Quae
1716 1782 1819 1812 non
1853 1766 2011 1811 solum
2044 1766 2106 1812 ad
2134 1765 2494 1830 providentiam·
2516 1764 2678 1812 cultus

546 1857 680 1894 terrae
694 1884 705 1905 ,
731 1863 901 1894 verum
924 1848 1069 1894 etiam
1091 1847 1153 1893 ad
1174 1846 1642 1894 medicamentorum
1664 1846 2049 1893 moderationem
2079 1845 2348 1911 plurimum»
2363 1846 2506 1893 valet.
2533 1845 2676 1893 Unde

547 1937 594 1974 et
624 1926 904 1991 philosophi
932 1926 1147 1991 planetas
1175 1927 1307 1990 ipsos
1333 1942 1508 1973 vocare
1543 1926 1646 1973 ausi
1675 1926 1963 1986 suntdeos,
1995 1936 2044 1973 et
2072 1927 2210 1990 quasi
2237 1925 2475 1990 quosdam
2503 1925 2679 1973 mundi·

547 2015 756 2052 rectores
774 2005 1016 2070 profiteri,
1043 2022 1102 2052 eo
1124 2005 1346 2053 videlicet
1367 2005 1502 2070 quod
1519 2005 1787 2052 secundum
1809 2022 1980 2053 eorum
2003 2016 2202 2053 naturas
2218 2016 2266 2052 et
2287 2006 2537 2070 qualitates
2558 2006 2678 2053 situs

549 2086 636 2132 iste
661 2096 824 2133 noster
847 2086 1110 2150 plurimum
1131 2087 1364 2145 varietur,
1390 2096 1444 2133 ut
1466 2086 1695 2145 diximus,
1720 2096 1773 2133 ut
1794 2086 1945 2133 modo
1966 2086 2185 2133 sterilitas
2202 2085 2338 2144 inde,
2359 2085 2508 2133 modo
2525 2085 2680 2133 abun-

551 2165 715 2213 dantia
737 2167 1008 2229 contingat,
1035 2166 1186 2212 modo
1208 2167 1258 2212 in
1280 2166 1494 2213 humidis
1514 2166 1656 2225 locis,
1676 2166 1893 2213 modoin
1912 2167 2047 2213 siccis
2056 2166 2398 2213 seminandum
2417 2167 2502 2224 sit,
2525 2165 2681 2213 modo

552 2247 705 2294 calida
727 2247 802 2293 vel
824 2246 1025 2294 humida
1046 2247 1097 2293 in
1120 2247 1483 2294 medicamentis
1504 2247 1581 2294 vel
1605 2247 1697 2294 alia
1718 2247 1813 2294 sint
1841 2246 2166 2312 providenda..
2186 2249 2256 2293 De
2288 2246 2684 2310 contingentibus<

553 2342 672 2373 vero
695 2326 890 2386 futuris,
913 2343 1042 2389 quae,
1069 2336 1123 2373 ut
1147 2326 1378 2385 diximus,
1405 2337 1585 2374 naturae
1599 2336 1931 2391 quoquesunt
1952 2326 2459 2389 incognita7-quisquis
2480 2342 2566 2390 per
2587 2325 2684 2374 do·-

555 2414 835 2452 cumentum
853 2406 1159 2453 astronomiae
1180 2405 1518 2455 certitudinem
1537 2404 1747 2469 aliquam
1761 2404 2056 2470 promiserit,
2083 2420 2184 2450 non
2206 2413 2306 2451 tam
2328 2404 2684 2451 astronomicus

556 2501 703 2548 quam
725 2484 992 2532 diabolicus
1013 2485 1266 2533 habendus
1289 2496 1375 2533 est.
1403 2489 1474 2534 De
1503 2503 1600 2549 quo
1629 2486 1766 2532 facile
1793 2485 1914 2532 nihil
1943 2485 2173 2533 eosscire
2191 2485 2485 2531 convincere
2508 2501 2678 2548 possu-

557 2582 681 2612 mus.
706 2566 755 2612 Si
772 2566 908 2613 ,enim
929 2567 1279 2630 interrogemus
1303 2566 1364 2613 de
1387 2566 1547 2630 aliquo
1574 2566 1818 2625 faciendo,
1845 2565 1978 2630 quod
2000 2582 2134 2630 aeque
2162 2565 2317 2612 facere
2337 2564 2413 2611 vel
2434 2564 2680 2612 dimittere

557 2646 607 2693 in
643 2657 807 2696 nostra
836 2647 896 2694 sit
929 2657 1163 2711 potestate
1179 2685 1190 2706 ,
1228 2647 1415 2695 nullum
1453 2647 1523 2694 ibi
1551 2647 1787 2711 judicium
1807 2664 1877 2694 -ex
1914 2647 2077 2711 aliquo
2111 2646 2223 2693 artis
2256 2662 2351 2693 suae
2385 2645 2679 2692 documento

556 2726 714 2787 Iacere
748 2726 962 2786 audent,
984 2728 1184 2775 scientes
1210 2727 1349 2791 quod
1375 2728 1414 2775 si
1440 2727 1802 2786 hocvdicerent,
1838 2727 1886 2774 in
1916 2727 2048 2774 aliud
2075 2742 2164 2773 nos
2191 2736 2596 2773 converteremus.
2632 2727 2680 2773 Si

560 2823 674 2856 vero
699 2806 818 2853 alius
840 2822 894 2859 ex
925 2806 1066 2854 nobis
1095 2823 1179 2854 eos
1205 2807 1302 2854 hoc
1329 2807 1489 2872 ipsu-m
1515 2808 1831 2870 interrogaret
1858 2807 1920 2853 de
1948 2806 2112 2866 nobis-3
2139 2823 2296 2870 neque
2322 2805 2396 2864 id,
2428 2805 2682 2869 inquiunt,

563 2886 736 2932 faceret
763 2902 908 2933 causa
935 2886 1153 2934 tentandi
1168 2922 1187 2945 ,.
1207 2887 1302 2937 *sed
1330 2887 1516 2934 sincera
1543 2887 1816 2933 intentione.
1837 2886 2075 2944 veritatis,
2108 2895 2224 2932 tunc
2251 2901 2301 2932 se
2329 2885 2579 2934 veritatem
2607 2884 2680 2931 di<-

563 2976 723 3013 cturos
746 2967 1051 3031 promittunt.
1078 2966 1223 3024 Quod
1243 2977 1426 3031 quanta
1452 2967 1682 3014 irrisione.
1702 2967 1763 3013 sit
1789 2966 2123 3031 excipiendum
2136 2966 2257 3029 »quis
2285 2981 2385 3011 non
2414 2964 2600 3012 videat?
2633 2966 2680 3012 Si

564 3046 692 3093 enim
721 3063 807 3110 per
835 3056 987 3093 artem
1016 3063 1153 3094 suam
1183 3047 1245 3094 de
1273 3057 1473 3104 eventu,
1508 3047 1573 3093 de
1606 3063 1705 3110 quo
1734 3046 2079 3106 consuluntur,
2105 3045 2439 3093 certitudinem
2473 3044 2678 3104 habent,

564 3126 681 3189 quid
703 3127 847 3174 refert
867 3128 973 3191 quis
995 3128 1108 3174 inde
1131 3145 1214 3175 eos
1232 3128 1516 3191 interroget,
1542 3127 1618 3174 vel
1638 3144 1733 3192 qua
1748 3128 1900 3175 etiam
1924 3128 2220 3175 intentione?
2241 3126 2328 3174 Vel
2349 3142 2436 3173 cur
2455 3126 2599 3172 etiam
2620 3124 2683 3173 de

563 3206 830 3253 intentione
862 3206 1122 3270 dijudicare
1145 3218 1496 3273 non..possunt,
1527 3224 1632 3271 quae
1657 3225 1808 3271 quum
1836 3223 2042 3272 praesens
2073 3208 2160 3266 sit,
2191 3206 2560 3253 determinatum
2581 3205 2682 3268 jam

566 3285 709 3334 habet
739 3297 993 3347 eventum,
1019 3299 1067 3336 et
1095 3288 1156 3336 de
1185 3289 1344 3337 futuro
1374 3287 1508 3353 quod
1536 3288 1737 3335 omnino
1766 3289 2010 3335 incertum
2030 3298 2101 3335 est
2122 3280 2458 3336 certitudinem
2479 3286 2681 3350 promit-

564 3368 703 3413 tunt?
727 3369 792 3413 Ex
816 3384 913 3431 quo
936 3368 1117 3431 liquere
1140 3369 1370 3429 arbitror,
1396 3368 1530 3433 quod
1552 3368 1591 3415 si
1613 3385 1904 3432 quemquam
1927 3369 1976 3416 in
1998 3367 2174 3416 tal-ibus
2189 3383 2356 3414 verum
2374 3366 2534 3414 dicere
2554 3366 2682 3430 ipsos
