2970 4152
1306 421 1501 471 NOTAE.
2401 425 2454 472 71

349 514 579 563 inquisitioni
599 513 764 551 sufficere
780 514 934 559 debeat,
954 522 998 551 ut
1020 515 1271 563 cognoscatis,
1297 526 1397 563 quae,
1421 512 1763 562 quemadmodum,
1788 527 1902 563 quare
1925 515 2002 550 sint
2023 513 2314 551 condemnata.»
2344 517 2465 564 [Vide

348 575 449 613 dom.
466 576 587 619 Brial,
608 577 743 625 Script.
764 590 835 613 ruer
855 578 964 625 gall„
980 584 1011 613 t.
1030 577 1138 621 XIV,
1158 589 1196 625 p.
1213 578 1275 613 33⁴
1287 575 1313 625 .]
1337 576 1392 612 Ac
1413 575 1557 624 nequis
1579 575 1737 611 minetur
1761 576 1863 624 quod
1887 575 1933 612 de
1957 577 2080 624 ptimo
2106 578 2349 625 quaternione
2365 578 2466 615 illius

348 636 435 673 libii
459 637 570 683 dicit,
590 637 709 674 habeo
726 651 826 674 nunc
847 638 1075 686 ipsissimum
1098 638 1286 687 exemplar
1311 637 1411 674 dono
1437 637 1507 673 viri
1529 636 1631 673 docti
1656 644 1694 673 et
1714 638 1871 674 humani
1895 639 2039 675 Nicolai
2068 639 2269 676 Camusatii
2296 641 2467 677 canonici

349 698 509 735 ecclesiae
528 701 724 745 trecensis,
745 700 782 736 in
802 700 907 749 cujus
925 702 1046 750 capite
1069 701 1249 750 scriptum
1267 699 1392 736 adhue
1412 690 1613 748 Egitnru«
1595 699 1745 736 «Deest
1765 712 1862 736 unus
1877 707 2101 749 quaternus,
2119 702 2183 751 qui
2200 703 2364 738 tenuerit
2381 703 2467 739 obe-

346 760 526 797 dientiam
551 762 796 810 scriptorum,
821 761 928 798 illum
953 763 1165 812 requirat.»
1147 761 1319 811 »[Istud
1334 761 1382 798 de
1397 773 1474 811 quo
1492 761 1749 808 Quercetanus
1775 761 1945 810 loquitur
1970 774 2062 811 opus
2088 762 2229 811 publici
2252 763 2350 811 juris
2377 763 2465 800 fecit

347 821 390 858 B.
409 823 554 869 Tissier,
583 823 818 860 Bibliotheca
845 823 1005 860 Pavum
1033 826 1326 869 cistercensium,
1352 830 1380 860 t.
1407 823 1465 861 IV
1486 823 1735 871 (nummata,
1753 825 1978 869 46604669,
2001 824 2161 872 in-sol.).
2192 825 2315 862 Habet
2341 833 2464 862 autem

347 891 537 921 auctorem
553 897 777 933 anonymum
796 898 864 922 nec
881 886 999 922 tribui
1015 893 1136 935 potest
1153 886 1361 923 Guillelmo
1378 898 1399 921 a
1410 885 1547 921 Sancto
1566 885 1806 921 Theodorico
1825 886 1931 933 cujus
1949 893 2077 934 partus
2095 886 2304 935 legitimus,
2325 888 2466 924 scilicet

347 944 560 994 Disputatio
576 945 758 983 adversus
774 946 930 983 Petrum
949 947 1209 993 Abaelardum,
1230 959 1307 984 uno
1325 947 1423 983 libro
1440 953 1635 992 contenta,
1654 946 1694 982 in
1710 946 1840 983 eadem
1859 946 2089 983 Bibliotheca
2105 948 2216 996 paulo
2233 961 2343 997 supra
2362 950 2466 985 inve-
2498 984 2499 987 ,

345 1006 477 1055 nitur]
1259 998 1301 1027 ⁷¹¹

393 1069 539 1107 Verum
556 1077 603 1107 et
611 1070 825 1108 Gaufredus
841 1072 952 1108 etiam
970 1071 1050 1116 ille,
1070 1072 1193 1120 primo
1213 1070 1395 1108 Abaelardi
1412 1070 1575 1115 auditor,
1593 1069 1756 1118 indeque
1771 1069 2016 1106 cisterciensis
2039 1071 2261 1117 monachus,
2279 1073 2465 1108 Autissio-

344 1127 512 1168 dorensis
536 1128 646 1182 vulgo
669 1130 973 1182 cognominatus,
999 1131 1174 1169 adversus
1199 1132 1375 1168 eumdem
1400 1129 1637 1169 Abalardum
1660 1137 1926 1180 praeceptorem
1949 1139 2059 1168 sunm
2085 1131 2246 1181 scripsit.
2273 1131 2383 1180 Quod
2408 1134 2467 1170 vel

343 1200 429 1231 ante
453 1205 581 1232 omnes
608 1194 740 1233 asserit
762 1192 1015 1241 Helinandus,
1044 1193 1138 1231 alter
1165 1194 1204 1231 in
1234 1193 1390 1244 Frigido
1416 1192 1547 1232 Monte
1570 1189 1797 1238 monachus,
1825 1193 1890 1243 qui
1918 1201 1956 1230 et
1982 1192 2061 1243 ipse
2089 1193 2255 1244 quaedam
2288 1191 2466 1232 Gaufridi

343 1254 453 1292 verba
479 1256 595 1294 msert
624 1258 664 1294 in
691 1258 794 1294 hunc
808 1258 962 1295 modum
994 1254 1149 1306 [St-ripe.
1167 1270 1242 1294 rer.
1262 1258 1406 1306 gallic„
1423 1264 1453 1294 t.
1474 1256 1583 1301 XIV,
1608 1269 1647 1305 p.
1664 1256 1762 1304 1370]
1782 1271 1790 1292 :
1810 1271 1827 1289 α
1845 1255 1968 1304 Hujus
1992 1254 2095 1294 Petri
2115 1253 2317 1306 aliquando
2343 1258 2465 1294 fuerat

343 1315 550 1365 discipulus
567 1318 783 1356 Gausmdus
809 1319 1132 1356 autissiodorensis
1145 1346 1155 1365 ‚
1178 1319 1246 1368 qui
1271 1319 1392 1356 multo
1418 1325 1587 1368 tempore
1611 1318 1685 1355 fuit
1710 1317 1880 1354 notarius
1903 1319 2020 1355 sancti
2049 1318 2250 1365 Bernardi,
2273 1320 2339 1368 qui
2367 1319 2466 1356 inter

342 1379 527 1416 vuorado
541 1380 672 1417 eodem
683 1382 798 1418 Petro
808 1381 924 1418 dizit:
940 1382 1048 1431 «Ego
1064 1382 1158 1418 mihi
1175 1381 1380 1431 aliquando
1396 1381 1522 1419 recolo
1536 1381 1759 1430 nagistrum
1776 1381 1890 1417 fuisse
1906 1380 2032 1426 illum,
2051 1382 2117 1431 qui
2134 1382 2298 1430 pretium
2316 1381 2467 1419 oedem·

341 1439 480 1487 ptionis
496 1446 629 1478 nostrae
643 1452 839 1489 evacuans,
861 1443 958 1480 nihil
973 1443 1074 1479 alind
1090 1444 1127 1479 in
1145 1443 1327 1480 sacrificio
1342 1442 1538 1480 dominicae
1554 1443 1735 1492 passionis
1755 1442 2059 1489 commendabat,
2081 1440 2153 1480 nisi
2170 1444 2321 1481 virtutis
2341 1454 2466 1481 exem—

341 1500 444 1549 plum
456 1529 465 1547 ,
483 1510 522 1539 et
534 1505 670 1541 amoris
686 1505 928 1559 incentivum.
946 1505 1060 1552 Quod
1076 1506 1177 1541 enim
1193 1505 1394 1554 Scripturae
1407 1503 1610 1554 perhibent
1621 1503 1669 1541 de
1681 1506 1864 1553 potestate
1880 1503 2019 1541 diaboli
2031 1505 2195 1554 pretioso
2208 1501 2272 1542 illo
2286 1506 2466 1555 sanguine

342 1562 547 1600 humanum
567 1578 683 1615 genus
699 1579 778 1603 esse
801 1567 1060 1616 redemptum,
1080 1568 1120 1603 in
1136 1579 1180 1604 eo
1198 1567 1276 1603 solo
1298 1574 1468 1604 constare
1485 1567 1656 1612 dicebat,
1675 1566 1777 1616 quod
1798 1567 2010 1616 exemplum
2037 1567 2144 1604 nobis
2173 1568 2382 1605 exhibitum
2410 1577 2468 1605 est

342 1635 460 1674 usqne
477 1624 523 1662 ad
541 1635 699 1665 mortem
718 1639 788 1677 pro
803 1630 957 1666 veritate
974 1637 1012 1666 et
1026 1629 1173 1678 justitia
1187 1629 1374 1675 certandi,
1394 1635 1434 1666 et
1446 1629 1660 1666 adhibitum
1676 1636 1733 1666 est
1747 1629 1848 1666 velut
1864 1629 2053 1679 quoddam
2069 1630 2298 1668 incentivum
2313 1633 2463 1677 amoris;

340 1699 456 1735 quum
481 1701 525 1725 ex
549 1690 717 1738 impenso
739 1703 866 1727 amore
890 1691 975 1728 data
1001 1699 1057 1728 est
1078 1691 1222 1728 occasio
1244 1691 1475 1728 redamandi.
1501 1690 1548 1728 Et
1571 1691 1726 1741 quidem
1751 1703 1885 1740 magna
1910 1699 1998 1728 sunt
2019 1692 2096 1728 haec
2116 1699 2155 1729 et
2175 1704 2278 1737 vera,
2306 1693 2370 1730 sed
2389 1706 2461 1730 non

340 1749 425 1786 sola.
443 1750 667 1788 Benedictus
693 1753 810 1799 Deus,
837 1753 902 1802 qui
923 1754 1017 1790 mihi
1036 1753 1147 1790 simul
1170 1760 1208 1789 et
1228 1753 1332 1790 vobis
1355 1753 1577 1802 magistrum
1593 1753 1700 1789 dedit
1715 1760 1842 1801 postea
1861 1753 2055 1789 meliorem
2070 1782 2080 1798 ,
2101 1766 2168 1803 per
2192 1767 2304 1804 quem
2327 1755 2463 1803 prioris

337 1809 530 1861 redarguit
561 1811 832 1862 ignorantiam,
865 1819 903 1851 et
933 1815 1168 1852 insolentiam
1198 1813 1425 1861 confutavit,
1458 1813 1665 1852 secundum
1689 1825 1803 1865 quem
1831 1815 1903 1852 tria
1937 1815 2107 1864 specialia
2134 1816 2175 1852 in
2200 1817 2369 1866 passione
2396 1829 2460 1853 sua

337 1873 511 1912 Christus
525 1875 634 1913 nobis
653 1876 848 1922 exhihuit,
866 1873 1078 1926 exemplum
1101 1878 1273 1923 vittatis,
1298 1878 1527 1914 incentivum
1551 1877 1711 1923 amoris,
1731 1884 1770 1913 et
1793 1877 2015 1914 sucrificium
2039 1877 2322 1927 redemptionis.
2346 1879 2459 1926 Quod

339 1938 493 1975 tertium
510 1941 700 1977 evacuanti
723 1940 891 1978 heretico
910 1940 1007 1976 nihil
1027 1939 1201 1990 prodesse
1224 1941 1296 1977 tria
1317 1947 1447 1977 caetera
1470 1947 1687 1989 potuerunt.
1709 1941 1796 1977 Haec
1814 1947 1853 1977 et
1876 1940 1948 1976 alia
1971 1940 2091 1977 multa
2107 1941 2229 1978 dictus
2246 1942 2460 1979 Gaufredus

340 2007 467 2037 eontra
485 2001 641 2038 Petrum
666 2003 885 2052 magistrum
903 2015 1012 2039 suum
1033 2001 1182 2039 lortiter
1200 2010 1239 2039 et
1262 2001 1443 2040 catholice
1469 2000 1629 2051 scripsit.
1646 2017 1665 2036 n
1686 2001 1824 2038 Eadem
1853 2002 1963 2038 verba
1991 2002 2149 2039 recitant
2175 2010 2214 2039 et
2241 2003 2462 2041 Vincentius

339 2060 563 2100 belvacensis
578 2063 643 2101 lib.
659 2061 751 2101 xxl
768 2064 923 2114 Speculi
939 2065 1142 2102 historialis
1157 2077 1237 2114 cap.
1254 2074 1340 2111 xvii,
1359 2069 1398 2102 et
1411 2063 1573 2102 Joannes
1589 2065 1795 2102 monachus
1807 2063 1935 2103 Sancti
1953 2061 2120 2103 Victoris
2134 2064 2174 2101 in
2195 2064 2374 2102 chronico
2393 2066 2462 2102 sub

339 2132 479 2160 annum
495 2124 638 2163 Christi
655 2126 762 2164 um.

385 2187 544 2224 Interim
565 2201 654 2226 vero
669 2190 885 2227 Abaelardus
905 2192 944 2227 in
966 2190 1138 2227 morbum
1159 2190 1314 2236 incidit,
1346 2197 1385 2227 et
1411 2189 1631 2228 valetudinis
1653 2200 1763 2226 causa
1790 2188 2017 2227 Cabilonum
2032 2189 2080 2226 ab
2097 2189 2230 2228 abbate
2256 2198 2323 2228 suo
2349 2192 2460 2228 Petro

340 2252 497 2298 missus,
523 2253 575 2289 ibi
593 2253 631 2290 in
652 2254 878 2292 monasterio
896 2254 1021 2291 Sancti
1045 2253 1251 2290 Marcellini
1277 2253 1521 2289 cluniacensis
1546 2252 1692 2289 ordinis
1715 2253 1872 2289 excessit
1893 2265 1915 2289 e
1935 2253 2027 2298 vita,
2055 2253 2117 2289 die
2137 2254 2177 2292 2⁴
2211 2253 2338 2302 aprilis
2364 2266 2460 2290 anno

339 2314 481 2352 Christi
503 2316 619 2362 ⁴⁴42,
645 2328 743 2353 anno
767 2317 882 2354 aetatis
905 2328 977 2352 suae
1001 2313 1059 2354 63.
1079 2313 1160 2353 Hoc
1183 2313 1284 2351 enim
1312 2315 1440 2364 pmdit
1465 2311 1718 2351 calendarium
1737 2320 1842 2351 vetus
1858 2311 2111 2364 paracletense
2132 2311 2263 2365 gallico
2292 2327 2460 2352 sermone

338 2378 590 2426 conscriptum
607 2376 667 2415 his
685 2376 829 2415 verbis:
847 2390 865 2412 ιι
879 2376 1032 2415 Maistre
1053 2376 1181 2415 Pierre
1198 2373 1382 2415 Abaelard
1395 2404 1406 2424 ,
1425 2374 1626 2414 fondsteur
1639 2373 1688 2413 de
1702 2385 1745 2413 ce
1762 2376 1838 2413 lieu
1854 2381 1893 2413 et
1912 2374 2132 2414 instituteur
2159 2377 2206 2414 de
2230 2377 2349 2414 sainte
2371 2377 2460 2414 reli-

340 2453 357 2471 «
373 2439 482 2487 gion,
501 2447 683 2489 trespasu
703 2440 740 2478 le
759 2451 822 2478 xxi
839 2441 951 2487 avril,
968 2442 1061 2490 aage
1074 2440 1122 2478 de
1138 2451 1224 2478 um
1238 2449 1319 2478 ans.
1338 2453 1360 2475 ιο
1375 2441 1454 2477 Neu
1470 2439 1609 2477 referre
1627 2449 1723 2489 opus
1737 2446 1797 2477 est
1818 2447 1959 2490 quauta
1981 2452 2069 2478 eum
2087 2442 2321 2487 austeritate,
2337 2443 2459 2490 poeni-

337 2502 468 2548 tentia‚
491 2501 687 2540 devotione
703 2511 935 2553 posu-enum
957 2504 1064 2542 inum
1087 2505 1169 2541 vita!
1191 2514 1264 2540 ωε
1285 2504 1491 2540 terminum
1514 2503 1702 2540 clauserit.
1723 2503 1857 2540 Petrus
1874 2503 1952 2552 ipse
1973 2503 2176 2540 Mauricius
2189 2531 2200 2550 ,
2224 2503 2335 2540 abbas
2358 2504 2456 2551 ejus,

338 2563 376 2599 id
396 2566 538 2614 optime
554 2564 760 2617 diffuseque
777 2565 974 2615 descripsit
994 2567 1035 2603 in
1057 2565 1214 2616 epistola
1231 2566 1280 2602 ad
1302 2565 1510 2602 Heloissam
1533 2564 1713 2601 Paracleti
1735 2563 1959 2600 abbatissam
1971 2591 1982 2609 ,
2007 2573 2118 2613 quam
2137 2576 2204 2601 nos
2220 2565 2333 2601 etiam
2348 2577 2458 2614 supra

332 2627 411 2673 jam
436 2626 673 2664 inseruimus.
698 2625 824 2676 [Vide
847 2627 895 2665 ad
917 2628 1054 2665 calcem
1083 2625 1239 2676 hujusce
1263 2623 1462 2664 voluminis
1485 2628 1525 2663 in
1550 2622 1791 2676 appendice.]
1821 2625 1894 2662 Sed
1921 2636 1996 2662 non
2025 2626 2324 2674 praetereundum
2354 2627 2456 2676 quod

337 2699 422 2726 eum
435 2689 569 2727 eodem
590 2688 705 2728 Petro
718 2697 903 2730 testantur
912 2690 1099 2730 Robertus
1115 2690 1468 2737 Autissiodorensis,
1485 2690 1714 2728 Guillelmus
1731 2686 1900 2739 ngiu·
1915 2694 1953 2725 et
1969 2688 2053 2735 ulii,
2069 2688 2230 2735 scilicet,
2247 2689 2454 2727 Heloissam

336 2751 437 2789 illum
458 2753 650 2803 quondam
674 2754 858 2792 Aneiai-di
880 2755 1101 2803 conjugem,
1125 2769 1144 2788 «
1165 2764 1338 2803 maguam
1360 2760 1445 2802 post
1467 2754 1549 2802 ejus
1569 2758 1730 2789 mortem
1754 2751 1790 2788 ei
1808 2751 1849 2788 in
1871 2750 2028 2788 assiduis
2051 2751 2224 2801 precibus
2249 2751 2361 2788 fidem
2378 2764 2456 2789 ser-

338 2826 456 2862 vasse,
476 2828 686 2868 corpusque
704 2818 785 2866 ejus
800 2817 943 2855 deloco
961 2818 1026 2855 ubi
1043 2817 1187 2855 obierat
1205 2816 1252 2854 ad
1270 2816 1489 2866 praedicuun
1502 2815 1685 2854 Paracleti
1701 2815 1971 2852 monasterium
1990 2815 2234 2852 transtulisse.
2251 2831 2268 2849 »
2288 2815 2457 2865 Denique

336 2884 374 2914 et
390 2878 469 2927 ipsa
480 2906 491 2924 ,
515 2879 611 2916 sicut
623 2880 663 2917 in
679 2881 859 2918 chronico
874 2881 1068 2918 turonensi
1084 2880 1238 2929 legitur,
1257 2895 1274 2914 «
1290 2880 1330 2916 in
1351 2877 1574 2929 aegritudine
1591 2877 1709 2927 posita
1729 2876 1897 2926 praecipit
1910 2885 1952 2914 ut
1966 2881 2113 2914 mortua
2130 2878 2228 2914 intra
2244 2878 2370 2915 mariti
2393 2885 2454 2915 tu-

336 2938 481 2978 mulum
498 2950 714 2993 poneretur.
735 2942 783 2981 Et
803 2945 855 2981 sic
875 2942 1006 2981 eadem
1027 2941 1203 2982 defuncta
1228 2943 1275 2980 ad
1298 2941 1487 2980 tumulum
1506 2940 1723 2992 deportata,
1742 2942 1899 2977 maiitus
1911 2941 2067 2991 ejusqui
2081 2940 2208 2977 multis
2221 2938 2353 2978 diebus
2369 2949 2454 2978 ante

336 3015 418 3041 eam
440 3004 639 3043 defunctus
658 3006 803 3055 suem,
818 3006 967 3044 elevatis
981 3006 1168 3044 bracchiis
1182 3006 1284 3043 illam
1301 3007 1461 3056 recepit,
1479 3011 1519 3043 et
1533 3006 1588 3043 ita
1603 3016 1686 3042 eun
1700 3003 1951 3053 amplexatus,
1974 3003 2150 3040 bracchia
2173 3014 2239 3040 ma
2260 3005 2422 3042 attinxit.
2433 3018 2451 3038 ι

339 3067 588 3118 [Fragmenta
607 3069 776 3107 chronici
793 3070 1006 3108 turonensis
1024 3069 1211 3107 habentur
1234 3070 1334 3119 apud
1354 3069 1456 3106 dom.
1483 3068 1600 3115 Brial,
1623 3069 1760 3117 Script-
1788 3081 1860 3105 rer.
1886 3068 2027 3117 gallic„
2052 3074 2081 3103 t.
2105 3067 2206 3113 xl1;
2232 3067 2298 3106 sed
2313 3067 2416 3105 locus
2433 3082 2453 3104 a

337 3130 574 3178 Quercetano
592 3131 724 3169 allatus
749 3131 811 3168 hic
836 3144 911 3175 non
935 3131 1089 3182 legitur.
1108 3131 1147 3169 Si
1169 3139 1292 3169 antem
1316 3131 1562 3181 reliquiarum
1586 3130 1769 3168 Abaelardi
1795 3137 1834 3167 et
1859 3129 2035 3167 Heloissae
2061 3129 2135 3167 sata
2161 3142 2314 3168 noscere
2340 3130 2450 3179 velis,

336 3190 420 3231 vide
443 3193 581 3232 clariss.
604 3196 673 3232 vir.
701 3193 882 3232 Remusat
897 3202 925 3232 t.
945 3192 986 3244 1,
1009 3208 1047 3244 p.
1065 3192 1136 3235 261
1159 3202 1198 3232 et
1223 3207 1314 3244 seq„
1344 3202 1383 3231 et
1411 3193 1551 3232 Seriem
1573 3194 1854 3231 abbatissarum
1873 3195 2092 3230 monasterii
2114 3194 2385 3242 paracletensis
2414 3195 2452 3230 in

337 3255 542 3306 appendice
560 3255 674 3306 hujus
697 3256 926 3307 voluminis]
