2970 4152
472 400 573 448 ‚250
1164 397 1205 445 H
1211 398 1467 447 ELOISSAE
1498 400 1889 473 PROBLEMATA

480 493 764 553 intenderet,
787 493 918 558 quod
943 493 1036 540 hoc
1060 509 1227 540 eorum
1254 495 1508 558 arguendae
1522 500 1740 545 vetustati
1768 498 1956 546 videbat
1980 499 2279 564 potissimum
2305 501 2578 547 convenire.
2624 531 2627 535 -

481 576 549 620 De
566 589 659 638 qua
678 583 729 620 ut
746 573 807 619 ad
826 573 1181 620 novitatemeos
1192 574 1547 623 transferendos
1563 578 1898 637 esseinnueret
1911 613 1924 638 ,
1958 578 2033 625 vel
2058 577 2337 625 admoneret
2352 615 2364 639 ,
2401 593 2582 627 novum

481 654 624 700 veteri
644 662 972 700 testamentum
987 655 998 676 ¹
1017 653 1174 700 statim
1196 653 1454 717 subjunxit,
1477 666 1528 703 ut
1545 651 1612 704 sic
1636 657 1997 721 quodammodo
2017 657 2133 705 illud
2155 674 2348 723 quoque
2374 669 2510 707 vetus
2534 660 2582 706 in

481 749 659 779 novum
683 733 899 779 transiret
927 750 945 777 :-
970 732 1086 778 dum
1111 733 1176 780 illi
1194 734 1377 781 scilicet.
1396 735 1672 783 vetustatem
1699 736 2018 802 deponentes,
2049 737 2110 784 de
2141 753 2288 801 regno
2324 739 2503 803 peccati
2534 739 2583 785 in

480 829 677 876 regnum
696 813 947 860 transirent
961 813 1075 873 Dei,
1097 823 1145 860 et
1165 815 1214 860 in
1234 816 1380 862 veteri
1398 814 1571 880 pascha
1588 833 1687 863 non
1702 817 1802 880 jam
1817 817 2045 877 litteram,
2069 817 2153 865 sed
2170 817 2425 883 spiritalem
2442 818 2586 866 intel-

477 892 716 956 ligentiam
741 902 1065 957 sequerentur,
1094 903 1141 940 et
1165 894 1230 941 sic
1255 894 1315 941 de
1342 905 1570 943 vetustate
1593 896 1754 944 litterae
1772 896 1833 943 ad
1850 898 2108 945 novitatem
2133 898 2323 962 spiritus
2341 897 2584 946 deferren-

478 984 583 1020 tur:
607 973 739 1038 quod
764 984 834 1021 est
852 974 1088 1021 Christum
1107 991 1237 1021 nunc
1260 976 1402 1022 etiam
1425 993 1535 1023 cum
1560 978 1626 1023 eis
1652 987 1784 1024 vetus
1807 976 1983 1043 pascha
2014 977 2325 1037 manducare,
2354 987 2402 1025 et
2427 978 2587 1043 ipsum·
2595 1013 2601 1019 .

476 1054 523 1100 in
545 1070 724 1100 novum
744 1057 1076 1113 commutare²,
1098 1071 1247 1118 quum
1271 1054 1338 1102 ibi
1360 1055 1478 1102 illud
1504 1055 1692 1120 figurari
1715 1057 2056 1123 perpendimus
2070 1094 2082 1118 ,
2105 1057 2237 1122 quod
2255 1058 2304 1104 in
2321 1073 2450 1105 novo
2471 1073 2587 1104 com·

476 1134 703 1180 summai-i
726 1133 978 1181 credimus.
1002 1133 1140 1181 Unde
1164 1144 1211 1182 et
1231 1135 1329 1199 ipse
1347 1145 1456 1200 post
1474 1137 1868 1184 resurrectionem
1888 1139 2045 1185 statim
2069 1137 2298 1203 incipiens
2314 1153 2342 1184 a
2359 1139 2522 1200 Moyse
2539 1146 2587 1183 et

476 1214 788 1278 interpretans
803 1214 852 1260 in
869 1213 1091 1260 omnibus
1114 1214 1382 1279 Scripturis,
1403 1225 1536 1262 vetus
1554 1226 1900 1263 sacramentum
1919 1218 1968 1263 in
1984 1233 2166 1264 novum
2190 1216 2440 1275 convertit»,
2468 1212 2587 1263 dum

476 1293 591 1340 illud
617 1310 700 1358 per
722 1294 1076 1358 intelligentiam
1095 1293 1206 1340 huic
1227 1294 1452 1359 applicuit
1465 1330 1477 1353 ,
1500 1305 1547 1342 et
1564 1297 1699 1360 quasi
1717 1307 1870 1343 rotam
1886 1297 1933 1343 in
1955 1307 2059 1344 rota
2076 1296 2330 1352 conclusit,
2351 1306 2398 1343 et
2412 1311 2587 1360 aquam

478 1374 589 1438 legis
612 1375 660 1421 in
685 1375 848 1422 vinum
871 1374 1109 1438 Evangelii
1131 1375 1381 1422 convertit.
1407 1378 1464 1422 Et
1474 1376 1574 1438 jam
1594 1378 1735 1423 etiam
1754 1386 1889 1424 vetus
1910 1377 2085 1441 pascha
2103 1374 2329 1441 tanquam
2353 1386 2586 1424 mutatum

478 1458 525 1520 in
551 1472 730 1503 novum
756 1456 1004 1504 nobiscum
1028 1456 1314 1503 manducat:
1346 1458 1457 1521 quia
1487 1467 1601 1504 tunc
1632 1475 1743 1505 eum
1776 1459 2014 1506 reficimus
2041 1476 2095 1507 ac
2124 1459 2442 1519 delectamus,
2470 1460 2587 1507 dum

476 1538 542 1583 sic
564 1537 688 1584 istud
710 1538 966 1596 sumimus,
995 1537 1114 1583 sicut
1136 1537 1185 1583 in
1211 1535 1293 1583 illo
1318 1537 1606 1584 sumendum
1631 1538 1789 1586 edocti
1818 1540 2014 1602 mystice
2047 1555 2237 1597 sumus,
2266 1540 2314 1585 in
2345 1556 2428 1586 esu
2460 1539 2590 1587 vide-

476 1616 584 1671 licet
602 1617 710 1680 agni
734 1626 779 1663 et
796 1616 943 1676 -haedi,
970 1626 1016 1663 et
1034 1615 1292 1679 agrestibus
1311 1616 1526 1676 lactucis,
1553 1617 1625 1663 vel
1643 1618 1820 1664 caeteris
1836 1617 1927 1664 ibi³
1945 1619 2227 1665 constitutis.
2251 1621 2397 1665 Vetus
2414 1619 2589 1683 pascha

476 1712 573 1743 non
603 1689 786 1743 ‘novum
819 1713 930 1743 cum
962 1695 1204 1761 discipulis
1235 1695 1448 1743 Christus
1480 1697 1736 1744 manducat
1769 1716 1779 1744 :
1806 1699 1907 1763 ipse
1939 1699 2116 1763 quippe
2140 1699 2391 1763 ipsum-est
2414 1697 2591 1764 pascha

476 1793 656 1823 novum
669 1776 800 1840 juxta
823 1775 940 1823 illud
960 1775 1197 1840 Apostoli*
1218 1793 1228 1821 ε
1256 1794 1279 1819 «
1299 1776 1482 1822 Etenim
1501 1777 1677 1841 pascha
1696 1788 1913 1825 nostrum
1932 1779 2204 1825 immolatus
2224 1788 2293 1825 est
2317 1777 2545 1838 Christus,
2561 1798 2587 1824 »

471 1857 668 1920 quando
692 1866 853 1904 nostra
876 1856 1031 1903 hostia
1054 1856 1154 1921 ipse
1180 1865 1248 1903 est
1273 1856 1442 1916 factus,
1469 1866 1516 1903 et
1533 1858 1690 1921 ipsum
1709 1859 1757 1904 in
1784 1868 2082 1905 sacramento
2104 1859 2318 1923 quotidie
2339 1860 2586 1906 sumimus.

479 1940 615 1984 Recte
639 1953 832 2000 quoque
856 1936 970 1983 hinc
994 1946 1127 1983 vetus
1147 1935 1323 2001 pascha
1345 1952 1457 1983 cum
1481 1937 1724 2002 discipulis
1749 1938 2031 1998 celebravit,
2059 1955 2209 2003 quum
2233 1939 2334 2004 ipse
2359 1939 2516 1986 adhuc
2541 1940 2591 1987 in

479 2018 621 2063 veteri
639 2017 835 2063 homine
860 2026 980 2063 esset
1003 2033 1060 2063 ex
1085 2016 1299 2081 corporis
1324 2016 1632 2077 mortalitate,
1657 2018 1778 2065 sicut
1795 2018 1861 2065 illi
1879 2036 1935 2066 ex
1953 2035 2143 2066 morum
2172 2018 2496 2066 similitudine.
2516 2019 2595 2067 Sic

477 2113 502 2142 e
525 2097 772 2145 contrario,
790 2087 924 2160 quasi
948 2112 1101 2142 novus
1125 2112 1234 2148 cum
1260 2096 1396 2143 novis
1421 2091 1602 2144 novum
1628 2099 1846 2162 genimen
1870 2100 1977 2145 vitis
1996 2115 2126 2146 nunc
2157 2098 2306 2155 bibit,
2344 2099 2460 2147 dum
2492 2100 2594 2164 ipse

476 2192 560 2240 per
584 2176 1006 2235 immortalitatem,
1033 2186 1081 2223 et
1107 2176 1182 2222 isti
1207 2192 1292 2241 per
1317 2192 1510 2224 morum
1541 2178 1859 2226 diversitatem
1876 2215 1888 2239 ,
1925 2179 2144 2244 deposito
2179 2180 2326 2227 veteri
2358 2179 2557 2227 homine
2575 2215 2588 2239 ,

477 2256 574 2303 veri
597 2255 812 2303 sacrificii
833 2255 1132 2303 delectantur
1157 2256 1365 2303 novitate
1389 2275 1398 2303 ε
1423 2267 1470 2315 et
1489 2267 1713 2321 tanquam
1735 2260 1836 2324 ipse
1854 2275 1963 2305 cum
1984 2259 2051 2306 eis
2068 2258 2210 2318 bibit,
2230 2259 2347 2306 dum
2363 2259 2412 2307 id
2428 2263 2595 2325 caput⁸

476 2336 525 2383 in
547 2336 772 2384 membris
792 2337 900 2400 agit.
924 2339 1069 2383 Vetus
1096 2336 1271 2383 Pascha
1296 2336 1491 2384 calicem
1522 2354 1621 2385 non
1649 2338 1840 2398 habuit,
1862 2339 1974 2403 quia
1998 2339 2073 2386 lex
2099 2339 2160 2386 ad
2183 2339 2446 2404 perfectum
2475 2340 2592 2388 nihil

476 2416 692 2475 adduxit,
720 2416 925 2480 ideoque
949 2417 998 2463 in
1021 2416 1122 2479 ejus
1144 2415 1372 2463 sacrificio
1391 2417 1597 2482 perfecta
1620 2434 1720 2465 non
1744 2418 1908 2466 debuit
1932 2434 2032 2466 esse
2057 2419 2265 2466 refectio.

1223 2542 1466 2573 PROBLEMA
1499 2544 1719 2575 HELOISSAE
1754 2546 1837 2575 VIII
1846 2565 1855 2574 .

543 2621 685 2680 Quod
708 2621 942 2669 Dominus
965 2638 1053 2686 pro
1075 2620 1288 2668 adultera
1306 2620 1551 2670 liberanda
1576 2626 1597 2669 J
1604 2623 1747 2671 udaeis
1774 2624 2048 2690 respondit⁶
2070 2643 2080 2672 z
2105 2644 2127 2670 ι(
2147 2626 2241 2684 Qui
2267 2626 2368 2672 sine
2399 2634 2594 2690 peccato

480 2712 547 2748 est
566 2712 771 2749 vestrum
791 2738 803 2762 ,
825 2687 1007 2767 primus
1030 2698 1210 2755 ineam
1233 2701 1442 2767 lapidem
1467 2703 1647 2764 mittat,
1672 2723 1694 2748 »
1726 2714 1773 2751 et
1799 2699 1866 2751 sic
1902 2721 2008 2752 eam
2029 2706 2176 2765 eruit,
2210 2704 2430 2752 nonnihil
2452 2703 2596 2752 habet

480 2782 765 2845 quaestionis.
783 2784 945 2839 Quum
963 2781 1092 2828 enim
1109 2797 1214 2827 eam
1232 2780 1431 2846 lapidari
1447 2799 1546 2829 non
1565 2784 1795 2848 permittit
1807 2820 1819 2844 ,
1842 2784 1931 2831 nisi
1948 2783 2008 2831 ab
2025 2800 2083 2831 eo
2104 2785 2186 2848 qui
2202 2787 2406 2849 peccato
2418 2792 2591 2842 careat,

481 2862 613 2909 omni
631 2861 816 2909 homini
835 2861 1093 2909 vindictam
1118 2877 1336 2908 exercere
1362 2861 1551 2909 videtur
1577 2862 1862 2911 interdicere
1885 2859 1895 2910 Ξ
1916 2880 2067 2928 quum
2096 2880 2240 2911 nemo
2260 2863 2469 2912 mundus
2493 2865 2552 2911 sit
2568 2879 2596 2910 a
2660 2854 2669 2860 ⁶

482 2942 622 2990 sorde
639 2980 650 3002 ‚
677 2960 767 2991 nec
794 2943 948 2990 infans
973 2942 1115 2989 unius
1139 2941 1255 3001 diei,
1278 2942 1316 2987 si
1340 2942 1435 2989 vita
1459 2942 1518 2989 sit
1540 2943 1641 3006 ejus
1660 2960 1802 3008 super
1820 2953 1994 2991 terram
2008 2947 2037 2990 ⁷.

1305 3051 1340 3095 S
1340 3048 1484 3095 olutz'o
1507 3048 1766 3097 Abaelardi.

549 3146 780 3193 Dominus
806 3149 938 3194 Jesus
959 3162 1016 3193 ex
1040 3143 1213 3192 Judaeis
1234 3143 1363 3191 solus
1387 3144 1511 3190 inter
1534 3160 1616 3191 eos
1640 3144 1726 3192 fuit
1751 3146 1853 3193 sine
1877 3155 2098 3210 peccat03
2127 3145 2206 3192 hic
2238 3144 2500 3192 adulteram
2528 3144 2596 3191 la-

487 3224 638 3288 pidat,
668 3234 714 3271 et
743 3225 968 3272 feminam
997 3233 1174 3284 servat,
1204 3222 1320 3271 dum
1346 3223 1712 3271 misericorditer
1737 3225 1779 3271 ei
1797 3225 1974 3290 parcit,
1994 3235 2041 3271 et
2058 3225 2124 3270 sic
2142 3240 2169 3271 a
2188 3224 2372 3287 flagitiis
2390 3225 2485 3271 suis
2502 3239 2597 3287 poe-

534 3363 542 3378 ⁴
564 3363 806 3395 Sacramentum
824 3361 905 3394 eod.
922 3381 961 3386 —
980 3362 992 3378 ¹
1015 3363 1056 3394 Et
1076 3365 1176 3403 ipsum
1195 3365 1228 3395 in
1247 3372 1359 3395 novum
1379 3372 1520 3394 commu·
1566 3362 1648 3395 Edd.
1664 3381 1695 3386 -
1715 3363 1728 3380 ⁸
1742 3364 1849 3403 Joan„
1865 3374 1938 3407 cap.
1958 3374 2032 3404 vm,
2051 3374 2082 3396 v.
2099 3365 2131 3395 7.
2146 3381 2184 3386 —-
2205 3362 2215 3379 ²
2234 3362 2317 3396 Cod.
2335 3362 2417 3395 vict.
2429 3379 2454 3387 —
2467 3363 2533 3395 Nec
2545 3367 2596 3395 in-

489 3427 558 3452 tare
573 3419 690 3451 desunt
706 3419 737 3451 in
758 3418 838 3451 eod.
857 3418 1018 3451 vich—³
1034 3419 1114 3452 Cod.
1132 3419 1214 3452 Vict.
1229 3420 1330 3452 -Sibi
1344 3422 1521 3452 constitutis
1559 3421 1638 3462 sans
1658 3421 1748 3460 cujus
1766 3423 1857 3453 unius
1873 3422 1935 3453 diei
1953 3423 2017 3453 vita
2033 3422 2074 3453 sit
2090 3429 2185 3460 super
2204 3426 2333 3451 terram.
2356 3418 2442 3451 Edit.
2458 3419 2551 3451 Amb.

492 3476 574 3508 Edd.
587 3493 629 3499 —
643 3475 656 3491 ⁴
671 3475 811 3509 Corinth.
828 3476 862 3513 I,
878 3486 950 3518 cap.
970 3485 1006 3517 v,
1020 3486 1051 3507 v.
1069 3477 1101 3507 7.
1116 3492 1159 3500 ·-
1170 3476 1182 3492 ⁸
1200 3475 1402 3509 Goth-Dum
1425 3483 1523 3517 caput
