2970 4152
537 535 715 572 Summus
731 543 879 572 creator
894 537 1085 583 omnium,

539 595 584 631 In
600 607 677 644 quo
699 607 845 632 summa
862 602 934 632 stat
950 608 1128 645 operum;

495 653 542 690 In
555 655 629 691 hoc
645 656 768 692 omnis
792 655 964 704 expletur
978 657 1140 693 termino
1191 686 1201 689 -

493 713 650 750 Consilii
667 714 786 751 divini
801 715 911 751 ratio.

535 821 618 857 Hoc
637 833 757 858 unum
774 822 914 871 plasma
935 823 1061 859 nobile

535 880 581 916 In
597 891 673 930 quo
688 881 920 930 resplendes,
938 882 1112 920 Domine.

489 938 590 975 lllud
607 946 681 976 tuae
697 940 810 977 decus
828 941 1003 990 imaginis
1014 970 1025 987 ‚

488 999 537 1035 Et
550 999 668 1048 gloria
683 1000 953 1037 similitudinis.

528 1105 602 1143 Vir
620 1107 804 1154 primum,
826 1107 915 1145 inde
933 1109 1068 1146 femina
1079 1138 1088 1154 ,

531 1165 587 1202 De
605 1173 708 1203 costa
726 1167 798 1204 viri
824 1168 996 1214 condita,

482 1225 686 1276 Postquam
702 1227 784 1264 viro
801 1239 913 1277 sopor
929 1229 1151 1266 immittitur
1164 1258 1174 1275 ,

477 1285 760 1324 Sacramentum
777 1299 854 1337 quo
873 1301 1052 1338 magnum
1074 1291 1229 1338 geritur.

525 1394 674 1432 Dantur
690 1396 751 1433 his
768 1397 972 1434 animantia

526 1454 573 1490 In
589 1461 775 1503 potestate
791 1463 934 1494 caetera.

477 1513 681 1552 Potiuntur
697 1528 767 1565 pro
786 1516 1035 1554 tabernaculis

477 1572 643 1610 Paradisi
658 1582 829 1624 tempore
840 1577 851 1598 ¹
871 1577 1103 1626 gratissimis.

525 1673 583 1710 Sit
599 1671 739 1736 perpes
753 1675 834 1712 Deo
851 1676 968 1726 gloria
980 1704 990 1722 ,
1009 1684 1082 1714 etc.
1093 1665 1101 1672 ’

833 1820 902 1857 IX.

516 1926 699 1965 Perfectis
716 1928 816 1964 Deus
834 1929 1009 1966 omnibus

514 1986 563 2023 Et
574 1988 752 2036 inspectis
767 1988 967 2037 operibus,

467 2046 622 2084 Summe
637 2047 758 2084 bonus
773 2055 910 2085 cuncta
926 2061 1007 2098 quae
1026 2049 1163 2087 fecerat

466 2105 589 2143 Valde
606 2106 705 2144 bona
723 2107 826 2145 videt
843 2116 881 2146 et
897 2109 1091 2158 approbat.

512 2213 610 2250 Sunt
626 2214 791 2263 perfecta
807 2217 953 2253 senario

513 2273 659 2311 Cuncta
674 2274 823 2326 dierum
841 2288 1019 2323 numero,

466 2331 521 2370 Ut
535 2332 701 2382 perfecto
718 2334 867 2372 dierum
883 2338 990 2385 operi

465 2393 674 2430 Attestetur
693 2401 731 2431 et
749 2396 869 2432 virtus
890 2398 1051 2434 numeri.

509 2499 664 2545 Quievit
679 2500 742 2537 die
759 2503 919 2551 septimo

509 2557 596 2594 Nou
610 2557 768 2597 lassatus
785 2562 824 2597 in
842 2561 969 2611 aliquo
987 2579 997 2607 ;

461 2616 579 2663 Quies
593 2618 672 2666 ipsa
687 2619 788 2657 Deus
804 2629 999 2670 perpetua,

459 2677 506 2713 In
522 2689 598 2726 quo
616 2686 748 2716 cuncta
763 2681 901 2730 quietis
918 2681 1065 2730 gaudia.

504 2773 614 2810 Diem
632 2786 724 2824 ergo
742 2776 967 2825 sanctificat,

502 2833 590 2880 Quo
609 2834 787 2872 cessando
804 2836 1013 2886 quieverat,

457 2891 501 2928 In
518 2893 659 2930 sabbati
677 2895 754 2931 veri
772 2897 950 2944 mysterio

457 2951 654 2990 Benedicit
670 2954 744 2992 diei
762 2956 941 3004 septimo;

500 3048 608 3088 Illius
623 3051 779 3102 inquam
798 3053 961 3100 sabbati,

497 3111 613 3158 Quod
628 3119 686 3148 est
703 3112 881 3162 ignarum
898 3114 1074 3161 termini,

453 3170 540 3218 Quo
557 3183 627 3220 pax
643 3184 747 3219 vera,
768 3184 914 3210 summa
931 3174 1181 3225 tranquillitas

449 3230 563 3279 Juges
582 3232 662 3280 agit
678 3232 860 3271 festorum
877 3234 1001 3273 ferias.

494 3329 553 3367 Sit
569 3344 703 3381 perpes
719 3333 799 3371 Deo
818 3334 957 3384 gloria,
976 3342 1047 3373 etc.

378 3510 389 3529 ¹
409 3510 506 3546 Forte
523 3511 589 3556 leg.
607 3514 734 3555 templo.

1288 432 1603 497 mmmm!
2405 457 2489 502 304

1954 607 2003 642 X.

1463 710 1626 747 Advenit
1641 711 1795 757 veritas,
1816 712 1949 749 umbra
1968 715 2163 762 praeteriit,

1462 770 1552 807 Post
1570 779 1718 809 noctem
1737 771 1884 809 claritas
1901 772 1977 809 diei
1993 773 2128 820 subiit,

1463 830 1524 867 Ad
1540 837 1666 867 ortum
1685 830 1844 868 rutilant
1862 834 2015 881 superni
2033 833 2187 871 luminis

1463 891 1571 940 Legis
1587 891 1761 938 mysteria
1777 890 1886 940 plena
1905 892 2086 942 caliginis.

1463 998 1671 1035 Doctorum
1687 999 1807 1048 Moysi
1826 1000 1933 1036 cedat
1949 1003 2195 1049 praeconium,

1460 1057 1651 1095 Diurnum
1669 1060 1845 1108 congruit
1861 1059 1937 1097 diei
1952 1062 2152 1099 canticum.

1458 1117 1557 1154 Cum
1574 1118 1727 1155 Christo
1745 1118 1935 1168 prodeunt
1951 1128 2086 1157 cuncta
2102 1121 2149 1158 de
2165 1122 2314 1159 latebris
2326 1151 2334 1167 ,

1456 1178 1535 1216 Nec
1551 1178 1675 1216 locum
1692 1178 1832 1216 deserit
1848 1179 1912 1216 lux
1930 1187 2032 1217 tanta
2050 1181 2227 1219 tenebris.

1456 1282 1639 1320 Velamen
1655 1291 1798 1322 exuunt
1814 1284 1940 1333 figurae
1958 1287 2132 1334 mysticae.

1455 1343 1519 1380 Est
1532 1344 1572 1379 in
1591 1356 1632 1380 re
1650 1344 1802 1391 veritas,
1819 1345 1898 1393 jam
1914 1357 1991 1381 non
2008 1346 2047 1381 in
2065 1347 2252 1384 schemate
2268 1363 2278 1391 3

1453 1405 1641 1454 Promissa
1656 1405 1803 1454 liquido
1819 1406 2012 1455 complens
2031 1407 2250 1457 prophetica

1453 1464 1549 1501 Tota
1562 1464 1619 1500 vel
1635 1466 1780 1514 apicem
1802 1478 1877 1503 non
1892 1467 1983 1503 sinit
1997 1466 2118 1504 irrita.

1453 1568 1660 1605 Transacto
1679 1568 1793 1605 flebili
1811 1568 1859 1606 de
1870 1577 1994 1606 morte
2007 1582 2176 1619 vespere,

1452 1628 1582 1674 Quum
1596 1629 1670 1666 vita
1686 1628 1861 1666 redditur
1880 1642 1987 1666 mane
2002 1629 2153 1674 laetitiae,

1448 1687 1630 1737 Resurgit
1646 1688 1850 1735 Dominus,
1870 1696 2052 1738 apparent
2066 1689 2211 1739 angeli,

1445 1747 1632 1800 Custodes
1647 1749 1801 1798 fugiunt
1817 1748 2015 1798 splendore
2032 1750 2170 1786 territi.

1446 1857 1669 1894 Sanctorum
1686 1856 1840 1906 plurimi
1856 1858 1922 1907 qui
1936 1857 2015 1905 jam
2032 1856 2282 1902 dormierant,

1446 1917 1643 1965 Sui-gentis
1660 1917 1817 1966 gloriam
1835 1917 2025 1966 surgendo
2041 1916 2258 1966 praedicant.

1446 1979 1490 2016 In
1505 1980 1761 2016 testimonium
1778 1980 1967 2028 surgentis
1983 1979 2157 2023 Domini,

1444 2039 1712 2076 Conscendunt
1729 2040 1868 2076 mortui
1880 2067 1891 2085 ‚
1910 2038 2143 2076 descendunt
2160 2038 2296 2104 angeli.

1442 2146 1603 2182 Perenni
1622 2146 1783 2183 Domino
1799 2158 1932 2196 perpes
1951 2147 2000 2184 sit
2019 2147 2136 2196 gloria
2151 2174 2161 2192 ‚

1442 2207 1496 2242 Ex
1514 2218 1590 2256 quo
1610 2213 1717 2255 sunt,
1734 2219 1802 2255 per
1816 2219 1930 2257 quem
1948 2214 2055 2253 sunt,
2075 2208 2115 2245 in
2133 2219 2210 2257 quo
2224 2215 2313 2245 sunt
2327 2210 2451 2245 omnia
2465 2237 2474 2253 ‚

1444 2266 1498 2302 Ex
1512 2278 1588 2316 quo
1606 2274 1693 2303 sunt
1710 2267 1821 2304 Pater
1834 2274 1891 2304 est
1905 2295 1917 2315 ‚
1935 2280 2003 2317 per
2020 2280 2134 2318 quem
2152 2275 2239 2305 sunt
2258 2268 2393 2313 Filius,

1442 2325 1488 2362 In
1502 2338 1579 2376 quo
1595 2334 1682 2364 sunt
1699 2327 1820 2365 Patris
1836 2335 1874 2365 et
1890 2327 1977 2365 Filii
1996 2328 2173 2378 Spiritus.

2258 2390 2377 2425 Amas.

1912 2511 1983 2548 XI.

1436 2610 1623 2644 Auroram
1639 2608 1773 2645 lucifer
1791 2609 1913 2657 praeit,
1935 2608 1990 2645 sol
2007 2610 2188 2659 sequitur.

1435 2669 1581 2703 Aurora
1597 2666 1684 2703 fidei
1701 2667 1765 2704 lux
1781 2667 2025 2717 intelligitur,

1431 2727 1557 2774 Quam
1574 2739 1682 2763 verus
1699 2727 1833 2764 lucifer
1847 2727 2037 2777 surgendo
2053 2727 2234 2773 contulit,

1431 2787 1528 2823 Caro
1546 2786 1735 2823 dominica
1750 2799 1869 2836 quum
1885 2787 2112 2825 refloruerit.

1431 2885 1503 2921 Hic
1520 2884 1622 2921 idem
1641 2885 1775 2921 lucifer
1787 2914 1796 2931 ,
1815 2892 1859 2921 ut
1875 2885 1954 2931 sol,
1981 2885 2187 2931 refulserit,

1429 2945 1558 2992 Quum
1579 2945 1626 2981 ad
1639 2945 1828 2993 judicium
1846 2956 2046 2981 commune
2061 2945 2222 2989 venerit,

1428 3005 1546 3052 Cujus
1563 3004 1627 3042 lux
1644 3005 1761 3042 suerit
1777 3012 1879 3042 tanta
1901 3004 2121 3053 praesentiae,

1430 3063 1483 3100 Ut
1499 3065 1733 3101 conscientiae
1753 3063 1956 3114 loquantur
1973 3063 2139 3112 singulae.

1426 3160 1539 3197 Hunc
1559 3161 1782 3198 invisibilem
1797 3174 1910 3211 quem
1930 3160 2177 3211 intelligimus

1425 3219 1548 3258 Solem
1564 3222 1764 3258 annuntiat
1780 3223 1850 3258 iste
1866 3234 1978 3271 quem
1997 3221 2185 3259 cernimus
2199 3251 2211 3270 ‚

1425 3281 1472 3316 Et
1497 3281 1721 3336 invisibilem
1739 3288 1931 3318 auctorem
1949 3282 2121 3318 omnium

1425 3340 1568 3377 Laudat
1585 3341 1740 3378 visibilis
1757 3340 1908 3378 effectus
1924 3353 2094 3390 operum.
