2970 4152
972 425 1295 481 EXPOSYHQ
1310 425 1375 473 {N
1395 422 1800 482 2HEXAMERON.
2350 420 2443 470 653

336 541 360 570 (e
385 528 458 574 Da
479 525 598 572 mihi
619 524 825 582 animas,
849 532 1016 570 caetera
1037 521 1151 569 tolle
1173 521 1277 579 tibi.
1307 539 1332 581 ζ)
1353 524 1416 571 Et
1436 535 1627 569 rursum
1645 523 1657 545 ¹
1685 539 1695 567 :
1726 539 1750 565 «
1775 517 2034 566 Descendit
2057 519 2206 567 Jacob
2235 519 2283 566 in
2308 523 2445 583 AEgy-

331 614 468 669 ptum
489 606 539 652 in
563 602 811 652 animabus
833 602 1147 667 septuaginta.
1173 619 1198 646 n

400 703 424 729 u
450 683 717 730 Viventem.
741 700 766 726 n
781 679 1018 728 Subaudis
1039 697 1096 727 ex
1115 690 1290 727 senon
1308 695 1366 726 ex
1386 688 1513 726 terra
1525 716 1536 738 ‚
1556 679 1677 725 sicut
1692 678 1865 744 plantae
1882 677 2030 725 affixae
2045 677 2271 725 radicitus
2290 688 2440 725 terrae.

399 782 423 808 «
449 766 600 828 Atque
633 761 928 809 motabilem.
956 779 980 805 υ
1007 761 1079 808 Ad
1112 759 1431 808 differentiam
1463 758 1642 806 scilicet
1675 770 1955 806 caeterorum
1992 759 2269 806 animalium
2287 796 2298 818 ,
2340 776 2445 824 quae

331 851 456 890 terra
477 841 788 907 postmodum
818 839 1067 905 produxit,
1098 856 1204 904 quae
1237 839 1424 903 gravius
1451 848 1522 885 est
1552 837 1842 885 elementum
1872 854 2018 902 quam
2051 853 2191 902 aqua.
2231 837 2369 885 Unde
2399 848 2444 885 et

329 922 419 970 ista
444 934 501 969 'ex
533 922 668 986 aquis
696 920 931 985 producta
963 919 1240 967 naturaliter
1272 918 1527 966 mobiliora
1556 927 1604 965 et
1634 918 1830 982 agiliora
1863 928 1974 965 sunt
1991 955 2002 977 ‚
2029 934 2178 982 quum
2202 935 2258 964 ex
2278 918 2445 965 leviori

326 1001 505 1049 scilieet
526 1001 763 1048 elemento
786 1000 1065 1047 consistant.
1092 1003 1152 1046 Et
1185 999 1378 1046 attende
1400 997 1518 1063 quid
1545 998 1762 1063 superius
1798 996 1968 1044 dixerit
1995 997 2056 1044 de
2084 997 2280 1062 plantis,
2312 998 2444 1062 quod

328 1093 453 1130 terra
475 1098 554 1130 eas
569 1081 854 1146 germinavit
874 1097 930 1128 ac
951 1079 1167 1146 protulit.
1197 1083 1269 1127 De
1291 1079 1576 1127 animalibus
1597 1095 1712 1126 vero
1736 1077 1910 1125 dicitur
1928 1087 2116 1125 tantum
2130 1115 2141 1137 ,
2167 1078 2299 1142 quod
2322 1093 2445 1142 aqua

328 1163 402 1211 vel
423 1173 551 1210 terra
565 1179 622 1210 ea
642 1161 943 1227 produxerit,
968 1178 1069 1208 non
1092 1161 1226 1225 quod
1248 1160 1606 1224 germinaverit3
1624 1170 1678 1206 ut
1698 1159 1920 1207 videlicet
1935 1160 2155 1206 innueret
2172 1197 2183 1219 ,
2210 1160 2321 1224 quia
2343 1176 2442 1207 non

326 1251 462 1291 terrae
482 1242 709 1290 radicitus
731 1242 871 1290 affixa
890 1241 1243 1305 vegetationem
1263 1241 1377 1288 inde
1399 1241 1639 1306 accipiunt
1659 1240 1781 1288 sicut
1801 1239 1991 1305 plantae.

394 1343 418 1370 κ
443 1326 600 1382 Quam
622 1323 948 1388 produxerant
974 1338 1108 1387 aquae
1137 1322 1187 1369 in
1212 1323 1392 1387 species
1423 1339 1548 1370 suas.
1579 1341 1602 1367 n
1635 1322 1711 1369 Sic
1742 1331 1966 1369 construe
1999 1339 2009 1367 :
2036 1321 2214 1368 creavit
2248 1337 2444 1368 omnem

325 1405 553 1464 animam,
577 1404 673 1452 hoc
689 1414 760 1452 est
777 1420 924 1452 omne
946 1404 1211 1451 animatum
1230 1403 1323 1451 tale
1338 1404 1389 1450 in
1407 1404 1588 1469 species
1609 1419 1620 1450 ε
1641 1419 1697 1452 ac
1715 1403 1754 1450 si
1774 1403 1971 1461 diceret,
1991 1419 2205 1461 omnem,
2227 1403 2441 1466 inquam,

323 1483 590 1531 secundum
626 1484 858 1549 speciem,
897 1500 997 1531 non
1032 1482 1298 1530 secundum
1332 1500 1604 1531 numerum.
1650 1484 1839 1548 Quippe
1871 1499 1972 1530 non
2005 1482 2169 1540 omnia
2198 1480 2446 1528 individua

323 1563 496 1611 harum
524 1564 814 1629 specierum,
842 1563 927 1611 sed
958 1563 1152 1628 singulae
1180 1564 1361 1629 species
1394 1573 1494 1612 tam
1530 1564 1690 1611 avium
1721 1579 1867 1628 quam
1901 1563 2104 1628 piscium
2132 1572 2248 1609 tunc
2278 1572 2445 1609 creatae

322 1654 451 1691 sunt.
479 1644 618 1692 Unde
639 1654 688 1692 et
708 1645 758 1691 in
781 1643 1092 1709 sequentibus
1113 1662 1225 1693 cum
1248 1645 1365 1692 dicit
1395 1647 1550 1692 Deum
1572 1644 1862 1709 requievisse
1893 1643 1954 1691 ab
1989 1644 2123 1691 omni
2154 1660 2299 1708 opere
2327 1652 2440 1702 suo,

323 1740 422 1771 non
459 1723 520 1770 de
554 1723 814 1771 individuis
848 1724 1115 1789 specierum
1150 1723 1524 1790 multiplicandis
1558 1734 1629 1771 est
1662 1722 2017 1789 accipiendum,
2051 1723 2135 1770 sed
2170 1723 2231 1770 de
2263 1722 2443 1769 naturis

321 1803 588 1868 specierum
615 1803 716 1867 jam
744 1804 1019 1869 praeparatis
1047 1803 1108 1851 ad
1137 1803 1362 1869 quaelibet
1389 1802 1702 1869 postmodum
1737 1802 1850 1850 inde
1878 1802 2195 1867 procreanda.
2232 1822 2254 1847 «
2287 1804 2442 1859 Quam

320 1882 663 1946 produxerant.
693 1903 717 1929 n
743 1883 799 1931 Id
821 1894 891 1931 est
912 1883 975 1931 ad
997 1901 1143 1949 quam
1166 1884 1532 1950 producendam
1543 1884 1644 1949 jam
1663 1899 1797 1949 aquae
1821 1883 2008 1931 fuerant
2024 1892 2324 1949 praeparatae3
2345 1883 2443 1929 sive

320 1963 509 2024 dulces,
535 1974 589 2011 ut
609 1964 834 2023 ssumina3
860 1965 959 2012 sive
981 1964 1139 2025 salsae,
1166 1976 1219 2012 ut
1242 1966 1453 2014 marinae.

389 2063 414 2089 «
441 2048 500 2092 Et
521 2044 656 2092 vidit.
685 2064 708 2090 »
735 2048 859 2093 Nota
879 2045 930 2092 in
953 2045 1177 2111 operibus
1199 2045 1341 2111 hujus
1363 2046 1458 2093 diei
1483 2061 1788 2111 nequaquam
1811 2046 1862 2091 in
1884 2044 2168 2110 repetitione
2190 2045 2443 2091 creationis

318 2123 534 2188 ipsorum
561 2123 657 2172 dici
682 2142 694 2171 ι
724 2144 747 2169 «
774 2127 834 2173 Et
863 2125 1043 2173 sactum
1063 2136 1134 2173 est
1156 2126 1247 2185 ita,
1282 2145 1305 2170 »
1337 2127 1460 2174 sicut
1482 2127 1700 2191 superius
1731 2126 1780 2172 in
1815 2124 2029 2172 secundo
2052 2123 2149 2171 die.
2176 2123 2263 2170 Vel
2292 2140 2443 2187 quum

318 2203 617 2267 praemisisset
636 2222 648 2250 ε
677 2223 700 2249 α
729 2206 788 2251 Et
811 2204 921 2252 fecit
943 2204 1317 2264 firmamentum,
1343 2215 1458 2265 etc.‚
1487 2225 1510 2250 »
1534 2204 1848 2271 postmodum
1867 2203 2082 2268 adjunxit
2104 2220 2114 2250 ε
2139 2221 2162 2247 α
2185 2206 2243 2250 Et
2266 2202 2443 2250 factum

318 2293 389 2330 est
420 2284 510 2343 ita,
537 2302 561 2329 υ
587 2294 818 2349 tanquam
851 2301 939 2350 per
967 2285 1062 2333 hoc
1095 2287 1302 2333 innuens
1336 2285 1466 2333 illam
1499 2302 1732 2350 aquarum
1777 2284 2064 2331 divisionem
2096 2284 2161 2331 ita
2196 2283 2245 2329 in
2279 2300 2443 2348 perpe—

317 2371 454 2410 tuum
494 2380 874 2428 permansuram.
915 2365 991 2412 Sic
1027 2376 1074 2413 et
1108 2366 1157 2412 in
1201 2367 1443 2413 creatione
1477 2365 1689 2412 hominis
1728 2375 1986 2430 postquam
2023 2363 2172 2410 dixit:
2205 2382 2228 2407 «
2256 2364 2444 2410 Creavit

318 2444 445 2490 Deus
471 2442 748 2502 hominem,
784 2454 898 2503 etc.,
924 2463 947 2489 υ
984 2444 1229 2508 subjunxit
1252 2465 1262 2492 :
1294 2466 1317 2490 «
1345 2449 1404 2492 Et
1428 2445 1606 2491 factum
1629 2455 1700 2491 est
1734 2445 1816 2491 ita.
1837 2463 1862 2489 n
1888 2446 2048 2501 Quum
2078 2459 2210 2506 ergo,-
2236 2443 2440 2489 ubicun-

317 2538 412 2586 que
443 2522 617 2570 dicitur
644 2542 659 2570 :-
684 2543 707 2568 «
733 2527 793 2570 Et
829 2523 1055 2572 faciamus
1091 2526 1183 2583 ita,
1215 2544 1238 2569 n
1264 2525 1616 2589 perseverantia
1639 2524 1859 2589 quaedam
1888 2539 2091 2589 operum
2124 2521 2436 2587 significetur,

318 2612 371 2649 ut
403 2603 471 2650 sic
501 2603 679 2651 scilicet
706 2614 1019 2668 permaneant
1051 2605 1172 2652 sicut
1207 2605 1331 2652 facta
1353 2615 1488 2664 sunt,
1515 2621 1821 2670 nequaquam
1853 2604 1902 2650 in
1932 2602 2182 2669 speciebus
2206 2603 2366 2650 avium
2390 2603 2440 2650 id

317 2693 445 2730 recte
488 2683 583 2731 dici
617 2701 759 2749 posse
789 2684 1000 2744 videtur,
1038 2702 1188 2749 quum
1226 2685 1448 2733 videlieet
1480 2685 1717 2733 nonnulla
1750 2685 1931 2750 species
1963 2685 2014 2731 in
2048 2684 2117 2731 eis
2144 2684 2439 2749 quandoque

317 2781 511 2831 prorsus
542 2764 760 2831 deperire
783 2764 960 2813 habeat
977 2802 990 2825 ‚
1017 2766 1139 2813 sicut
1160 2765 1220 2813 de
1243 2765 1465 2831 phoenice
1488 2766 1659 2830 legitur
1684 2782 1739 2813 ac
1766 2765 1964 2812 fortasse
1987 2764 2048 2812 de
2071 2764 2314 2811 nonnullis
2337 2765 2439 2812 aliis

316 2855 416 2892 tam
449 2846 610 2893 avium
643 2863 790 2911 quam
819 2847 1022 2912 piscium
1058 2846 1308 2912 speciebus
1339 2848 1598 2911 contingit,
1624 2864 1730 2912 quae
1758 2846 1820 2895 ad-
1854 2863 2001 2911 opera
2033 2846 2274 2911 pertinent
2296 2845 2437 2909 hujus

317 2922 429 2972 diei.

384 3023 408 3050 «
435 3005 792 3070 Benedixitquffl
823 3025 846 3050 »
871 3006 993 3054 Solis
1015 3008 1340 3056 animantibus
1364 3009 1464 3056 istis
1488 3026 1544 3057 ex
1566 3019 1690 3074 aqua
1721 3009 1969 3075 productis
1991 3009 2113 3055 sicut
2143 3017 2190 3054 et
2218 3016 2437 3072 postmo-

316 3083 433 3132 dum
466 3084 743 3133 hominibus
773 3088 943 3135 creatis
972 3087 1269 3136 benedixisse
1296 3093 1424 3137 Deus
1453 3100 1770 3150 memoratur,
1804 3090 1938 3154 quasi
1967 3088 2176 3154 quadam
2207 3088 2437 3152 dignitate

315 3164 576 3211 animantia
598 3165 687 3212 ista
708 3165 895 3213 homini
923 3168 1327 3234 propinquarent,
1359 3186 1465 3234 quae
1497 3169 1558 3217 de
1589 3169 1670 3217 illo
1701 3180 1923 3234 generata
1949 3179 2061 3216 sunt
2087 3168 2348 3227 elemento,
2376 3167 2436 3214 de

314 3260 412 3308 quo
444 3254 491 3291 et
518 3244 740 3296 homines
768 3246 1082 3310 regenerandi
1115 3259 1267 3296 erant.
1297 3242 1435 3296 Unde
1465 3259 1511 3296 et
1541 3249 1588 3296 in
1620 3265 1729 3296 arca
1758 3248 2024 3296 secundum
2050 3257 2160 3313 post
2187 3246 2436 3294 hominem

314 3322 476 3371 locum
511 3341 621 3374 aves
651 3327 858 3375 tenuisse
889 3344 989 3374 non
1022 3327 1261 3376 immerito
1292 3329 1544 3389 videntur,
1579 3330 1691 3393 quia
1725 3329 1945 3377 videlicet
1974 3328 2035 3376 de
2063 3328 2144 3375 illo
2174 3327 2296 3375 facta
2325 3336 2435 3375 sunt

361 3501 373 3519 ⁶
395 3502 523 3542 Gerre-3„
538 3514 612 3549 cap.
632 3515 718 3539 uvi.
