2970 4152
462 404 559 453 294
624 403 926 451 HELOISSAE
954 403 1350 452 PROBLEMATA
1369 403 1490 452 CUM
1514 404 1685 451 PETRI
1710 403 2025 451 ABAELARDI
2049 402 2482 453 SOLUTIONIBUS.

461 498 703 545 voluntate
726 497 999 563 propaginis
1013 534 1025 557 ,
1053 497 1139 545 sed
1162 496 1373 545 libidinis
1396 496 1672 563 voluptate?
1699 500 1816 556 Quae
1840 506 1999 544 tamen
2021 495 2241 561 voluptas
2264 513 2364 544 non
2389 507 2586 564 propter

462 579 649 643 nuptias
673 577 799 625 cadit
816 578 865 624 in
889 576 1102 643 culpam,
1123 577 1208 626 sed
1231 587 1427 644 propter
1447 577 1831 644 nuptiasaccipit
1854 576 2060 625 veniam.
2083 577 2321 634 Quocirca
2342 578 2484 625 etiam
2507 576 2587 625 hic

460 669 569 705 sunt
594 657 854 705 laudabiles
879 658 1084 723 nuptiae3
1113 660 1222 723 quia
1251 669 1299 706 et
1321 658 1470 720 illud,
1500 646 1634 724 quod
1658 674 1758 706 non
1783 656 1989 723 pertinet
2012 655 2074 704 ad
2099 673 2150 703 se
2165 691 2178 716 ,
2206 657 2387 720 ignosci
2410 658 2588 705 faciunt

460 748 655 803 propter
679 755 744 786 se.
772 741 936 803 Neque
960 739 1138 786 etenim
1160 740 1247 788 iste
1270 739 1574 797 concubitus,
1605 755 1703 804 quo
1731 737 1933 785 servitur
1952 737 2348 802 concupiscentiae
2363 773 2376 797 ‚
2404 738 2471 786 sic
2493 739 2589 803 agi·-

461 831 553 879 tur‚
578 829 630 867 ut
646 819 935 885 impediatur
958 819 1126 882 foetus,
1156 837 1301 886 quem
1325 819 1568 886 postulant
1587 819 1789 884 nuptiae3
1816 817 1901 865 sed
1926 827 2085 865 tamen
2110 816 2240 866 aliud
2257 827 2328 866 est
2349 834 2450 866 non
2474 834 2589 866 con·-

460 900 685 948 cumbere
709 900 800 948 nisi
818 899 919 948 sola
941 900 1186 950 voluntate
1205 901 1491 967 generandi,
1513 900 1646 966 quod
1670 916 1768 947 non
1786 898 1932 947 habet
1949 898 2164 965 culpam,
2184 898 2313 947 aliud
2330 900 2486 948 carnis
2507 915 2590 947 vo·

460 980 690 1045 luptatem
721 989 945 1047 appetere
976 981 1347 1030 concumbendo
1365 1018 1378 1043 ,
1410 981 1495 1030 sed
1526 998 1626 1029 non
1653 989 1852 1046 propter
1879 979 2132 1044 conjugem
2149 1015 2170 1040 ‚-
2190 980 2325 1045 quod
2353 979 2587 1029 venialem

460 1060 602 1107 habet
622 1060 831 1126 culpam.
856 1080 879 1106 >2
901 1063 1020 1109 Item
1038 1061 1163 1110 libro
1182 1062 1422 1111 secundo¹
1439 1081 1449 1108 :
1469 1082 1493 1107 «
1519 1065 1696 1108 Panem
1715 1070 1763 1108 et
1776 1060 1944 1108 vinum
1962 1060 2029 1108 sic
2044 1077 2146 1109 non
2164 1059 2560 1127 reprehendimus
2571 1098 2584 1122 ,

458 1151 654 1205 propter
677 1141 945 1190 luxuriosos
968 1152 1015 1190 et
1039 1141 1276 1204 ebriosos,
1300 1159 1397 1208 quo
1417 1141 1566 1190 modo
1592 1158 1680 1190 nec
1704 1157 1875 1189 aurum
1894 1151 2093 1207 propter
2116 1140 2319 1207 cupidos
2336 1150 2384 1188 et
2400 1157 2584 1190 avaros.

459 1221 695 1277 Quocirca
711 1222 1102 1271 commixtionem
1120 1239 1314 1288 quoque
1328 1222 1581 1270 honestam
1594 1221 1854 1286 conjugum
1870 1237 1970 1269 non
1987 1220 2383 1288 reprehendimus
2393 1231 2591 1288 propter

460 1301 736 1364 pudendam
760 1301 1010 1351 libidinem
1038 1319 1316 1369 corporum.
1351 1302 1433 1349 Illa
1463 1303 1591 1350 enim
1622 1290 1785 1368 posset
1811 1318 1914 1349 esse
1937 1301 2069 1349 nulla
2099 1300 2396 1367 praecedente
2423 1318 2592 1368 perpe·-

459 1381 662 1430 tratione
685 1383 890 1448 peccati,
914 1382 975 1430 de
997 1400 1090 1448 qua
1115 1399 1213 1430 non
1243 1382 1579 1430 erubescerent
1597 1382 1852 1446 conjugati.
1882 1385 1992 1430 Haec
2015 1391 2178 1431 autem
2201 1391 2365 1430 exorta
2388 1391 2458 1429 est
2482 1392 2591 1447 post

460 1471 733 1526 peccatum,
756 1479 903 1528 quam
927 1464 1077 1511 coacti
1101 1473 1212 1511 sunt
1235 1462 1395 1511 velare
1420 1463 1622 1510 confusi.
1646 1462 1786 1510 Unde
1807 1462 2038 1510 remansit
2060 1462 2405 1527 posterioribus
2429 1462 2591 1526 conju-

461 1542 598 1603 gatis,
627 1543 844 1606 quamvis
867 1543 962 1591 hoc
988 1542 1116 1590 malo
1141 1542 1266 1590 hene
1291 1552 1339 1590 et
1365 1542 1491 1590 licite
1516 1542 1784 1603 utentibus,
1813 1543 1862 1590 in
1888 1541 2126 1606 ejusmodi
2154 1558 2301 1606 opere
2323 1541 2590 1589 humanum

460 1623 934 1688 vitare-conspectum
948 1659 961 1684 ,
984 1634 1126 1689 atque
1153 1624 1218 1671 ita
1240 1623 1460 1671 confiteri
1484 1622 1619 1688 quod
1641 1623 1927 1688 pudendum
1957 1632 2051 1683 est,
2073 1639 2226 1688 quum
2251 1622 2424 1670 debeat
2447 1623 2594 1670 nemi-

462 1719 571 1749 nem
595 1702 778 1767 pudere
794 1703 928 1768 quod
945 1703 1130 1751 bonum
1147 1714 1231 1751 est.
1255 1704 1331 1751 Sic
1351 1704 1654 1751 insinuantur
1668 1703 1770 1751 haec
1788 1703 1887 1751 duo
1905 1741 1917 1765 ,
1939 1713 1986 1751 et
2004 1702 2191 1751 bonum
2215 1702 2466 1751 laudandae
2482 1719 2593 1749 con-

454 1785 738 1846 junctioniS,
768 1785 899 1834 unde
923 1785 1007 1834 filii
1031 1795 1341 1851 generentur;
1369 1795 1416 1834 et
1437 1785 1619 1834 malum
1641 1785 1881 1851 pudendae
1907 1784 2118 1833 libidinis
2137 1821 2150 1846 ,
2179 1784 2309 1832 unde
2336 1785 2419 1855 qui
2448 1800 2594 1848 gene-

459 1875 639 1926 rantur,
666 1866 976 1930 regenerandi
992 1876 1104 1914 sunt
1121 1883 1182 1914 ne
1206 1865 1511 1914 damnentur.
1536 1865 1743 1914 Proinde
1760 1865 1989 1932 pudenda
2013 1865 2211 1913 libidine
2230 1865 2313 1929 qui
2333 1864 2458 1911 licite
2475 1880 2590 1912 oon-

459 1944 664 2005 cumbit,
697 1946 824 1993 malo
855 1946 980 1994 bene
1008 1948 1178 2006 utitur3
1214 1947 1298 2012 qui
1326 1956 1486 1995 autem
1515 1945 1674 1994 illicite
1694 1982 1706 2005 ‚
1743 1946 1871 1993 malo
1899 1946 2022 1993 male
2050 1946 2212 1993 utitur.
2246 1946 2433 1992 Rectius
2463 1945 2591 1991 enim

461 2026 628 2090 accipit
659 2043 849 2074 nomen
869 2027 981 2074 mali
1008 2043 1154 2092 quam
1179 2027 1328 2084 boni,
1366 2028 1596 2092 quoniam
1628 2026 1916 2074 erubescunt
1949 2025 2067 2074 boni
2097 2036 2143 2074 et
2174 2025 2301 2073 mali.
2331 2025 2594 2089 Meliusque

463 2106 701 2153 credimus
725 2107 769 2154 ei
794 2108 877 2171 qui
903 2106 1042 2155 dicit²
1063 2125 1074 2154 z
1110 2127 1132 2153 α
1157 2108 1265 2154 Scio
1290 2108 1403 2172 quia
1429 2124 1529 2154 non
1549 2107 1730 2154 habitat
1751 2108 1800 2153 in
1820 2123 1921 2167 me,
1950 2125 1974 2151 »
1996 2106 2092 2154 hoc
2115 2116 2185 2153 est
2209 2107 2256 2152 in
2277 2121 2420 2153 carne
2450 2121 2557 2152 mea
2576 2142 2588 2164 ,

465 2207 487 2230 «
511 2187 721 2247 bonum,
750 2207 773 2232 »
802 2205 948 2252 quam
971 2186 1109 2248 huic,
1139 2188 1222 2252 qui
1250 2187 1346 2235 hoc
1376 2187 1491 2235 dicit
1518 2187 1728 2246 bonum,
1757 2187 1887 2235 unde
1913 2187 1955 2234 si
1977 2186 2312 2245 confunditur,
2340 2185 2594 2233 confitetur

462 2267 667 2327 malum3
690 2269 730 2314 si
748 2277 907 2317 autem
926 2284 1025 2315 non
1043 2267 1369 2328 confunditur,
1393 2268 1526 2316 addit
1551 2268 1899 2334 impudentiam
1926 2268 2062 2334 pejus
2086 2267 2282 2315 malum.
2313 2270 2453 2314 Recte
2478 2283 2591 2330 ergo

464 2348 685 2409 diximus,
706 2348 770 2396 ita
794 2349 1070 2414 nuptiarum
1093 2348 1280 2396 bonum
1298 2348 1426 2396 malo
1447 2349 1679 2413 originali,
1703 2348 1835 2413 quod
1858 2348 1972 2396 inde
1989 2348 2208 2407 trahitur,
2226 2364 2324 2395 non
2344 2357 2501 2413 potest
2521 2363 2595 2394 ac-

465 2429 641 2488 cusari,
664 2429 783 2476 sicut
807 2428 1152 2477 adulteriorum
1175 2429 1356 2477 malum
1376 2429 1507 2477 bono
1538 2429 1741 2477 naturali
1769 2429 1902 2494 quod
1932 2429 2046 2476 inde
2064 2429 2290 2487 nascitur‚
2313 2445 2412 2475 non
2438 2438 2594 2493 potest

464 2510 674 2556 excusari
684 2529 696 2570 3
725 2510 955 2574 quoniam
981 2521 1149 2558 natura
1175 2510 1415 2570 humana,
1445 2528 1550 2575 quae
1575 2511 1784 2565 nascitur
1803 2510 1877 2558 vel
1903 2510 1964 2558 de
1990 2510 2214 2574 conjugio
2237 2509 2312 2557 vel
2333 2509 2393 2556 de
2418 2508 2593 2555 adulte-

464 2588 559 2647 rio,
582 2589 670 2636 Dei
696 2606 817 2654 opus
838 2599 928 2650 est3
958 2607 1063 2654 quae
1090 2591 1129 2638 si
1157 2590 1338 2637 malum
1363 2601 1506 2651 esset,
1534 2607 1634 2638 non
1663 2601 1784 2638 esset
1803 2590 2073 2655 generanda
2088 2612 2106 2650 ‚·
2129 2591 2168 2637 si
2193 2589 2371 2637 malum
2392 2605 2491 2635 non
2511 2587 2593 2634 ha—

464 2668 597 2716 beret
610 2705 623 2730 ‚
647 2687 747 2717 non
766 2680 888 2718 esset
905 2670 1245 2735 regeneranda.
1275 2690 1298 2714 »

512 2830 522 2847 ⁴
551 2831 692 2865 Corinth.
710 2832 742 2871 I,
762 2842 836 2875 cap.
856 2843 912 2865 xxi
927 2857 935 2871 ‚
949 2832 1012 2865 col.
1034 2833 1109 2865 319.
1125 2849 1168 2856 -
1181 2831 1193 2848 ¹
1209 2833 1317 2870 Rom.,
1336 2842 1410 2874 cap.
1426 2843 1483 2873 vn,
1502 2844 1530 2865 v.
1556 2834 1604 2864 18.
