2970 4152
573 373 665 421 468
1151 375 1319 421 PETRI
1356 374 1668 422 ABAELARDI
1705 377 1778 424 ET
1811 375 2112 423 HELOlSSAE
2180 430 2186 436 ‚

570 470 701 533 regni
731 468 884 527 illius,
925 484 1023 514 non
1063 478 1190 515 recte
1222 469 1493 531 judicastis,
1537 487 1693 535 neque
1719 472 1989 519 custodistis
2019 471 2173 534 legem
2203 471 2406 534 justitiae.
2446 472 2690 522 Horrende

569 551 710 596 etiam
734 549 827 595 cito
853 546 1099 612 apparebit
1126 547 1290 607 vobis,
1324 549 1552 612 quoniam
1582 550 1817 613 judicium
1857 551 2163 597 durissimum
2188 551 2236 596 in
2267 550 2341 597 his
2371 553 2451 616 qui
2486 565 2692 618 praesunt

570 628 666 674 fiet.
696 628 876 690 Exiguo
909 628 1038 674 enim
1069 628 1348 674 conceditur
1376 629 1716 695 misericordia.
1753 634 1972 677 Potentes
2006 639 2164 676 autem
2198 628 2435 694 potenter
2456 642 2692 680 tormenta

568 709 834 772 patientur,
862 718 908 754 et
932 707 1207 754 fortioribus
1235 708 1401 756 fortior
1430 710 1571 756 instat
1589 695 1842 757 ’‘cruciatio.
1866 729 1889 754 »
1917 709 2097 756 Sufficit
2115 710 2293 775 quippe
2310 712 2568 775 unicuique
2587 712 2691 760 sub-

562 790 794 850 jectarum
820 789 1086 835 animarum
1113 805 1140 834 a
1167 790 1365 854 proprio
1391 789 1479 836 sibi
1506 790 1762 855 providere
1787 790 1976 837 delicto.
2013 789 2215 837 Praelatis
2238 794 2398 837 autem
2426 801 2473 838 et
2506 793 2552 838 in
2585 808 2691 856 pec-

565 869 679 914 catis
702 867 866 914 alienis
892 884 1021 914 mors
1052 867 1285 914 imminet.
1308 871 1469 926 Quum
1489 869 1621 915 'enim
1641 879 1875 933 augentur
1892 868 2018 915 dona
2039 905 2050 927 ,
2078 871 2283 916 rationes
2306 870 2449 916 etiam
2473 881 2690 918 crescunt

565 947 805 993 donorum
823 962 850 1004 ;·
867 957 914 994 et
941 947 1017 993 cui
1057 946 1164 1011 plus
1204 948 1516 994 committitur
1533 985 1544 1007 ,
1580 948 1685 1013 plus
1711 948 1772 995 ab
1799 964 1856 995 eo
1883 948 2095 1012 exigitur.
2128 949 2215 995 Cui
2241 949 2439 1013 quidem
2471 949 2690 1015 periculo

564 1038 696 1074 tanto
726 1029 930 1075 maxime
960 1028 1212 1093 providere
1242 1029 1291 1075 in
1320 1029 1583 1076 Proverbiis
1615 1029 1962 1086 admonemur,
1997 1047 2146 1093 quum
2177 1029 2349 1077 dicitur
2367 1034 2378 1055 ¹
2415 1048 2425 1076 :
2461 1050 2485 1075 «
2506 1029 2688 1091 Fili-,³si

564 1108 878 1173 spoponderis
900 1124 989 1173 pro
1019 1109 1172 1155 amieo
1197 1115 1280 1155 tuo
1299 1145 1311 1167 ,
1338 1109 1540 1156 defixisti
1573 1109 1701 1174 apud
1737 1120 2013 1156 extraneum
2041 1126 2238 1156 manum
2271 1120 2418 1157 tuam.
2460 1111 2689 1176 Illaq‘uea-

564 1198 638 1234 tus
674 1205 723 1234 es
748 1188 904 1235 verbis
935 1189 1030 1235 oris
1059 1189 1153 1248 tui,
1201 1198 1247 1235 et
1289 1198 1453 1253 captus
1496 1185 1703 1254 propriis
1743 1189 2061 1236 sermonibus
2109 1193 2197 1236 Fac
2233 1204 2345 1254 ergo
2374 1190 2507 1253 quod
2544 1185 2685 1251 dico,

566 1267 631 1313 fili
657 1268 750 1324 mi,
781 1278 826 1314 et
850 1268 1153 1333 temetipsum
1177 1267 1325 1314 libera
1344 1304 1356 1327 ,
1385 1269 1497 1332 quia
1522 1268 1728 1315 incidisti
1761 1269 1810 1315 in
1837 1285 2034 1315 manum
2066 1269 2270 1333 proximi
2308 1269 2392 1315 tui.
2434 1269 2684 1329 Discurre'‚

566 1347 757 1407 festina,
785 1349 956 1394 suscita
981 1348 1188 1394 amicum
1212 1357 1348 1394 tuum
1377 1364 1386 1393 :
1421 1364 1482 1394 ne
1510 1347 1696 1394 dederis
1723 1364 1946 1394 somnum
1974 1347 2124 1394 oculis
2151 1348 2273 1407 tuis,
2308 1364 2396 1394 nec
2432 1347 2689 1394 dormitent

565 1427 801 1492 palpebrae
840 1438 944 1474 tua.
988 1447 1009 1471 »
1055 1431 1187 1474 Tunc
1230 1428 1358 1474 enim
1401 1444 1490 1491 pro
1519 1428 1673 1474 amico
1699 1428 2007 1491 sponsionem
2038 1428 2263 1486 facimus,
2308 1444 2457 1491 quum
2482 1427 2687 1491 aliquem

566 1507 767 1554 charitas
805 1518 967 1555 nostra
1001 1509 1049 1554 in
1088 1518 1261 1555 nostrae
1297 1509 1677 1572 congregationis
1713 1508 2126 1554 conversationem
2153 1508 2362 1571 suscipit.
2398 1507 2485 1553 Cui
2519 1517 2690 1554 nostrae

564 1589 875 1652 providentiae
899 1605 1064 1635 curam
1098 1589 1449 1652 promittimus,
1491 1588 1612 1634 sicut
1641 1597 1687 1634 et
1717 1587 1795 1634 ille
1823 1587 1962 1634 nobis
1996 1587 2318 1634 obedientiam
2352 1603 2502 1633 suam.
2539 1589 2601 1633 Et
2623 1587 2689 1633 sic

566 1685 759 1732 quoque
787 1685 982 1715 manum
1014 1678 1226 1714 nostram
1267 1667 1396 1732 apud
1436 1684 1548 1714 eum
1587 1666 1868 1730 defigimuS‚
1920 1684 2069 1731 quum
2099 1666 2475 1714 sollicitudinem
2517 1676 2688 1713 nostrae

566 1749 855 1813 operationis
880 1765 990 1812 erga
1019 1764 1130 1794 eum
1156 1747 1444 1812 spondendo
1474 1747 1820 1793 constituimus.
1861 1751 1979 1793 Tum
2013 1757 2058 1793 et
2083 1748 2129 1793 in
2160 1763 2355 1793 manum
2388 1747 2487 1809 ejus
2521 1740 2689 1793 incidi&

562 1845 667 1874 mus
684 1866 695 1887 ,
726 1829 836 1892 quia
866 1828 956 1874 nisi
981 1827 1119 1874 nobis
1145 1827 1205 1874 ab
1233 1828 1337 1891 ipso
1362 1826 1714 1891 providerimus
1731 1864 1743 1883 ‚
1776 1828 1933 1891 ipsum
1957 1827 2124 1873 animae
2141 1837 2314 1873 nostrae
2338 1827 2686 1873 interfectorem

561 1910 829 1954 sentiemus.
849 1910 1026 1954 Contra
1044 1907 1177 1970 quod
1201 1905 1467 1970 periculum
1493 1905 1744 1952 adhibetur
1774 1905 2053 1965 consilium,
2091 1923 2241 1969 quum
2270 1905 2487 1952 subditur
2513 1923 2524 1951 :
2558 1924 2582 1949 t<
2603 1906 2684 1951 Di-

561 2005 749 2048 scurre,
783 1989 974 2046 festina,
1004 1997 1093 2034 etc.
1124 2006 1147 2031 »
1175 1989 1311 2033 Nunc
1341 1986 1481 2049 igitur
1505 1985 1600 2032 huc
1617 2022 1629 2045 ‚
1661 2002 1791 2032 nunc
1819 1986 1930 2032 illuc
1954 1986 2266 2032 deambulans
2283 2022 2295 2045 ,
2330 2002 2466 2032 more
2497 1985 2687 2049 providi

561 2079 607 2115 et
631 2069 818 2134 impigri
843 2068 977 2115 ducis
993 2104 1005 2127 ,
1033 2077 1184 2114 castra
1212 2066 1518 2114 sua-sollicite
1542 2076 1700 2130 gerat,
1733 2067 1806 2113 vel
1830 2076 2064 2113 scrutetur
2081 2103 2093 2126 ,
2119 2083 2181 2113 ne
2208 2084 2295 2131 per
2323 2066 2522 2129 alicujus
2545 2066 2687 2129 negli-

561 2149 765 2211 gentiam
794 2149 865 2207 ei‚
906 2148 988 2211 qui
1017 2157 1245 2211 tanquam
1279 2146 1355 2192 leo
1395 2146 1560 2192 circuit
1589 2162 1805 2209 quaerens
1843 2162 1988 2209 quem
2036 2145 2288 2203 devoret²,
2327 2146 2479 2192 aditus
2510 2155 2680 2209 pateat.

562 2229 736 2274 Omnia
754 2228 878 2275 mala
898 2228 1071 2274 domus
1089 2244 1183 2274 suae
1206 2226 1338 2290 prior
1363 2235 1613 2289 agnoscat,
1646 2235 1699 2272 ut
1729 2225 1789 2272 ab
1815 2227 1915 2290 ipsa
1941 2227 2072 2290 prius
2096 2226 2277 2290 possint
2304 2226 2473 2288 corrigi
2490 2241 2634 2288 quam
2659 2241 2686 2272 a

562 2309 738 2355 caeteris
764 2308 983 2371 agnosci,
1024 2318 1071 2354 et
1099 2308 1146 2353 in
1178 2306 1446 2370 exemplum
1475 2305 1612 2352 trahi.
1645 2308 1818 2352 Caveat
1843 2305 1961 2351 illud
1988 2305 2121 2369 quod
2149 2305 2300 2352 stultis
2334 2305 2409 2351 vel
2439 2304 2686 2368 negligen-

562 2388 686 2434 tibus
710 2388 876 2435 beatus
903 2390 1194 2452 improperat
1216 2387 1534 2449 Hieronymus
1550 2387 1564 2409 ³
1589 2405 1598 2430 :
1630 2404 1653 2429 «
1677 2385 1894 2431 Solemus
1921 2385 2043 2431 mala
2069 2385 2242 2432 domus
2271 2395 2443 2431 nostrae
2461 2385 2582 2431 scire
2601 2399 2686 2430 no-

563 2469 738 2514 vissimi
754 2504 766 2527 ,
796 2485 850 2514 ac
874 2468 1135 2514 liberorum
1158 2483 1213 2512 ac
1238 2466 1499 2529 conjugum
1523 2465 1635 2511 vitia
1659 2465 1824 2511 vicinis
1848 2464 2127 2511 canentibus
2152 2465 2387 2527 ignorare.
2416 2482 2438 2507 »
2469 2463 2686 2510 Attendat

565 2564 668 2611 quae
693 2549 758 2594 sic
782 2547 1025 2612 praesidet,
1057 2547 1168 2610 quia
1193 2556 1292 2592 tam
1318 2561 1577 2609 corporum
1599 2561 1745 2608 quam
1773 2546 2038 2590 animarum
2072 2543 2336 2590 custodiam
2369 2544 2587 2608 suscepit.
2615 2546 2686 2589 De

565 2627 777 2674 custodia
805 2644 917 2674 vero
943 2642 1204 2690 corporum
1228 2624 1543 2682 admonetur,
1573 2640 1721 2687 quum
1748 2623 1921 2669 dicitur
1937 2623 1983 2668 in
2004 2622 2383 2668 Ecclesiasticffl:
2411 2641 2434 2666 «
2455 2621 2578 2669 Filiae
2599 2621 2684 2669 tibi

564 2717 701 2766 sunt,
731 2723 863 2754 serva
890 2722 1064 2770 corpus
1087 2704 1306 2762 illarum,
1334 2713 1380 2749 et
1407 2719 1505 2749 non
1534 2702 1755 2749 ostendas
1785 2702 1949 2748 faciem
1978 2711 2108 2748 tuam
2133 2700 2332 2747 hilarem
2355 2700 2416 2746 ad
2438 2700 2552 2747 illas.
2580 2719 2602 2744 »
2620 2703 2686 2748 vEt

565 2790 734 2835 iterum
752 2790 765 2812 ⁸
785 2805 794 2832 :
828 2806 850 2830 «
875 2786 988 2832 Filia
1009 2785 1155 2849 patris
1181 2783 1460 2830 abscondita
1485 2792 1553 2829 est
1573 2818 1585 2840 ,
1617 2781 1771 2844 vigilia
1789 2791 1836 2827 et
1858 2780 2127 2827 sollicitudo
2151 2782 2251 2842 ejus
2272 2780 2423 2826 aufert
2438 2796 2680 2839 somnum,

566 2866 822 2931 nequando
851 2865 1106 2931 polluatur.
1136 2882 1159 2906 »
1187 2862 1448 2909 Polluimus
1471 2877 1586 2908 vero
1615 2876 1818 2924 corpora
1855 2870 2015 2905 nostra
2052 2875 2150 2906 non
2182 2859 2336 2905 solum
2371 2859 2680 2919 fornicando,

567 2947 648 2993 sed
671 2946 918 3010 quodlibet
945 2944 1171 2991 indecens
1197 2943 1245 2988 in
1274 2942 1388 3006 ipsis
1415 2939 1662 3004 operando
1691 2949 1788 2985 tam
1815 2939 1973 3002 lingua
1990 2975 2001 2997 ,
2037 2955 2182 3002 quam
2207 2938 2298 2985 alio
2325 2937 2568 2997 membro,
2599 2955 2680 2984 seu

566 3027 779 3089 quolibet
828 3024 1045 3072 membro
1093 3022 1308 3070 sensibus
1353 3020 1567 3084 corporis
1616 3018 1678 3065 ad
1726 3019 1979 3065 vanitatem
2017 3019 2221 3083 aliquam
2261 3018 2518 3065 abutendo.
2556 3019 2685 3064 Sicut

568 3107 798 3169 scriptum
823 3116 892 3152 est
909 3107 922 3130 ⁶
946 3123 955 3150 ε
990 3124 1012 3148 «
1036 3107 1163 3151 Mors
1187 3103 1331 3148 intrat
1356 3116 1442 3165 per
1465 3100 1690 3146 fenestras
1716 3108 1902 3145 nostras
1919 3135 1931 3158 ,
1959 3118 1981 3143 »
2016 3099 2110 3146 hoc
2135 3109 2204 3145 est
2231 3107 2477 3162 peccatum
2505 3100 2566 3144 ad
2585 3098 2684 3144 ani·

569 3202 697 3232 mam
730 3202 815 3249 per
844 3186 1056 3249 quinque
1098 3181 1668 3230 sensuuminstrumenta
1718 3181 1834 3235 Quae
1859 3195 1973 3225 vero
2003 3195 2132 3225 mors
2159 3179 2372 3242 gravior,
2407 3187 2486 3224 aut
2525 3187 2681 3224 custo-

613 3393 621 3409 ⁴
649 3394 844 3435 Prov.,cap.
866 3403 915 3432 vt,
933 3403 964 3424 v.
986 3395 997 3422 l
1018 3398 1050 3424 et
1065 3403 1114 3435 sq.
1131 3409 1166 3415 ——
1181 3391 1192 3408 ¹
1210 3392 1296 3424 Petr.
1314 3392 1347 3430 1,
1369 3401 1443 3433 cap.
1464 3401 1496 3430 v,
1516 3399 1546 3422 v.
1569 3391 1602 3421 8.
1651 3381 1716 3412 -Ἶ
1732 3389 1852 3426 Eccli„
1868 3398 1943 3431 cap.
1962 3398 2003 3421 vn
2016 3413 2025 3427 ‚
2048 3398 2078 3419 v.
2097 3388 2151 3420 26.
2165 3402 2208 3411 ——
2222 3388 2235 3404 ⁸
2250 3388 2371 3425 Eccli„
2397 3397 2470 3429 cap.
2497 3397 2579 3425 ιιιι,
2600 3395 2630 3417 v.
2649 3383 2684 3416 9.

571 3469 603 3473 --
621 3449 633 3465 ⁸
651 3449 751 3491 Epist.
774 3460 866 3488 xcm,
893 3451 937 3481 ad
962 3449 1196 3486 Sabinianum,
1221 3448 1305 3487 opp.
1323 3454 1345 3479 t.
1367 3446 1423 3487 IV,
1442 3446 1506 3478 col.
1527 3446 1603 3477 760.
1650 3444 1719 3469 —-⁸
1741 3444 1877 3483 Jerem„
1895 3454 1968 3486 cap.
1991 3455 2022 3475 tx
2036 3468 2044 3482 ‚
2065 3453 2097 3476 v-
2116 3444 2172 3475 21.
