2970 4152
553 398 611 443 40
1125 396 1292 441 PETRI
1329 396 1645 443 ABAELARDI
1680 396 1753 442 ET
1787 392 2088 442 HELOISSAE

548 490 681 537 Tanti
699 490 874 554 quippe
894 498 1006 535 tunc
1026 487 1234 534 nominis
1259 505 1412 550 eram,
1436 499 1481 537 et
1500 490 1760 553 juventutis
1783 499 1829 537 et
1847 489 2008 536 formae
2027 488 2172 551 gratia
2189 486 2582 551 praeeminebam,
2606 495 2658 532 ut

548 587 881 635 quamcunque
899 569 1179 616 feminarum
1197 579 1364 617 nostro
1380 569 1599 634 dignarer
1615 586 1801 630 amore,
1820 568 2001 616 nullam
2025 582 2213 613 vererer
2235 566 2489 630 repulsam.
2509 569 2657 612 Tanto

547 660 705 696 autem
723 648 898 695 facilius
916 647 1040 694 hanc
1058 646 1174 693 mihi
1192 648 1400 712 puellam
1418 666 1758 697 consensuram
1777 647 1978 706 credidi,
2001 656 2180 710 quanto
2200 644 2400 709 amplius
2413 661 2518 692 eam
2536 644 2657 692 litte-

545 746 704 776 rarum
733 728 976 775 scientiam
1006 737 1051 774 et
1075 727 1252 776 habere
1283 739 1329 776 et
1358 730 1552 794 diligere
1576 745 1827 788 noveram,
1853 743 2038 791 nosque
2063 727 2203 773 etiam
2234 726 2451 773 absentes
2478 725 2660 790 scriptis

542 807 841 854 internuntiis
869 807 1073 854 invicem
1097 807 1258 855 liceret
1281 818 1563 874 praesentare
1579 844 1591 868 ,
1615 818 1661 855 et
1679 808 1904 872 pleraque
1921 806 2146 853 audacius
2170 805 2373 853 scribere
2395 820 2540 869 quam
2556 803 2661 850 col-

542 886 701 949 loqui,
732 896 779 933 et
807 887 873 933 sic
892 903 1080 951 semper
1095 887 1319 950 jucundis
1336 890 1560 935 interesse
1579 887 1844 951 colloquiis.
1874 890 1928 932 In
1943 885 2085 950 hujus
2111 886 2270 950 itaque
2300 883 2660 932 adolescentulae

540 982 753 1012 amorem
786 977 911 1013 totus
943 966 1284 1027 inflammatus,
1319 969 1645 1015 occasionem¹
1679 967 1870 1031 quaesivi
1903 982 1997 1030 qua
2040 982 2146 1013 eam
2177 965 2293 1012 mihi
2323 965 2583 1012 domestica
2615 973 2660 1010 et

539 1046 814 1109 quotidiana
831 1048 1191 1094 conversatione
1204 1047 1481 1094 familiarem
1498 1046 1759 1106 efficerem,
1773 1057 1820 1094 et
1834 1046 2011 1094 facilius
2027 1046 2088 1093 ad
2100 1062 2386 1093 consensum
2401 1044 2655 1092 traherem.

539 1125 681 1182 Quod
713 1126 907 1190 quidem
943 1136 995 1172 ut
1026 1126 1185 1187 fieret,
1219 1127 1291 1191 egi
1322 1144 1433 1174 cum
1464 1126 1690 1192 praedicto
1725 1126 1892 1191 puellae
1922 1126 2181 1186 avunculo,
2203 1125 2488 1190 quibusdam
2516 1125 2661 1189 ipsius

536 1205 698 1251 amicis
711 1205 1155 1266 intervenientibus,
1173 1217 1407 1271 quatenus
1423 1223 1500 1253 me
1513 1207 1562 1253 in
1573 1206 1774 1253 domum
1789 1223 1922 1266 suam
1933 1243 1945 1266 ,
1963 1223 2067 1270 quae
2079 1206 2251 1253 scholis
2264 1205 2436 1252 nostris
2447 1204 2660 1268 proxima

537 1295 663 1344 erat,
687 1285 776 1332 sub
799 1303 1089 1350 quocunque
1108 1287 1456 1350 procurationis
1485 1287 1639 1351 pretio
1667 1287 1945 1351 susciperet;
1977 1287 2102 1334 hanc
2119 1286 2338 1333 videlicet
2361 1286 2659 1332 occasionem

533 1364 860 1427 praetendens²
893 1366 1025 1430 quod
1060 1367 1270 1413 studium
1298 1376 1515 1413 nostrum
1549 1367 1808 1415 domestica
1836 1377 2006 1417 nostrae
2039 1366 2222 1414 familiae
2257 1382 2371 1412 cura
2403 1360 2661 1429 plurimum
2718 1413 2724 1431 s

533 1445 843 1509 praepediret³
875 1456 920 1492 et
948 1447 1163 1511 impensa
1202 1447 1348 1494 nimia
1379 1447 1582 1493 nimium
1609 1464 1686 1494 me
1720 1457 1950 1511 gravaret.
1992 1450 2102 1493 Erat
2131 1457 2291 1493 autem
2327 1444 2558 1509 cupidus'·
2583 1443 2661 1491 ille

537 1525 697 1583 valde,
726 1536 866 1589 atque
892 1543 1000 1590 erga
1019 1528 1202 1591 neptim
1226 1543 1360 1574 suam
1374 1562 1386 1586 ,
1410 1537 1461 1574 ut
1484 1527 1686 1592 amplius
1706 1544 1892 1592 semper
1909 1528 1959 1574 in
1985 1526 2252 1573 doctrinam
2271 1524 2522 1589 proficeret
2538 1523 2660 1570 litte-

535 1606 780 1665 ratoriam,
818 1606 1081 1670 plurimum
1109 1607 1362 1654 studiosus.
1387 1608 1572 1665 Quibus
1596 1607 1811 1654 duobus⁵
1836 1607 1970 1654 facile
1994 1623 2239 1654 assensum
2263 1615 2503 1652 assecutus
2527 1620 2659 1664 sum,

535 1695 581 1730 et
598 1685 730 1747 quod
759 1685 983 1749 optabam
1011 1685 1197 1732 obtinui
1219 1705 1228 1733 :
1260 1704 1411 1750 quum
1437 1687 1515 1734 ille
1541 1686 1760 1735 videlicet
1786 1697 1832 1734 et
1859 1687 1921 1734 ad
1950 1686 2202 1752 pecuniam
2223 1695 2351 1732 totus
2372 1684 2596 1745 inhiaret,
2617 1693 2663 1732 et

534 1764 714 1827 neptim
740 1780 875 1811 suam
894 1782 951 1811 ex
971 1765 1189 1813 doctrina
1216 1777 1378 1813 nostra
1405 1767 1583 1831 aliquid
1606 1758 1939 1832 percepturam
1960 1766 2189 1814 crederet.
2220 1767 2371 1829 Super
2394 1781 2491 1828 quo
2518 1764 2661 1812 vehe-

533 1854 717 1891 menter
738 1861 816 1891 me
836 1844 1117 1909 deprecatus
1131 1881 1143 1904 ,
1174 1862 1317 1909 supra
1335 1863 1481 1909 quam
1500 1863 1689 1911 sperare
1708 1863 2066 1911 praesumerem,
2092 1846 2212 1893 votis
2230 1845 2349 1891 meis
2372 1846 2566 1891 accessit
2580 1880 2593 1903 ,
2617 1855 2662 1893 et

535 1924 686 1970 amori
718 1923 956 1970 consuluit
985 1942 994 1969 ε
1024 1940 1129 1971 eam
1149 1924 1366 1972 videlicet
1395 1935 1544 1971 totam
1567 1936 1732 1972 nostro
1752 1926 2020 1990 magisterio
2046 1924 2372 1983 committens,
2400 1934 2454 1970 ut
2477 1924 2662 1988 quoties

536 2003 653 2050 mihi
677 2020 704 2050 a
731 2003 904 2050 scholis
928 2021 1118 2051 reverso
1145 2015 1357 2065 vacaret,
1399 2015 1496 2052 tam
1521 2006 1570 2052 in
1597 2006 1675 2053 die
1700 2023 1845 2070 quam
1872 2007 1920 2052 in
1950 2015 2114 2065 nocte,
2146 2005 2189 2052 ei
2213 2003 2442 2051 docendae
2466 2021 2661 2068 operam

536 2082 718 2143 darem,
735 2093 782 2130 et
800 2100 904 2130 eam
922 2084 960 2130 si
972 2084 1289 2148 negligentem
1308 2086 1548 2145 sentirem,
1571 2086 1879 2133 vehementer
1896 2086 2285 2150 constringerem.
2305 2088 2356 2130 ln
2377 2100 2472 2148 qua
2491 2100 2542 2131 re
2561 2085 2663 2148 qui—

537 2161 648 2209 dem
678 2173 855 2227 quanta
886 2163 985 2227 ejus
1012 2165 1285 2229 simplicitas
1317 2176 1437 2213 esset
1464 2165 1771 2213 vehementer
1799 2165 2079 2225 admiratus,
2107 2182 2208 2212 non
2239 2164 2396 2220 minus
2426 2163 2555 2228 apud
2586 2181 2664 2210 me

537 2241 779 2307 obstupui,
802 2259 945 2307 quam
962 2245 1001 2291 si
1017 2261 1186 2308 agnam
1201 2255 1414 2292 teneram
1432 2245 1648 2293 famelico
1668 2245 1784 2310 lupo
1798 2239 2130 2292 committeret.
2144 2244 2237 2302 Qui
2256 2261 2405 2308 quum
2423 2259 2528 2290 eam
2546 2244 2664 2290 mihi

536 2340 636 2370 non
662 2323 818 2371 solum
844 2324 1139 2386 docendam,
1169 2343 1338 2373 verum
1360 2327 1503 2373 etiam
1530 2325 1838 2374 vehementer
1855 2325 2273 2390 constringendam
2292 2324 2519 2383 traderet,
2548 2324 2663 2388 quid

538 2404 666 2451 aliud
691 2405 881 2468 agebat,
905 2422 1050 2470 quam
1076 2416 1128 2453 ut
1152 2407 1274 2454 votis
1292 2407 1410 2455 meis
1434 2407 1674 2455 licentiam
1692 2408 1880 2472 penitus
1898 2407 2058 2464 daret,
2089 2417 2136 2454 et
2163 2406 2465 2454 occasionem
2482 2441 2494 2464 ,
2523 2406 2664 2452 etiam

540 2484 578 2529 si
599 2483 857 2542 nollemus,
893 2484 1108 2546 offerret,
1138 2496 1191 2532 ut
1216 2503 1362 2551 quam
1388 2487 1605 2535 videlicet
1628 2487 1867 2535 blanditiis
1891 2504 1990 2535 non
2015 2503 2234 2552 possem,
2262 2486 2404 2532 minis
2427 2495 2474 2532 et
2501 2484 2665 2532 verbe-

539 2562 667 2609 ribus
691 2563 870 2610 facilius
894 2564 1165 2612 flecterem?
1186 2566 1278 2613 Sed
1298 2566 1395 2613 duo
1422 2577 1580 2627 erant,
1611 2584 1716 2632 quae
1738 2584 1849 2614 eum
1877 2567 2081 2616 maxime
2104 2582 2131 2613 a
2149 2566 2277 2631 turpi
2298 2565 2567 2630 suspicione
2590 2581 2663 2612 re—

540 2644 773 2691 vocabant
785 2679 798 2704 ,
819 2660 956 2691 amor
973 2645 1192 2694 videlicet
1210 2647 1366 2712 neptis
1381 2683 1393 2707 ,
1417 2658 1463 2694 et
1487 2649 1790 2695 continentiae
1809 2665 1926 2695 meae
1937 2648 2067 2695 fama
2082 2643 2331 2711 praeterita.
2353 2644 2481 2702 Quid
2498 2644 2663 2710 plura?

539 2727 748 2788 primum
772 2724 920 2772 domo
946 2741 1042 2772 una
1067 2727 1428 2790 conjungimur,
1462 2728 1775 2793 postmodum
1805 2729 1983 2774 animo.
2014 2726 2112 2773 Sub
2137 2726 2391 2772 occasione
2413 2726 2572 2789 itaque
2597 2724 2665 2771 di-

541 2805 746 2869 sciplinae
777 2806 927 2853 amori
954 2806 1142 2870 penitus
1173 2807 1488 2868 vacabamus,
1518 2818 1565 2855 et
1589 2818 1793 2855 secretos
1824 2808 2087 2866 recessus⁶,
2123 2823 2245 2871 quos
2275 2822 2411 2853 amor
2438 2805 2659 2871 optabat,

542 2885 749 2933 studium
763 2887 976 2934 lectionis
996 2886 1260 2934 offerebat⁷.
1278 2888 1461 2953 Apertis
1477 2889 1634 2953 itaque
1650 2888 1782 2935 libris
1791 2887 1928 2952 plura
1944 2887 2004 2934 de
2024 2903 2186 2934 amore
2205 2903 2350 2951 quam
2361 2886 2421 2933 de
2438 2886 2641 2933 lectione
2652 2886 2665 2908 ⁸

544 2965 688 3011 verba
712 2983 760 3012 se
783 2966 1082 3031 ingerebant,
1110 2966 1247 3031 plura
1272 2978 1407 3014 erant
1431 2968 1594 3015 oscula
1617 2984 1762 3032 quam
1787 2967 2044 3014 sententiae.
2074 2967 2251 3031 Saepius
2278 2966 2340 3013 ad
2366 2966 2496 3012 sinus
2520 2981 2664 3029 quam

544 3045 606 3091 ad
621 3045 767 3092 libros
785 3047 1134 3094 reducebantur
1151 3063 1346 3108 manus,
1368 3048 1579 3095 crebrius
1594 3048 1759 3095 oculos
1779 3064 1914 3095 amor
1928 3048 1977 3093 in
1997 3064 2046 3094 se
2071 3046 2342 3093 reflectebat
2361 3062 2506 3110 quam
2525 3045 2663 3092 lectio

544 3125 593 3171 in
612 3126 892 3189 scripturam
905 3127 1157 3191 dirigebat3
1172 3145 1367 3193 quoque
1380 3130 1538 3176 minus
1552 3129 1832 3194 suspicionis
1847 3128 2150 3187 haberemuS,
2166 3127 2362 3175 verbera
2375 3127 2665 3191 quandoque

545 3204 686 3252 dabat
711 3221 868 3265 amor,
896 3222 994 3252 non
1020 3207 1176 3268 furor;
1200 3208 1368 3271 gratia,
1391 3225 1491 3255 non
1516 3209 1610 3269 ira,
1640 3225 1745 3273 quae
1769 3208 1986 3255 omnium
2011 3216 2364 3272 unguentorum
2389 3206 2664 3252 suavitatem

588 3355 597 3371 ¹
622 3355 772 3396 Tempora
792 3355 869 3388 mihi
885 3363 1062 3396 opportuna
1078 3360 1190 3397 quibus
1209 3358 1304 3392 RMS.
1324 3377 1363 3382 —
1381 3357 1394 3375 ¹
1413 3359 1576 3391 simulans
1626 3358 1703 3391 ABC
1726 3366 1758 3391 et
1774 3359 1840 3392 MS.
1864 3358 1957 3391 Amb.
1974 3376 1997 3382 —
2012 3359 2186 3400 Regressus
2208 3357 2239 3389 in
2267 3356 2464 3390 editionibus
2480 3356 2605 3399 legitur.
2624 3374 2664 3378 -—

542 3410 635 3443 RMS.
655 3429 694 3434 —
710 3410 722 3427 ³
743 3412 911 3452 Impedit-ee
926 3411 1020 3445 RMS.
1043 3431 1070 3435 -
1091 3413 1103 3430 ⁴
1117 3416 1168 3446 Ad
1187 3426 1251 3447 rem
1268 3417 1502 3456 conyerendam
1522 3420 1577 3447 at-
1628 3415 1639 3431 '¹
1662 3417 1783 3449 Obtulit
1797 3414 1891 3448 RMS.
1906 3432 1949 3439 —
1971 3414 1982 3431 ⁸
1997 3415 2209 3455 Philosophia
2223 3412 2315 3446 RMS.

542 3469 729 3499 tentissimus
748 3466 841 3500 RMS.
862 3486 903 3491 —-
921 3468 934 3484 ¹⁵
955 3469 1073 3508 Quibus
1090 3473 1214 3510 quidem
1233 3473 1355 3503 duobus
1376 3471 1412 3503 D.
1431 3488 1474 3495 -
1492 3470 1504 3487 ⁶
1525 3469 1579 3503 Sic
