2970 4152
540 375 635 423 430
1346 379 1517 426 PETRI
1553 379 1724 428 ABAEL
1731 383 1868 432 ARDI

539 472 674 534 cujus
696 486 783 535 per
808 469 1006 533 gratiam
1030 471 1198 518 mundi
1221 472 1270 518 in
1294 488 1508 521 amorem
1532 476 1604 522 sui
1622 478 1857 526 Dominus
1875 479 2145 527 emollierat.
2163 480 2343 529 corda?
2369 485 2506 531 Hunc
2532 487 2673 534 etiam

542 555 702 601 locum
728 563 955 616 tanquam
984 563 1168 617 petram
1191 555 1426 601 Dominus
1449 556 1770 619 inhabitabat,
1797 560 1845 607 in
1872 576 1971 625 quo
1996 560 2084 607 sibi
2110 570 2263 608 tutum
2295 579 2351 609 ac
2378 563 2570 613 firmum
2594 567 2677 616 ha-

542 634 802 682 bitaculum
826 633 1116 697 providerat.
1144 634 1263 681 Inde
1285 635 1426 699 igitur
1450 632 1626 701 agnum
1647 656 1787 685 suum
1813 641 2049 687 Dominus
2075 640 2217 687 mittit
2236 641 2296 687 ad
2316 653 2529 691 montem
2562 647 2675 696 Sion

544 714 648 761 filiae
674 730 794 772 suae,
820 713 1016 777 quando
1037 714 1251 763 Christus
1270 733 1297 763 a
1314 716 1538 781 praedicta
1557 719 1769 782 gentium
1786 720 1973 766 civitate
1989 720 2120 783 juxta
2139 720 2381 768 desertum
2398 724 2488 771 sita
2513 725 2678 774 Betha-

546 797 672 842 niam
696 795 853 860 primo
879 795 1025 843 venit.
1057 797 1242 868 Deinde
1275 814 1499 862 passurus
1532 799 1876 863 Jerosolymam
1908 801 2124 865 pervenit
2155 801 2204 847 in
2236 813 2402 850 monte
2438 805 2552 851 Sion
2588 822 2677 870 po-

545 878 697 924 sitam.
720 879 875 934 Quam
895 877 1110 941 profecto
1137 878 1375 926 civitatem
1400 879 1534 944 quasi
1558 879 1702 927 filiam
1724 883 1852 928 Deus
1874 881 1987 929 olei1
2002 881 2186 942 habuit,
2209 900 2359 948 quum
2377 900 2483 932 eam
2501 887 2678 934 caeteris

545 975 632 1023 per
657 958 854 1022 gratiam
878 958 1064 1019 extulit,
1099 969 1152 1006 ut
1181 959 1445 1024 specialiter
1467 961 1567 1025 ipsa
1596 971 1902 1026 nuncupetur
1927 962 2089 1009 civitas
2119 973 2302 1023 sancta,
2341 973 2439 1011 tam
2463 964 2679 1013 videlicet

544 1039 631 1086 Dei
652 1038 834 1103 templo
859 1041 1297 1104 quam'sanctuario
1321 1040 1577 1099 adornata,
1606 1050 1652 1088 et
1676 1041 1726 1087 in
1752 1042 1905 1106 capite
1933 1043 2066 1106 regni
2092 1044 2364 1091 constituta.

612 1123 730 1167 Ante
751 1136 832 1166 sex
851 1120 954 1167 dies
973 1120 1163 1167 Paschae
1178 1121 1308 1167 venit
1330 1120 1606 1167 Bethaniam
1621 1158 1632 1177 ‚
1655 1120 1768 1168 inde
1792 1122 1839 1168 in
1865 1123 2093 1182 crastino,
2121 1123 2170 1170 id
2195 1133 2265 1170 est
2283 1125 2451 1188 quinto
2475 1124 2552 1171 die
2569 1134 2678 1172 ante

547 1200 724 1248 Pascha
759 1217 1069 1266 processurus
1105 1202 1477 1266 Jerosolymam3
1514 1212 1564 1248 ut
1595 1212 1812 1267 tempore
1845 1220 1942 1268 quo
1984 1203 2186 1251 decebat
2223 1205 2408 1268 mystici
2439 1205 2547 1269 agni
2574 1222 2680 1271 per-

547 1292 706 1346 ageret
731 1293 1047 1343 sacramenta,
1075 1284 1196 1330 sicut
1209 1283 1310 1346 jam
1328 1284 1544 1348 superius
1565 1284 1614 1330 in
1633 1283 1726 1330 alio
1744 1301 1966 1332 sermone
1991 1286 2313 1333 meminimus.
2336 1289 2496 1344 Quum
2519 1291 2679 1334 autem

548 1364 782 1410 Dominus
817 1364 1093 1411 Bethaniam
1132 1365 1361 1424 venisset,
1403 1365 1615 1411 fecerunt
1637 1365 1680 1412 ei
1710 1381 1896 1412 coenam
1931 1365 2025 1427 ibi,
2065 1376 2112 1413 et
2144 1367 2327 1414 Martha
2363 1366 2674 1414 ministrabat.

548 1446 748 1491 Lazarus
769 1461 883 1492 vero
905 1455 1005 1491 erat
1026 1461 1148 1492 unus
1165 1462 1221 1491 ex
1247 1445 1657 1492 discumbentibus
1675 1462 1786 1492 cum
1807 1463 1882 1493 eo.
1906 1448 2050 1494 Maria
2067 1463 2179 1511 ergo
2200 1449 2382 1513 accepit
2400 1448 2569 1496 libram
2590 1465 2678 1495 un·

548 1526 709 1587 guenti
731 1526 869 1574 nardi
888 1526 1041 1591 pistici
1059 1527 1281 1590 pretiosi,
1307 1537 1352 1574 et
1371 1527 1504 1573 unxit
1519 1527 1666 1591 pedes
1685 1531 1791 1574 Jesu
1805 1564 1817 1584 ‚
1841 1538 1890 1574 et
1905 1529 2094 1575 extersit
2112 1528 2292 1593 capillis
2309 1531 2423 1589 suis,
2445 1540 2491 1576 et
2507 1530 2681 1578 domus

549 1606 743 1670 impleta
768 1617 838 1654 est
863 1624 918 1654 ex
946 1606 1097 1653 odore
1126 1608 1372 1671 unguenti.
1409 1608 1502 1664 Qui
1525 1624 1641 1654 vero
1668 1624 1853 1654 coenam
1880 1609 2016 1655 istam
2044 1610 2336 1674 paraverint,
2370 1610 2450 1657 ubi
2480 1614 2681 1658 Lazarus

550 1688 843 1748 convivatur,
875 1687 1059 1734 Martha
1086 1687 1271 1748 cibum,
1300 1689 1446 1735 Maria
1465 1689 1699 1735 ministrat
1722 1699 2048 1753 unguentum,
2076 1690 2359 1755 evangelista
2391 1708 2490 1738 non
2522 1692 2682 1757 expri-

551 1767 658 1827 mit;
688 1768 798 1831 quia
822 1785 908 1833 per
932 1767 1018 1813 has
1042 1784 1269 1832 personas
1297 1784 1415 1832 quas
1437 1769 1656 1815 nominat
1679 1770 1789 1816 satis
1813 1769 2107 1816 insinuatum
2130 1769 2360 1834 intelligit.
2386 1774 2448 1817 Ut
2469 1771 2596 1818 enim
2620 1771 2681 1819 de

550 1850 724 1894 Lazaro
752 1857 1013 1907 taceamus,
1045 1864 1350 1912 nequaquam
1380 1864 1649 1912 congruum
1681 1858 1805 1907 erat,
1843 1859 1894 1895 nt
1915 1859 2087 1897 sanctae
2111 1850 2296 1897 feminae
2319 1851 2367 1896 in
2393 1849 2542 1897 domo
2570 1850 2682 1897 alte·

551 1929 668 1989 rius,
689 1929 762 1976 vel
782 1929 842 1977 de
860 1929 1023 1976 alienis
1042 1930 1364 1976 ministrarent
1389 1929 1674 1994 sumptibus.
1699 1930 1989 1977 Convivatur
2012 1934 2214 1978 Lazarus
2233 1947 2344 1977 cum
2368 1932 2606 1991 Domino,
2630 1940 2682 1977 ut

550 2011 662 2057 bina
698 2010 797 2072 ejus
830 2009 1062 2074 probetur
1086 2010 1385 2057 resurrectio.
1416 2009 1556 2055 Unde
1580 2019 1627 2056 et
1654 2010 1973 2072 Hieronymus
2002 2011 2051 2056 in
2078 2014 2119 2056 II
2148 2013 2325 2056 Contra
2357 2012 2676 2067 Jovim‘nnam,

553 2092 613 2138 de
637 2092 742 2156 ipso
770 2091 980 2137 Domino
1009 2090 1100 2136 ait²
1123 2108 1132 2135 :
1160 2110 1183 2134 «
1205 2089 1424 2136 Comedit
1450 2089 1646 2153 quidem
1672 2099 1782 2154 post
1811 2091 2233 2150 resurrectionem,
2261 2100 2312 2136 ut
2336 2091 2582 2138 veritatem
2609 2092 2682 2137 sui

553 2172 767 2237 corporis
800 2169 1151 2235 comprobaret.
1189 2172 1308 2215 Nam
1332 2169 1713 2232 quotiescunque
1741 2178 1985 2215 mortuum
2017 2170 2278 2229 suscitavit,
2305 2169 2443 2232 jussit
2473 2170 2516 2216 ei
2546 2185 2682 2216 man—

555 2251 728 2297 ducare
757 2250 888 2308 dari,
920 2266 982 2295 ne
1003 2249 1298 2295 resuscitatio
1323 2247 1607 2313 phantasma
1632 2258 1893 2312 putaretur.
1925 2249 1982 2294 Et
2013 2251 2214 2295 Lazarus
2243 2260 2353 2314 post
2376 2250 2681 2297 resurrectio-

555 2347 665 2378 nem
702 2329 767 2376 ob
794 2329 919 2376 hanc
946 2345 1137 2376 causam
1171 2328 1392 2375 scribitur
1424 2344 1535 2374 cum
1566 2328 1775 2374 Domino
1808 2328 1951 2375 inisse
1984 2328 2276 2385 convivium.
2303 2347 2326 2373 >J
2365 2332 2492 2376 Bene
2524 2338 2683 2375 autem

557 2412 798 2472 mulieres,
828 2429 932 2476 quae
953 2411 1216 2457 Dominum
1244 2410 1507 2474 suscipiunt
1529 2426 1674 2473 quem
1701 2410 1790 2456 viri
1809 2419 2176 2474 persequuntur,
2199 2420 2246 2457 et
2266 2426 2375 2456 eum
2402 2410 2595 2474 insuper
2611 2425 2683 2456 re·

555 2493 780 2552 ficientes,
800 2492 1017 2557 generale
1030 2492 1267 2555 majorum
1287 2490 1527 2538 Christum
1539 2491 1928 2555 persequentium
1944 2507 2044 2538 non
2065 2501 2287 2538 verentur
2306 2491 2531 2539 edictum.
2546 2494 2679 2553 Quae,

554 2587 606 2624 ut
629 2576 855 2634 diximus,
879 2574 1066 2621 Christo
1092 2574 1408 2620 ministrantes
1425 2608 1438 2633 ,
1466 2572 1608 2620 fratre
1630 2573 1842 2637 ipsarum
1869 2575 2044 2620 Lazaro
2066 2572 2399 2633 recumbente,
2426 2582 2559 2620 tanto
2588 2573 2684 2620 feli·

555 2658 654 2703 cius
673 2656 722 2702 in
741 2656 900 2702 anima
918 2655 1220 2701 insinuantur
1236 2654 1494 2713 suscitatae,
1517 2661 1698 2716 quanto
1716 2652 1898 2715 majore
1917 2652 2104 2699 Christo
2124 2651 2339 2700 assistere
2358 2661 2685 2699 monstrantur

556 2736 827 2782 devotione.

623 2817 843 2881 Legimus
867 2815 1131 2862 Dominum
1160 2815 1449 2862 ministrasse
1476 2814 1653 2860 mensis
1678 2812 2020 2879 discipulorum
2037 2849 2049 2872 ,
2073 2813 2194 2860 sicut
2223 2822 2270 2860 et
2287 2813 2388 2878 ipse
2412 2811 2679 2877 profitetur,

557 2897 740 2945 dicens³
767 2916 776 2943 z
811 2916 833 2940 «
855 2895 1087 2960 Nunquid
1107 2895 1261 2958 major
1277 2905 1347 2942 est
1365 2896 1449 2959 qui
1467 2894 1727 2954 recumbit,
1750 2910 1810 2940 an
1825 2894 1909 2958 qui
1927 2893 2194 2940 ministrat?
2212 2897 2383 2940 Nonne
2402 2893 2486 2957 qui
2500 2909 2684 2939 recum-

556 2978 655 3024 bit?
684 2981 782 3042 Ego
814 2986 975 3024 autem
1006 2976 1056 3022 in
1087 2974 1248 3022 medio
1281 2984 1493 3022 vestrum
1517 2991 1650 3034 sum,
1682 2975 1803 3021 sicut
1826 2974 1909 3039 qui
1943 2974 2195 3020 ministrat.
2222 2992 2245 3017 »
2274 2972 2406 3020 Solas
2431 2981 2591 3018 autem
2616 2971 2682 3018 fe-

558 3057 709 3103 minas
728 3058 971 3122 Scriptura
987 3065 1337 3103 commemorat
1352 3054 1563 3101 Domino
1584 3054 1887 3101 ministrasse.
1907 3054 2135 3101 Novimus
2155 3063 2199 3101 et
2215 3054 2373 3119 ipsum
2388 3051 2535 3117 pedes
2548 3050 2685 3097 disci-

558 3138 781 3202 pulorum
798 3138 1022 3197 abluisse3
1043 3137 1230 3184 nullum
1246 3146 1406 3184 autem
1420 3136 1634 3182 virorum
1646 3135 1741 3182 hoc
1760 3136 1804 3182 ei
1820 3135 2103 3200 obsequium
2121 3134 2386 3182 exhibuisse
2397 3168 2409 3192 ,
2429 3132 2514 3180 sed
2531 3131 2679 3179 solam

560 3218 867 3281 peccatricem
888 3217 1042 3278 illam,
1066 3235 1170 3282 quae
1188 3216 1478 3283 poenitentiae
1499 3215 1719 3279 lacrymis
1743 3215 1890 3280 pedes
1915 3215 2016 3279 ejus
2040 3215 2176 3274 lavit,
2206 3213 2386 3278 capillis
2409 3212 2561 3271 tersit,
2591 3228 2682 3258 un-

563 3299 748 3362 guentis
773 3300 1018 3346 recreavit.
1040 3302 1136 3347 Nec
1159 3297 1505 3364 solum'pedes,
1524 3313 1693 3344 verum
1712 3297 1854 3344 etiam
1881 3306 2025 3363 caput
2050 3297 2196 3362 ipsius
2215 3294 2386 3342 mulier
2411 3294 2644 3357 inungens
2664 3330 2676 3349 ‚

606 3477 615 3494 ¹
639 3478 720 3510 Olim
738 3483 826 3510 certe
841 3476 1026 3520 tegendum.
1046 3496 1083 3501 -—
1099 3477 1112 3495 ¹
1130 3479 1210 3520 opp.
1234 3486 1256 3512 t.
1278 3479 1327 3519 ll,
1347 3484 1430 3521 part.
1450 3477 1500 3517 11,
1521 3476 1583 3509 col.
1605 3477 1732 3508 2¹1.-
1745 3475 1758 3493 ⁸
1774 3476 1868 3514 Luc„
1886 3486 1959 3519 cap.
1980 3486 2066 3516 xxn,
2081 3485 2116 3508 v.
2130 3477 2184 3507 27.
