<?xml version="1.0" encoding="UTF-8"?>
<!DOCTYPE html PUBLIC "-//W3C//DTD XHTML 1.0 Transitional//EN"
    "http://www.w3.org/TR/xhtml1/DTD/xhtml1-transitional.dtd">
<html xmlns="http://www.w3.org/1999/xhtml" xml:lang="en" lang="en">
 <head>
  <title>
</title>
<meta http-equiv="Content-Type" content="text/html;charset=utf-8" />
  <meta name='ocr-system' content='tesseract 3.04.00' />
  <meta name='ocr-capabilities' content='ocr_page ocr_carea ocr_par ocr_line ocrx_word'/>
</head>
<body>
  <div class='ocr_page' id='page_1' title='image "./operahactenusseo01abeluoft_0053.png"; bbox 0 0 2970 4152; ppageno 0'>
   <div class='ocr_carea' id='block_1_1' title="bbox 1310 380 2465 434">
    <p class='ocr_par' dir='ltr' id='par_1_1' title="bbox 1310 380 2465 434">
     <span class='ocr_line' id='line_1_1' title="bbox 1310 380 2465 434; baseline -0.008 0"><span class='ocrx_word' id='word_1_1' title='bbox 1310 387 1505 434; x_wconf 87' lang='lat' dir='ltr'>NOTAE.</span> <span class='ocrx_word' id='word_1_2' title='bbox 2400 380 2465 427; x_wconf 70' lang='lat'>44.</span> 
     </span>
    </p>
   </div>
   <div class='ocr_carea' id='block_1_2' title="bbox 353 472 2469 962">
    <p class='ocr_par' dir='ltr' id='par_1_2' title="bbox 353 472 2469 962">
     <span class='ocr_line' id='line_1_2' title="bbox 354 472 2465 529; baseline -0.007 -7"><span class='ocrx_word' id='word_1_3' title='bbox 354 486 478 523; x_wconf 86' lang='lat' dir='ltr'>extitit</span> <span class='ocrx_word' id='word_1_4' title='bbox 493 485 563 521; x_wconf 91' lang='lat' dir='ltr'>sub</span> <span class='ocrx_word' id='word_1_5' title='bbox 579 484 746 520; x_wconf 90' lang='lat' dir='ltr'>Roberto</span> <span class='ocrx_word' id='word_1_6' title='bbox 771 482 891 529; x_wconf 83' lang='lat' dir='ltr'>Rege,</span> <span class='ocrx_word' id='word_1_7' title='bbox 915 481 1011 517; x_wconf 84' lang='lat' dir='ltr'>sicut</span> <span class='ocrx_word' id='word_1_8' title='bbox 1033 492 1078 516; x_wconf 93' lang='lat' dir='ltr'>ex</span> <span class='ocrx_word' id='word_1_9' title='bbox 1102 478 1240 516; x_wconf 88' lang='lat' dir='ltr'>tabulis</span> <span class='ocrx_word' id='word_1_10' title='bbox 1266 478 1426 515; x_wconf 72' lang='lat' dir='ltr'>ecclesiae</span> <span class='ocrx_word' id='word_1_11' title='bbox 1447 478 1587 522; x_wconf 20' lang='lat' dir='ltr'>Sancti*</span> <span class='ocrx_word' id='word_1_12' title='bbox 1603 477 1775 525; x_wconf 81' lang='lat' dir='ltr'>Dionysii.</span> <span class='ocrx_word' id='word_1_13' title='bbox 1793 476 1840 513; x_wconf 89' lang='lat' dir='ltr'>de</span> <span class='ocrx_word' id='word_1_14' title='bbox 1866 476 2023 513; x_wconf 72' lang='lat' dir='ltr'>camere</span> <span class='ocrx_word' id='word_1_15' title='bbox 2050 474 2171 523; x_wconf 88' lang='lat' dir='ltr'>palam</span> <span class='ocrx_word' id='word_1_16' title='bbox 2195 480 2264 510; x_wconf 85' lang='lat' dir='ltr'>est.</span> <span class='ocrx_word' id='word_1_17' title='bbox 2291 472 2365 509; x_wconf 89' lang='lat' dir='ltr'>Sed</span> <span class='ocrx_word' id='word_1_18' title='bbox 2391 472 2465 507; x_wconf 89' lang='lat' dir='ltr'>hoc</span> 
     </span>
     <span class='ocr_line' id='line_1_3' title="bbox 354 533 2463 591; baseline -0.008 -8"><span class='ocrx_word' id='word_1_19' title='bbox 354 553 522 591; x_wconf 86' lang='lat' dir='ltr'>mortuo,</span> <span class='ocrx_word' id='word_1_20' title='bbox 543 545 739 581; x_wconf 79' lang='lat' dir='ltr'>comitatus</span> <span class='ocrx_word' id='word_1_21' title='bbox 761 543 874 580; x_wconf 88' lang='lat' dir='ltr'>rediit</span> <span class='ocrx_word' id='word_1_22' title='bbox 898 542 944 578; x_wconf 89' lang='lat' dir='ltr'>ad</span> <span class='ocrx_word' id='word_1_23' title='bbox 969 541 1175 578; x_wconf 86' lang='lat' dir='ltr'>Henricum</span> <span class='ocrx_word' id='word_1_24' title='bbox 1194 541 1231 584; x_wconf 91' lang='lat' dir='ltr'>I,</span> <span class='ocrx_word' id='word_1_25' title='bbox 1253 539 1412 576; x_wconf 86' lang='lat' dir='ltr'>Roberti</span> <span class='ocrx_word' id='word_1_26' title='bbox 1439 539 1580 583; x_wconf 84' lang='lat' dir='ltr'>filium,</span> <span class='ocrx_word' id='word_1_27' title='bbox 1600 539 1664 587; x_wconf 91' lang='lat' dir='ltr'>qui</span> <span class='ocrx_word' id='word_1_28' title='bbox 1685 538 1940 574; x_wconf 85' lang='lat' dir='ltr'>vicecomitem</span> <span class='ocrx_word' id='word_1_29' title='bbox 1957 537 2009 574; x_wconf 89' lang='lat' dir='ltr'>ibi</span> <span class='ocrx_word' id='word_1_30' title='bbox 2027 535 2237 576; x_wconf 87' lang='lat' dir='ltr'>constituit.</span> <span class='ocrx_word' id='word_1_31' title='bbox 2258 534 2353 573; x_wconf 80' lang='lat' dir='ltr'>Nam</span> <span class='ocrx_word' id='word_1_32' title='bbox 2369 533 2463 572; x_wconf 26' lang='lat' dir='ltr'>etdin</span> 
     </span>
     <span class='ocr_line' id='line_1_4' title="bbox 353 596 2466 655; baseline -0.007 -10"><span class='ocrx_word' id='word_1_33' title='bbox 353 598 486 645; x_wconf 87' lang='lat' dir='ltr'>litteris</span> <span class='ocrx_word' id='word_1_34' title='bbox 504 607 683 655; x_wconf 87' lang='lat' dir='ltr'>Philippi,</span> <span class='ocrx_word' id='word_1_35' title='bbox 705 607 771 655; x_wconf 88' lang='lat' dir='ltr'>qui</span> <span class='ocrx_word' id='word_1_36' title='bbox 788 604 1046 641; x_wconf 80' lang='lat' dir='ltr'>fundationem</span> <span class='ocrx_word' id='word_1_37' title='bbox 1064 603 1190 641; x_wconf 84' lang='lat' dir='ltr'>Sancti</span> <span class='ocrx_word' id='word_1_38' title='bbox 1213 602 1365 638; x_wconf 87' lang='lat' dir='ltr'>Martini</span> <span class='ocrx_word' id='word_1_39' title='bbox 1383 602 1431 638; x_wconf 90' lang='lat' dir='ltr'>de</span> <span class='ocrx_word' id='word_1_40' title='bbox 1449 601 1600 650; x_wconf 90' lang='lat' dir='ltr'>Campis</span> <span class='ocrx_word' id='word_1_41' title='bbox 1616 614 1636 636; x_wconf 91' lang='lat' dir='ltr'>a</span> <span class='ocrx_word' id='word_1_42' title='bbox 1656 606 1762 649; x_wconf 87' lang='lat' dir='ltr'>patre</span> <span class='ocrx_word' id='word_1_43' title='bbox 1777 600 1916 636; x_wconf 73' lang='lat' dir='ltr'>factamv</span> <span class='ocrx_word' id='word_1_44' title='bbox 1929 598 2178 646; x_wconf 75' lang='lat' dir='ltr'>confirmavit,</span> <span class='ocrx_word' id='word_1_45' title='bbox 2198 613 2216 630; x_wconf 88' lang='lat'>«</span> <span class='ocrx_word' id='word_1_46' title='bbox 2237 597 2350 634; x_wconf 87' lang='lat' dir='ltr'>Ursio</span> <span class='ocrx_word' id='word_1_47' title='bbox 2369 596 2466 631; x_wconf 83' lang='lat' dir='ltr'>vice-</span> 
     </span>
     <span class='ocr_line' id='line_1_5' title="bbox 354 657 2465 713; baseline -0.007 -7"><span class='ocrx_word' id='word_1_48' title='bbox 354 682 476 706; x_wconf 82' lang='lat' dir='ltr'>comes</span> <span class='ocrx_word' id='word_1_49' title='bbox 493 668 759 705; x_wconf 88' lang='lat' dir='ltr'>melidunensis</span> <span class='ocrx_word' id='word_1_50' title='bbox 778 681 795 700; x_wconf 75' lang='lat'>1»</span> <span class='ocrx_word' id='word_1_51' title='bbox 817 666 914 702; x_wconf 88' lang='lat' dir='ltr'>inter</span> <span class='ocrx_word' id='word_1_52' title='bbox 931 663 1128 702; x_wconf 73' lang='lat' dir='ltr'>alios‘aulae</span> <span class='ocrx_word' id='word_1_53' title='bbox 1146 664 1254 713; x_wconf 86' lang='lat' dir='ltr'>regiae</span> <span class='ocrx_word' id='word_1_54' title='bbox 1271 663 1409 700; x_wconf 81' lang='lat' dir='ltr'>milites</span> <span class='ocrx_word' id='word_1_55' title='bbox 1428 662 1658 710; x_wconf 77' lang='lat' dir='ltr'>subscripsit.</span> <span class='ocrx_word' id='word_1_56' title='bbox 1671 662 1841 710; x_wconf 91' lang='lat' dir='ltr'>Denique</span> <span class='ocrx_word' id='word_1_57' title='bbox 1858 661 2057 710; x_wconf 85' lang='lat' dir='ltr'>Philippus</span> <span class='ocrx_word' id='word_1_58' title='bbox 2070 661 2163 709; x_wconf 89' lang='lat' dir='ltr'>ipse,</span> <span class='ocrx_word' id='word_1_59' title='bbox 2182 658 2338 696; x_wconf 90' lang='lat' dir='ltr'>Henrici</span> <span class='ocrx_word' id='word_1_60' title='bbox 2356 657 2465 702; x_wconf 81' lang='lat' dir='ltr'>filius,</span> 
     </span>
     <span class='ocr_line' id='line_1_6' title="bbox 355 721 2469 780; baseline -0.006 -12"><span class='ocrx_word' id='word_1_61' title='bbox 355 732 479 769; x_wconf 88' lang='lat' dir='ltr'>sedem</span> <span class='ocrx_word' id='word_1_62' title='bbox 500 732 641 780; x_wconf 90' lang='lat' dir='ltr'>regiam</span> <span class='ocrx_word' id='word_1_63' title='bbox 659 729 841 766; x_wconf 85' lang='lat' dir='ltr'>Meliduni</span> <span class='ocrx_word' id='word_1_64' title='bbox 862 729 1010 776; x_wconf 91' lang='lat' dir='ltr'>posuit,</span> <span class='ocrx_word' id='word_1_65' title='bbox 1029 728 1094 764; x_wconf 89' lang='lat' dir='ltr'>ubi</span> <span class='ocrx_word' id='word_1_66' title='bbox 1111 734 1149 764; x_wconf 88' lang='lat' dir='ltr'>et</span> <span class='ocrx_word' id='word_1_67' title='bbox 1167 728 1241 763; x_wconf 85' lang='lat' dir='ltr'>vita</span> <span class='ocrx_word' id='word_1_68' title='bbox 1257 727 1409 774; x_wconf 72' lang='lat' dir='ltr'>functus</span> <span class='ocrx_word' id='word_1_69' title='bbox 1425 733 1483 762; x_wconf 86' lang='lat' dir='ltr'>est</span> <span class='ocrx_word' id='word_1_70' title='bbox 1496 725 1680 762; x_wconf 81' lang='lat' dir='ltr'>Abaelardi</span> <span class='ocrx_word' id='word_1_71' title='bbox 1700 725 1818 761; x_wconf 85' lang='lat' dir='ltr'>nostri</span> <span class='ocrx_word' id='word_1_72' title='bbox 1836 731 2023 772; x_wconf 89' lang='lat' dir='ltr'>tempore,</span> <span class='ocrx_word' id='word_1_73' title='bbox 2045 724 2141 759; x_wconf 90' lang='lat' dir='ltr'>sicut</span> <span class='ocrx_word' id='word_1_74' title='bbox 2159 728 2313 758; x_wconf 86' lang='lat' dir='ltr'>testatur</span> <span class='ocrx_word' id='word_1_75' title='bbox 2331 721 2469 769; x_wconf 84' lang='lat' dir='ltr'>Sugge-</span> 
     </span>
     <span class='ocr_line' id='line_1_7' title="bbox 356 783 2469 840; baseline -0.006 -9"><span class='ocrx_word' id='word_1_76' title='bbox 356 796 433 831; x_wconf 82' lang='lat' dir='ltr'>rius</span> <span class='ocrx_word' id='word_1_77' title='bbox 446 822 455 839; x_wconf 97' lang='lat'>,</span> <span class='ocrx_word' id='word_1_78' title='bbox 477 794 603 831; x_wconf 85' lang='lat' dir='ltr'>Sancti</span> <span class='ocrx_word' id='word_1_79' title='bbox 630 791 798 840; x_wconf 83' lang='lat' dir='ltr'>Dionysii</span> <span class='ocrx_word' id='word_1_80' title='bbox 822 790 954 835; x_wconf 90' lang='lat' dir='ltr'>abbas,</span> <span class='ocrx_word' id='word_1_81' title='bbox 977 791 1015 826; x_wconf 89' lang='lat' dir='ltr'>in</span> <span class='ocrx_word' id='word_1_82' title='bbox 1035 790 1124 828; x_wconf 88' lang='lat' dir='ltr'>Vita</span> <span class='ocrx_word' id='word_1_83' title='bbox 1154 788 1330 825; x_wconf 87' lang='lat' dir='ltr'>Ludovici</span> <span class='ocrx_word' id='word_1_84' title='bbox 1354 789 1484 826; x_wconf 89' lang='lat' dir='ltr'>Grossi</span> <span class='ocrx_word' id='word_1_85' title='bbox 1498 815 1509 833; x_wconf 92' lang='lat'>,</span> <span class='ocrx_word' id='word_1_86' title='bbox 1530 787 1706 836; x_wconf 89' lang='lat' dir='ltr'>Philippo</span> <span class='ocrx_word' id='word_1_87' title='bbox 1733 787 1873 836; x_wconf 85' lang='lat' dir='ltr'>geniti,</span> <span class='ocrx_word' id='word_1_88' title='bbox 1892 787 1952 822; x_wconf 92' lang='lat' dir='ltr'>his</span> <span class='ocrx_word' id='word_1_89' title='bbox 1971 786 2091 822; x_wconf 88' lang='lat' dir='ltr'>verbis</span> <span class='ocrx_word' id='word_1_90' title='bbox 2110 802 2116 822; x_wconf 86' lang='lat'>:</span> <span class='ocrx_word' id='word_1_91' title='bbox 2135 785 2371 833; x_wconf 90' lang='lat' dir='ltr'>«Quumque</span> <span class='ocrx_word' id='word_1_92' title='bbox 2392 783 2469 819; x_wconf 84' lang='lat' dir='ltr'>fere</span> 
     </span>
     <span class='ocr_line' id='line_1_8' title="bbox 355 846 2468 904; baseline -0.006 -11"><span class='ocrx_word' id='word_1_93' title='bbox 355 855 612 904; x_wconf 79' lang='lat' dir='ltr'>sexagenarius</span> <span class='ocrx_word' id='word_1_94' title='bbox 627 861 740 898; x_wconf 92' lang='lat' dir='ltr'>esset,</span> <span class='ocrx_word' id='word_1_95' title='bbox 760 865 886 901; x_wconf 88' lang='lat' dir='ltr'>regem</span> <span class='ocrx_word' id='word_1_96' title='bbox 907 864 1043 888; x_wconf 87' lang='lat' dir='ltr'>exuens</span> <span class='ocrx_word' id='word_1_97' title='bbox 1059 851 1160 900; x_wconf 89' lang='lat' dir='ltr'>apud</span> <span class='ocrx_word' id='word_1_98' title='bbox 1177 851 1414 888; x_wconf 84' lang='lat' dir='ltr'>Melidunum</span> <span class='ocrx_word' id='word_1_99' title='bbox 1431 857 1594 887; x_wconf 85' lang='lat' dir='ltr'>castrum</span> <span class='ocrx_word' id='word_1_100' title='bbox 1617 861 1728 899; x_wconf 86' lang='lat' dir='ltr'>super</span> <span class='ocrx_word' id='word_1_101' title='bbox 1740 849 1894 885; x_wconf 85' lang='lat' dir='ltr'>fluvium</span> <span class='ocrx_word' id='word_1_102' title='bbox 1911 849 2103 898; x_wconf 77' lang='lat' dir='ltr'>Sequanae,</span> <span class='ocrx_word' id='word_1_103' title='bbox 2122 854 2301 897; x_wconf 85' lang='lat' dir='ltr'>praesente</span> <span class='ocrx_word' id='word_1_104' title='bbox 2316 846 2468 882; x_wconf 90' lang='lat' dir='ltr'>domino</span> 
     </span>
     <span class='ocr_line' id='line_1_9' title="bbox 358 913 1108 962; baseline -0.008 -9"><span class='ocrx_word' id='word_1_105' title='bbox 358 916 561 962; x_wconf 82' lang='lat' dir='ltr'>LudovicO,</span> <span class='ocrx_word' id='word_1_106' title='bbox 579 923 789 952; x_wconf 84' lang='lat' dir='ltr'>extremum</span> <span class='ocrx_word' id='word_1_107' title='bbox 809 913 941 951; x_wconf 84' lang='lat' dir='ltr'>clausit</span> <span class='ocrx_word' id='word_1_108' title='bbox 957 913 1069 949; x_wconf 86' lang='lat' dir='ltr'>diem.</span> <span class='ocrx_word' id='word_1_109' title='bbox 1091 928 1108 946; x_wconf 70' lang='grc' dir='ltr'><strong><em>υ</em></strong></span> 
     </span>
    </p>
   </div>
   <div class='ocr_carea' id='block_1_3' title="bbox 1227 1013 1598 1062">
    <p class='ocr_par' dir='ltr' id='par_1_3' title="bbox 1227 1013 1598 1062">
     <span class='ocr_line' id='line_1_10' title="bbox 1227 1013 1598 1062; baseline -0.003 -12"><span class='ocrx_word' id='word_1_110' title='bbox 1227 1014 1323 1050; x_wconf 90' lang='lat' dir='ltr'>Nota</span> <span class='ocrx_word' id='word_1_111' title='bbox 1348 1013 1424 1060; x_wconf 88' lang='lat' dir='ltr'>XI,</span> <span class='ocrx_word' id='word_1_112' title='bbox 1452 1025 1536 1062; x_wconf 85' lang='lat' dir='ltr'>pag.</span> <span class='ocrx_word' id='word_1_113' title='bbox 1564 1015 1598 1050; x_wconf 77' lang='grc' dir='ltr'>ὅ.</span> 
     </span>
    </p>
   </div>
   <div class='ocr_carea' id='block_1_4' title="bbox 357 1101 2487 2959">
    <p class='ocr_par' dir='ltr' id='par_1_4' title="bbox 357 1101 2487 2959">
     <span class='ocr_line' id='line_1_11' title="bbox 404 1101 2487 1151; baseline -0.002 -11"><span class='ocrx_word' id='word_1_114' title='bbox 404 1103 472 1140; x_wconf 81' lang='lat' dir='ltr'>Ad</span> <span class='ocrx_word' id='word_1_115' title='bbox 487 1110 651 1140; x_wconf 83' lang='lat' dir='ltr'>castrum</span> <span class='ocrx_word' id='word_1_116' title='bbox 673 1102 851 1148; x_wconf 84' lang='lat' dir='ltr'>Corbolii,</span> <span class='ocrx_word' id='word_1_117' title='bbox 867 1101 972 1150; x_wconf 85' lang='lat' dir='ltr'>quod</span> <span class='ocrx_word' id='word_1_118' title='bbox 983 1103 1184 1150; x_wconf 68' lang='lat' dir='ltr'>parisiacae</span> <span class='ocrx_word' id='word_1_119' title='bbox 1203 1102 1291 1138; x_wconf 84' lang='lat' dir='ltr'>urbi</span> <span class='ocrx_word' id='word_1_120' title='bbox 1304 1104 1466 1139; x_wconf 79' lang='lat' dir='ltr'>vicinius</span> <span class='ocrx_word' id='word_1_121' title='bbox 1483 1108 1551 1138; x_wconf 84' lang='lat' dir='ltr'>est.</span> <span class='ocrx_word' id='word_1_122' title='bbox 1568 1121 1618 1130; x_wconf 91' lang='grc'>--</span> <span class='ocrx_word' id='word_1_123' title='bbox 1631 1101 1841 1151; x_wconf 87' lang='lat' dir='ltr'>Antiquum</span> <span class='ocrx_word' id='word_1_124' title='bbox 1860 1107 1916 1137; x_wconf 90' lang='lat' dir='ltr'>est</span> <span class='ocrx_word' id='word_1_125' title='bbox 1935 1108 1973 1137; x_wconf 89' lang='lat' dir='ltr'>et</span> <span class='ocrx_word' id='word_1_126' title='bbox 1990 1101 2063 1137; x_wconf 91' lang='lat' dir='ltr'>hoc</span> <span class='ocrx_word' id='word_1_127' title='bbox 2082 1107 2262 1145; x_wconf 82' lang='lat' dir='ltr'>castrum,</span> <span class='ocrx_word' id='word_1_128' title='bbox 2285 1112 2326 1136; x_wconf 91' lang='lat' dir='ltr'>ac</span> <span class='ocrx_word' id='word_1_129' title='bbox 2343 1101 2370 1136; x_wconf 89' lang='lat' dir='ltr'>si</span> <span class='ocrx_word' id='word_1_130' title='bbox 2396 1113 2468 1137; x_wconf 90' lang='lat' dir='ltr'>nou</span> <span class='ocrx_word' id='word_1_131' title='bbox 2484 1126 2487 1129; x_wconf 90' lang='lat'>-</span> 
     </span>
     <span class='ocr_line' id='line_1_12' title="bbox 357 1162 2469 1216; baseline -0.002 -14"><span class='ocrx_word' id='word_1_132' title='bbox 357 1178 508 1216; x_wconf 88' lang='lat' dir='ltr'>regum,</span> <span class='ocrx_word' id='word_1_133' title='bbox 526 1165 655 1202; x_wconf 89' lang='lat' dir='ltr'>saltem</span> <span class='ocrx_word' id='word_1_134' title='bbox 679 1165 894 1214; x_wconf 88' lang='lat' dir='ltr'>reginarum</span> <span class='ocrx_word' id='word_1_135' title='bbox 915 1163 1032 1200; x_wconf 85' lang='lat' dir='ltr'>sedes.</span> <span class='ocrx_word' id='word_1_136' title='bbox 1054 1163 1167 1211; x_wconf 86' lang='lat' dir='ltr'>Quod</span> <span class='ocrx_word' id='word_1_137' title='bbox 1185 1171 1227 1201; x_wconf 91' lang='lat' dir='ltr'>ut</span> <span class='ocrx_word' id='word_1_138' title='bbox 1244 1164 1377 1201; x_wconf 87' lang='lat' dir='ltr'>melius</span> <span class='ocrx_word' id='word_1_139' title='bbox 1398 1164 1641 1214; x_wconf 76' lang='lat' dir='ltr'>intelligatur,</span> <span class='ocrx_word' id='word_1_140' title='bbox 1665 1170 1806 1201; x_wconf 89' lang='lat' dir='ltr'>veteres</span> <span class='ocrx_word' id='word_1_141' title='bbox 1830 1164 1942 1199; x_wconf 90' lang='lat' dir='ltr'>etiam</span> <span class='ocrx_word' id='word_1_142' title='bbox 1969 1162 2157 1209; x_wconf 86' lang='lat' dir='ltr'>Corbolii,</span> <span class='ocrx_word' id='word_1_143' title='bbox 2189 1164 2264 1200; x_wconf 83' lang='lat' dir='ltr'>sive</span> <span class='ocrx_word' id='word_1_144' title='bbox 2284 1163 2469 1211; x_wconf 81' lang='lat' dir='ltr'>corboili,</span> 
     </span>
     <span class='ocr_line' id='line_1_13' title="bbox 357 1225 2469 1277; baseline -0.002 -12"><span class='ocrx_word' id='word_1_145' title='bbox 357 1235 422 1265; x_wconf 87' lang='lat' dir='ltr'>aut</span> <span class='ocrx_word' id='word_1_146' title='bbox 439 1228 606 1265; x_wconf 89' lang='lat' dir='ltr'>Curbolii</span> <span class='ocrx_word' id='word_1_147' title='bbox 623 1228 776 1264; x_wconf 84' lang='lat' dir='ltr'>comites</span> <span class='ocrx_word' id='word_1_148' title='bbox 794 1226 992 1263; x_wconf 82' lang='lat' dir='ltr'>adnotabo.</span> <span class='ocrx_word' id='word_1_149' title='bbox 1009 1226 1055 1262; x_wconf 89' lang='lat' dir='ltr'>Et</span> <span class='ocrx_word' id='word_1_150' title='bbox 1068 1233 1169 1263; x_wconf 88' lang='lat' dir='ltr'>certe</span> <span class='ocrx_word' id='word_1_151' title='bbox 1185 1227 1485 1276; x_wconf 87' lang='lat' dir='ltr'>antiquissimus,</span> <span class='ocrx_word' id='word_1_152' title='bbox 1502 1239 1615 1277; x_wconf 89' lang='lat' dir='ltr'>quem</span> <span class='ocrx_word' id='word_1_153' title='bbox 1632 1226 1807 1274; x_wconf 81' lang='lat' dir='ltr'>legerim,</span> <span class='ocrx_word' id='word_1_154' title='bbox 1827 1225 2069 1262; x_wconf 87' lang='lat' dir='ltr'>corboliensis</span> <span class='ocrx_word' id='word_1_155' title='bbox 2085 1235 2209 1262; x_wconf 88' lang='lat' dir='ltr'>comes</span> <span class='ocrx_word' id='word_1_156' title='bbox 2226 1225 2297 1261; x_wconf 82' lang='lat' dir='ltr'>fuit</span> <span class='ocrx_word' id='word_1_157' title='bbox 2310 1226 2446 1262; x_wconf 87' lang='lat' dir='ltr'>Haimo</span> <span class='ocrx_word' id='word_1_158' title='bbox 2461 1254 2469 1267; x_wconf 82' lang='lat'>,</span> 
     </span>
     <span class='ocr_line' id='line_1_14' title="bbox 358 1287 2471 1340; baseline -0.001 -13"><span class='ocrx_word' id='word_1_159' title='bbox 358 1291 424 1340; x_wconf 91' lang='lat' dir='ltr'>qui</span> <span class='ocrx_word' id='word_1_160' title='bbox 442 1290 511 1327; x_wconf 90' lang='lat' dir='ltr'>sub</span> <span class='ocrx_word' id='word_1_161' title='bbox 526 1303 665 1327; x_wconf 90' lang='lat' dir='ltr'>annum</span> <span class='ocrx_word' id='word_1_162' title='bbox 684 1290 827 1328; x_wconf 83' lang='lat' dir='ltr'>Christi</span> <span class='ocrx_word' id='word_1_163' title='bbox 848 1290 941 1327; x_wconf 72' lang='lat'>⁴363</span> <span class='ocrx_word' id='word_1_164' title='bbox 959 1290 1090 1326; x_wconf 89' lang='lat' dir='ltr'>vixisse</span> <span class='ocrx_word' id='word_1_165' title='bbox 1108 1289 1260 1326; x_wconf 88' lang='lat' dir='ltr'>dicitur.</span> <span class='ocrx_word' id='word_1_166' title='bbox 1287 1290 1383 1326; x_wconf 89' lang='lat' dir='ltr'>Nam</span> <span class='ocrx_word' id='word_1_167' title='bbox 1408 1290 1587 1334; x_wconf 86' lang='lat' dir='ltr'>Joaunes‚</span> <span class='ocrx_word' id='word_1_168' title='bbox 1613 1289 1737 1327; x_wconf 83' lang='lat' dir='ltr'>Sancti</span> <span class='ocrx_word' id='word_1_169' title='bbox 1763 1289 1929 1327; x_wconf 87' lang='lat' dir='ltr'>Victoris</span> <span class='ocrx_word' id='word_1_170' title='bbox 1954 1288 2181 1334; x_wconf 88' lang='lat' dir='ltr'>monachus,</span> <span class='ocrx_word' id='word_1_171' title='bbox 2210 1287 2257 1324; x_wconf 90' lang='lat' dir='ltr'>de</span> <span class='ocrx_word' id='word_1_172' title='bbox 2285 1301 2329 1325; x_wconf 89' lang='lat' dir='ltr'>eo</span> <span class='ocrx_word' id='word_1_173' title='bbox 2349 1290 2400 1325; x_wconf 92' lang='lat' dir='ltr'>sic</span> <span class='ocrx_word' id='word_1_174' title='bbox 2427 1289 2471 1325; x_wconf 86' lang='lat' dir='ltr'>ad</span> 
     </span>
     <span class='ocr_line' id='line_1_15' title="bbox 358 1350 2471 1401; baseline -0.001 -12"><span class='ocrx_word' id='word_1_175' title='bbox 358 1351 464 1389; x_wconf 91' lang='lat' dir='ltr'>illum</span> <span class='ocrx_word' id='word_1_176' title='bbox 493 1365 633 1389; x_wconf 89' lang='lat' dir='ltr'>annum</span> <span class='ocrx_word' id='word_1_177' title='bbox 659 1352 788 1389; x_wconf 89' lang='lat' dir='ltr'>scribit</span> <span class='ocrx_word' id='word_1_178' title='bbox 808 1368 815 1388; x_wconf 72' lang='grc' dir='ltr'><strong><em>ε</em></strong></span> <span class='ocrx_word' id='word_1_179' title='bbox 844 1367 861 1386; x_wconf 90' lang='lat'>«</span> <span class='ocrx_word' id='word_1_180' title='bbox 881 1352 1021 1389; x_wconf 90' lang='lat' dir='ltr'>Eodem</span> <span class='ocrx_word' id='word_1_181' title='bbox 1053 1358 1220 1400; x_wconf 88' lang='lat' dir='ltr'>tempore</span> <span class='ocrx_word' id='word_1_182' title='bbox 1248 1364 1383 1401; x_wconf 90' lang='lat' dir='ltr'>corpus</span> <span class='ocrx_word' id='word_1_183' title='bbox 1411 1352 1509 1389; x_wconf 86' lang='lat' dir='ltr'>beati</span> <span class='ocrx_word' id='word_1_184' title='bbox 1534 1352 1710 1390; x_wconf 84' lang='lat' dir='ltr'>Guenaili</span> <span class='ocrx_word' id='word_1_185' title='bbox 1727 1351 1870 1388; x_wconf 90' lang='lat' dir='ltr'>abbatis</span> <span class='ocrx_word' id='word_1_186' title='bbox 1886 1364 1904 1387; x_wconf 85' lang='lat' dir='ltr'>a</span> <span class='ocrx_word' id='word_1_187' title='bbox 1923 1350 2112 1387; x_wconf 86' lang='lat' dir='ltr'>Britannia</span> <span class='ocrx_word' id='word_1_188' title='bbox 2129 1356 2284 1399; x_wconf 86' lang='lat' dir='ltr'>propter</span> <span class='ocrx_word' id='word_1_189' title='bbox 2301 1352 2471 1387; x_wconf 88' lang='lat' dir='ltr'>timorem</span> 
     </span>
     <span class='ocr_line' id='line_1_16' title="bbox 359 1412 2471 1464; baseline -0.001 -12"><span class='ocrx_word' id='word_1_190' title='bbox 359 1414 706 1452; x_wconf 87' lang='lat' dir='ltr'>Northmannorum</span> <span class='ocrx_word' id='word_1_191' title='bbox 731 1413 951 1452; x_wconf 88' lang='lat' dir='ltr'>translatum</span> <span class='ocrx_word' id='word_1_192' title='bbox 983 1414 1023 1450; x_wconf 89' lang='lat' dir='ltr'>in</span> <span class='ocrx_word' id='word_1_193' title='bbox 1052 1413 1215 1460; x_wconf 87' lang='lat' dir='ltr'>Gallias,</span> <span class='ocrx_word' id='word_1_194' title='bbox 1245 1415 1389 1464; x_wconf 88' lang='lat' dir='ltr'>Deique</span> <span class='ocrx_word' id='word_1_195' title='bbox 1418 1414 1663 1463; x_wconf 87' lang='lat' dir='ltr'>dispositione</span> <span class='ocrx_word' id='word_1_196' title='bbox 1689 1414 1728 1451; x_wconf 92' lang='lat' dir='ltr'>in</span> <span class='ocrx_word' id='word_1_197' title='bbox 1756 1421 1876 1451; x_wconf 89' lang='lat' dir='ltr'>castro</span> <span class='ocrx_word' id='word_1_198' title='bbox 1907 1412 2129 1450; x_wconf 84' lang='lat' dir='ltr'>corboliensi</span> <span class='ocrx_word' id='word_1_199' title='bbox 2160 1420 2350 1462; x_wconf 90' lang='lat' dir='ltr'>receptum</span> <span class='ocrx_word' id='word_1_200' title='bbox 2377 1420 2434 1450; x_wconf 91' lang='lat' dir='ltr'>est</span> <span class='ocrx_word' id='word_1_201' title='bbox 2454 1428 2471 1449; x_wconf 83' lang='lat' dir='ltr'>a</span> 
     </span>
     <span class='ocr_line' id='line_1_17' title="bbox 358 1475 2472 1526; baseline -0.001 -12"><span class='ocrx_word' id='word_1_202' title='bbox 358 1478 496 1514; x_wconf 83' lang='lat' dir='ltr'>comite</span> <span class='ocrx_word' id='word_1_203' title='bbox 512 1478 725 1526; x_wconf 82' lang='lat' dir='ltr'>Haymone,</span> <span class='ocrx_word' id='word_1_204' title='bbox 745 1477 837 1513; x_wconf 92' lang='lat' dir='ltr'>etin</span> <span class='ocrx_word' id='word_1_205' title='bbox 855 1476 1006 1514; x_wconf 86' lang='lat' dir='ltr'>ecclesia</span> <span class='ocrx_word' id='word_1_206' title='bbox 1031 1478 1070 1513; x_wconf 92' lang='lat' dir='ltr'>in</span> <span class='ocrx_word' id='word_1_207' title='bbox 1094 1476 1240 1514; x_wconf 88' lang='lat' dir='ltr'>honore</span> <span class='ocrx_word' id='word_1_208' title='bbox 1268 1477 1384 1526; x_wconf 84' lang='lat' dir='ltr'>ipsius</span> <span class='ocrx_word' id='word_1_209' title='bbox 1404 1490 1423 1513; x_wconf 91' lang='lat' dir='ltr'>a</span> <span class='ocrx_word' id='word_1_210' title='bbox 1443 1477 1545 1514; x_wconf 89' lang='lat' dir='ltr'>dicto</span> <span class='ocrx_word' id='word_1_211' title='bbox 1574 1477 1759 1514; x_wconf 90' lang='lat' dir='ltr'>Haimone</span> <span class='ocrx_word' id='word_1_212' title='bbox 1783 1483 1993 1513; x_wconf 90' lang='lat' dir='ltr'>constructa</span> <span class='ocrx_word' id='word_1_213' title='bbox 2017 1475 2223 1512; x_wconf 77' lang='lat' dir='ltr'>honorilice</span> <span class='ocrx_word' id='word_1_214' title='bbox 2254 1475 2472 1512; x_wconf 88' lang='lat' dir='ltr'>collocatum</span> 
     </span>
     <span class='ocr_line' id='line_1_18' title="bbox 359 1537 2471 1584; baseline 0 -11"><span class='ocrx_word' id='word_1_215' title='bbox 359 1545 427 1576; x_wconf 87' lang='lat' dir='ltr'>est.</span> <span class='ocrx_word' id='word_1_216' title='bbox 445 1554 462 1572; x_wconf 65' lang='grc' dir='ltr'><strong><em>κ</em></strong></span> <span class='ocrx_word' id='word_1_217' title='bbox 481 1538 529 1574; x_wconf 90' lang='lat' dir='ltr'>Et</span> <span class='ocrx_word' id='word_1_218' title='bbox 547 1538 799 1575; x_wconf 86' lang='lat' dir='ltr'>calendarium</span> <span class='ocrx_word' id='word_1_219' title='bbox 817 1539 942 1576; x_wconf 89' lang='lat' dir='ltr'>Sancti</span> <span class='ocrx_word' id='word_1_220' title='bbox 959 1538 1157 1584; x_wconf 81' lang='lat' dir='ltr'>Guenaili,</span> <span class='ocrx_word' id='word_1_221' title='bbox 1175 1538 1222 1575; x_wconf 91' lang='lat' dir='ltr'>ad</span> <span class='ocrx_word' id='word_1_222' title='bbox 1238 1538 1339 1576; x_wconf 90' lang='lat' dir='ltr'>diem</span> <span class='ocrx_word' id='word_1_223' title='bbox 1356 1541 1397 1579; x_wconf 67' lang='lat'>2⁴</span> <span class='ocrx_word' id='word_1_224' title='bbox 1420 1539 1508 1575; x_wconf 91' lang='lat' dir='ltr'>maii</span> <span class='ocrx_word' id='word_1_225' title='bbox 1523 1555 1531 1575; x_wconf 79' lang='lat'>2</span> <span class='ocrx_word' id='word_1_226' title='bbox 1551 1555 1568 1572; x_wconf 89' lang='lat'>«</span> <span class='ocrx_word' id='word_1_227' title='bbox 1588 1538 1894 1575; x_wconf 88' lang='lat' dir='ltr'>Anniversarium</span> <span class='ocrx_word' id='word_1_228' title='bbox 1914 1538 2077 1575; x_wconf 87' lang='lat' dir='ltr'>solemne</span> <span class='ocrx_word' id='word_1_229' title='bbox 2095 1537 2291 1574; x_wconf 87' lang='lat' dir='ltr'>Haimonis</span> <span class='ocrx_word' id='word_1_230' title='bbox 2307 1538 2471 1580; x_wconf 84' lang='lat' dir='ltr'>comitis,</span> 
     </span>
     <span class='ocr_line' id='line_1_19' title="bbox 359 1599 2472 1650; baseline 0 -14"><span class='ocrx_word' id='word_1_231' title='bbox 359 1600 569 1638; x_wconf 84' lang='lat' dir='ltr'>fundatoris</span> <span class='ocrx_word' id='word_1_232' title='bbox 587 1601 688 1637; x_wconf 86' lang='lat' dir='ltr'>Beati</span> <span class='ocrx_word' id='word_1_233' title='bbox 707 1601 883 1637; x_wconf 87' lang='lat' dir='ltr'>Guenaili</span> <span class='ocrx_word' id='word_1_234' title='bbox 901 1601 948 1637; x_wconf 90' lang='lat' dir='ltr'>de</span> <span class='ocrx_word' id='word_1_235' title='bbox 964 1601 1163 1646; x_wconf 85' lang='lat' dir='ltr'>Corbolio,</span> <span class='ocrx_word' id='word_1_236' title='bbox 1181 1602 1247 1650; x_wconf 92' lang='lat' dir='ltr'>qui</span> <span class='ocrx_word' id='word_1_237' title='bbox 1265 1600 1371 1638; x_wconf 87' lang='lat' dir='ltr'>dedit</span> <span class='ocrx_word' id='word_1_238' title='bbox 1386 1601 1509 1638; x_wconf 91' lang='lat' dir='ltr'>eidem</span> <span class='ocrx_word' id='word_1_239' title='bbox 1531 1600 1692 1638; x_wconf 86' lang='lat' dir='ltr'>ecclesiae</span> <span class='ocrx_word' id='word_1_240' title='bbox 1708 1601 1873 1649; x_wconf 83' lang='lat' dir='ltr'>hospites</span> <span class='ocrx_word' id='word_1_241' title='bbox 1898 1613 1992 1650; x_wconf 88' lang='lat' dir='ltr'>quos</span> <span class='ocrx_word' id='word_1_242' title='bbox 2007 1600 2189 1636; x_wconf 90' lang='lat' dir='ltr'>habemus</span> <span class='ocrx_word' id='word_1_243' title='bbox 2208 1599 2303 1636; x_wconf 90' lang='lat' dir='ltr'>ultra</span> <span class='ocrx_word' id='word_1_244' title='bbox 2323 1607 2472 1649; x_wconf 90' lang='lat' dir='ltr'>pontem</span> 
     </span>
     <span class='ocr_line' id='line_1_20' title="bbox 360 1662 2475 1713; baseline -0 -13"><span class='ocrx_word' id='word_1_245' title='bbox 360 1663 550 1713; x_wconf 84' lang='lat' dir='ltr'>Sequanae.</span> <span class='ocrx_word' id='word_1_246' title='bbox 572 1679 588 1695; x_wconf 78' lang='lat' dir='ltr'>n</span> <span class='ocrx_word' id='word_1_247' title='bbox 613 1662 757 1701; x_wconf 86' lang='lat' dir='ltr'>Verum</span> <span class='ocrx_word' id='word_1_248' title='bbox 776 1663 806 1699; x_wconf 91' lang='lat' dir='ltr'>si</span> <span class='ocrx_word' id='word_1_249' title='bbox 826 1663 875 1699; x_wconf 90' lang='lat' dir='ltr'>ita</span> <span class='ocrx_word' id='word_1_250' title='bbox 894 1670 966 1707; x_wconf 89' lang='lat' dir='ltr'>est,</span> <span class='ocrx_word' id='word_1_251' title='bbox 987 1675 1171 1699; x_wconf 90' lang='lat' dir='ltr'>annorum</span> <span class='ocrx_word' id='word_1_252' title='bbox 1190 1662 1300 1711; x_wconf 86' lang='lat' dir='ltr'>longa</span> <span class='ocrx_word' id='word_1_253' title='bbox 1319 1662 1495 1700; x_wconf 87' lang='lat' dir='ltr'>distantia</span> <span class='ocrx_word' id='word_1_254' title='bbox 1517 1663 1713 1712; x_wconf 88' lang='lat' dir='ltr'>persuadet</span> <span class='ocrx_word' id='word_1_255' title='bbox 1731 1663 1953 1700; x_wconf 88' lang='lat' dir='ltr'>Haimonem</span> <span class='ocrx_word' id='word_1_256' title='bbox 1971 1663 2074 1699; x_wconf 90' lang='lat' dir='ltr'>hunc</span> <span class='ocrx_word' id='word_1_257' title='bbox 2095 1662 2210 1699; x_wconf 90' lang='lat' dir='ltr'>alium</span> <span class='ocrx_word' id='word_1_258' title='bbox 2228 1662 2274 1698; x_wconf 83' lang='lat' dir='ltr'>ab</span> <span class='ocrx_word' id='word_1_259' title='bbox 2290 1663 2475 1699; x_wconf 84' lang='lat' dir='ltr'>Haimone</span> 
     </span>
     <span class='ocr_line' id='line_1_21' title="bbox 360 1723 2472 1775; baseline -0 -14"><span class='ocrx_word' id='word_1_260' title='bbox 360 1724 424 1761; x_wconf 91' lang='lat' dir='ltr'>illo</span> <span class='ocrx_word' id='word_1_261' title='bbox 441 1723 663 1761; x_wconf 85' lang='lat' dir='ltr'>corboliensi</span> <span class='ocrx_word' id='word_1_262' title='bbox 682 1725 818 1761; x_wconf 85' lang='lat' dir='ltr'>comite</span> <span class='ocrx_word' id='word_1_263' title='bbox 844 1725 974 1771; x_wconf 86' lang='lat' dir='ltr'>fuisse,</span> <span class='ocrx_word' id='word_1_264' title='bbox 999 1725 1086 1775; x_wconf 89' lang='lat' dir='ltr'>qui,</span> <span class='ocrx_word' id='word_1_265' title='bbox 1115 1724 1210 1762; x_wconf 86' lang='lat' dir='ltr'>sicut</span> <span class='ocrx_word' id='word_1_266' title='bbox 1241 1725 1356 1762; x_wconf 79' lang='lat' dir='ltr'>refert</span> <span class='ocrx_word' id='word_1_267' title='bbox 1381 1725 1486 1771; x_wconf 93' lang='lat' dir='ltr'>Odo,</span> <span class='ocrx_word' id='word_1_268' title='bbox 1518 1726 1728 1762; x_wconf 87' lang='lat' dir='ltr'>fossatensis</span> <span class='ocrx_word' id='word_1_269' title='bbox 1747 1725 1971 1770; x_wconf 86' lang='lat' dir='ltr'>monachus,</span> <span class='ocrx_word' id='word_1_270' title='bbox 2001 1740 2018 1758; x_wconf 85' lang='lat'>«</span> <span class='ocrx_word' id='word_1_271' title='bbox 2039 1724 2086 1761; x_wconf 90' lang='lat' dir='ltr'>ad</span> <span class='ocrx_word' id='word_1_272' title='bbox 2105 1724 2233 1761; x_wconf 86' lang='lat' dir='ltr'>limina</span> <span class='ocrx_word' id='word_1_273' title='bbox 2263 1731 2472 1762; x_wconf 88' lang='lat' dir='ltr'>sanctorum</span> 
     </span>
     <span class='ocr_line' id='line_1_22' title="bbox 358 1786 2474 1838; baseline 0 -15"><span class='ocrx_word' id='word_1_274' title='bbox 358 1786 610 1836; x_wconf 88' lang='lat' dir='ltr'>apostolorum</span> <span class='ocrx_word' id='word_1_275' title='bbox 627 1787 728 1822; x_wconf 90' lang='lat' dir='ltr'>Petri</span> <span class='ocrx_word' id='word_1_276' title='bbox 748 1793 786 1823; x_wconf 89' lang='lat' dir='ltr'>et</span> <span class='ocrx_word' id='word_1_277' title='bbox 803 1786 906 1822; x_wconf 89' lang='lat' dir='ltr'>Pauli</span> <span class='ocrx_word' id='word_1_278' title='bbox 927 1787 1109 1823; x_wconf 89' lang='lat' dir='ltr'>orationis</span> <span class='ocrx_word' id='word_1_279' title='bbox 1127 1787 1244 1835; x_wconf 89' lang='lat' dir='ltr'>gratia</span> <span class='ocrx_word' id='word_1_280' title='bbox 1260 1787 1418 1824; x_wconf 88' lang='lat' dir='ltr'>Romam</span> <span class='ocrx_word' id='word_1_281' title='bbox 1437 1800 1608 1838; x_wconf 86' lang='lat' dir='ltr'>pergens,</span> <span class='ocrx_word' id='word_1_282' title='bbox 1628 1788 1680 1825; x_wconf 90' lang='lat' dir='ltr'>ibi</span> <span class='ocrx_word' id='word_1_283' title='bbox 1701 1788 1739 1824; x_wconf 91' lang='lat' dir='ltr'>in</span> <span class='ocrx_word' id='word_1_284' title='bbox 1756 1787 1886 1824; x_wconf 90' lang='lat' dir='ltr'>eodem</span> <span class='ocrx_word' id='word_1_285' title='bbox 1906 1788 2040 1824; x_wconf 86' lang='lat' dir='ltr'>itinere</span> <span class='ocrx_word' id='word_1_286' title='bbox 2058 1787 2170 1823; x_wconf 88' lang='lat' dir='ltr'>finem</span> <span class='ocrx_word' id='word_1_287' title='bbox 2188 1787 2268 1823; x_wconf 86' lang='lat' dir='ltr'>vitae</span> <span class='ocrx_word' id='word_1_288' title='bbox 2286 1788 2440 1836; x_wconf 86' lang='lat' dir='ltr'>accepit.</span> <span class='ocrx_word' id='word_1_289' title='bbox 2458 1804 2474 1820; x_wconf 91' lang='lat'>»</span> 
     </span>
     <span class='ocr_line' id='line_1_23' title="bbox 360 1838 2474 1898; baseline 0 -13"><span class='ocrx_word' id='word_1_290' title='bbox 360 1849 454 1885; x_wconf 87' lang='lat' dir='ltr'>Nam</span> <span class='ocrx_word' id='word_1_291' title='bbox 471 1848 511 1886; x_wconf 90' lang='lat' dir='ltr'>id</span> <span class='ocrx_word' id='word_1_292' title='bbox 522 1861 648 1885; x_wconf 89' lang='lat' dir='ltr'>versus</span> <span class='ocrx_word' id='word_1_293' title='bbox 664 1848 815 1885; x_wconf 90' lang='lat' dir='ltr'>initium</span> <span class='ocrx_word' id='word_1_294' title='bbox 834 1850 940 1898; x_wconf 87' lang='lat' dir='ltr'>regni</span> <span class='ocrx_word' id='word_1_295' title='bbox 959 1849 1131 1898; x_wconf 89' lang='lat' dir='ltr'>Hugonis</span> <span class='ocrx_word' id='word_1_296' title='bbox 1148 1849 1298 1886; x_wconf 90' lang='lat' dir='ltr'>accidit.</span> <span class='ocrx_word' id='word_1_297' title='bbox 1314 1849 1362 1886; x_wconf 91' lang='lat' dir='ltr'>Et</span> <span class='ocrx_word' id='word_1_298' title='bbox 1383 1862 1427 1887; x_wconf 87' lang='lat' dir='ltr'>eo</span> <span class='ocrx_word' id='word_1_299' title='bbox 1447 1850 1626 1887; x_wconf 79' lang='lat' dir='ltr'>defuncto</span> <span class='ocrx_word' id='word_1_300' title='bbox 1645 1866 1662 1884; x_wconf 90' lang='lat'>«</span> <span class='ocrx_word' id='word_1_301' title='bbox 1682 1850 1921 1887; x_wconf 87' lang='lat' dir='ltr'>Burchardus</span> <span class='ocrx_word' id='word_1_302' title='bbox 1938 1849 2143 1887; x_wconf 74' lang='lat' dir='ltr'>&#39;vindocini</span> <span class='ocrx_word' id='word_1_303' title='bbox 2159 1838 2285 1886; x_wconf 64' lang='lat' dir='ltr'>vcomes</span> <span class='ocrx_word' id='word_1_304' title='bbox 2299 1877 2307 1892; x_wconf 87' lang='lat'>,</span> <span class='ocrx_word' id='word_1_305' title='bbox 2322 1862 2474 1886; x_wconf 88' lang='lat' dir='ltr'>uxorem</span> 
     </span>
     <span class='ocr_line' id='line_1_24' title="bbox 360 1909 2476 1961; baseline 0 -14"><span class='ocrx_word' id='word_1_306' title='bbox 360 1910 440 1959; x_wconf 85' lang='lat' dir='ltr'>ejus</span> <span class='ocrx_word' id='word_1_307' title='bbox 454 1911 606 1947; x_wconf 89' lang='lat' dir='ltr'>nomine</span> <span class='ocrx_word' id='word_1_308' title='bbox 623 1909 876 1947; x_wconf 87' lang='lat' dir='ltr'>Elisabetham</span> <span class='ocrx_word' id='word_1_309' title='bbox 888 1939 898 1956; x_wconf 95' lang='lat'>,</span> <span class='ocrx_word' id='word_1_310' title='bbox 920 1910 1035 1947; x_wconf 88' lang='lat' dir='ltr'>nobili</span> <span class='ocrx_word' id='word_1_311' title='bbox 1051 1917 1090 1948; x_wconf 91' lang='lat' dir='ltr'>et</span> <span class='ocrx_word' id='word_1_312' title='bbox 1106 1911 1225 1960; x_wconf 88' lang='lat' dir='ltr'>ipsam</span> <span class='ocrx_word' id='word_1_313' title='bbox 1243 1911 1422 1961; x_wconf 89' lang='lat' dir='ltr'>progenie</span> <span class='ocrx_word' id='word_1_314' title='bbox 1439 1918 1627 1958; x_wconf 86' lang='lat' dir='ltr'>exortam,</span> <span class='ocrx_word' id='word_1_315' title='bbox 1647 1911 1718 1948; x_wconf 92' lang='lat' dir='ltr'>sibi</span> <span class='ocrx_word' id='word_1_316' title='bbox 1735 1911 1911 1960; x_wconf 90' lang='lat' dir='ltr'>conjugio</span> <span class='ocrx_word' id='word_1_317' title='bbox 1930 1911 2116 1960; x_wconf 85' lang='lat' dir='ltr'>copulavit</span> <span class='ocrx_word' id='word_1_318' title='bbox 2135 1927 2142 1946; x_wconf 92' lang='lat'>:</span> <span class='ocrx_word' id='word_1_319' title='bbox 2161 1924 2202 1947; x_wconf 93' lang='lat' dir='ltr'>ac</span> <span class='ocrx_word' id='word_1_320' title='bbox 2218 1912 2256 1947; x_wconf 90' lang='lat' dir='ltr'>iu</span> <span class='ocrx_word' id='word_1_321' title='bbox 2274 1923 2319 1947; x_wconf 87' lang='lat' dir='ltr'>eo</span> <span class='ocrx_word' id='word_1_322' title='bbox 2338 1911 2476 1960; x_wconf 83' lang='lat' dir='ltr'>copulae</span> 
     </span>
     <span class='ocr_line' id='line_1_25' title="bbox 360 1972 2475 2024; baseline 0 -15"><span class='ocrx_word' id='word_1_323' title='bbox 360 1972 542 2018; x_wconf 88' lang='lat' dir='ltr'>thalamo,</span> <span class='ocrx_word' id='word_1_324' title='bbox 564 1985 627 2009; x_wconf 90' lang='lat' dir='ltr'>rex</span> <span class='ocrx_word' id='word_1_325' title='bbox 645 1974 758 2022; x_wconf 87' lang='lat' dir='ltr'>Hugo</span> <span class='ocrx_word' id='word_1_326' title='bbox 776 1980 938 2009; x_wconf 86' lang='lat' dir='ltr'>castrum</span> <span class='ocrx_word' id='word_1_327' title='bbox 961 1973 1194 2010; x_wconf 72' lang='lat' dir='ltr'>melidunum</span> <span class='ocrx_word' id='word_1_328' title='bbox 1210 1980 1322 2023; x_wconf 91' lang='lat' dir='ltr'>atque</span> <span class='ocrx_word' id='word_1_329' title='bbox 1344 1974 1562 2011; x_wconf 87' lang='lat' dir='ltr'>Corboilum</span> <span class='ocrx_word' id='word_1_330' title='bbox 1576 2003 1587 2022; x_wconf 92' lang='lat'>,</span> <span class='ocrx_word' id='word_1_331' title='bbox 1606 1975 1901 2024; x_wconf 90' lang='lat' dir='ltr'>comitatumque</span> <span class='ocrx_word' id='word_1_332' title='bbox 1920 1974 2103 2023; x_wconf 86' lang='lat' dir='ltr'>parisiacae</span> <span class='ocrx_word' id='word_1_333' title='bbox 2125 1973 2229 2009; x_wconf 88' lang='lat' dir='ltr'>urbis</span> <span class='ocrx_word' id='word_1_334' title='bbox 2246 1972 2301 2009; x_wconf 92' lang='lat' dir='ltr'>illi</span> <span class='ocrx_word' id='word_1_335' title='bbox 2321 1972 2436 2009; x_wconf 88' lang='lat' dir='ltr'>dedit.</span> <span class='ocrx_word' id='word_1_336' title='bbox 2459 1990 2475 2006; x_wconf 72' lang='grc' dir='ltr'>»ι</span> 
     </span>
     <span class='ocr_line' id='line_1_26' title="bbox 361 2028 2478 2087; baseline -0 -16"><span class='ocrx_word' id='word_1_337' title='bbox 361 2034 488 2082; x_wconf 86' lang='lat' dir='ltr'>Quare</span> <span class='ocrx_word' id='word_1_338' title='bbox 504 2034 678 2084; x_wconf 87' lang='lat' dir='ltr'>deinceps</span> <span class='ocrx_word' id='word_1_339' title='bbox 697 2035 934 2072; x_wconf 87' lang='lat' dir='ltr'>Burchardus</span> <span class='ocrx_word' id='word_1_340' title='bbox 952 2043 992 2072; x_wconf 89' lang='lat' dir='ltr'>et</span> <span class='ocrx_word' id='word_1_341' title='bbox 1008 2036 1088 2085; x_wconf 90' lang='lat' dir='ltr'>ipse</span> <span class='ocrx_word' id='word_1_342' title='bbox 1105 2048 1143 2072; x_wconf 87' lang='lat' dir='ltr'>se</span> <span class='ocrx_word' id='word_1_343' title='bbox 1160 2049 1230 2085; x_wconf 90' lang='lat' dir='ltr'>pro</span> <span class='ocrx_word' id='word_1_344' title='bbox 1247 2037 1384 2073; x_wconf 89' lang='lat' dir='ltr'>comite</span> <span class='ocrx_word' id='word_1_345' title='bbox 1403 2037 1624 2074; x_wconf 85' lang='lat' dir='ltr'>corboliensi</span> <span class='ocrx_word' id='word_1_346' title='bbox 1644 2038 1766 2087; x_wconf 84' lang='lat' dir='ltr'>gessit.</span> <span class='ocrx_word' id='word_1_347' title='bbox 1788 2038 1866 2074; x_wconf 89' lang='lat' dir='ltr'>Aut</span> <span class='ocrx_word' id='word_1_348' title='bbox 1886 2037 1913 2073; x_wconf 90' lang='lat' dir='ltr'>si</span> <span class='ocrx_word' id='word_1_349' title='bbox 1935 2043 2144 2086; x_wconf 85' lang='lat' dir='ltr'>postremus</span> <span class='ocrx_word' id='word_1_350' title='bbox 2168 2028 2230 2072; x_wconf 82' lang='lat' dir='ltr'>hic</span> <span class='ocrx_word' id='word_1_351' title='bbox 2256 2036 2390 2072; x_wconf 83' lang='lat' dir='ltr'>Haimo</span> <span class='ocrx_word' id='word_1_352' title='bbox 2416 2035 2478 2071; x_wconf 84' lang='lat' dir='ltr'>ille</span> 
     </span>
     <span class='ocr_line' id='line_1_27' title="bbox 361 2097 2476 2148; baseline 0 -15"><span class='ocrx_word' id='word_1_353' title='bbox 361 2103 417 2134; x_wconf 86' lang='lat' dir='ltr'>est</span> <span class='ocrx_word' id='word_1_354' title='bbox 435 2097 501 2147; x_wconf 90' lang='lat' dir='ltr'>qui</span> <span class='ocrx_word' id='word_1_355' title='bbox 519 2097 644 2134; x_wconf 83' lang='lat' dir='ltr'>Sancti</span> <span class='ocrx_word' id='word_1_356' title='bbox 663 2097 840 2134; x_wconf 88' lang='lat' dir='ltr'>Guenaili</span> <span class='ocrx_word' id='word_1_357' title='bbox 860 2098 935 2135; x_wconf 91' lang='lat' dir='ltr'>sive</span> <span class='ocrx_word' id='word_1_358' title='bbox 950 2097 1139 2135; x_wconf 90' lang='lat' dir='ltr'>Guenaldi</span> <span class='ocrx_word' id='word_1_359' title='bbox 1157 2098 1350 2136; x_wconf 87' lang='lat' dir='ltr'>ecclesiam</span> <span class='ocrx_word' id='word_1_360' title='bbox 1367 2100 1595 2144; x_wconf 81' lang='lat' dir='ltr'>construxit,</span> <span class='ocrx_word' id='word_1_361' title='bbox 1625 2111 1774 2137; x_wconf 86' lang='lat' dir='ltr'>necesse</span> <span class='ocrx_word' id='word_1_362' title='bbox 1793 2099 1941 2136; x_wconf 88' lang='lat' dir='ltr'>videtur</span> <span class='ocrx_word' id='word_1_363' title='bbox 1959 2111 2094 2148; x_wconf 88' lang='lat' dir='ltr'>corpus</span> <span class='ocrx_word' id='word_1_364' title='bbox 2115 2098 2196 2147; x_wconf 85' lang='lat' dir='ltr'>ejus</span> <span class='ocrx_word' id='word_1_365' title='bbox 2222 2099 2338 2135; x_wconf 91' lang='lat' dir='ltr'>sancti</span> <span class='ocrx_word' id='word_1_366' title='bbox 2360 2099 2476 2134; x_wconf 79' lang='lat' dir='ltr'>serius</span> 
     </span>
     <span class='ocr_line' id='line_1_28' title="bbox 360 2158 2477 2211; baseline 0 -15"><span class='ocrx_word' id='word_1_367' title='bbox 360 2158 580 2196; x_wconf 90' lang='lat' dir='ltr'>Corbolium</span> <span class='ocrx_word' id='word_1_368' title='bbox 598 2159 751 2196; x_wconf 85' lang='lat' dir='ltr'>allatum</span> <span class='ocrx_word' id='word_1_369' title='bbox 767 2160 880 2197; x_wconf 84' lang='lat' dir='ltr'>fuisse</span> <span class='ocrx_word' id='word_1_370' title='bbox 898 2172 1010 2209; x_wconf 88' lang='lat' dir='ltr'>quam</span> <span class='ocrx_word' id='word_1_371' title='bbox 1029 2161 1200 2210; x_wconf 83' lang='lat' dir='ltr'>praefatus</span> <span class='ocrx_word' id='word_1_372' title='bbox 1214 2161 1378 2198; x_wconf 86' lang='lat' dir='ltr'>Joannes</span> <span class='ocrx_word' id='word_1_373' title='bbox 1393 2161 1598 2199; x_wconf 85' lang='lat' dir='ltr'>adnotavit.</span> <span class='ocrx_word' id='word_1_374' title='bbox 1616 2163 1664 2199; x_wconf 90' lang='lat' dir='ltr'>Et</span> <span class='ocrx_word' id='word_1_375' title='bbox 1681 2162 1758 2199; x_wconf 80' lang='lat' dir='ltr'>haec</span> <span class='ocrx_word' id='word_1_376' title='bbox 1775 2162 1904 2211; x_wconf 90' lang='lat' dir='ltr'>opinio</span> <span class='ocrx_word' id='word_1_377' title='bbox 1919 2162 2013 2199; x_wconf 87' lang='lat' dir='ltr'>mihi</span> <span class='ocrx_word' id='word_1_378' title='bbox 2029 2174 2074 2199; x_wconf 90' lang='lat' dir='ltr'>eo</span> <span class='ocrx_word' id='word_1_379' title='bbox 2094 2162 2211 2210; x_wconf 88' lang='lat' dir='ltr'>magis</span> <span class='ocrx_word' id='word_1_380' title='bbox 2228 2160 2358 2210; x_wconf 89' lang='lat' dir='ltr'>placet,</span> <span class='ocrx_word' id='word_1_381' title='bbox 2378 2160 2477 2210; x_wconf 89' lang='lat' dir='ltr'>quod</span> 
     </span>
     <span class='ocr_line' id='line_1_29' title="bbox 361 2221 2476 2274; baseline 0 -16"><span class='ocrx_word' id='word_1_382' title='bbox 361 2221 600 2258; x_wconf 89' lang='lat' dir='ltr'>Burchardus</span> <span class='ocrx_word' id='word_1_383' title='bbox 613 2222 834 2259; x_wconf 78' lang='lat' dir='ltr'>Elisabethae</span> <span class='ocrx_word' id='word_1_384' title='bbox 850 2223 1021 2272; x_wconf 85' lang='lat' dir='ltr'>conjugis</span> <span class='ocrx_word' id='word_1_385' title='bbox 1037 2223 1118 2272; x_wconf 86' lang='lat' dir='ltr'>ejus</span> <span class='ocrx_word' id='word_1_386' title='bbox 1135 2225 1310 2267; x_wconf 86' lang='lat' dir='ltr'>maritus,</span> <span class='ocrx_word' id='word_1_387' title='bbox 1328 2224 1368 2260; x_wconf 92' lang='lat' dir='ltr'>in</span> <span class='ocrx_word' id='word_1_388' title='bbox 1385 2223 1519 2262; x_wconf 90' lang='lat' dir='ltr'>litteris</span> <span class='ocrx_word' id='word_1_389' title='bbox 1538 2237 1608 2274; x_wconf 85' lang='lat' dir='ltr'>pro</span> <span class='ocrx_word' id='word_1_390' title='bbox 1629 2225 1763 2262; x_wconf 86' lang='lat' dir='ltr'>Sancto</span> <span class='ocrx_word' id='word_1_391' title='bbox 1778 2224 1978 2262; x_wconf 87' lang='lat' dir='ltr'>Guenaldo</span> <span class='ocrx_word' id='word_1_392' title='bbox 1993 2224 2090 2261; x_wconf 86' lang='lat' dir='ltr'>datis</span> <span class='ocrx_word' id='word_1_393' title='bbox 2101 2251 2111 2269; x_wconf 92' lang='lat'>,</span> <span class='ocrx_word' id='word_1_394' title='bbox 2132 2223 2234 2260; x_wconf 89' lang='lat' dir='ltr'>illius</span> <span class='ocrx_word' id='word_1_395' title='bbox 2249 2223 2361 2260; x_wconf 86' lang='lat' dir='ltr'>etiam</span> <span class='ocrx_word' id='word_1_396' title='bbox 2387 2235 2476 2259; x_wconf 89' lang='lat' dir='ltr'>con-</span> 
     </span>
     <span class='ocr_line' id='line_1_30' title="bbox 361 2283 2479 2334; baseline 0 -15"><span class='ocrx_word' id='word_1_397' title='bbox 361 2283 535 2320; x_wconf 86' lang='lat' dir='ltr'>cessionis</span> <span class='ocrx_word' id='word_1_398' title='bbox 551 2284 742 2329; x_wconf 81' lang='lat' dir='ltr'>meminit,</span> <span class='ocrx_word' id='word_1_399' title='bbox 761 2297 873 2334; x_wconf 87' lang='lat' dir='ltr'>quam</span> <span class='ocrx_word' id='word_1_400' title='bbox 894 2285 1049 2333; x_wconf 67' lang='lat' dir='ltr'>praefmae</span> <span class='ocrx_word' id='word_1_401' title='bbox 1063 2284 1224 2322; x_wconf 79' lang='lat' dir='ltr'>ecclesiae</span> <span class='ocrx_word' id='word_1_402' title='bbox 1237 2285 1394 2331; x_wconf 80' lang='lat' dir='ltr'>fecerat,</span> <span class='ocrx_word' id='word_1_403' title='bbox 1414 2286 1475 2323; x_wconf 89' lang='lat' dir='ltr'>his</span> <span class='ocrx_word' id='word_1_404' title='bbox 1487 2287 1630 2324; x_wconf 86' lang='lat' dir='ltr'>verbis:</span> <span class='ocrx_word' id='word_1_405' title='bbox 1650 2302 1668 2320; x_wconf 75' lang='grc' dir='ltr'><strong>α</strong></span> <span class='ocrx_word' id='word_1_406' title='bbox 1683 2287 1824 2324; x_wconf 85' lang='lat' dir='ltr'>Notum</span> <span class='ocrx_word' id='word_1_407' title='bbox 1839 2287 1919 2323; x_wconf 87' lang='lat' dir='ltr'>fieri</span> <span class='ocrx_word' id='word_1_408' title='bbox 1937 2286 2106 2323; x_wconf 88' lang='lat' dir='ltr'>volumus</span> <span class='ocrx_word' id='word_1_409' title='bbox 2119 2285 2294 2323; x_wconf 89' lang='lat' dir='ltr'>omnibus</span> <span class='ocrx_word' id='word_1_410' title='bbox 2310 2285 2479 2321; x_wconf 78' lang='lat' dir='ltr'>fidelibus</span> 
     </span>
     <span class='ocr_line' id='line_1_31' title="bbox 361 2343 2476 2395; baseline 0 -14"><span class='ocrx_word' id='word_1_411' title='bbox 361 2343 503 2381; x_wconf 90' lang='lat' dir='ltr'>clericis</span> <span class='ocrx_word' id='word_1_412' title='bbox 520 2352 558 2381; x_wconf 87' lang='lat' dir='ltr'>et</span> <span class='ocrx_word' id='word_1_413' title='bbox 575 2345 694 2392; x_wconf 88' lang='lat' dir='ltr'>laicis,</span> <span class='ocrx_word' id='word_1_414' title='bbox 715 2346 818 2395; x_wconf 82' lang='lat' dir='ltr'>quod</span> <span class='ocrx_word' id='word_1_415' title='bbox 842 2358 912 2395; x_wconf 83' lang='lat' dir='ltr'>ego</span> <span class='ocrx_word' id='word_1_416' title='bbox 936 2345 1176 2383; x_wconf 87' lang='lat' dir='ltr'>Burchardus</span> <span class='ocrx_word' id='word_1_417' title='bbox 1193 2359 1318 2384; x_wconf 86' lang='lat' dir='ltr'>comes</span> <span class='ocrx_word' id='word_1_418' title='bbox 1335 2347 1593 2395; x_wconf 84' lang='lat' dir='ltr'>corboilensis,</span> <span class='ocrx_word' id='word_1_419' title='bbox 1612 2349 1661 2385; x_wconf 90' lang='lat' dir='ltr'>ob</span> <span class='ocrx_word' id='word_1_420' title='bbox 1679 2348 1887 2385; x_wconf 88' lang='lat' dir='ltr'>remedium</span> <span class='ocrx_word' id='word_1_421' title='bbox 1914 2349 2044 2385; x_wconf 73' lang='lat' dir='ltr'>animae</span> <span class='ocrx_word' id='word_1_422' title='bbox 2063 2359 2151 2385; x_wconf 78' lang='lat' dir='ltr'>meoe</span> <span class='ocrx_word' id='word_1_423' title='bbox 2163 2374 2174 2390; x_wconf 87' lang='lat'>,</span> <span class='ocrx_word' id='word_1_424' title='bbox 2202 2353 2476 2384; x_wconf 87' lang='lat' dir='ltr'>antecessorum</span> 
     </span>
     <span class='ocr_line' id='line_1_32' title="bbox 361 2409 2475 2460; baseline 0 -17"><span class='ocrx_word' id='word_1_425' title='bbox 361 2418 689 2457; x_wconf 77' lang='lat' dir='ltr'>successorumque</span> <span class='ocrx_word' id='word_1_426' title='bbox 716 2421 910 2455; x_wconf 89' lang='lat' dir='ltr'>meorum,</span> <span class='ocrx_word' id='word_1_427' title='bbox 930 2409 1104 2458; x_wconf 90' lang='lat' dir='ltr'>precibus</span> <span class='ocrx_word' id='word_1_428' title='bbox 1120 2422 1272 2460; x_wconf 87' lang='lat' dir='ltr'>quoque</span> <span class='ocrx_word' id='word_1_429' title='bbox 1294 2411 1512 2457; x_wconf 81' lang='lat' dir='ltr'>Guillaudi,</span> <span class='ocrx_word' id='word_1_430' title='bbox 1541 2411 1709 2460; x_wconf 84' lang='lat' dir='ltr'>ejusdem</span> <span class='ocrx_word' id='word_1_431' title='bbox 1727 2411 1798 2449; x_wconf 90' lang='lat' dir='ltr'>loci</span> <span class='ocrx_word' id='word_1_432' title='bbox 1827 2411 2021 2456; x_wconf 88' lang='lat' dir='ltr'>canonici,</span> <span class='ocrx_word' id='word_1_433' title='bbox 2051 2418 2088 2447; x_wconf 88' lang='lat' dir='ltr'>et</span> <span class='ocrx_word' id='word_1_434' title='bbox 2119 2410 2286 2459; x_wconf 75' lang='lat' dir='ltr'>magistri</span> <span class='ocrx_word' id='word_1_435' title='bbox 2317 2409 2380 2446; x_wconf 80' lang='lat' dir='ltr'>filii</span> <span class='ocrx_word' id='word_1_436' title='bbox 2406 2409 2475 2445; x_wconf 88' lang='lat' dir='ltr'>mei</span> 
     </span>
     <span class='ocr_line' id='line_1_33' title="bbox 362 2466 2476 2522; baseline 0.002 -19"><span class='ocrx_word' id='word_1_437' title='bbox 362 2466 555 2515; x_wconf 87' lang='lat' dir='ltr'>Reinaldi,</span> <span class='ocrx_word' id='word_1_438' title='bbox 574 2470 710 2506; x_wconf 87' lang='lat' dir='ltr'>Sancto</span> <span class='ocrx_word' id='word_1_439' title='bbox 736 2470 922 2507; x_wconf 90' lang='lat' dir='ltr'>Guenailo</span> <span class='ocrx_word' id='word_1_440' title='bbox 940 2471 1098 2508; x_wconf 84' lang='lat' dir='ltr'>terrulas</span> <span class='ocrx_word' id='word_1_441' title='bbox 1113 2485 1206 2522; x_wconf 83' lang='lat' dir='ltr'>quas</span> <span class='ocrx_word' id='word_1_442' title='bbox 1222 2473 1359 2510; x_wconf 85' lang='lat' dir='ltr'>Haimo</span> <span class='ocrx_word' id='word_1_443' title='bbox 1376 2485 1500 2511; x_wconf 88' lang='lat' dir='ltr'>comes</span> <span class='ocrx_word' id='word_1_444' title='bbox 1518 2474 1622 2522; x_wconf 86' lang='lat' dir='ltr'>prius</span> <span class='ocrx_word' id='word_1_445' title='bbox 1639 2473 1794 2510; x_wconf 82' lang='lat' dir='ltr'>dederat</span> <span class='ocrx_word' id='word_1_446' title='bbox 1815 2473 1936 2510; x_wconf 88' lang='lat' dir='ltr'>eidem</span> <span class='ocrx_word' id='word_1_447' title='bbox 1967 2479 2092 2510; x_wconf 88' lang='lat' dir='ltr'>sancto</span> <span class='ocrx_word' id='word_1_448' title='bbox 2107 2498 2118 2515; x_wconf 90' lang='lat'>,</span> <span class='ocrx_word' id='word_1_449' title='bbox 2146 2472 2327 2515; x_wconf 89' lang='lat' dir='ltr'>concessi,</span> <span class='ocrx_word' id='word_1_450' title='bbox 2357 2478 2429 2508; x_wconf 90' lang='lat' dir='ltr'>etc.</span> <span class='ocrx_word' id='word_1_451' title='bbox 2460 2486 2476 2502; x_wconf 82' lang='grc' dir='ltr'><strong>υ</strong></span> 
     </span>
     <span class='ocr_line' id='line_1_34' title="bbox 361 2529 2478 2576; baseline 0.001 -10"><span class='ocrx_word' id='word_1_452' title='bbox 361 2529 544 2567; x_wconf 83' lang='lat' dir='ltr'>Caeterum</span> <span class='ocrx_word' id='word_1_453' title='bbox 562 2530 609 2567; x_wconf 91' lang='lat' dir='ltr'>de</span> <span class='ocrx_word' id='word_1_454' title='bbox 634 2532 850 2568; x_wconf 88' lang='lat' dir='ltr'>Burchardo</span> <span class='ocrx_word' id='word_1_455' title='bbox 877 2532 948 2569; x_wconf 85' lang='lat' dir='ltr'>hoc</span> <span class='ocrx_word' id='word_1_456' title='bbox 976 2533 1200 2571; x_wconf 87' lang='lat' dir='ltr'>corboilensi</span> <span class='ocrx_word' id='word_1_457' title='bbox 1220 2535 1360 2572; x_wconf 90' lang='lat' dir='ltr'>comite</span> <span class='ocrx_word' id='word_1_458' title='bbox 1383 2537 1525 2572; x_wconf 90' lang='lat' dir='ltr'>mentio</span> <span class='ocrx_word' id='word_1_459' title='bbox 1545 2535 1587 2572; x_wconf 84' lang='lat' dir='ltr'>lit</span> <span class='ocrx_word' id='word_1_460' title='bbox 1604 2536 1716 2573; x_wconf 88' lang='lat' dir='ltr'>etiam</span> <span class='ocrx_word' id='word_1_461' title='bbox 1734 2536 1774 2572; x_wconf 90' lang='lat' dir='ltr'>iu</span> <span class='ocrx_word' id='word_1_462' title='bbox 1792 2535 2004 2572; x_wconf 84' lang='lat' dir='ltr'>calendario</span> <span class='ocrx_word' id='word_1_463' title='bbox 2029 2535 2155 2571; x_wconf 90' lang='lat' dir='ltr'>Sancti</span> <span class='ocrx_word' id='word_1_464' title='bbox 2181 2532 2356 2571; x_wconf 87' lang='lat' dir='ltr'>Guenaili</span> <span class='ocrx_word' id='word_1_465' title='bbox 2370 2559 2379 2576; x_wconf 91' lang='lat'>,</span> <span class='ocrx_word' id='word_1_466' title='bbox 2407 2533 2478 2568; x_wconf 89' lang='lat' dir='ltr'>hoc</span> 
     </span>
     <span class='ocr_line' id='line_1_35' title="bbox 362 2591 2478 2647; baseline 0.001 -19"><span class='ocrx_word' id='word_1_467' title='bbox 362 2591 474 2629; x_wconf 88' lang='lat' dir='ltr'>modo</span> <span class='ocrx_word' id='word_1_468' title='bbox 490 2609 497 2629; x_wconf 90' lang='lat'><strong>:</strong></span> <span class='ocrx_word' id='word_1_469' title='bbox 516 2607 533 2627; x_wconf 76' lang='grc' dir='ltr'><strong><em>κ</em></strong></span> <span class='ocrx_word' id='word_1_470' title='bbox 550 2594 644 2629; x_wconf 89' lang='lat' dir='ltr'>Item</span> <span class='ocrx_word' id='word_1_471' title='bbox 664 2595 955 2631; x_wconf 88' lang='lat' dir='ltr'>anniversarium</span> <span class='ocrx_word' id='word_1_472' title='bbox 975 2595 1153 2632; x_wconf 89' lang='lat' dir='ltr'>Burcardi</span> <span class='ocrx_word' id='word_1_473' title='bbox 1170 2597 1319 2633; x_wconf 88' lang='lat' dir='ltr'>comitis</span> <span class='ocrx_word' id='word_1_474' title='bbox 1332 2625 1342 2643; x_wconf 95' lang='lat'>,</span> <span class='ocrx_word' id='word_1_475' title='bbox 1361 2598 1427 2647; x_wconf 87' lang='lat' dir='ltr'>qui</span> <span class='ocrx_word' id='word_1_476' title='bbox 1443 2597 1550 2635; x_wconf 88' lang='lat' dir='ltr'>dedit</span> <span class='ocrx_word' id='word_1_477' title='bbox 1564 2598 1687 2635; x_wconf 88' lang='lat' dir='ltr'>eidem</span> <span class='ocrx_word' id='word_1_478' title='bbox 1703 2597 1864 2634; x_wconf 81' lang='lat' dir='ltr'>ecclesioe</span> <span class='ocrx_word' id='word_1_479' title='bbox 1875 2596 2054 2646; x_wconf 86' lang='lat' dir='ltr'>quosdam</span> <span class='ocrx_word' id='word_1_480' title='bbox 2071 2596 2236 2645; x_wconf 83' lang='lat' dir='ltr'>hospites</span> <span class='ocrx_word' id='word_1_481' title='bbox 2250 2595 2351 2644; x_wconf 85' lang='lat' dir='ltr'>apud</span> <span class='ocrx_word' id='word_1_482' title='bbox 2365 2595 2478 2632; x_wconf 81' lang='lat' dir='ltr'>Mun-</span> 
     </span>
     <span class='ocr_line' id='line_1_36' title="bbox 362 2656 2478 2711; baseline 0 -18"><span class='ocrx_word' id='word_1_483' title='bbox 362 2656 547 2696; x_wconf 86' lang='lat' dir='ltr'>devillam.</span> <span class='ocrx_word' id='word_1_484' title='bbox 565 2673 582 2691; x_wconf 85' lang='lat'>»</span> <span class='ocrx_word' id='word_1_485' title='bbox 601 2659 731 2695; x_wconf 86' lang='lat' dir='ltr'>Postea</span> <span class='ocrx_word' id='word_1_486' title='bbox 760 2659 1002 2695; x_wconf 90' lang='lat' dir='ltr'>corboliensis</span> <span class='ocrx_word' id='word_1_487' title='bbox 1029 2672 1154 2696; x_wconf 88' lang='lat' dir='ltr'>comes</span> <span class='ocrx_word' id='word_1_488' title='bbox 1180 2660 1333 2697; x_wconf 77' lang='lat' dir='ltr'>effectus</span> <span class='ocrx_word' id='word_1_489' title='bbox 1359 2668 1415 2698; x_wconf 89' lang='lat' dir='ltr'>est</span> <span class='ocrx_word' id='word_1_490' title='bbox 1443 2662 1686 2706; x_wconf 78' lang='lat' dir='ltr'>GuillelmuS,</span> <span class='ocrx_word' id='word_1_491' title='bbox 1708 2662 1774 2711; x_wconf 91' lang='lat' dir='ltr'>qui</span> <span class='ocrx_word' id='word_1_492' title='bbox 1799 2661 2003 2698; x_wconf 86' lang='lat' dir='ltr'>detectioni</span> <span class='ocrx_word' id='word_1_493' title='bbox 2021 2671 2222 2709; x_wconf 87' lang='lat' dir='ltr'>corporum</span> <span class='ocrx_word' id='word_1_494' title='bbox 2249 2659 2365 2696; x_wconf 84' lang='lat' dir='ltr'>sancti</span> <span class='ocrx_word' id='word_1_495' title='bbox 2388 2659 2478 2695; x_wconf 88' lang='lat' dir='ltr'>Dio-</span> 
     </span>
     <span class='ocr_line' id='line_1_37' title="bbox 362 2719 2481 2773; baseline 0.001 -19"><span class='ocrx_word' id='word_1_496' title='bbox 362 2719 456 2767; x_wconf 85' lang='lat' dir='ltr'>nysii</span> <span class='ocrx_word' id='word_1_497' title='bbox 492 2727 530 2756; x_wconf 88' lang='lat' dir='ltr'>et</span> <span class='ocrx_word' id='word_1_498' title='bbox 567 2721 754 2757; x_wconf 89' lang='lat' dir='ltr'>sociorum</span> <span class='ocrx_word' id='word_1_499' title='bbox 789 2721 1026 2770; x_wconf 87' lang='lat' dir='ltr'>subscripsit,</span> <span class='ocrx_word' id='word_1_500' title='bbox 1054 2729 1224 2772; x_wconf 86' lang='lat' dir='ltr'>tempore</span> <span class='ocrx_word' id='word_1_501' title='bbox 1247 2724 1402 2760; x_wconf 75' lang='lat' dir='ltr'>Rem-ici</span> <span class='ocrx_word' id='word_1_502' title='bbox 1434 2725 1452 2760; x_wconf 92' lang='lat'>1</span> <span class='ocrx_word' id='word_1_503' title='bbox 1475 2724 1587 2773; x_wconf 85' lang='lat' dir='ltr'>regis.</span> <span class='ocrx_word' id='word_1_504' title='bbox 1622 2724 1700 2761; x_wconf 85' lang='lat' dir='ltr'>Nec</span> <span class='ocrx_word' id='word_1_505' title='bbox 1731 2723 1914 2760; x_wconf 86' lang='lat' dir='ltr'>affirmare</span> <span class='ocrx_word' id='word_1_506' title='bbox 1941 2723 2051 2759; x_wconf 85' lang='lat' dir='ltr'>velim</span> <span class='ocrx_word' id='word_1_507' title='bbox 2077 2734 2162 2759; x_wconf 88' lang='lat' dir='ltr'>eum</span> <span class='ocrx_word' id='word_1_508' title='bbox 2192 2721 2410 2758; x_wconf 84' lang='lat' dir='ltr'>Elisabethae</span> <span class='ocrx_word' id='word_1_509' title='bbox 2443 2728 2481 2756; x_wconf 81' lang='lat' dir='ltr'>et</span> 
     </span>
     <span class='ocr_line' id='line_1_38' title="bbox 363 2780 2481 2834; baseline 0.001 -17"><span class='ocrx_word' id='word_1_510' title='bbox 363 2780 586 2818; x_wconf 85' lang='lat' dir='ltr'>Haimonisl</span> <span class='ocrx_word' id='word_1_511' title='bbox 605 2782 673 2819; x_wconf 83' lang='lat' dir='ltr'>viri</span> <span class='ocrx_word' id='word_1_512' title='bbox 699 2783 775 2828; x_wconf 90' lang='lat' dir='ltr'>sui,</span> <span class='ocrx_word' id='word_1_513' title='bbox 796 2782 913 2819; x_wconf 85' lang='lat' dir='ltr'>filium</span> <span class='ocrx_word' id='word_1_514' title='bbox 931 2785 1110 2822; x_wconf 85' lang='lat' dir='ltr'>extitisse.</span> <span class='ocrx_word' id='word_1_515' title='bbox 1138 2785 1227 2822; x_wconf 90' lang='lat' dir='ltr'>Post</span> <span class='ocrx_word' id='word_1_516' title='bbox 1245 2785 1513 2831; x_wconf 87' lang='lat' dir='ltr'>Guillelmum,</span> <span class='ocrx_word' id='word_1_517' title='bbox 1546 2786 1751 2823; x_wconf 83' lang='lat' dir='ltr'>Rainaldus</span> <span class='ocrx_word' id='word_1_518' title='bbox 1777 2787 1995 2823; x_wconf 87' lang='lat' dir='ltr'>comitatum</span> <span class='ocrx_word' id='word_1_519' title='bbox 2025 2786 2146 2822; x_wconf 88' lang='lat' dir='ltr'>tenuit</span> <span class='ocrx_word' id='word_1_520' title='bbox 2170 2784 2481 2834; x_wconf 78' lang='lat' dir='ltr'>adfuitquecon-</span> 
     </span>
     <span class='ocr_line' id='line_1_39' title="bbox 363 2841 2479 2897; baseline 0.002 -19"><span class='ocrx_word' id='word_1_521' title='bbox 363 2841 563 2880; x_wconf 76' lang='lat' dir='ltr'>firmationi</span> <span class='ocrx_word' id='word_1_522' title='bbox 592 2844 822 2881; x_wconf 85' lang='lat' dir='ltr'>fundationis</span> <span class='ocrx_word' id='word_1_523' title='bbox 843 2845 969 2882; x_wconf 89' lang='lat' dir='ltr'>Sancti</span> <span class='ocrx_word' id='word_1_524' title='bbox 997 2846 1149 2883; x_wconf 80' lang='lat' dir='ltr'>Martini</span> <span class='ocrx_word' id='word_1_525' title='bbox 1179 2847 1227 2884; x_wconf 88' lang='lat' dir='ltr'>de</span> <span class='ocrx_word' id='word_1_526' title='bbox 1248 2848 1400 2896; x_wconf 88' lang='lat' dir='ltr'>Campis</span> <span class='ocrx_word' id='word_1_527' title='bbox 1417 2860 1437 2884; x_wconf 90' lang='lat' dir='ltr'>a</span> <span class='ocrx_word' id='word_1_528' title='bbox 1455 2848 1631 2897; x_wconf 86' lang='lat' dir='ltr'>Philippo</span> <span class='ocrx_word' id='word_1_529' title='bbox 1649 2848 1670 2885; x_wconf 94' lang='lat'>1</span> <span class='ocrx_word' id='word_1_530' title='bbox 1693 2860 1780 2897; x_wconf 85' lang='lat' dir='ltr'>rege</span> <span class='ocrx_word' id='word_1_531' title='bbox 1801 2848 1922 2892; x_wconf 80' lang='lat' dir='ltr'>factae,</span> <span class='ocrx_word' id='word_1_532' title='bbox 1951 2847 2021 2884; x_wconf 84' lang='lat' dir='ltr'>sub</span> <span class='ocrx_word' id='word_1_533' title='bbox 2043 2859 2182 2883; x_wconf 89' lang='lat' dir='ltr'>annum</span> <span class='ocrx_word' id='word_1_534' title='bbox 2202 2845 2343 2883; x_wconf 75' lang='lat' dir='ltr'>Christi</span> <span class='ocrx_word' id='word_1_535' title='bbox 2373 2846 2479 2882; x_wconf 68' lang='lat'><strong>«067.</strong></span> 
     </span>
     <span class='ocr_line' id='line_1_40' title="bbox 362 2903 2480 2959; baseline 0.001 -19"><span class='ocrx_word' id='word_1_536' title='bbox 362 2903 809 2943; x_wconf 82' lang='lat' dir='ltr'>Rainaldo&#39;Burchardus</span> <span class='ocrx_word' id='word_1_537' title='bbox 825 2908 861 2944; x_wconf 83' lang='lat'>11</span> <span class='ocrx_word' id='word_1_538' title='bbox 882 2909 1080 2955; x_wconf 90' lang='lat' dir='ltr'>successit,</span> <span class='ocrx_word' id='word_1_539' title='bbox 1108 2910 1195 2959; x_wconf 83' lang='lat' dir='ltr'>qui,</span> <span class='ocrx_word' id='word_1_540' title='bbox 1217 2922 1315 2947; x_wconf 89' lang='lat' dir='ltr'>anno</span> <span class='ocrx_word' id='word_1_541' title='bbox 1342 2912 1430 2949; x_wconf 69' lang='lat'><strong>⁴07⁴</strong></span> <span class='ocrx_word' id='word_1_542' title='bbox 1445 2939 1456 2956; x_wconf 92' lang='lat'>,</span> <span class='ocrx_word' id='word_1_543' title='bbox 1477 2910 1681 2947; x_wconf 83' lang='lat' dir='ltr'>claustrum</span> <span class='ocrx_word' id='word_1_544' title='bbox 1705 2910 1832 2949; x_wconf 87' lang='lat' dir='ltr'>Sancti</span> <span class='ocrx_word' id='word_1_545' title='bbox 1852 2910 2029 2959; x_wconf 87' lang='lat' dir='ltr'>Exuperii</span> <span class='ocrx_word' id='word_1_546' title='bbox 2051 2907 2345 2945; x_wconf 86' lang='lat' dir='ltr'>corboliensibus</span> <span class='ocrx_word' id='word_1_547' title='bbox 2369 2919 2480 2944; x_wconf 88' lang='lat' dir='ltr'>cano-</span> 
     </span>
    </p>
   </div>
   <div class='ocr_carea' id='block_1_5' title="bbox 283 2965 2481 3022">
    <p class='ocr_par' dir='ltr' id='par_1_5' title="bbox 283 2965 2481 3022">
     <span class='ocr_line' id='line_1_41' title="bbox 283 2965 2481 3022; baseline 0.002 -21"><span class='ocrx_word' id='word_1_548' title='bbox 283 3002 294 3009; x_wconf 64' lang='grc'>,</span> <span class='ocrx_word' id='word_1_549' title='bbox 362 2965 455 3002; x_wconf 90' lang='lat' dir='ltr'>uicis</span> <span class='ocrx_word' id='word_1_550' title='bbox 473 2968 665 3003; x_wconf 90' lang='lat' dir='ltr'>concessit.</span> <span class='ocrx_word' id='word_1_551' title='bbox 688 2968 735 3004; x_wconf 90' lang='lat' dir='ltr'>Et</span> <span class='ocrx_word' id='word_1_552' title='bbox 754 2968 818 3005; x_wconf 88' lang='lat' dir='ltr'>hic</span> <span class='ocrx_word' id='word_1_553' title='bbox 836 2969 952 3006; x_wconf 86' lang='lat' dir='ltr'>filium</span> <span class='ocrx_word' id='word_1_554' title='bbox 971 2970 1104 3007; x_wconf 86' lang='lat' dir='ltr'>habuit</span> <span class='ocrx_word' id='word_1_555' title='bbox 1121 2970 1313 3019; x_wconf 88' lang='lat' dir='ltr'>Odonem,</span> <span class='ocrx_word' id='word_1_556' title='bbox 1333 2980 1417 3021; x_wconf 88' lang='lat' dir='ltr'>post</span> <span class='ocrx_word' id='word_1_557' title='bbox 1434 2985 1472 3009; x_wconf 89' lang='lat' dir='ltr'>se</span> <span class='ocrx_word' id='word_1_558' title='bbox 1488 2984 1638 3022; x_wconf 87' lang='lat' dir='ltr'>quoque</span> <span class='ocrx_word' id='word_1_559' title='bbox 1653 2972 1823 3011; x_wconf 89' lang='lat' dir='ltr'>Corbolii</span> <span class='ocrx_word' id='word_1_560' title='bbox 1847 2972 1956 3009; x_wconf 89' lang='lat' dir='ltr'>castri</span> <span class='ocrx_word' id='word_1_561' title='bbox 1976 2972 2172 3018; x_wconf 89' lang='lat' dir='ltr'>comitem,</span> <span class='ocrx_word' id='word_1_562' title='bbox 2190 2970 2237 3007; x_wconf 87' lang='lat' dir='ltr'>de</span> <span class='ocrx_word' id='word_1_563' title='bbox 2255 2976 2331 3019; x_wconf 81' lang='lat' dir='ltr'>quo</span> <span class='ocrx_word' id='word_1_564' title='bbox 2349 2969 2481 3006; x_wconf 83' lang='lat' dir='ltr'>tabulae</span> 
     </span>
    </p>
   </div>
   <div class='ocr_carea' id='block_1_6' title="bbox 342 3027 2482 3518">
    <p class='ocr_par' dir='ltr' id='par_1_6' title="bbox 342 3027 2482 3518">
     <span class='ocr_line' id='line_1_42' title="bbox 361 3027 2479 3085; baseline 0.002 -22"><span class='ocrx_word' id='word_1_565' title='bbox 361 3027 486 3064; x_wconf 88' lang='lat' dir='ltr'>Sancti</span> <span class='ocrx_word' id='word_1_566' title='bbox 506 3029 659 3065; x_wconf 89' lang='lat' dir='ltr'>Martini</span> <span class='ocrx_word' id='word_1_567' title='bbox 680 3029 728 3065; x_wconf 87' lang='lat' dir='ltr'>de</span> <span class='ocrx_word' id='word_1_568' title='bbox 753 3031 904 3080; x_wconf 89' lang='lat' dir='ltr'>Campis</span> <span class='ocrx_word' id='word_1_569' title='bbox 922 3031 969 3068; x_wconf 87' lang='lat' dir='ltr'>ad</span> <span class='ocrx_word' id='word_1_570' title='bbox 987 3045 1126 3069; x_wconf 90' lang='lat' dir='ltr'>annum</span> <span class='ocrx_word' id='word_1_571' title='bbox 1146 3036 1252 3072; x_wconf 76' lang='lat'>⁴097.</span> <span class='ocrx_word' id='word_1_572' title='bbox 1275 3034 1479 3085; x_wconf 83' lang='lat' dir='ltr'>Refertque</span> <span class='ocrx_word' id='word_1_573' title='bbox 1496 3035 1703 3084; x_wconf 84' lang='lat' dir='ltr'>Suggerius</span> <span class='ocrx_word' id='word_1_574' title='bbox 1719 3037 1759 3072; x_wconf 92' lang='lat' dir='ltr'>in</span> <span class='ocrx_word' id='word_1_575' title='bbox 1782 3036 1871 3073; x_wconf 90' lang='lat' dir='ltr'>Vita</span> <span class='ocrx_word' id='word_1_576' title='bbox 1889 3034 2065 3071; x_wconf 86' lang='lat' dir='ltr'>Ludovici</span> <span class='ocrx_word' id='word_1_577' title='bbox 2090 3033 2242 3078; x_wconf 86' lang='lat' dir='ltr'>Grossi,</span> <span class='ocrx_word' id='word_1_578' title='bbox 2265 3033 2364 3069; x_wconf 87' lang='lat' dir='ltr'>hunc</span> <span class='ocrx_word' id='word_1_579' title='bbox 2380 3033 2479 3070; x_wconf 87' lang='lat' dir='ltr'>Gui-</span> 
     </span>
     <span class='ocr_line' id='line_1_43' title="bbox 361 3088 2482 3147; baseline 0.002 -21"><span class='ocrx_word' id='word_1_580' title='bbox 361 3088 470 3127; x_wconf 82' lang='lat' dir='ltr'>donis</span> <span class='ocrx_word' id='word_1_581' title='bbox 488 3089 608 3128; x_wconf 86' lang='lat' dir='ltr'>Rubei</span> <span class='ocrx_word' id='word_1_582' title='bbox 628 3092 842 3130; x_wconf 87' lang='lat' dir='ltr'>fratruelem</span> <span class='ocrx_word' id='word_1_583' title='bbox 861 3093 972 3131; x_wconf 84' lang='lat' dir='ltr'>fuisse</span> <span class='ocrx_word' id='word_1_584' title='bbox 979 3123 989 3140; x_wconf 89' lang='lat'>,</span> <span class='ocrx_word' id='word_1_585' title='bbox 1010 3108 1053 3132; x_wconf 84' lang='lat' dir='ltr'>ac</span> <span class='ocrx_word' id='word_1_586' title='bbox 1067 3095 1250 3145; x_wconf 89' lang='lat' dir='ltr'>Stephani</span> <span class='ocrx_word' id='word_1_587' title='bbox 1268 3098 1417 3134; x_wconf 84' lang='lat' dir='ltr'>comitis</span> <span class='ocrx_word' id='word_1_588' title='bbox 1431 3097 1556 3135; x_wconf 83' lang='lat' dir='ltr'>lancea</span> <span class='ocrx_word' id='word_1_589' title='bbox 1574 3110 1789 3147; x_wconf 89' lang='lat' dir='ltr'>percussum</span> <span class='ocrx_word' id='word_1_590' title='bbox 1808 3098 2007 3134; x_wconf 87' lang='lat' dir='ltr'>interiisse.</span> <span class='ocrx_word' id='word_1_591' title='bbox 2021 3098 2108 3144; x_wconf 88' lang='lat' dir='ltr'>Quo</span> <span class='ocrx_word' id='word_1_592' title='bbox 2124 3097 2243 3142; x_wconf 79' lang='lat' dir='ltr'>facto,</span> <span class='ocrx_word' id='word_1_593' title='bbox 2263 3097 2482 3143; x_wconf 84' lang='lat' dir='ltr'>consangui-</span> 
     </span>
     <span class='ocr_line' id='line_1_44' title="bbox 342 3150 2481 3207; baseline 0.003 -20"><span class='ocrx_word' id='word_1_594' title='bbox 342 3150 347 3154; x_wconf 76' lang='grc'><strong>”</strong></span> <span class='ocrx_word' id='word_1_595' title='bbox 363 3163 454 3188; x_wconf 85' lang='lat' dir='ltr'>neus</span> <span class='ocrx_word' id='word_1_596' title='bbox 469 3153 550 3200; x_wconf 88' lang='lat' dir='ltr'>ejus</span> <span class='ocrx_word' id='word_1_597' title='bbox 567 3153 680 3203; x_wconf 84' lang='lat' dir='ltr'>Hugo</span> <span class='ocrx_word' id='word_1_598' title='bbox 697 3156 948 3193; x_wconf 86' lang='lat' dir='ltr'>Creciacensis</span> <span class='ocrx_word' id='word_1_599' title='bbox 963 3156 1155 3196; x_wconf 84' lang='lat' dir='ltr'>Gnidonis</span> <span class='ocrx_word' id='word_1_600' title='bbox 1168 3158 1292 3196; x_wconf 84' lang='lat' dir='ltr'>Rubei</span> <span class='ocrx_word' id='word_1_601' title='bbox 1314 3159 1430 3205; x_wconf 83' lang='lat' dir='ltr'>lilius,</span> <span class='ocrx_word' id='word_1_602' title='bbox 1447 3175 1465 3195; x_wconf 73' lang='grc' dir='ltr'>ι</span> <span class='ocrx_word' id='word_1_603' title='bbox 1483 3160 1704 3198; x_wconf 88' lang='lat' dir='ltr'>Corbolium</span> <span class='ocrx_word' id='word_1_604' title='bbox 1716 3167 1891 3204; x_wconf 84' lang='lat' dir='ltr'>castrum,</span> <span class='ocrx_word' id='word_1_605' title='bbox 1906 3159 2013 3207; x_wconf 88' lang='lat' dir='ltr'>cujus</span> <span class='ocrx_word' id='word_1_606' title='bbox 2026 3171 2065 3196; x_wconf 86' lang='lat' dir='ltr'>se</span> <span class='ocrx_word' id='word_1_607' title='bbox 2081 3159 2256 3196; x_wconf 81' lang='lat' dir='ltr'>heredem</span> <span class='ocrx_word' id='word_1_608' title='bbox 2269 3158 2444 3207; x_wconf 82' lang='lat' dir='ltr'>jactabat.</span> <span class='ocrx_word' id='word_1_609' title='bbox 2464 3173 2481 3190; x_wconf 75' lang='grc' dir='ltr'><strong><em>υ</em></strong></span> 
     </span>
     <span class='ocr_line' id='line_1_45' title="bbox 364 3213 2481 3272; baseline 0.003 -23"><span class='ocrx_word' id='word_1_610' title='bbox 364 3213 702 3253; x_wconf 84' lang='lat' dir='ltr'>LudovicoGrosso</span> <span class='ocrx_word' id='word_1_611' title='bbox 717 3218 809 3266; x_wconf 86' lang='lat' dir='ltr'>regi,</span> <span class='ocrx_word' id='word_1_612' title='bbox 823 3218 994 3268; x_wconf 85' lang='lat' dir='ltr'>Philippi·</span> <span class='ocrx_word' id='word_1_613' title='bbox 1006 3219 1095 3266; x_wconf 82' lang='lat' dir='ltr'>filio,</span> <span class='ocrx_word' id='word_1_614' title='bbox 1110 3235 1128 3254; x_wconf 75' lang='grc' dir='ltr'>οι</span> <span class='ocrx_word' id='word_1_615' title='bbox 1138 3234 1223 3258; x_wconf 89' lang='lat' dir='ltr'>cum</span> <span class='ocrx_word' id='word_1_616' title='bbox 1241 3222 1417 3259; x_wconf 89' lang='lat' dir='ltr'>omnibus</span> <span class='ocrx_word' id='word_1_617' title='bbox 1428 3224 1609 3272; x_wconf 84' lang='lat' dir='ltr'>angariis,</span> <span class='ocrx_word' id='word_1_618' title='bbox 1629 3223 1742 3260; x_wconf 84' lang='lat' dir='ltr'>talliis</span> <span class='ocrx_word' id='word_1_619' title='bbox 1753 3229 1792 3259; x_wconf 86' lang='lat' dir='ltr'>et</span> <span class='ocrx_word' id='word_1_620' title='bbox 1806 3222 2097 3271; x_wconf 83' lang='lat' dir='ltr'>possessionibus</span> <span class='ocrx_word' id='word_1_621' title='bbox 2112 3222 2283 3269; x_wconf 85' lang='lat' dir='ltr'>abjurare</span> <span class='ocrx_word' id='word_1_622' title='bbox 2300 3237 2316 3255; x_wconf 67' lang='grc' dir='ltr'><strong><em>κ</em></strong></span> <span class='ocrx_word' id='word_1_623' title='bbox 2334 3227 2481 3257; x_wconf 88' lang='lat' dir='ltr'>coactus</span> 
     </span>
     <span class='ocr_line' id='line_1_46' title="bbox 361 3276 2482 3333; baseline 0.004 -22"><span class='ocrx_word' id='word_1_624' title='bbox 361 3282 429 3311; x_wconf 87' lang='lat' dir='ltr'>est.</span> <span class='ocrx_word' id='word_1_625' title='bbox 443 3276 614 3326; x_wconf 84' lang='lat' dir='ltr'>Denique</span> <span class='ocrx_word' id='word_1_626' title='bbox 626 3278 832 3316; x_wconf 86' lang='lat' dir='ltr'>Ludovicus</span> <span class='ocrx_word' id='word_1_627' title='bbox 844 3281 864 3316; x_wconf 89' lang='lat' dir='ltr'><strong>J</strong></span> <span class='ocrx_word' id='word_1_628' title='bbox 870 3281 993 3327; x_wconf 87' lang='lat' dir='ltr'>unior,</span> <span class='ocrx_word' id='word_1_629' title='bbox 1009 3282 1194 3320; x_wconf 82' lang='lat' dir='ltr'>Ludovico</span> <span class='ocrx_word' id='word_1_630' title='bbox 1205 3284 1347 3321; x_wconf 88' lang='lat' dir='ltr'>Grosso</span> <span class='ocrx_word' id='word_1_631' title='bbox 1365 3285 1440 3321; x_wconf 83' lang='lat' dir='ltr'>sive</span> <span class='ocrx_word' id='word_1_632' title='bbox 1457 3286 1612 3322; x_wconf 86' lang='lat' dir='ltr'>Seniore</span> <span class='ocrx_word' id='word_1_633' title='bbox 1631 3285 1792 3333; x_wconf 82' lang='lat' dir='ltr'>genitus,</span> <span class='ocrx_word' id='word_1_634' title='bbox 1808 3284 1932 3321; x_wconf 74' lang='lat' dir='ltr'>Adelae</span> <span class='ocrx_word' id='word_1_635' title='bbox 1946 3285 2054 3321; x_wconf 78' lang='lat' dir='ltr'>uxori</span> <span class='ocrx_word' id='word_1_636' title='bbox 2070 3289 2143 3321; x_wconf 77' lang='lat' dir='ltr'>suae</span> <span class='ocrx_word' id='word_1_637' title='bbox 2159 3291 2298 3320; x_wconf 87' lang='lat' dir='ltr'>terram</span> <span class='ocrx_word' id='word_1_638' title='bbox 2314 3282 2482 3320; x_wconf 79' lang='lat' dir='ltr'>Corbolii</span> 
     </span>
     <span class='ocr_line' id='line_1_47' title="bbox 361 3336 2480 3396; baseline 0.004 -23"><span class='ocrx_word' id='word_1_639' title='bbox 361 3336 521 3374; x_wconf 88' lang='lat' dir='ltr'>dotalitii</span> <span class='ocrx_word' id='word_1_640' title='bbox 534 3341 685 3377; x_wconf 89' lang='lat' dir='ltr'>nomine</span> <span class='ocrx_word' id='word_1_641' title='bbox 699 3342 863 3392; x_wconf 88' lang='lat' dir='ltr'>reliquit.</span> <span class='ocrx_word' id='word_1_642' title='bbox 880 3343 1023 3380; x_wconf 90' lang='lat' dir='ltr'>Dooent</span> <span class='ocrx_word' id='word_1_643' title='bbox 1034 3345 1136 3381; x_wconf 83' lang='lat' dir='ltr'>enim</span> <span class='ocrx_word' id='word_1_644' title='bbox 1148 3346 1220 3383; x_wconf 88' lang='lat' dir='ltr'>hoc</span> <span class='ocrx_word' id='word_1_645' title='bbox 1230 3346 1364 3384; x_wconf 80' lang='lat' dir='ltr'>litteroe</span> <span class='ocrx_word' id='word_1_646' title='bbox 1375 3347 1542 3396; x_wconf 88' lang='lat' dir='ltr'>Philippi</span> <span class='ocrx_word' id='word_1_647' title='bbox 1553 3348 1590 3384; x_wconf 93' lang='lat'>11</span> <span class='ocrx_word' id='word_1_648' title='bbox 1604 3348 1714 3396; x_wconf 85' lang='lat' dir='ltr'>regis,</span> <span class='ocrx_word' id='word_1_649' title='bbox 1734 3346 1857 3384; x_wconf 77' lang='lat' dir='ltr'>Adelae</span> <span class='ocrx_word' id='word_1_650' title='bbox 1871 3347 1952 3394; x_wconf 83' lang='lat' dir='ltr'>filii,</span> <span class='ocrx_word' id='word_1_651' title='bbox 1969 3346 2136 3384; x_wconf 79' lang='lat' dir='ltr'>Corbolii</span> <span class='ocrx_word' id='word_1_652' title='bbox 2149 3346 2242 3383; x_wconf 84' lang='lat' dir='ltr'>datae</span> <span class='ocrx_word' id='word_1_653' title='bbox 2255 3357 2354 3382; x_wconf 84' lang='lat' dir='ltr'>anno</span> <span class='ocrx_word' id='word_1_654' title='bbox 2373 3347 2480 3391; x_wconf 70' lang='lat'>⁴⁴80,</span> 
     </span>
     <span class='ocr_line' id='line_1_48' title="bbox 364 3399 2480 3458; baseline 0.004 -23"><span class='ocrx_word' id='word_1_655' title='bbox 364 3399 422 3436; x_wconf 87' lang='lat' dir='ltr'>his</span> <span class='ocrx_word' id='word_1_656' title='bbox 434 3399 555 3437; x_wconf 86' lang='lat' dir='ltr'>verbis</span> <span class='ocrx_word' id='word_1_657' title='bbox 571 3417 578 3437; x_wconf 79' lang='lat' dir='ltr'><strong><em>z</em></strong></span> <span class='ocrx_word' id='word_1_658' title='bbox 596 3416 614 3435; x_wconf 76' lang='grc' dir='ltr'><strong>α</strong></span> <span class='ocrx_word' id='word_1_659' title='bbox 631 3402 845 3453; x_wconf 87' lang='lat' dir='ltr'>Philippus,</span> <span class='ocrx_word' id='word_1_660' title='bbox 861 3405 929 3441; x_wconf 88' lang='lat' dir='ltr'>Dei</span> <span class='ocrx_word' id='word_1_661' title='bbox 947 3407 1063 3455; x_wconf 87' lang='lat' dir='ltr'>gratia</span> <span class='ocrx_word' id='word_1_662' title='bbox 1074 3408 1308 3446; x_wconf 85' lang='lat' dir='ltr'>Francorum</span> <span class='ocrx_word' id='word_1_663' title='bbox 1319 3422 1397 3455; x_wconf 85' lang='lat' dir='ltr'>rex,</span> <span class='ocrx_word' id='word_1_664' title='bbox 1411 3416 1481 3446; x_wconf 88' lang='lat' dir='ltr'>etc.</span> <span class='ocrx_word' id='word_1_665' title='bbox 1490 3409 1524 3446; x_wconf 82' lang='lat' dir='ltr'>N</span> <span class='ocrx_word' id='word_1_666' title='bbox 1527 3410 1672 3446; x_wconf 87' lang='lat' dir='ltr'>overint</span> <span class='ocrx_word' id='word_1_667' title='bbox 1681 3410 1844 3446; x_wconf 88' lang='lat' dir='ltr'>universi</span> <span class='ocrx_word' id='word_1_668' title='bbox 1855 3415 2049 3458; x_wconf 66' lang='lat' dir='ltr'>presentes</span> <span class='ocrx_word' id='word_1_669' title='bbox 2061 3415 2099 3446; x_wconf 87' lang='lat' dir='ltr'>et</span> <span class='ocrx_word' id='word_1_670' title='bbox 2109 3409 2242 3453; x_wconf 84' lang='lat' dir='ltr'>futuri,</span> <span class='ocrx_word' id='word_1_671' title='bbox 2257 3407 2359 3457; x_wconf 89' lang='lat' dir='ltr'>quod</span> <span class='ocrx_word' id='word_1_672' title='bbox 2372 3406 2480 3442; x_wconf 76' lang='lat' dir='ltr'>Adela</span> 
     </span>
     <span class='ocr_line' id='line_1_49' title="bbox 364 3463 2477 3518; baseline 0.003 -22"><span class='ocrx_word' id='word_1_673' title='bbox 364 3467 482 3498; x_wconf 85' lang='lat' dir='ltr'>mater</span> <span class='ocrx_word' id='word_1_674' title='bbox 499 3470 622 3499; x_wconf 88' lang='lat' dir='ltr'>nostra</span> <span class='ocrx_word' id='word_1_675' title='bbox 637 3463 727 3500; x_wconf 87' lang='lat' dir='ltr'>dum</span> <span class='ocrx_word' id='word_1_676' title='bbox 748 3472 885 3503; x_wconf 90' lang='lat' dir='ltr'>terram</span> <span class='ocrx_word' id='word_1_677' title='bbox 897 3467 1064 3505; x_wconf 85' lang='lat' dir='ltr'>Corbolii</span> <span class='ocrx_word' id='word_1_678' title='bbox 1080 3470 1232 3507; x_wconf 87' lang='lat' dir='ltr'>nomine</span> <span class='ocrx_word' id='word_1_679' title='bbox 1249 3476 1394 3507; x_wconf 87' lang='lat' dir='ltr'>teneret</span> <span class='ocrx_word' id='word_1_680' title='bbox 1410 3470 1594 3517; x_wconf 87' lang='lat' dir='ltr'>dotalitii,</span> <span class='ocrx_word' id='word_1_681' title='bbox 1611 3471 1724 3508; x_wconf 87' lang='lat' dir='ltr'>Petro</span> <span class='ocrx_word' id='word_1_682' title='bbox 1740 3470 1875 3508; x_wconf 84' lang='lat' dir='ltr'>clerico</span> <span class='ocrx_word' id='word_1_683' title='bbox 1893 3482 1960 3508; x_wconf 89' lang='lat' dir='ltr'>suo</span> <span class='ocrx_word' id='word_1_684' title='bbox 1978 3470 2077 3507; x_wconf 83' lang='lat' dir='ltr'>Beati</span> <span class='ocrx_word' id='word_1_685' title='bbox 2095 3468 2269 3518; x_wconf 82' lang='lat' dir='ltr'>Exuperii</span> <span class='ocrx_word' id='word_1_686' title='bbox 2288 3468 2477 3510; x_wconf 77' lang='lat' dir='ltr'>canonico,</span> 
     </span>
    </p>
   </div>
   <div class='ocr_carea' id='block_1_7' title="bbox 524 3533 2322 3572">
    <p class='ocr_par' dir='ltr' id='par_1_7' title="bbox 524 3533 2322 3572">
     <span class='ocr_line' id='line_1_50' title="bbox 524 3533 2322 3572; baseline 0.003 -6"><span class='ocrx_word' id='word_1_687' title='bbox 524 3539 537 3566; x_wconf 83' lang='lat'>1</span> <span class='ocrx_word' id='word_1_688' title='bbox 2296 3533 2322 3572; x_wconf 91' lang='grc'><strong>6</strong></span> 
     </span>
    </p>
   </div>
  </div>
 </body>
</html>
