2970 4152
847 411 965 459 CUM
999 411 1169 460 PETRI
1204 412 1518 460 ABAELARDI
1553 411 1983 462 SOLUTIONIBUS.
2379 415 2472 460 285

362 508 475 573 quia
499 506 566 554 ibi
583 505 669 553 fuit
684 522 770 571 per
787 515 859 552 tot
879 505 997 552 dies.
1022 507 1099 553 Sic
1116 517 1162 553 et
1174 523 1323 571 quum
1348 509 1534 553 Marcus
1558 506 1673 554 dixit
1697 525 1720 551 «
1741 507 1904 567 hodie,
1931 526 1954 551 υ
1983 507 2176 554 ncctem
2202 506 2343 552 etiam
2364 524 2474 554 cum

363 603 450 634 suo
482 586 559 633 die
590 584 972 651 comprehendit.
1006 586 1150 644 Quod
1183 603 1297 633 vero
1329 586 1570 649 adjunxit,
1610 587 1720 632 «in
1755 597 1898 634 nocte
1935 587 2047 648 hac,
2094 606 2116 631 »
2155 596 2347 632 noctem
2378 603 2476 632 non

365 677 574 731 tempus,
613 666 697 713 sed
727 665 1018 713 imminentis
1055 667 1208 713 noctis
1238 666 1571 713 adversitatem
1603 665 1735 712 dixit.
1772 669 1832 713 Ut
1863 684 1977 714 vero
2010 678 2211 730 utraque
2241 665 2480 713 solvamus

364 746 426 794 de
456 746 565 810 galli
594 755 735 793 cantu
765 745 917 804 dicta,
947 762 1186 810 ponamus
1209 747 1473 793 Dominum
1500 747 1564 793 ita
1595 755 1855 810 temperate
1886 750 2024 794 Petro
2050 746 2221 793 dixisse
2242 746 2397 810 prius,
2430 755 2480 792 ut

363 827 548 873 Marcus
573 824 734 883 refert,
762 834 1017 888 antequam
1044 824 1192 889 gallus
1216 824 1392 871 scilicet
1414 824 1488 871 bis
1519 841 1688 871 vocem
1721 824 1930 884 dederit,
1970 835 2016 871 et
2037 835 2223 889 postea,
2251 835 2480 888 tanquam

366 908 530 952 Petrus
547 904 863 952 constantiam
889 920 1024 951 suam
1048 905 1362 968 promitteret,
1388 904 1631 967 adjecisse,
1661 904 1794 968 quod
1821 905 1964 967 etiam
1988 904 2105 951 illud
2129 905 2317 964 faceret,
2346 914 2482 951 ante-

364 1001 511 1049 quam
529 983 677 1048 gallus
698 993 925 1030 cantaret.
949 986 1068 1030 Nam
1088 994 1135 1031 et
1159 986 1345 1030 Marcus
1363 986 1555 1030 Petrum
1580 985 1714 1047 quasi
1741 985 1942 1031 nimium
1970 984 2293 1032 confidentem
2315 986 2482 1049 saepius

364 1064 719 1112 verbisDomini
730 1064 865 1127 quasi
874 1063 1140 1127 procaciter
1148 1062 1474 1126 contradicere
1490 1074 1854 1124 commemorat,
1873 1064 2081 1112 dicens¹:
2105 1084 2129 1109 «
2148 1067 2310 1111 Petrus
2323 1073 2481 1111 autem

364 1146 429 1192 ait
457 1163 466 1191 ε
498 1131 522 1190 ξ(
543 1145 641 1192 Etsi
664 1160 832 1191 omnes
851 1142 1153 1190 scandalizati
1186 1142 1376 1202 fuerint,
1406 1142 1490 1189 sed
1516 1159 1613 1189 non
1640 1159 1748 1206 ego.
1773 1163 1797 1187 »
1821 1147 1879 1190 Et
1907 1145 1971 1191 ait
1993 1144 2058 1190 illi
2075 1148 2206 1191 Jesus
2236 1163 2245 1189 :
2279 1164 2301 1188 «
2333 1147 2480 1191 Amen

367 1243 391 1269 «
411 1223 521 1271 dico
540 1223 642 1283 tibi,
665 1223 776 1287 quia
797 1221 942 1269 hodie
966 1222 1015 1268 in
1035 1232 1177 1268 nocte
1197 1222 1305 1281 hac,
1332 1222 1607 1286 priusquam
1625 1222 1773 1286 gallus
1790 1223 1863 1269 bis
1889 1239 2058 1270 vocem
2074 1223 2279 1283 dederit,
2311 1234 2381 1270 ter
2405 1240 2482 1270 me

338 1366 341 1370 Ι
367 1324 390 1350 «
412 1321 461 1352 es
490 1314 759 1368 negaturus.
782 1321 806 1347 »
828 1305 886 1348 At
897 1301 976 1349 ille
991 1301 1196 1366 amplius
1210 1301 1495 1366 loquebatur
1518 1322 1527 1348 :
1553 1322 1575 1347 «
1595 1305 1650 1349 Et
1668 1303 1707 1348 si
1723 1304 1987 1367 oportuerit
2000 1319 2077 1350 me
2091 1303 2229 1350 simul
2248 1305 2482 1350 commori

367 1404 389 1429 «
414 1383 523 1444 tibi,
562 1400 662 1430 non
697 1393 742 1430 te
773 1381 975 1446 negabo.
1002 1401 1026 1427 »
1064 1383 1159 1440 Qui
1182 1383 1312 1447 prius
1349 1383 1530 1430 dixerat
1555 1399 1605 1430 se
1634 1399 1730 1429 non
1766 1399 1868 1430 esse
1892 1383 2337 1443 scandalizandum,
2372 1383 2480 1448 plus

363 1463 544 1528 aliquid
580 1479 710 1510 nunc
749 1461 903 1522 addit,
933 1461 1124 1522 dicens,
1158 1479 1207 1508 se
1239 1463 1380 1509 etiam
1414 1473 1632 1527 paratum
1665 1464 1899 1510 commori
1930 1473 2186 1528 antequam
2219 1473 2372 1528 neget.
2412 1464 2477 1509 Ad

363 1559 506 1606 quam
543 1542 776 1606 majorem
803 1558 898 1588 suae
925 1543 1201 1589 constantiae
1229 1543 1649 1607 praesumptionem
1682 1553 1728 1589 et
1760 1544 1861 1608 ipse
1896 1543 2131 1590 Dominus
2163 1543 2270 1607 plus
2303 1543 2479 1606 aliquid

363 1622 588 1685 adjecisse
606 1638 707 1668 non
725 1621 989 1686 incongrue
1016 1621 1241 1682 creditur,
1265 1622 1472 1670 diceudo
1491 1623 1684 1682 scilicet,
1714 1623 1846 1687 quod
1871 1624 2148 1688 priusquam
2170 1624 2311 1671 etiam
2335 1622 2482 1687 gallus

362 1712 542 1762 cantet,
566 1712 637 1749 ter
661 1702 718 1749 sit
748 1712 1026 1766 negaturus,
1063 1712 1115 1749 ut
1145 1702 1366 1749 diximus.
1399 1703 1492 1750 Sed
1516 1703 1634 1750 illud
1664 1703 1924 1768 plurimum
1963 1704 2235 1768 quaestionis
2262 1714 2478 1768 generat,

363 1782 495 1846 quod
527 1781 801 1845 negationes
837 1782 990 1840 Petri,
1023 1791 1071 1828 et
1107 1791 1301 1828 cantum
1331 1781 1438 1845 galli
1473 1785 1656 1829 Marcus
1690 1783 1756 1829 sic
1794 1783 2013 1843 ordinat,
2046 1793 2097 1831 ut
2134 1793 2244 1848 post
2279 1784 2482 1848 primam

362 1861 687 1925 negationem,
717 1860 866 1924 gallus
890 1861 1047 1925 primo
1073 1870 1308 1919 cantaret;
1346 1871 1392 1908 et
1418 1871 1526 1926 post
1555 1861 1673 1908 duas
1703 1862 1838 1921 alias,
1872 1862 2110 1923 secundo;
2141 1879 2197 1909 ex
2229 1879 2326 1927 quo
2351 1862 2483 1909 vide·

362 1949 439 1987 tur
470 1956 774 2004 nequaquam
799 1956 939 2004 posse
963 1950 1109 2000 stare,
1136 1939 1295 2004 quod,
1331 1941 1450 1987 sicut
1484 1940 1648 1988 dicunt
1678 1942 1831 1988 caeteri
1863 1941 2192 2006 Evangelistae‚
2222 1945 2388 1988 Petrus
2412 1951 2484 1988 ter

362 2031 580 2084 negaret,
609 2030 864 2085 antequam
893 2020 1043 2084 gallus
1070 2030 1307 2079 cantaret;
1337 2021 1426 2067 nisi
1455 2021 1575 2068 forte
1601 2022 1649 2068 in
1675 2021 1829 2068 verbis
1857 2039 2051 2086 quoque
2075 2023 2286 2087 ipsorum
2311 2021 2483 2068 subau-

363 2099 520 2147 diatur
547 2120 570 2145 «
599 2101 696 2160 bis,
731 2119 752 2144 »
778 2100 1119 2165 quodMarcus
1150 2100 1380 2165 ponendo
1409 2100 1793 2148 subaudiendum
1816 2102 1996 2162 innuit,
2022 2112 2068 2149 et
2092 2101 2225 2166 quod
2249 2103 2478 2149 Dominus

363 2179 698 2227 tantummodo
724 2179 907 2227 dixerit.
939 2182 1099 2237 Quum
1125 2181 1253 2227 enim
1279 2180 1456 2245 aliquid
1480 2197 1578 2227 uno
1607 2180 1715 2228 loco
1744 2182 1890 2245 magis
1919 2181 2232 2228 determinate
2263 2198 2406 2246 quam
2433 2182 2476 2227 in

362 2259 454 2306 alio
481 2255 668 2319 dicitur,
694 2276 816 2325 saepe
835 2259 1282 2307 determinationem
1308 2260 1549 2307 subaudiri
1577 2270 1790 2326 oportet,
1820 2260 1902 2307 ubi
1927 2262 2068 2308 etiam
2094 2261 2195 2325 ipsa
2219 2278 2318 2308 non
2341 2261 2476 2325 poni-

362 2350 454 2398 tur,
482 2340 558 2387 vel
582 2340 715 2404 quod
733 2340 844 2388 alibi
868 2350 939 2388 est
966 2351 1216 2406 exceptum
1232 2377 1244 2399 ,
1279 2341 1528 2405 diligenter
1553 2341 1883 2389 annotandum
1899 2378 1911 2402 ,
1940 2359 2001 2389 ne
2026 2342 2199 2389 falsitas
2223 2340 2478 2389 confundat

363 2435 572 2466 sensum.
605 2420 748 2476 Quod
778 2436 865 2466 nec
886 2419 1016 2483 ipsos
1040 2421 1180 2467 etiam
1210 2420 1322 2467 latet
1350 2421 1583 2468 infideles.
1619 2422 1757 2469 Unde
1789 2439 1898 2469 cum
1929 2421 2099 2469 Judaeis
2134 2435 2478 2485 nonnunquam

364 2499 680 2563 opponimus*
707 2516 716 2544 ε
753 2517 775 2542 «
804 2498 873 2544 Ad
900 2515 1093 2545 usuram
1126 2516 1224 2546 non
1254 2501 1719 2561 accommodaveris,
1749 2521 1771 2545 »
1808 2511 2036 2565 tanquam
2064 2518 2153 2549 nec
2176 2501 2315 2548 nobis
2340 2499 2475 2548 etiam

364 2577 598 2623 foenerare
623 2575 853 2636 debeant;
880 2576 1069 2637 dicunt,
1105 2597 1129 2622 «
1156 2579 1377 2643 proximo
1399 2589 1500 2637 tuo,
1538 2598 1560 2622 »
1588 2579 2038 2643 subintelligendum
2066 2597 2189 2639 esse,
2216 2578 2345 2644 quod
2368 2577 2476 2623 alibi

354 2656 530 2720 >legitur
557 2655 925 2702 determinatum
950 2672 1066 2703 esse.
1087 2656 1180 2703 Sed
1197 2666 1244 2703 et
1259 2674 1406 2720 quum
1433 2658 1603 2703 veritas
1627 2657 1800 2705 habeat
1819 2658 2099 2722 Evangelica
2117 2661 2130 2683 ⁸
2157 2677 2166 2704 ε
2200 2678 2223 2702 «
2253 2657 2346 2704 Nisi
2370 2657 2475 2720 quis

362 2745 552 2783 renatus
571 2735 709 2782 fuerit
733 2751 790 2782 ex
812 2751 934 2799 aqua
949 2771 961 2795 ,
985 2745 1032 2782 et
1054 2736 1228 2801 Spiritu
1250 2746 1436 2794 sancto,
1467 2753 1564 2783 non
1595 2747 1751 2801 potest
1775 2738 1972 2784 introire
2001 2738 2048 2784 in
2076 2753 2272 2801 regnum
2302 2737 2412 2794 Dei,
2450 2756 2471 2779 »

363 2814 813 2879 subintelligendum
832 2825 919 2875 est,
948 2814 1023 2862 vel
1042 2832 1126 2862 sua
1150 2816 1370 2880 passione
1394 2815 1726 2875 sanctificatus,
1744 2834 1895 2881 quum
1918 2817 2028 2864 alibi
2053 2818 2250 2882 quoque'
2272 2815 2332 2863 de
2356 2832 2476 2862 mar-

364 2895 545 2959 tyribus
579 2884 848 2958 generalem
877 2894 1136 2943 habeamus
1170 2896 1474 2956 sententiam,
1511 2897 1720 2943 Domino
1755 2897 2001 2944 dicente⁴z
2042 2917 2064 2942 «
2099 2899 2192 2955 Qui
2215 2895 2475 2960 perdiderit

365 2975 571 3023 animam
589 2991 723 3021 suam
742 2984 940 3039 propter
956 2991 1049 3035 me,
1065 2976 1274 3023 inveniet
1292 2993 1414 3024 eam.
1441 2995 1464 3020 »
1487 2977 1772 3040 Augustinus
1793 2994 1923 3037 vero,
1952 2976 2034 3024 lib.
2066 2980 2125 3023 lll
2150 2976 2208 3022 de
2241 2978 2477 3022 Consensu

367 3055 808 3120 Evangelelrtamm⁵,
842 3054 968 3101 hanc
1001 3055 1321 3103 diversitatem
1349 3056 1410 3103 de
1441 3056 1693 3120 negatione
1727 3058 1851 3103 Petri
1885 3058 1947 3104 ita
1983 3056 2216 3115 dissolvit,
2260 3066 2311 3102 ut
2345 3055 2477 3120 quod

363 3137 548 3182 Marcus
567 3135 656 3194 ait,
689 3133 750 3181 ad
774 3133 1092 3199 prolationem
1113 3135 1244 3183 vocis
1268 3136 1438 3184 referat
1462 3137 1701 3199 negantis;
1732 3135 1860 3199 quod
1888 3137 2041 3183 caeteri
2063 3135 2252 3194 dicunt,
2283 3133 2344 3181 ad
2369 3151 2479 3200 pro-

365 3216 571 3278 positum
601 3215 745 3262 animi
766 3214 865 3277 jam
886 3221 1015 3262 tanta
1039 3215 1292 3264 formidine
1313 3217 1546 3282 percussi,
1574 3226 1715 3280 atque
1740 3216 2001 3280 perturbati
2034 3235 2044 3263 :
2077 3226 2127 3263 ut
2150 3225 2340 3281 paratus
2357 3212 2478 3263 esset

409 3420 419 3437 ¹
446 3421 577 3464 Manli„
593 3433 666 3466 cap.
682 3433 778 3462 xxvi,
795 3432 825 3454 v.
844 3422 897 3455 34.
914 3439 952 3446 -
969 3420 981 3438 ¹
999 3422 1135 3467 Ezech„
1151 3434 1225 3469 cap.
1244 3437 1320 3460 xvni
1333 3452 1341 3468 ,
1356 3437 1387 3460 ν.
1404 3428 1438 3460 8.
1454 3443 1493 3451 -—
1506 3426 1518 3444 ³
1531 3426 1642 3466 Joan.,
1659 3435 1732 3468 cap.
1751 3435 1806 3467 ιιι,
1830 3435 1861 3458 v.
1881 3426 1914 3458 3.
1927 3443 1967 3450 —-
1986 3424 2000 3443 ⁴
2015 3425 2144 3467 Mania„
2161 3435 2236 3468 cap.
2258 3436 2296 3465 x,
2317 3435 2347 3458 v.
2372 3426 2425 3458 39.
2442 3443 2478 3448 -

368 3478 380 3495 ⁵
396 3479 475 3523 Cap.
491 3491 523 3514 xi
535 3506 544 3524 ,
560 3481 642 3523 Opp.
657 3488 682 3514 t.
699 3480 765 3522 ΠΙ,
786 3487 871 3524 part.
890 3481 938 3522 ΙΙ,
953 3481 1018 3516 col.
1035 3482 1090 3516 101
1111 3490 1144 3517 et
1159 3495 1210 3527 sq.
