2970 4152
531 444 625 491 390
1333 440 1505 489 PETRI
1540 441 1852 490 ABAELARDI

900 708 976 764 [N
1022 707 1617 770 PURIFICATIONE
1663 708 1962 767 SANCTAE
2005 707 2290 767 MARIAE.

1475 907 1622 938 SERMO
1657 908 1683 935 V
1694 926 1705 936 .

597 1046 619 1069 «
641 1028 803 1084 Quum
820 1042 1029 1073 essemus
1044 1026 1258 1091 parvuli,
1278 1046 1300 1071 ))
1321 1027 1573 1093 Apostolus
1592 1027 1693 1087 ait¹,
1724 1046 1746 1071 «
1768 1025 1857 1073 sub
1884 1025 2130 1075 elementis
2154 1025 2324 1074 mundi
2349 1042 2537 1074 eramus
2561 1033 2657 1075 ser-

529 1108 723 1154 vientes.
760 1109 816 1154 At
842 1106 925 1154 ubi
955 1107 1084 1154 venit
1110 1106 1360 1173 plenitudo
1394 1108 1646 1173 temporiS,
1684 1107 1811 1154 misit
1843 1110 1972 1155 Deus
2008 1106 2160 1154 filium
2191 1123 2357 1165 suum,
2393 1107 2570 1154 factum
2600 1123 2656 1155 ex

528 1187 749 1248 muliere,
779 1187 956 1235 factum
981 1187 1069 1235 sub
1092 1187 1219 1253 lege3
1252 1198 1305 1235 ut
1333 1205 1415 1235 eos
1440 1189 1523 1253 qui
1548 1188 1637 1235 sub
1661 1187 1763 1253 lege
1794 1197 1929 1235 erant
1952 1187 2231 1247 redimeret,
2266 1197 2318 1234 ut
2346 1186 2657 1252 adoptionem

526 1268 736 1316 filiorum
769 1269 1106 1335 reciperemus,
1148 1270 1387 1327 Quoniam
1425 1279 1586 1317 autem
1621 1270 1731 1317 estis
1765 1269 1850 1316 filii
1880 1269 1991 1331 Dei,
2026 1270 2152 1317 misit
2175 1272 2304 1317 Deus
2331 1269 2550 1334 spiritum
2573 1268 2659 1316 filii

523 1351 598 1399 sui
615 1351 663 1397 in
684 1350 832 1398 corda
850 1361 1013 1398 nostra
1034 1351 1320 1398 clamantem
1337 1369 1347 1397 ε
1363 1350 1509 1409 Abba,
1533 1362 1684 1416 pater.
1708 1355 1872 1416 Itaque
1886 1351 1986 1415 jam
2003 1367 2103 1398 non
2122 1361 2193 1399 est
2208 1367 2388 1410 servus,
2412 1349 2498 1397 sed
2513 1349 2653 1397 filius.

525 1430 669 1489 Quod
693 1431 733 1478 si
756 1430 903 1492 filius,
924 1441 971 1479 et
986 1431 1135 1479 haeres
1158 1447 1244 1497 per
1266 1434 1438 1479 Deum.
1461 1451 1485 1475 »
1514 1434 1703 1490 Quanta
1725 1431 2018 1498 perfectione
2037 1431 2265 1479 doctrinae
2285 1432 2462 1497 pariter
2484 1440 2531 1479 et
2553 1431 2659 1478 vitae

525 1512 769 1559 christiani
789 1512 996 1560 debeant
1012 1514 1314 1579 praeminere,
1345 1530 1552 1578 praesens
1575 1514 1826 1579 Scripturae
1847 1513 1982 1560 locus
2006 1523 2222 1578 patenter
2245 1513 2475 1572 insinuat,
2503 1512 2658 1577 pleni-

525 1593 742 1641 tudinem
782 1594 1010 1659 temporis
1040 1595 1197 1659 gratiae
1237 1593 1298 1641 ab
1328 1594 1688 1660 imperfectione
1719 1593 2093 1660 praecedentium
2124 1603 2400 1658 temporum
2431 1601 2479 1639 et
2508 1590 2661 1658 perfe-

525 1676 734 1724 ctionem
754 1674 995 1740 Evangelii
1025 1674 1086 1722 ab
1113 1674 1420 1722 inchoatione
1446 1674 1741 1740 distinguens
1770 1675 1903 1740 legis.
1931 1694 1954 1720 «
1976 1677 2139 1733 Quum
2171 1690 2404 1735 essemus,
2427 1692 2450 1718 υ
2478 1673 2655 1738 inquit,

529 1757 784 1821 «parvuli,
826 1767 914 1804 etc,
948 1776 971 1801 »
999 1760 1116 1804 Tota
1147 1756 1247 1804 haec
1277 1757 1476 1823 epistola
1506 1774 1611 1822 quae
1641 1757 1818 1805 Galatis
1855 1758 2028 1823 scripta
2059 1767 2155 1817 est,
2191 1756 2253 1804 ad
2284 1773 2367 1803 eos
2397 1755 2662 1820 specialiter

524 1836 749 1898 intendit,
773 1838 855 1902 qui
874 1838 935 1885 de
960 1837 1202 1901 judaismo
1219 1839 1455 1898 conversi,
1477 1838 1732 1904 pristinum
1757 1854 1881 1885 onus
1905 1838 2027 1902 legis
2038 1837 2267 1884 reducere
2284 1835 2658 1900 volebantfnon

526 1916 805 1965 arbitrantes
845 1917 1060 1965 sufficere
1093 1918 1155 1964 ad
1185 1918 1387 1965 salutem
1417 1919 1698 1981 evangelicae
1734 1918 1964 1965 doctrinae
1994 1916 2352 1982 perfectionem.
2392 1917 2576 1975 Quibus
2608 1935 2660 1967 se

526 2015 881 2047 connumerans
906 1998 1159 2064 Apostolus
1181 2008 1412 2063 tanquam
1437 1998 1652 2046 similiter
1680 2015 1940 2047 conversus
1959 2000 2022 2046 ait
2042 2017 2051 2045 :
2085 2019 2108 2044 «
2129 2001 2291 2057 Quum
2318 2015 2527 2046 essemus
2554 2014 2661 2064 par-

527 2079 646 2139 vuli,
668 2089 758 2127 etc.
777 2098 801 2125 »
831 2083 1027 2126 Constat
1050 2079 1299 2144 parvulos,
1322 2096 1474 2143 quum
1499 2079 1561 2127 ad
1586 2079 1885 2145 disciplinam
1908 2080 2171 2127 litterarum
2192 2079 2507 2145 applicantur,
2530 2080 2661 2144 prius

524 2161 797 2209 litteralium
831 2160 1177 2208 elementorum
1214 2160 1390 2226 figuras
1418 2160 1494 2208 vel
1527 2161 1943 2226 pronuntiationes
1977 2160 2245 2220 addiscere,
2279 2174 2424 2224 quam
2456 2159 2662 2224 integras

526 2242 766 2289 orationes
782 2241 970 2289 valeant
988 2241 1208 2288 formare.
1236 2241 1484 2288 Elementa
1507 2241 1667 2305 itaque
1691 2241 1859 2288 mundi
1884 2240 1979 2288 hoc
2003 2240 2112 2288 loco
2138 2240 2364 2288 dicuntur
2386 2239 2663 2304 imperfecta

526 2323 816 2370 documenta
845 2323 983 2388 legis,
1006 2340 1111 2388 quae
1130 2322 1308 2370 carnali
1331 2322 1514 2388 populo
1540 2332 1587 2370 et
1611 2321 1903 2369 amatoribus
1930 2321 2123 2382 mundi,
2151 2331 2249 2368 tam
2273 2320 2491 2367 doctrina
2515 2337 2661 2385 quam

526 2405 620 2452 vita
642 2403 874 2470 parvuliS,
909 2405 1068 2470 primo
1095 2421 1182 2470 per
1200 2406 1415 2468 Moysem
1437 2404 1532 2451 lata
1555 2414 1641 2451 est.
1679 2407 1740 2450 Ut
1763 2404 1892 2450 enim
1917 2403 1979 2450 ad
2007 2402 2232 2450 Hebraeos
2259 2402 2390 2450 idem
2408 2402 2663 2467 Apostolus

526 2483 743 2532 scribit²t
778 2503 802 2530 «
829 2484 956 2531 Nihil
986 2485 1048 2532 ad
1081 2485 1347 2551 perfectum
1378 2484 1575 2532 adduxit
1598 2484 1700 2544 lex,
1723 2502 1745 2528 »
1783 2483 1868 2531 sed
1901 2482 2035 2548 quod
2066 2483 2190 2530 illius
2221 2483 2569 2548 imperfectioni
2601 2483 2663 2530 ad

526 2565 990 2613 consummationem
1017 2566 1205 2630 justitiae
1234 2566 1406 2625 defuit,
1443 2564 1736 2613 abundantia
1766 2564 2003 2630 supplevit
2033 2563 2290 2628 Evangelii.
2320 2563 2460 2610 Unde
2490 2573 2538 2611 et
2567 2567 2662 2611 No-

526 2664 641 2695 vum
675 2650 1032 2695 Testamentum
1067 2647 1310 2715 discipulis
1344 2648 1581 2695 Dominus
1619 2646 1866 2694 tradens³z
1900 2647 2040 2694 «Nisi
2065 2644 2402 2705 abundaverit,
2424 2664 2448 2688 »
2481 2645 2657 2710 inquit,

529 2752 550 2775 «
570 2730 750 2793 justitia
765 2740 941 2791 vestra,
961 2741 1050 2778 etc.
1064 2750 1086 2775 >a
1105 2733 1232 2778 Bene
1252 2731 1395 2778 etiam
1414 2718 1703 2777 documenta
1727 2727 1840 2793 legis
1861 2728 1972 2775 rudi
1993 2726 2175 2793 populo
2193 2726 2324 2786 data,
2346 2725 2511 2773 litteris
2530 2741 2663 2773 com-

524 2819 754 2874 parantur
773 2811 933 2876 potius
953 2797 1099 2876 quam
1116 2810 1405 2859 dictionibus
1428 2811 1503 2859 vel
1519 2810 1831 2858 orationibus.
1855 2810 2038 2856 Litterae
2054 2809 2232 2874 quippe
2250 2817 2414 2855 carent
2431 2805 2663 2872 significa,-

527 2891 673 2938 tione.
692 2894 750 2938 Et
768 2891 1033 2939 intellectus
1057 2891 1172 2956 legis
1190 2890 1419 2956 tanquani
1442 2891 1605 2938 litterae
1634 2890 1893 2938 occidentis
1915 2889 2124 2953 mysticis
2147 2887 2461 2936 obumbratus
2484 2887 2659 2948 verbiS,

527 2971 634 3019 rudi
648 2972 714 3020 illi
728 2973 911 3039 populo
925 2990 1027 3020 non
1039 2974 1208 3038 patuit.
1229 2973 1387 3021 Verba
1404 2975 1564 3038 itaque
1588 2972 1703 3037 legis
1722 2972 1856 3036 quasi
1878 2971 2056 3019 litteras
2074 2970 2222 3018 Judaei
2239 2969 2534 3028 habuerunt,
2551 2970 2663 3034 quia

529 3050 579 3096 in
604 3053 670 3099 eis
694 3052 926 3118 spiritales
959 3063 1006 3101 et
1029 3053 1254 3118 mysticos
1279 3070 1446 3100 sensus
1468 3070 1567 3100 non
1590 3051 1943 3111 intellexerunt,
1971 3053 2021 3098 in
2043 3051 2216 3116 quibus
2234 3051 2470 3116 praecipue
2489 3048 2663 3121 utilitas

530 3132 744 3179 consistit
780 3132 1113 3199 intelligentiae.
1144 3136 1261 3191 Quae
1287 3133 1484 3198 quidem
1509 3132 1729 3198 spiritalis
1753 3131 2061 3196 intelligentia
2087 3131 2202 3196 legis
2231 3131 2421 3196 spiritus
2455 3130 2559 3176 vitae
2594 3139 2664 3177 est

532 3208 581 3256 in
614 3211 750 3270 rotiS,
786 3213 885 3260 sine
918 3230 1012 3278 qua
1041 3214 1116 3262 lex
1139 3215 1242 3280 ipsa
1265 3213 1429 3261 litterae
1460 3222 1765 3278 comparatur
1801 3212 2054 3260 occidenti.
2089 3212 2183 3270 Qui
2214 3212 2343 3259 enim
2374 3209 2478 3258 solo
2501 3210 2665 3257 litterae

534 3306 674 3336 sensu
697 3294 908 3339 contenti
934 3304 1066 3354 sunt,
1093 3304 1140 3342 et
1157 3295 1206 3342 in
1225 3295 1321 3342 hoc
1341 3293 1530 3358 justitiae
1555 3293 1702 3340 finem
1728 3292 1816 3339 sibi
1840 3293 2157 3351 constituunt,
2180 3293 2331 3357 ipsam
2352 3290 2440 3337 sibi
2460 3290 2664 3337 litteram

534 3371 581 3417 in
614 3382 820 3420 mortem
853 3386 1152 3424 convertunt.
1183 3379 1244 3423 Ut
1276 3376 1405 3424 enim
1428 3374 1596 3423 beatus
1621 3374 1838 3422 meminit
1861 3375 2211 3438 Hieronymus:
2246 3393 2269 3418 «
2298 3372 2482 3419 Timere
2507 3386 2666 3418 servo-

579 3548 586 3562 ¹
616 3547 737 3586 Galen,
756 3557 828 3590 cap.
851 3558 894 3589 ιν,
916 3559 944 3581 v.
965 3550 996 3580 3.
1019 3568 1049 3572 -
1072 3548 1084 3564 ²
1101 3550 1213 3589 Hehr„
1231 3560 1305 3593 cap.
1321 3561 1431 3591 vum.
1456 3551 1507 3583 19.
1529 3568 1565 3574 -
1584 3549 1596 3566 ³
1613 3548 1741 3587 Matth„
1758 3557 1832 3591 cap.
1847 3558 1878 3587 v,
1897 3558 1926 3579 v.
1946 3548 1999 3579 20.
