2970 4152
744 404 803 453 IN
837 401 1236 452 ASSUMPTIONE
1270 401 1483 450 BEATAE
1515 401 1724 450 MARlAE
1756 400 1971 449 SERMO.
2327 398 2420 446 527

307 499 459 547 Adam
494 497 768 563 deceptum.
805 500 894 544 Per
926 496 1130 545 totidem
1157 497 1302 543 etiam
1331 497 1538 562 reparati
1560 513 1742 544 sumus.
1779 498 1908 542 Dum
1930 491 2100 557 angelo
2123 489 2185 538 ad
2206 507 2255 538 se
2276 492 2422 538 misso

222 573 224 576 ’
305 579 454 626 Maria
468 577 689 637 credidit,
708 577 830 625 sicut
845 576 1041 625 diabolo
1057 580 1158 624 Eva
1172 576 1438 636 consensit,
1464 576 1618 624 Adam
1633 592 1788 623 novus
1810 576 1860 622 in
1883 574 2014 638 ligno
2031 571 2185 620 crucis
2201 570 2420 629 redemit,

305 669 353 706 et
375 658 437 707 de
458 658 589 724 ligno
612 657 729 722 ligni
750 656 930 706 damna
950 657 1208 723 reparavit,
1234 666 1282 704 et
1303 657 1435 705 noxii
1455 657 1589 722 pomi
1614 655 1885 703 lethiferum
1912 663 2102 718 gustum
2123 652 2260 720 quasi
2280 651 2426 698 medi-

305 740 493 787 camine
525 737 740 804 quodam
775 737 982 797 curavit;
1024 737 1255 785 fructibus
1290 736 1380 785 illis
1409 736 1471 785 de
1499 736 1673 797 arbore
1695 737 1848 783 crucis
1871 734 2146 800 assumptis,
2169 732 2230 780 de
2251 731 2426 797 quibus

304 819 507 884 ipsemet
521 819 608 867 ait¹
626 836 637 865 :
657 836 681 863 «
698 816 967 865 Ascendam
988 817 1039 865 in
1060 817 1291 883 palmam,
1308 827 1356 866 et
1374 816 1737 883 apprehendam
1758 816 1940 863 fructus
1962 815 2078 879 ejus.
2100 834 2123 858 »
2145 812 2274 871 Quid
2296 813 2425 859 enim

304 916 391 965 per
411 898 646 966 palmam,
678 913 776 963 qua
795 898 997 946 victoria
1017 898 1316 962 designatur,
1341 899 1435 946 nisi
1456 915 1573 946 crux
1594 897 1839 945 dominica
1861 895 2175 961 significatur,
2203 910 2299 958 qua
2326 894 2426 958 ipse

305 980 555 1044 diabolum
587 978 902 1045 triumphavit
916 1015 928 1038 ,
968 987 1016 1026 et
1043 980 1093 1026 in
1125 996 1183 1028 ea
1208 988 1426 1027 nostram
1464 979 1850 1044 redemptionem
1883 994 2088 1044 operans
2106 1013 2118 1036 ‚
2149 991 2206 1024 ea
2232 991 2337 1040 quae
2365 975 2426 1021 ad

303 1061 507 1110 salutem
527 1069 743 1108 nostram
763 1058 1007 1124 pertinent
1029 1060 1410 1108 consummavit?
1435 1059 1575 1107 Unde
1597 1069 1645 1107 et
1666 1059 1886 1125 expirans
1909 1060 1999 1107 ait’
2025 1077 2035 1106 :
2067 1078 2091 1103 «
2117 1060 2427 1104 Consumma-

304 1150 409 1187 tum
441 1148 531 1199 est,
555 1157 579 1183 »
615 1137 713 1186 hoc
743 1147 839 1197 est,
863 1131 1161 1202 completum
1180 1137 1405 1186 humanae
1436 1137 1601 1186 salutis
1635 1138 2057 1186 medicamentum.
2092 1139 2201 1195 Quo
2230 1134 2428 1200 quidem

305 1218 622 1268 medicamine
656 1218 770 1284 ipsae
803 1217 975 1266 animae
1005 1228 1181 1266 nostrae
1210 1218 1411 1267 morbos
1436 1234 1605 1267 curare
1636 1217 1885 1283 dignetur,
1910 1219 1993 1283 qui
2019 1234 2070 1266 se
2090 1234 2258 1266 verum
2280 1214 2429 1263 medi-

304 1315 417 1347 cum
436 1297 652 1364 quodam
672 1297 784 1345 loco
804 1295 1057 1363 profitenS,
1083 1298 1171 1346 ait³
1196 1316 1207 1346 :
1237 1318 1261 1344 «
1280 1301 1387 1346 Non
1410 1308 1482 1347 est
1503 1315 1626 1365 opus
1643 1297 1912 1346 valentibus
1935 1297 2172 1356 medicus,
2194 1296 2278 1344 sed
2304 1294 2428 1343 male

303 1378 612 1428 habentibus.
629 1397 654 1423 »
690 1376 836 1437 Quod
865 1377 980 1444 quia
1011 1378 1188 1427 nostris
1221 1378 1441 1427 obtinere
1471 1378 1651 1427 meritis
1681 1393 1989 1443 nequaquam
2018 1376 2301 1435 sufficimus,
2327 1377 2430 1440 ipsa

304 1459 404 1524 ejus
418 1459 620 1525 genitrix
639 1458 737 1507 hoc
756 1457 900 1507 nobis
920 1458 1162 1525 impetret,
1187 1476 1294 1525 quae
1314 1476 1427 1509 eum
1448 1459 1628 1508 adhoc
1650 1459 1836 1524 genuit,
1860 1468 1914 1506 ut
1934 1457 2030 1505 hoc
2051 1458 2152 1522 ipse
2173 1456 2315 1504 nobis
2336 1473 2431 1503 me·

305 1538 633 1588 dicamentum
662 1538 872 1588 afferret.
904 1537 1046 1587 Unde
1076 1547 1124 1588 et
1154 1539 1373 1589 Salvator
1392 1539 1523 1588 solus
1549 1539 1745 1606 proprie
1776 1547 2107 1604 nuncupatur;
2131 1536 2250 1596 hoc,
2281 1546 2335 1583 ut
2365 1537 2429 1583 ait

305 1619 599 1686 Apostolus⁸,
629 1636 811 1669 nomen
834 1619 969 1686 quod
990 1629 1062 1669 est
1088 1636 1233 1687 super
1266 1638 1413 1670 omne
1447 1637 1628 1670 nomen
1659 1629 1796 1687 patre
1824 1620 1915 1686 ipsi
1941 1619 2173 1679 donante,
2198 1635 2310 1667 cum
2331 1634 2428 1683 quo

305 1702 422 1749 vivit
453 1711 502 1750 et
533 1709 702 1768 regnat
731 1701 782 1750 in
815 1700 1000 1751 unitate
1024 1701 1228 1768 Spiritus
1260 1703 1414 1752 sancti
1441 1705 1569 1752 Deus
1598 1719 1686 1769 per
1714 1701 1900 1751 infinita
1928 1700 2210 1750 saeculorum
2239 1698 2424 1748 saecula.

305 1782 472 1829 Amen.

1165 2237 1563 2301 EXPOSITIO

815 2383 876 2429 m
905 2383 1251 2431 EVANGELIGA
1281 2385 1547 2433 LEc'rloNE
1576 2385 1753 2433 11>sms
1781 2386 1911 2433 mm.

373 2546 397 2573 «
426 2530 625 2578 Intravit
645 2532 778 2579 Jesus
803 2531 853 2579 in
878 2532 1128 2598 quoddam
1148 2534 1437 2583 castellum⁶.
1463 2555 1489 2581 »
1514 2534 1772 2584 Castellum
1797 2538 2002 2585 munitio
2019 2547 2090 2585 est
2117 2548 2164 2585 et
2191 2536 2419 2600 refugium

303 2607 595 2659 defensionis
629 2610 691 2659 ab
726 2611 920 2661 incursu
950 2613 1181 2664 hostium.
1219 2619 1323 2664 Hoc
1355 2616 1503 2664 intrat
1529 2619 1685 2677 Jesus,
1711 2616 1829 2665 dum
1851 2618 2064 2666 Verbum
2092 2619 2179 2666 Dei
2204 2602 2420 2666 naturam

304 2700 520 2739 nostram
552 2692 604 2740 in
625 2693 820 2758 Virgine
850 2697 1123 2761 assumpsit,
1146 2698 1196 2744 in
1225 2713 1322 2763 qua
1343 2708 1560 2745 nostram
1583 2708 1808 2764 operatus
1835 2709 1907 2747 est
1938 2699 2340 2766 redemptionem3
2374 2708 2421 2744 et

303 2768 552 2818 diabolum
583 2771 912 2838 triumphans,
949 2775 1212 2840 quamdam
1245 2778 1295 2824 in
1324 2794 1433 2825 eam
1466 2777 1608 2825 nobis
1641 2779 1890 2826 constituit
1923 2780 2255 2826 munitionem.
2287 2780 2419 2825 Hanc

303 2850 574 2914 ingrediens
594 2853 645 2901 in
665 2852 815 2902 domo
839 2855 1037 2904 Marthae
1055 2858 1329 2923 suscipitur,
1349 2859 1461 2923 quia
1484 2859 1533 2906 in
1557 2869 1734 2908 terram
1753 2859 1923 2908 Judaeae
1942 2860 2249 2908 exterioribus
2271 2860 2420 2924 operi-

302 2929 392 2978 bus
414 2932 706 2982 intendentis
725 2945 796 2984 est
814 2935 1106 2998 incarnatus,
1126 2947 1174 2986 et
1196 2955 1224 2987 a
1248 2938 1540 3004 quibusdam
1569 2939 1692 2988 illius
1708 2940 1875 3007 populi
1893 2942 2051 3007 primo
2070 2951 2139 2989 est
2166 2957 2251 3005 per
2276 2938 2417 2986 fidem

301 3022 571 3078 susceptus,
585 3014 717 3063 sicut
734 3031 762 3063 a
780 3016 1021 3079 Simeone,
1045 3020 1200 3078 Anna,
1219 3019 1296 3067 vel
1310 3036 1339 3068 a
1353 3020 1546 3087 populis
1564 3021 1677 3069 inde
1700 3021 1929 3069 collectis.
1949 3024 2095 3069 Soror
2114 3019 2308 3068 Marthae
2327 3021 2419 3066 Ma-

301 3090 370 3138 ria
395 3093 630 3155 gentilitas
651 3105 723 3143 est
747 3112 999 3158 conversa,
1023 3098 1075 3147 id
1099 3109 1171 3148 est
1193 3100 1404 3150 Ecclesia
1432 3103 1647 3166 gentium
1672 3120 1824 3150 unum
1848 3113 2033 3169 patrem
2060 3105 2213 3149 Deum
2238 3099 2417 3149 habens

302 3187 412 3218 cum
439 3174 642 3235 Martha,
666 3175 763 3224 hoc
786 3187 857 3225 est
881 3195 994 3226 cum
1021 3179 1152 3228 fideli
1177 3198 1419 3247 synagoga
1440 3200 1545 3248 quae
1567 3184 1668 3247 jam
1687 3183 1929 3231 Christum
1950 3194 2234 3248 susceperat,
2256 3184 2418 3248 paucis

302 3252 574 3302 Judaeorum
607 3256 767 3321 primo
796 3257 858 3306 ad
889 3259 1131 3309 Christum
1165 3263 1426 3311 conversis.
1468 3264 1653 3312 Martha
1680 3269 1901 3330 suscepto
1934 3280 2020 3330 per
2054 3262 2196 3311 fidem
2228 3262 2417 3311 Christo

305 3483 317 3500 ι
335 3427 501 3530 l‘ucCarLtaY)
514 3439 589 3520 cip.
607 3441 675 3522 vu&g
686 3442 714 3465 v.
733 3435 763 3466 8.
777 3432 968 3474 —'Joan.,
989 3446 1061 3480 cap.
1091 3448 1145 3469 xix
1162 3462 1170 3477 ‚
1189 3448 1220 3470 v.
1241 3439 1294 3471 30.
1314 3457 1351 3462 --
1367 3437 1380 3455 ³
1395 3438 1524 3479 Matth.‚
1544 3449 1617 3483 cap.
1637 3450 1690 3481 nx,
1710 3450 1740 3472 v.
1763 3440 1816 3472 12.
1839 3457 1879 3463 -
1898 3438 1910 3457 ⁴
1925 3440 2060 3481 Ephes„
2086 3451 2157 3484 cap.
2190 3451 2220 3480 ι,
2246 3450 2277 3471 v.
2307 3439 2359 3470 21.
2376 3455 2416 3462 —-

349 3506 358 3516 ι
404 3509 427 3524 ·‚
507 3511 514 3519 .
564 3513 572 3527 ,
587 3499 617 3522 v.
636 3508 645 3521 ι
682 3514 692 3522 .
