2970 4152
718 355 778 403 IN
811 354 1260 403 PURIFICATIONE
1293 353 1536 401 SANCTAE
1569 353 1777 401 MARIAE
1810 352 2025 398 SERMO.
2331 351 2425 398 393

312 448 492 496 nissent
520 449 875 515 Capharnaum,
905 459 1202 498 accesserunt
1228 450 1311 513 qui
1337 449 1584 513 didragma
1611 448 1859 513 exigebant
1888 447 1950 494 ad
1981 450 2198 506 Petrum,
2224 455 2271 492 et
2300 444 2427 492 dixe-

314 537 451 575 runt:
473 530 739 594 «Magister
768 541 922 578 vester
951 547 1050 578 non
1077 530 1219 578 solvit
1242 528 1561 594 didragma?»
1590 531 1648 576 At
1675 528 1754 576 ille
1776 547 1786 575 ε
1815 548 1838 573 «
1854 528 2064 574 Etiam.»
2101 529 2157 573 Et
2181 526 2331 590 quum
2359 527 2428 573 in-

314 617 479 654 trasset
505 609 554 655 in
578 609 800 670 domum,
838 611 1064 675 praevenit
1097 626 1207 659 eum
1244 612 1401 668 Jesus,
1439 608 1629 656 dicens:
1666 608 1838 665 «Quid
1871 607 1956 655 tibi
1986 607 2190 667 videtur,
2228 607 2427 653 Simon?

314 706 337 731 «
358 704 491 752 reges
510 698 643 736 terrae
660 706 688 736 a
705 689 878 754 quibus
897 691 1132 755 accipiunt
1149 689 1380 737 tributum
1401 688 1475 735 vel
1493 705 1714 747 censum,
1735 705 1763 735 a
1780 687 1887 734 filiis
1912 688 2008 734 suis
2029 704 2091 734 an
2109 686 2169 734 ab
2187 686 2384 733 alienis?
2402 705 2425 730 »

313 770 370 815 At
387 768 463 816 ille
482 769 621 817 dixit:
651 789 675 815 «
695 770 763 816 Ab
781 770 960 817 alienis.
982 789 1006 815 υ
1034 770 1160 818 Dixit
1183 769 1251 816 illi
1274 772 1432 816 Jesus:
1465 788 1487 814 «
1508 771 1633 832 Ergo
1651 768 1788 815 liberi
1813 777 1923 814 sunt
1941 767 2038 814 filii.
2063 770 2125 814 Ut
2147 777 2305 814 autem
2329 783 2428 813 non

315 867 337 892 «
355 848 730 897 scandalizemus
748 866 854 910 eos,
877 849 997 897 vade
1015 849 1077 896 ad
1096 866 1251 910 mare,
1273 858 1321 896 et
1337 848 1471 895 mitte
1488 848 1703 895 hamum.
1736 850 1793 894 Et
1814 864 1924 894 eum
1948 848 2127 912 piscem
2145 847 2227 910 qui
2250 847 2431 911 primus

314 947 338 973 «
360 928 623 976 ascenderit
640 929 753 976 tolle
772 947 781 976 :
806 940 853 977 et
868 939 1032 994 aperto
1050 946 1133 976 ore
1152 930 1269 993 ejus,
1289 929 1501 977 invenies
1520 938 1741 976 staterem
1760 946 1769 974 :
1791 926 1924 974 illum
1941 943 2155 988 sumens,
2178 926 2238 974 da
2256 928 2322 974 eis
2340 943 2428 992 pro

313 1026 337 1051 α
358 1025 438 1055 me
455 1017 503 1056 et
520 1025 610 1074 pro
629 1017 692 1057 te.
715 1028 740 1054 »

374 1090 500 1135 Bene
537 1105 650 1153 ergo
683 1090 831 1137 factus
864 1088 954 1137 sub
976 1089 1079 1154 lege
1105 1089 1300 1151 dicitur,
1327 1089 1411 1154 qui
1433 1106 1583 1154 quum
1602 1087 1721 1135 nihil
1745 1088 1934 1153 penitus
1960 1088 2050 1152 legi
2075 1087 2290 1147 deberet,
2342 1086 2430 1133 sub

309 1165 412 1231 lege
436 1177 596 1216 tamen
615 1178 713 1217 tam
734 1170 823 1217 Dei
847 1186 994 1234 quam
1017 1169 1163 1217 seculi
1187 1186 1289 1216 sese
1306 1169 1595 1229 humiliavit,
1624 1178 1672 1218 et
1696 1167 1821 1215 filius
1845 1168 1933 1215 Dei
1958 1168 2134 1233 pariter
2156 1178 2203 1215 et
2224 1167 2432 1213 hominis

309 1255 406 1294 tam
431 1250 534 1296 Deo
559 1266 705 1313 quam
730 1249 915 1297 homini
946 1267 997 1298 se
1023 1267 1111 1315 per
1134 1249 1289 1314 legem
1320 1249 1520 1313 subjecit
1541 1267 1550 1295 ε
1579 1266 1641 1296 ne
1663 1249 1769 1313 quis
1797 1248 1918 1295 forte
1942 1265 2027 1313 per
2058 1247 2273 1311 elationis
2295 1247 2432 1293 timo-

309 1342 439 1388 rem,
466 1329 792 1394 cujuscunque
817 1330 1063 1395 potestatis
1087 1339 1417 1377 contemneret
1450 1329 1790 1395 praelationem.
1821 1331 1967 1387 Ecce,
2004 1328 2193 1387 fratres,
2229 1343 2257 1373 a
2288 1343 2432 1374 censu

307 1406 383 1453 vel
407 1406 584 1455 tributo
600 1409 882 1456 secularium
905 1419 1194 1476 potestatum
1218 1408 1395 1456 liberos
1412 1425 1503 1456 nos
1527 1408 1751 1469 absolvit,
1777 1409 1860 1472 qui
1885 1407 1974 1455 sibi
1998 1407 2263 1455 libertatem
2285 1406 2434 1454 vindi·

308 1503 415 1535 care
444 1490 611 1538 voluit.
647 1491 749 1538 Filii
776 1491 1032 1538 hominum
1060 1508 1248 1552 sumus,
1277 1501 1324 1539 et
1350 1490 1412 1538 de
1436 1490 1593 1538 servili
1614 1489 1915 1550 conditione,
1943 1489 2019 1537 vel
2043 1489 2266 1536 vilissima
2295 1487 2433 1553 plebe

307 1570 410 1616 Deo
442 1586 530 1617 nos
563 1571 652 1635 ipsi
685 1572 1086 1637 mancipavimus,
1124 1582 1171 1619 et
1197 1571 1429 1637 propitios
1452 1571 1502 1617 in
1530 1570 1624 1618 hoc
1657 1581 1872 1618 terrenos
1896 1569 2121 1617 dominos
2151 1569 2428 1628 habuimus,

307 1649 391 1711 qui
414 1666 526 1696 cum
551 1667 645 1698 suae
668 1651 1010 1699 dominationis
1033 1651 1287 1717 dispendio
1313 1651 1631 1698 manumissos
1647 1650 1988 1699 dedicaverunt
2012 1653 2116 1697 Deo
2131 1687 2143 1710 ,
2162 1659 2209 1697 et
2228 1650 2327 1713 ejus
2350 1648 2434 1695 do-

307 1729 508 1776 minium
532 1731 842 1795 praetulerunt
872 1732 1088 1797 proprio.
1124 1732 1218 1796 Ipsi
1241 1731 1427 1778 domini
1449 1732 1599 1778 nostri
1623 1748 1771 1795 quum
1801 1741 1910 1778 ante
1933 1747 2023 1778 nos
2047 1731 2288 1790 venerint,
2316 1728 2434 1776 sub-

307 1808 458 1856 missis
484 1810 716 1875 capitibus
739 1811 955 1858 habitum
979 1821 1198 1858 nostrum
1222 1822 1525 1872 venerantes,
1565 1814 1722 1859 Deum
1757 1811 1806 1858 in
1837 1810 1978 1858 nobis
2013 1810 2232 1857 adorant.
2272 1810 2433 1857 Securi

301 1889 401 1952 jam
430 1890 825 1955 supplicationem
855 1891 1048 1939 illorum
1074 1892 1355 1957 suscipimus
1371 1927 1384 1952 ,
1411 1891 1474 1938 ad
1497 1908 1705 1956 quorum
1728 1901 2041 1956 conspectum
2062 1891 2195 1955 prius
2221 1889 2434 1955 trepida-

305 1968 492 2017 bamus.
513 1973 756 2035 Tanquam
776 1971 1001 2019 dominos
1024 1989 1136 2019 suos
1157 1973 1246 2037 ipsi
1264 1988 1353 2019 nos
1372 1981 1744 2036 recognoscunt,
1773 1987 1979 2035 quorum
1996 1987 2139 2035 grave
2163 1970 2430 2017 dominium

306 2049 534 2114 fugientes
549 2086 561 2110 ,
600 2052 879 2099 necessitate
904 2053 1052 2117 magis
1084 2069 1229 2117 quam
1253 2052 1499 2101 voluntate
1524 2051 1650 2099 hanc
1674 2051 1869 2098 fortasse
1894 2050 2159 2098 libertatem
2184 2050 2427 2115 elegimus.

305 2133 343 2177 A
368 2130 471 2196 lege
504 2132 649 2179 seculi
682 2142 729 2180 et
760 2132 1047 2181 intolerabili
1075 2134 1193 2198 jugo
1215 2132 1423 2193 liberati,
1452 2132 1576 2179 illius
1598 2148 1743 2179 suave
1762 2131 1931 2196 jugum
1962 2142 2009 2179 et
2041 2148 2165 2179 onus
2191 2131 2294 2179 leve
2328 2149 2432 2179 sus-

304 2213 538 2279 cepimus,
567 2213 644 2261 cui
667 2215 843 2262 servire
862 2231 1059 2279 regnare
1079 2225 1163 2262 est.
1192 2218 1361 2280 Magna
1384 2215 1486 2262 haec
1509 2214 1712 2279 dignitas
1727 2249 1740 2274 ,
1764 2223 1811 2261 et
1829 2213 2012 2278 egregia
2033 2212 2247 2273 libertas,
2267 2213 2306 2260 si
2329 2230 2428 2260 non

305 2303 401 2341 tam
426 2294 686 2360 corporalis
704 2296 763 2342 sit
783 2312 926 2360 quam
952 2295 1197 2361 spiritalis,
1223 2312 1314 2343 nec
1336 2306 1432 2343 tam
1456 2295 1729 2343 servitutem
1754 2293 2007 2341 hominum
2033 2294 2266 2358 fugiamus
2284 2310 2427 2358 quam

304 2374 547 2421 vitiorum.
573 2378 680 2422 Non
699 2376 829 2423 enim
852 2386 990 2440 turpe
1016 2386 1087 2423 est
1114 2386 1195 2423 aut
1220 2375 1509 2423 damnosum
1531 2373 1808 2423 hominibus
1832 2374 2034 2434 servire,
2060 2373 2144 2421 sed
2163 2374 2312 2433 vitiis3
2339 2391 2429 2420 nec

304 2454 441 2501 istam
457 2453 620 2501 tollere
633 2456 929 2515 servitutem,
957 2455 1042 2502 sed
1054 2455 1183 2502 illam
1206 2457 1441 2502 Dominus
1461 2455 1609 2502 venit.
1638 2457 1794 2511 Quem
1819 2470 1909 2500 nec
1927 2452 2179 2519 Apostolus
2200 2453 2313 2501 dicit
2337 2454 2426 2501 sub

304 2533 406 2597 lege
426 2533 619 2595 factum,
641 2545 694 2582 ut
709 2551 792 2582 eos
813 2536 895 2599 qui
914 2535 1003 2583 sub
1021 2535 1123 2599 lege
1146 2546 1282 2583 erant
1298 2535 1567 2583 redimeret.
1591 2534 1719 2592 Quid
1737 2544 1805 2581 est
1823 2533 1940 2594 hoc,
1962 2533 2143 2594 fratres,
2163 2534 2295 2598 quod
2312 2535 2426 2598 legis

304 2613 533 2677 suscepit,
554 2613 679 2661 etsie
698 2630 820 2661 onus
838 2613 899 2661 ab
917 2630 975 2661 eo
998 2613 1240 2673 liberavit,
1262 2624 1309 2662 et
1325 2624 1377 2661 ut
1395 2613 1534 2661 nobis
1550 2622 1782 2678 parceret,
1812 2612 1901 2659 sibi
1923 2629 2023 2659 non
2047 2613 2286 2678 pepercit?
2308 2616 2425 2671 Quae

302 2691 406 2751 ista,
431 2708 617 2755 quaeso,
639 2692 715 2741 vel
731 2693 850 2740 ratio
878 2693 986 2753 fuit,
1015 2703 1067 2741 ut
1089 2710 1187 2740 non
1213 2694 1262 2740 in
1291 2710 1341 2741 se
1363 2693 1492 2740 illam
1516 2693 1648 2758 prius
1667 2702 1931 2757 quassaret,
1955 2702 2002 2739 et
2025 2692 2091 2739 sic
2114 2692 2423 2758 postmodum

300 2770 496 2835 proprio
512 2771 730 2838 exemplo
758 2788 848 2819 nos
866 2771 927 2819 ab
949 2789 1004 2820 ea
1025 2772 1282 2820 liberaret?
1307 2772 1543 2820 Attendite
1571 2789 1684 2836 ergo
1704 2772 1879 2819 summi
1901 2771 2154 2820 consiliarii
2182 2789 2423 2820 summum
2469 2821 2473 2825 ,

300 2851 572 2912 consilium,
599 2863 646 2899 et
666 2869 882 2918 supernae
902 2855 1140 2920 sapientiae
1163 2871 1390 2919 magnum
1413 2853 1724 2919 providentiae
1749 2853 2061 2919 profundum.
2086 2856 2223 2901 Certe
2246 2855 2284 2901 si
2311 2854 2423 2918 legis

301 2947 423 2979 onus
441 2934 680 2999 suscipere
698 2935 929 2995 renuerit,
950 2934 1011 2982 de
1029 2951 1123 3000 qua
1142 2936 1242 3001 ipse
1262 2937 1346 2985 ait¹
1366 2954 1376 2983 :
1404 2955 1427 2981 «
1445 2939 1605 3000 Usque
1625 2934 1686 2982 ad
1701 2938 1934 2982 Joannem
1954 2934 2029 2982 lex
2046 2945 2092 2982 et
2112 2935 2373 3001 prophetae,
2396 2954 2417 2978 υ

299 3011 538 3062 videretur
554 3031 659 3062 eam
675 3025 903 3080 tanquam
920 3033 1018 3064 non
1036 3033 1063 3063 a
1079 3019 1181 3064 Deo
1200 3017 1361 3064 datam
1381 3016 1680 3082 improbare,
1711 3033 1800 3063 nec
1823 3026 1919 3063 tam
1942 3032 2049 3063 eam
2072 3033 2161 3080 pro
2185 3017 2286 3080 ejus
2310 3019 2422 3064 inu-

299 3091 480 3155 tilitate,
493 3112 636 3160 quam
649 3113 738 3161 pro
752 3095 1026 3146 difficultate
1039 3108 1383 3162 praeceptorum
1399 3115 1427 3146 a
1439 3115 1489 3145 se
1506 3113 1770 3146 removere.
1787 3096 1925 3144 Unde
1935 3096 2052 3143 illud
2065 3106 2134 3144 est
2146 3097 2195 3144 in
2211 3097 2418 3146 homelia

297 3174 491 3221 Joannis
519 3175 730 3240 episcopi
753 3174 810 3222 de
831 3175 1104 3223 Proditione
1133 3176 1302 3225 Judoe²
1321 3196 1335 3225 .·
1368 3197 1391 3222 «
1418 3177 1511 3224 Ubi
1534 3178 1604 3224 vis
1639 3194 1862 3241 paremus
1894 3176 1978 3224 tibi
2010 3175 2301 3225 manducare
2333 3194 2417 3243 pa-

299 3250 440 3300 scha?
460 3273 482 3298 υ
504 3257 609 3301 Non
624 3254 740 3301 illud
751 3255 882 3319 quod
897 3266 1113 3303 nostrum
1131 3267 1219 3317 est,
1243 3257 1327 3305 sed
1341 3257 1632 3306 Judaeorum.
1650 3256 1772 3304 Illud
1786 3256 1982 3321 quidem
2000 3255 2219 3322 discipuli
2237 3273 2415 3322 praepa-

342 3432 351 3449 ⁴
380 3432 476 3474 Luc.‚
494 3443 567 3477 cap.
586 3445 660 3476 xvi,
680 3446 709 3469 v.
733 3436 784 3469 16.
798 3454 840 3461 —
854 3435 865 3454 ²
884 3436 1000 3480 Marc„
1017 3447 1090 3481 cap.
1111 3449 1178 3479 xiv,
1195 3449 1224 3471 v.
1244 3439 1293 3471 12.

460 3502 473 3531 1
1940 3464 1943 3479 Ι
2204 3497 2257 3536 50
