2970 4152
509 385 561 432 74
573 384 606 431 4
1413 383 1731 431 APPENDIX.

508 494 686 541 semper
707 478 955 524 eruditoria
979 476 1298 536 meditabatur,
1322 476 1537 538 docebat,
1562 478 1803 524 fatebatur.
1826 476 1923 523 Tali
1947 477 2182 524 nobiscum
2205 479 2275 524 vir
2295 478 2480 541 simplex
2503 489 2548 524 et
2571 496 2637 525 re-

509 567 623 617 ctus,
642 558 805 604 timens
821 560 969 603 Deum
989 567 1034 602 et
1050 557 1261 603 recedens
1278 574 1302 602 a
1318 557 1454 618 malo,
1476 557 1571 617 tali,
1595 560 1797 621 inquam,
1816 575 1898 621 per
1913 557 2196 620 aliquantum
2213 559 2428 621 temporis
2445 575 2634 605 conver·

508 638 680 684 satione
705 636 887 683 ultimos
910 637 1012 683 vitae
1031 654 1120 683 suae
1143 637 1237 683 dies
1260 654 1527 685 consecrans
1543 641 1660 698 Deo,
1682 638 1902 701 pausandi
1919 639 2063 701 gratia
2080 637 2206 702 (nam
2223 638 2322 701 plus
2339 637 2471 684 solito
2488 638 2635 685 scabie

507 730 552 765 et
575 719 844 782 quibusdam
875 720 1079 781 corporis
1109 718 1555 766 incommoditatibus
1579 718 1877 783 gravabatur)
1906 736 1931 764 a
1957 736 2028 765 me
2057 718 2339 765 Cabillonem
2362 719 2520 765 missus
2547 729 2629 764 est.

505 802 621 847 Nam
650 811 839 864 propter
862 799 979 846 illius
1008 799 1089 846 soli
1120 801 1423 846 amoenitatem
1442 837 1454 860 ,
1483 819 1571 864 qua
1600 801 1772 847 cunctis
1805 818 1920 863 pene
1949 801 2223 864 Burgundiae
2245 811 2408 846 nostrae
2431 800 2633 866 partibus

503 881 758 943 praeminet,
784 881 933 927 locum
951 881 991 926 ei
1007 880 1203 926 habilem
1220 898 1363 944 prope
1379 882 1537 927 urbem
1560 881 1760 943 quidem,
1780 881 1857 926 sed
1876 891 2025 926 tamen
2042 882 2173 926 Arari
2200 880 2506 939 interfluente,
2527 896 2633 942 pro-

501 961 721 1008 videram.
746 962 816 1007 Ibi
828 963 955 1024 juxta
971 962 1093 1024 quod
1109 963 1454 1008 incommoditas
1469 963 1776 1026 permittebat,
1797 963 1983 1025 antiqua
2002 979 2080 1008 sua
2094 979 2306 1008 revocans
2326 963 2490 1020 studi-a,
2506 961 2632 1008 libris

502 1059 680 1105 semper
703 1042 1018 1089 incumbebat:
1038 1060 1137 1101 nec,
1165 1043 1279 1089 sicut
1298 1043 1353 1088 de
1376 1060 1539 1106 magno
1566 1043 1787 1105 Gregorio
1813 1042 1993 1105 legitur,
2016 1053 2294 1088 momentum
2312 1041 2495 1105 aliquod
2518 1059 2632 1105 prae-

501 1123 637 1168 terire
661 1124 854 1182 sinebat,
879 1124 990 1185 quin
1017 1140 1194 1185 semper
1206 1134 1284 1169 aut
1309 1133 1475 1182 oraret,
1503 1134 1580 1169 aut
1603 1123 1788 1185 legeret,
1811 1133 1888 1169 aut
1907 1123 2139 1182 scriberet,
2161 1133 2238 1168 aut
2261 1124 2467 1169 dictaret.
2491 1125 2544 1169 In
2561 1124 2630 1170 his

499 1216 730 1251 sacrarum
765 1223 955 1268 operum
992 1205 1214 1250 exercitiis
1247 1222 1350 1250 eum
1379 1205 1597 1249 adventus
1625 1203 1744 1248 illius
1772 1203 2016 1266 evangelici
2044 1203 2287 1249 visitatoris
2318 1203 2511 1266 reperit,
2548 1221 2630 1250 nec

495 1302 615 1344 eum,
637 1296 688 1331 ut
710 1284 893 1343 multos,
921 1284 1241 1342 dormientem,
1264 1283 1340 1329 sed
1364 1283 1624 1346 vigilantem
1657 1284 1845 1329 invenit.
1872 1284 2053 1330 Invenit
2075 1300 2178 1329 eum
2207 1301 2310 1329 vere
2340 1283 2625 1346 vigilantem,

495 1376 539 1412 et
556 1365 612 1411 ad
635 1366 898 1411 aeternitatis
917 1365 1114 1428 nuptias,
1135 1382 1227 1409 non
1251 1368 1302 1410 u't
1324 1364 1510 1419 fatuam,
1533 1364 1610 1410 sed
1634 1374 1684 1409 ut
1706 1365 1953 1427 sapientem
1977 1365 2198 1428 virginem
2217 1366 2434 1411 evocavit.
2464 1365 2629 1412 Attulit

494 1446 616 1493 enim
642 1445 716 1491 ille
749 1463 898 1492 secum
931 1445 1183 1508 lampadem
1207 1444 1386 1508 plenam
1412 1444 1529 1503 oleo,
1558 1445 1645 1490 hoc
1673 1455 1739 1490 est
1765 1445 2087 1491 conscientiam
2114 1445 2323 1490 refertam
2348 1456 2511 1491 sanctae
2526 1447 2627 1492 vitae

494 1528 773 1574 testimonio.
797 1529 912 1575 Nam
933 1526 988 1572 ad
1005 1525 1271 1572 solvendum
1290 1543 1528 1572 commune
1547 1525 1806 1572 mortalium
1826 1525 2029 1572 debitum
2047 1526 2208 1571 morbo
2228 1529 2464 1588 correptuS
2483 1543 2627 1589 eoque

493 1609 827 1672 ingravescente
846 1609 893 1653 in
917 1608 1042 1653 brevi
1068 1607 1124 1653 ad
1149 1617 1347 1653 extrema
1370 1607 1614 1670 perductus
1634 1618 1715 1653 est.
1743 1609 1872 1653 Tunc
1894 1625 2002 1653 vero
2026 1624 2160 1670 quam
2187 1617 2360 1666 sancte,
2390 1624 2524 1670 quam
2548 1607 2627 1654 de-

490 1700 620 1750 vote,
661 1708 796 1753 quam
824 1688 1046 1736 catholice
1069 1689 1219 1752 primo
1243 1689 1366 1748 fidei,
1395 1688 1559 1735 dehinc
1582 1699 1871 1752 peccatorum
1895 1689 2222 1735 confessionem
2252 1689 2426 1749 fecerit,
2455 1699 2624 1752 quanto

490 1773 705 1818 inhiantis
728 1772 876 1819 cordis
903 1772 1068 1817 affectu
1084 1771 1296 1818 viaticum
1319 1772 1696 1835 peregrinationis
1722 1789 1772 1818 ac
1791 1772 1893 1819 vitae
1916 1782 2093 1818 aeternae
2109 1773 2289 1836 pignus,
2319 1788 2483 1835 corpus
2507 1771 2625 1819 scili·

489 1863 559 1899 cet
584 1853 883 1916 redemptoris
914 1852 1103 1898 Domini
1125 1852 1374 1915 acceperit,
1401 1869 1537 1914 quam
1566 1851 1761 1898 fideliter
1782 1869 1949 1915 corpus
1972 1870 2102 1899 suum
2126 1863 2171 1899 et
2194 1853 2388 1898 animam
2414 1852 2488 1898 hic
2511 1853 2623 1899 etin

488 1938 708 1980 aeternum'
731 1934 815 1996 ipsi
839 1933 1239 1992 commendaverit,
1266 1943 1399 1979 testes
1422 1942 1527 1979 sunt
1557 1933 1754 1996 religiosi
1777 1933 1938 1979 fratres
1967 1945 2012 1980 et
2037 1944 2157 1980 totus
2189 1933 2307 1980 illius
2335 1934 2617 1993 monasterii,

487 2014 533 2058 in
553 2031 643 2077 quo
665 2031 830 2078 corpus
846 2014 989 2060 sancti
1010 2013 1219 2075 martyris
1235 2012 1441 2058 Marcelli
1454 2013 1590 2075 jacet,
1611 2024 1876 2060 conventus.
1899 2016 1999 2060 Hoc
2016 2015 2227 2078 magister
2243 2016 2403 2061 Petrus
2421 2014 2510 2060 fine
2527 2014 2621 2061 dies

486 2112 589 2141 suos
614 2096 965 2153 consummavit;
994 2105 1038 2140 e't
1064 2095 1142 2156 qui
1161 2094 1378 2157 singulari
1403 2095 1600 2140 scientiae
1624 2096 1839 2158 magistro
1863 2096 1946 2142 toti
1975 2113 2090 2159 pene
2113 2097 2214 2142 orbi
2239 2106 2463 2143 terrarum
2486 2107 2620 2143 notus

484 2185 529 2221 et
551 2176 720 2238 ubique
736 2176 932 2221 famosus
946 2184 1059 2231 erat,
1089 2174 1136 2218 in
1154 2173 1272 2219 illius
1292 2173 1562 2236 discipulatu
1581 2175 1659 2236 qui
1684 2175 1819 2220 (ΙίΧὶῐ1
1837 2193 1847 2221 :
1872 2194 1895 2219 «
1915 2176 2087 2222 Discite
2110 2193 2135 2220 a
2160 2193 2231 2221 me
2257 2176 2361 2238 quia
2377 2177 2498 2222 mitis
2520 2194 2618 2223 sum

483 2265 530 2300 et
552 2254 735 2300 humilis
761 2254 915 2313 corde,
937 2272 959 2297 »
988 2254 1109 2300 mitis
1134 2263 1179 2298 et
1202 2252 1384 2298 humilis
1407 2270 1723 2315 perseverans,
1757 2253 1814 2299 ad
1838 2255 2009 2316 ipsum,
2039 2265 2088 2300 ut
2110 2255 2297 2318 dignum
2321 2266 2386 2301 est
2413 2255 2614 2314 credere,

483 2336 545 2381 sic
564 2335 786 2381 transivit.
815 2337 950 2379 Hunc
974 2350 1102 2396 ergo,
1122 2333 1391 2378 venerabilis
1414 2334 1459 2378 et
1482 2333 1708 2379 carissima
1739 2335 1787 2379 in
1817 2335 2020 2379 Domino
2046 2352 2202 2394 soror,
2235 2336 2306 2381 cui
2335 2346 2438 2398 post
2459 2353 2617 2382 carna·

483 2416 569 2463 lem
590 2415 798 2479 copulam
817 2426 946 2462 tanto
962 2414 1182 2461 validiore
1203 2424 1372 2477 quanto
1403 2413 1588 2459 meliore
1613 2414 1776 2460 divinae
1803 2415 2000 2461 caritatis
2022 2415 2204 2462 vinculo
2230 2416 2484 2476 adhaesisti,
2513 2434 2615 2464 cum

481 2515 573 2561 quo
592 2508 637 2544 et
656 2497 738 2544 sub
763 2514 853 2560 quo
877 2497 956 2542 diu
972 2496 1174 2541 Domino
1200 2495 1432 2542 deservisti
1452 2512 1462 2540 z
1482 2495 1621 2554 hunc,
1644 2494 1829 2558 inquam
1847 2531 1859 2555 ,
1888 2495 1988 2542 loco
2011 2497 2102 2554 tui,
2122 2495 2192 2543 vel
2218 2507 2269 2543 ut
2292 2507 2335 2543 te
2361 2497 2545 2544 alteram
2566 2499 2614 2544 in

480 2580 652 2642 gremio
675 2596 756 2625 suo
781 2578 1017 2635 confovet,
1052 2587 1096 2622 et
1126 2577 1174 2621 in
1201 2576 1398 2622 adventu
1420 2576 1635 2635 Domini,
1664 2577 1711 2621 in
1736 2594 1843 2623 voce
1860 2577 2142 2640 archangeli,
2163 2588 2208 2623 et
2229 2578 2274 2622 in
2303 2578 2409 2624 tuba
2432 2579 2518 2624 Dei
2539 2571 2615 2624 de-

480 2659 734 2705 scendentis
759 2658 814 2704 de
836 2657 966 2717 coelo,
991 2657 1074 2703 tibi
1103 2673 1185 2719 per
1213 2656 1351 2719 ipsius
1376 2656 1566 2719 gratiam
1590 2657 1918 2704 restituendum
1943 2668 2155 2703 reservat.
2182 2659 2290 2704 Esto
2310 2675 2417 2721 ergo
2442 2659 2489 2704 in
2513 2662 2612 2706 Do-

481 2740 606 2785 mino
625 2756 800 2785 memor
815 2739 971 2801 ipsius,
992 2748 1087 2783 esto
1112 2738 1263 2795 etiam,
1285 2737 1321 2782 si
1340 2736 1502 2799 placet,
1519 2747 1565 2782 et
1587 2737 1750 2783 sanctis
1773 2737 2005 2783 sororibus
2025 2747 2171 2783 tecum
2192 2737 2378 2805 domino
2393 2737 2611 2784 famulan-

479 2821 599 2866 tibus
615 2819 777 2866 fratres
801 2818 1162 2883 congregationis
1179 2827 1343 2862 nostrae
1366 2834 1417 2862 ac
1439 2833 1633 2876 sorores,
1653 2817 1731 2879 qui
1748 2817 1918 2880 ubique
1936 2828 2158 2864 terrarum
2183 2836 2268 2882 pro
2293 2835 2422 2882 posse
2440 2836 2520 2865 suo
2544 2820 2610 2864 ei-

480 2901 601 2960 dem,
622 2902 694 2947 cui
711 2912 756 2947 et
778 2911 844 2960 tu,
864 2900 1068 2946 Domino
1090 2898 1382 2957 famulantur,
1404 2897 1594 2944 sollicite
1617 2899 1902 2946 commenda.
1929 2899 2058 2946 Vale.

526 3047 536 3066 ¹
560 3047 687 3090 nauh„
705 3060 779 3093 cap.
797 3060 898 3092 x1‚-v.
914 3050 969 3082 29.
