2970 4152
889 434 1009 482 CUM
1043 433 1214 480 PETRI
1250 387 1568 479 AnAELARnl'
1596 425 2027 475 SOLUTIONlBUS.
2418 427 2512 473 245

1215 576 1395 623 Solutio
1423 573 1687 629 Aboelardz'‚

461 697 600 744 Solus
630 697 828 761 quidem
852 698 1060 742 Joannes
1087 694 1147 741 de
1171 693 1316 740 Maria
1342 691 1618 756 Magdalene
1634 726 1646 750 ,
1676 700 1723 737 et
1748 706 1846 737 non
1873 691 2050 736 caeteris
2075 689 2352 737 mulieribus
2380 692 2428 737 in
2453 708 2522 737 re—

396 777 690 824 surrectione
718 775 914 823 Domini
944 783 1317 833 commemorat,
1347 789 1445 819 non
1470 771 1602 836 quod
1629 788 1683 817 ea
1710 770 1811 816 sola
1831 770 1906 816 his
1927 807 1938 828 ‚
1968 788 2072 834 quae
2096 780 2209 817 tunc
2233 770 2352 818 facta
2377 782 2517 830 sunt,

396 856 611 917 affuerit;
652 856 736 904 sed
761 855 892 920 quod
925 855 1025 918 ejus
1051 854 1359 902 devotionem
1386 852 1563 899 caeteris
1587 850 1818 914 majorem
1852 850 2110 914 plurimum
2142 851 2242 915 ipse
2277 867 2520 899 commen-

397 935 558 996 daret,
586 936 720 1000 cujus
743 935 935 982 hortatu
958 944 1004 981 et
1019 937 1030 959 ¹
1054 934 1271 999 exemplo
1291 943 1467 980 caeterae
1487 932 1672 978 feminae
1690 930 1998 977 incitarentur
2013 931 2232 977 maxime.
2259 931 2389 978 Sicut
2407 948 2518 996 ergo

398 1017 575 1064 caeteris
598 1017 646 1063 in
672 1015 925 1063 dilectione
949 1014 1206 1062 ferventior
1231 1024 1329 1061 erat
1345 1049 1357 1073 ,
1392 1023 1439 1060 et
1465 1012 1524 1059 de
1545 1011 1717 1076 gaudio
1745 1011 2102 1057 resurrectionis
2121 1012 2268 1075 magis
2286 1012 2483 1059 sollicita
2503 1050 2515 1072 ‚

398 1096 530 1143 venit
546 1096 679 1161 prior
697 1105 743 1143 et
760 1094 1022 1160 intrepida,
1046 1112 1196 1159 quum
1217 1094 1375 1141 adhuc
1396 1111 1493 1140 nox
1512 1103 1632 1139 esset
1653 1128 1664 1152 ,
1687 1090 1749 1138 ad
1768 1102 2132 1138 monumentum
2151 1128 2162 1151 ,
2183 1102 2229 1139 et
2247 1109 2433 1140 reversa
2453 1104 2522 1141 est

399 1176 572 1223 iterum
591 1176 652 1223 ad
671 1193 782 1223 suos
798 1212 810 1236 ,
838 1175 1096 1239 quaerendo
1122 1175 1333 1222 studiose
1353 1175 1391 1221 si
1416 1174 1522 1238 quis
1545 1172 1702 1220 adhuc
1724 1171 1785 1219 de
1811 1172 2155 1219 resurrectione
2175 1174 2369 1220 Domini
2390 1175 2524 1220 certi·

399 1255 565 1304 ficatus
590 1266 726 1305 esset.
754 1256 898 1315 Quod
921 1273 1071 1321 quum
1096 1257 1293 1302 minime
1319 1255 1599 1320 reperisset,
1630 1254 1802 1301 iterum
1829 1253 1888 1300 ad
1915 1263 2282 1301 monumentum
2303 1264 2409 1301 orto
2424 1255 2522 1318 jam

401 1336 499 1385 sole
524 1355 635 1386 cum
660 1338 762 1386 aliis
788 1339 944 1398 venit,
978 1348 1024 1385 et
1061 1349 1173 1385 tunc
1196 1337 1432 1385 revolutio
1458 1336 1627 1401 lapidis
1653 1335 1772 1382 facta
1797 1345 1894 1395 est,
1923 1336 2139 1399 quamvis
2166 1338 2371 1383 Joannes
2401 1336 2525 1382 hanc

400 1417 747 1465 revolutionem
770 1419 903 1483 quasi
929 1419 1060 1483 prius
1086 1418 1256 1464 factam
1281 1433 1369 1482 per
1394 1417 1783 1482 anticipationem
1813 1415 1940 1462 dicat
1968 1432 1994 1462 a
2027 1416 2171 1462 Maria
2191 1416 2340 1463 visam
2363 1416 2520 1463 fuisse.

398 1497 534 1544 Prior
561 1514 674 1562 ergo
696 1498 842 1545 Maria
865 1515 1009 1562 quam
1034 1507 1210 1545 caeterae
1229 1533 1242 1557 ,
1270 1497 1443 1561 quibus
1466 1496 1710 1543 sollicitior
1729 1506 1856 1555 erat,
1882 1495 2090 1560 lapidem
2112 1496 2381 1543 revolutum
2400 1513 2529 1543 com·

400 1578 548 1641 perit,
579 1587 625 1625 et
647 1577 886 1625 sublatum
911 1578 1175 1624 Dominum
1207 1577 1434 1636 credens,
1461 1576 1627 1623 festina
1654 1575 1817 1636 rediit,
1849 1585 1896 1623 et
1919 1575 2014 1623 hoc
2042 1579 2181 1623 Petro
2200 1578 2459 1636 nuntiavit,
2485 1589 2531 1625 et

401 1657 588 1704 Joanni.
618 1644 804 1704 Deinde
832 1674 1020 1704 reversa
1045 1674 1156 1704 cum
1181 1657 1271 1703 illis
1301 1656 1363 1703 ad
1384 1665 1754 1703 monumentum
1777 1666 1884 1721 post
1904 1656 2161 1703 discessum
2186 1674 2352 1705 eorum
2378 1675 2404 1705 a
2432 1675 2531 1705 mo-

401 1747 664 1798 numento,
693 1738 848 1785 stabat
875 1738 935 1785 ad
966 1738 1123 1803 ipsum
1147 1746 1515 1784 monumentum
1542 1736 1654 1782 foris
1677 1736 1894 1801 ploranS‚
1927 1737 2130 1796 caeteris,
2165 1754 2270 1801 quae
2298 1738 2492 1785 aderant
2515 1775 2526 1796 ,

402 1832 501 1863 non
530 1817 596 1863 sic
624 1817 850 1864 accedere
882 1817 1184 1864 audentibus.
1215 1820 1346 1863 Tunc
1379 1816 1573 1880 angelos
1599 1833 1653 1862 ac
1685 1815 1859 1863 deinde
1895 1816 2156 1863 Dominum
2184 1818 2335 1882 prima
2370 1818 2532 1865 videre

403 1896 599 1956 meruit;
628 1913 683 1943 ac
712 1896 937 1963 deinceps
961 1897 1106 1944 altera
1128 1898 1297 1954 Maria,
1328 1914 1432 1961 quae
1450 1897 1584 1960 juxta
1608 1895 1908 1956 Matthaeum,
1936 1913 2047 1943 cum
2073 1913 2129 1944 ea
2154 1908 2348 1945 venerat
2375 1900 2528 1964 prius,

402 1976 663 2038 accedens,
708 1987 754 2025 et
790 1987 1008 2025 metuens
1048 1977 1206 2024 adhuc
1243 1977 1491 2033 custodes,
1532 1977 1615 2041 qui
1639 1975 1864 2036 aderant,
1905 1978 2159 2025 consolatae
2199 1989 2309 2026 sunt
2344 1979 2528 2039 amhae,

406 2074 556 2122 quum
580 2058 638 2106 ad
668 2068 800 2107 terrae
823 2069 1007 2106 motum
1027 2095 1039 2118 ,
1066 2069 1113 2106 et
1137 2058 1198 2106 ad
1214 2059 1563 2124 apparitionem
1581 2057 1733 2123 angeli
1754 2057 1959 2105 sedentis
1976 2076 2118 2124 super
2135 2059 2367 2125 lapidem,
2389 2077 2532 2125 quem

404 2137 695 2198 revolverat,
735 2140 943 2187 exterriti
979 2150 1090 2187 sunt
1118 2139 1340 2187 custodes
1379 2150 1426 2187 et
1454 2139 1562 2186 facti
1590 2149 1700 2186 sunt
1737 2139 1891 2186 velut*
1910 2141 2102 2187 mortui.
2132 2140 2316 2199 Quibus
2349 2141 2535 2189 duabus

404 2217 626 2265 euntibus
651 2220 869 2267 nuntiare
897 2219 1138 2285 discipulis
1165 2219 1298 2284 quod
1323 2219 1517 2284 angelus
1542 2228 1854 2285 praeceperat,
1883 2220 2092 2267 occurrit
2121 2223 2253 2268 Jesus
2280 2220 2370 2268 illis
2396 2223 2535 2269 simul

405 2299 616 2346 secundo
655 2287 906 2366 apparens.
944 2300 1053 2348 Aliae
1080 2310 1267 2361 autem,
1299 2317 1403 2365 quae
1425 2299 1688 2348 timidiores
1713 2310 1760 2347 et
1787 2299 2073 2347 infirmiores
2107 2300 2293 2349 fuerant
2323 2302 2371 2348 in
2406 2302 2501 2351 fide
2520 2340 2532 2363 ,

406 2395 708 2444 nequaquam
732 2390 849 2428 tunc
875 2381 1139 2428 Dominum
1169 2391 1447 2428 meruerunt
1469 2380 1662 2440 videre3
1700 2380 1784 2428 sed
1813 2391 1859 2428 et
1894 2391 2075 2428 tantum
2102 2381 2279 2445 angelis
2305 2384 2534 2431 nuntian-

389 2458 533 2526 'tibus
572 2476 683 2507 eum
723 2460 971 2508 audierant
1009 2462 1333 2508 resurrexisse.
1374 2464 1431 2508 Et
1462 2460 1573 2508 ideo
1600 2478 1749 2525 quum
1789 2478 1886 2507 non
1917 2478 2086 2509 omnes
2118 2462 2360 2526 aequaliter
2397 2481 2539 2529 super

408 2536 502 2585 hoc
528 2538 660 2603 prius
687 2549 843 2587 essent
871 2549 1033 2600 certae,
1071 2541 1203 2606 prius
1239 2557 1407 2587 omnes
1440 2550 1716 2599 tacuerunt,
1759 2550 1805 2587 et
1836 2540 2121 2587 distulerunt
2145 2541 2263 2589 illud
2297 2543 2537 2609 discipulis

410 2619 656 2678 nuntiare,
698 2618 881 2683 pavidae
921 2619 1079 2666 adhuc
1113 2630 1158 2668 et
1199 2619 1534 2686 obstupefactae
1570 2620 1629 2667 de
1663 2619 1873 2684 angelica
1898 2620 2110 2680 visione,
2142 2631 2189 2668 et
2226 2632 2440 2670 verentes
2474 2640 2535 2670 ne

410 2697 499 2745 sibi
523 2700 679 2746 statim
703 2716 802 2746 non
831 2700 1104 2747 crederetur
1123 2736 1135 2759 ,
1167 2700 1323 2747 donec
1351 2700 1566 2766 pluribus
1591 2699 1680 2747 sibi
1705 2700 1964 2765 aggregatis
1998 2699 2315 2748 confidentius
2350 2702 2535 2751 dicere-

412 2788 503 2825 tur.
534 2779 672 2827 Unde
696 2790 886 2846 postea,
919 2790 970 2828 ut
994 2784 1142 2828 Lucas
1167 2781 1411 2841 meminit,
1443 2781 1543 2846 ipsa
1562 2780 1864 2845 Magdalene,
1891 2791 1937 2828 et
1961 2784 2144 2829 ‹loanna
2165 2818 2176 2841 ,
2213 2791 2258 2829 et
2289 2784 2435 2831 Maria
2453 2786 2535 2831 Ja-

413 2858 548 2919 cobi,
581 2869 628 2907 et
652 2870 856 2921 caeterae,
881 2877 985 2926 quae
1002 2878 1112 2908 cum
1137 2862 1202 2909 eis
1219 2871 1381 2921 erant,
1418 2861 1639 2909 dicebant
1667 2861 1728 2908 ad
1758 2861 1999 2927 apostolos
2026 2861 2142 2909 haec.
2172 2863 2355 2921 Quibus
2372 2867 2536 2912 Petrus

413 2939 463 2986 in
491 2938 585 2987 fide
610 2939 793 2988 firmior
815 2941 992 2988 caeteris
1014 2941 1108 2988 hoc
1133 2958 1231 2988 non
1256 2941 1561 2989 credentibus
1578 2977 1590 3001 ,
1620 2942 1789 2990 iterum
1813 2942 2022 2989 cucurrit
2046 2942 2107 2989 ad
2138 2954 2503 2992 monumentum
2523 2965 2534 3004 3

415 3029 460 3067 et
483 3037 634 3084 quum
659 3037 749 3068 nec
774 3020 993 3085 angeIOS,
1027 3037 1116 3069 nec
1144 3022 1407 3068 Dominum
1432 3021 1651 3081 vidisset,
1684 3021 1825 3069 rediit
1840 3021 2147 3069 vehementer
2165 3023 2420 3073 admirans.
2445 3014 2538 3084 Qui

415 3116 563 3164 quum
601 3100 906 3149 vehementer
938 3110 1148 3166 stuperet
1182 3101 1243 3149 de
1281 3101 1656 3167 apparitionibus
1690 3101 1996 3165 angelorum,
2037 3102 2134 3149 sive
2169 3104 2396 3165 Domini,
2434 3123 2539 3171 quae

415 3179 546 3228 factae
572 3180 756 3228 fuerant
783 3180 1059 3228 mulieribus
1083 3181 1242 3246 potius
1267 3198 1413 3246 quam
1441 3182 1484 3228 ei
1512 3181 1587 3229 vel
1615 3180 1856 3246 discipulis
1873 3216 1885 3240 ,
1912 3197 1974 3228 ne
1998 3181 2081 3228 diu
2100 3182 2149 3228 in
2168 3182 2465 3233 dubitatione
2494 3197 2540 3233 et

417 3260 637 3307 moestitia
673 3261 973 3326 persisteret,
1005 3260 1079 3308 vel
1106 3261 1345 3309 credimus
1370 3271 1484 3309 tunc
1523 3262 1567 3309 ei
1607 3261 1868 3308 Dominum
1906 3262 2206 3326 apparuisse,
2243 3266 2361 3311 sicut
2393 3268 2540 3313 Lucas

418 3340 557 3387 refert
587 3340 830 3405 apostolos
864 3342 1053 3400 dicere,
1090 3341 1223 3406 quod
1253 3361 1276 3387 «
1309 3342 1510 3391 surrexit
1534 3342 1769 3402 Dominus
1794 3358 1931 3401 vere,
1966 3351 2012 3388 et
2045 3344 2263 3408 apparuit
2288 3344 2485 3393 Simoni.
2514 3366 2537 3391 n

507 3523 563 3554 Vel
576 3522 657 3556 Cod.
671 3540 715 3547 —
730 3522 742 3540 ¹
762 3524 853 3557 Sicut
871 3523 951 3557 cod.
