2970 4152
717 372 954 422 CONTRA
987 372 1281 430 QUEMDAM
1316 372 1658 422 CANONICUM
1691 373 2072 421 REGULAREM.
2362 374 2456 422 689

336 477 407 515 est
428 468 581 526 solus,
607 468 724 532 quid
746 468 860 516 facis
881 469 931 515 in
954 468 1177 528 urbibuS,
1210 485 1314 533 quae
1342 469 1507 533 utique
1535 486 1635 516 non
1664 479 1776 516 sunt
1805 469 2020 516 solorum
2047 467 2342 529 habitacula,
2374 470 2458 517 sed

336 548 627 595 multorum?
663 548 817 596 Habet
850 548 1232 614 unumquodque
1265 550 1569 614 propositum
1603 550 1843 614 principes
1878 566 2021 596 suos:
2044 559 2113 609 et,
2138 559 2192 596 ut
2214 548 2276 597 ad
2295 559 2460 597 nostra

336 630 607 690 veniamus,
634 630 847 695 episcopi
870 640 916 677 et
936 629 1203 695 presbyteri.
1221 629 1434 676 habeant
1461 630 1510 677 in
1541 630 1811 695 exemplum
1835 630 2079 696 apostolos
2102 640 2149 677 et
2171 630 2462 696 apostolicos

336 710 466 757 viros
495 729 504 757 :
526 727 735 775 quorum
757 710 999 758 honorem
1021 710 1340 776 possidentes,
1366 710 1545 757 habere
1569 711 1784 758 nitantur
1811 722 1858 758 et
1891 712 2134 758 meritum.
2171 714 2267 759 Nos
2302 721 2463 758 autem

338 789 601 837 habeamus
628 791 864 858 propositi
898 791 1052 838 nostri
1082 791 1349 856 principes,
1380 790 1575 850 Paulos,
1613 793 1871 851 Antonios,
1903 791 2140 852 Julianos,
2171 792 2461 851 Hilariones,

338 870 622 929 Macharios,
649 881 712 930 et,
739 881 792 918 ut
814 871 875 918 ad
899 872 1253 946 Scripturarum
1276 873 1608 919 auctoritatem
1631 872 1855 931 redeam,
1886 883 2050 939 noster
2074 874 2297 938 princeps
2321 872 2462 931 Elias,

271 948 276 952 ’
339 961 502 999 noster
528 952 742 1012 Elisaeus,
780 954 933 1000 nostri
967 953 1112 1001 duces
1144 953 1228 1001 filii
1262 954 1632 1019 Prophetarum,
1660 955 1743 1019 qui
1764 954 2046 1001 habitabant
2066 955 2115 1001 in
2140 956 2262 1020 agris
2285 964 2332 1001 et
2354 954 2467 1001 soli-

338 1032 604 1092 tudinibus,
630 1044 677 1081 et
699 1034 937 1082 faciebant
962 1035 1051 1082 sibi
1082 1035 1390 1083 tabernacula
1422 1053 1576 1101 prope
1605 1036 1786 1083 fluenta
1810 1036 2048 1083 Jordanis.
2083 1039 2154 1083 De
2175 1036 2249 1083 his
2279 1046 2391 1083 sunt
2422 1046 2468 1082 et

339 1111 407 1159 illi
428 1111 512 1159 filii
541 1113 734 1161 Rechab
749 1151 760 1173 ,
786 1115 870 1178 qui
892 1115 1060 1161 vinum
1082 1125 1130 1162 et
1153 1116 1354 1162 siceram
1378 1133 1479 1163 non
1507 1115 1762 1175 bibebant,
1790 1116 1873 1180 qui
1896 1115 2213 1164 morabantur
2234 1117 2285 1162 in
2308 1126 2468 1163 tento-

339 1194 438 1254 riis,
464 1195 547 1259 qui
569 1195 657 1241 Dei
679 1211 765 1259 per
786 1196 1042 1243 Jeremiam
1063 1213 1183 1243 voce
1200 1196 1459 1245 laudantur
1472 1200 1501 1256 ¹,
1528 1207 1575 1244 et
1596 1197 1894 1262 promittitur
1909 1199 1993 1256 eis,
2013 1198 2147 1262 quod
2164 1215 2263 1245 non
2281 1197 2471 1245 deficiat

340 1273 402 1321 de
423 1276 569 1340 stirpe
592 1292 762 1322 eorum
785 1276 860 1323 vir
880 1286 1010 1323 stans
1035 1293 1201 1323 coram
1223 1278 1454 1324 Domino.
1482 1280 1578 1324 Nec
1599 1277 1757 1324 solum
1780 1277 1930 1324 Eliam
1945 1316 1955 1336 ,
1981 1280 2065 1343 qui
2086 1280 2135 1325 in
2159 1279 2358 1343 antiquo
2381 1295 2470 1343 po-

339 1355 456 1421 pulo
479 1366 640 1403 tantus
662 1356 855 1416 enituit,
882 1367 935 1403 ut
964 1359 1013 1403 in
1050 1357 1225 1404 coelum
1245 1357 1381 1404 vivus
1410 1357 1593 1404 sustolli
1617 1341 1905 1415 mereretur,
1938 1360 2063 1405 inter
2085 1369 2277 1406 nostros
2299 1359 2472 1406 mirare

340 1438 581 1503 principes
608 1457 618 1485 :
644 1439 959 1486 verumetiam
994 1442 1231 1487 Joannem
1261 1440 1310 1486 in
1344 1440 1513 1504 spiritu
1546 1440 1647 1504 ejus
1680 1440 1954 1487 venientem
1973 1478 1984 1500 ,
2022 1451 2070 1487 et
2107 1441 2243 1505 quasi
2271 1440 2474 1487 alterum

341 1518 511 1579 Eliam,
540 1521 617 1567 cui
638 1521 875 1567 Dominus
892 1530 1079 1568 tantum
1102 1522 1432 1568 testimonium
1455 1521 1612 1581 dedit,
1639 1531 1692 1568 ut
1713 1539 1804 1587 pro
1827 1522 2089 1569 eminentia
2109 1523 2216 1590 vitae
2238 1523 2396 1587 ipsum
2419 1539 2474 1569 ex

341 1601 619 1647 testimonio
648 1600 895 1666 prophetae
924 1602 1147 1666 angelum
1171 1613 1495 1667 nuncuparet,
1538 1619 1628 1650 nec
1662 1602 1820 1649 solum
1853 1603 2126 1668 prophetis,
2159 1603 2474 1650 verumetiam

342 1683 575 1730 universis
607 1676 887 1730 hominibus
919 1683 1192 1731 anteferret.
1232 1687 1302 1731 De
1331 1701 1429 1749 quo
1459 1694 1506 1731 et
1533 1684 1905 1749 Chrysostomus
1936 1684 2156 1731 Homelia
2191 1683 2472 1747 Evangelio-

342 1780 450 1810 rum
472 1781 589 1809 xxm
612 1780 717 1828 quae
741 1764 807 1810 sic
830 1764 997 1829 incipit
1024 1783 1035 1810 ε
1067 1767 1178 1811 «De
1207 1767 1392 1812 Joanne
1416 1764 1591 1811 dicitur
1618 1784 1628 1811 :
1660 1784 1682 1809 α
1702 1765 1806 1812 Fuit
1827 1764 1979 1812 homo
2001 1765 2172 1812 missus
2188 1781 2214 1812 a
2240 1768 2344 1811 Deo
2360 1801 2371 1823 ,
2398 1764 2475 1810 cui

347 1862 371 1908 ᾳ(
399 1860 578 1890 nomen
603 1854 704 1891 erat
726 1846 952 1891 Joannes.
975 1863 998 1889 »
1025 1845 1187 1892 Gratia
1211 1845 1260 1891 in
1283 1844 1482 1892 homine
1499 1845 1944 1911 comprehenditur,
1964 1848 2172 1892 Joannes
2189 1844 2319 1891 enim
2335 1845 2477 1891 inter-

343 1933 558 1989 pretatur
576 1925 663 1972 Dei
687 1925 860 1988 gratia,
882 1926 994 1990 quia
1019 1926 1250 1991 majorem
1276 1929 1460 1992 accepit
1483 1927 1700 1991 gratiam.
1726 1930 1985 1992 Propterea
2007 1927 2055 1973 in
2079 1943 2242 1973 eremo
2264 1925 2476 1991 philoso-

344 2004 547 2071 phatur,
586 2016 634 2053 et
667 2017 876 2055 reservat
909 2024 958 2055 se
985 2007 1034 2054 in
1073 2007 1335 2056 adventum
1372 2008 1573 2067 Christi,
1601 2009 1714 2073 quia
1737 2009 2045 2056 nuntiaturus
2076 2018 2178 2055 erat
2211 2006 2470 2054 Christum.

344 2087 513 2134 Statim
546 2087 594 2134 in
625 2104 788 2135 eremo
817 2089 1049 2148 nutritur,
1075 2090 1235 2137 statim
1264 2089 1329 2136 ibi
1351 2091 1522 2137 crescit
1550 2109 1559 2137 :
1587 2107 1687 2137 non
1710 2089 1812 2136 vult
1834 2106 1946 2136 cum
1970 2088 2251 2136 hominibus
2273 2104 2477 2135 conver-

344 2166 459 2231 sari,
492 2167 540 2213 in
577 2183 740 2214 eremo
776 2185 886 2215 cum
920 2169 1099 2233 angelis
1132 2168 1521 2234 philosophatur.
1559 2169 1894 2228 Considerate,
1921 2167 2172 2227 monachi,
2196 2167 2478 2231 dignitatem

344 2257 552 2295 vestram
576 2267 586 2293 :
613 2251 823 2297 Joannes
845 2251 1070 2316 princeps
1092 2252 1236 2298 vestri
1261 2262 1330 2298 est
1362 2251 1601 2316 dogmatis
1630 2253 1730 2317 ipse
1753 2251 2037 2298 monachus.
2072 2251 2241 2298 Statim
2264 2260 2317 2297 ut
2339 2259 2480 2297 natus

346 2337 433 2388 est,
458 2329 507 2376 in
532 2346 694 2377 eremo
715 2327 856 2389 vivit,
883 2331 932 2378 in
956 2331 1216 2379 solitudine
1240 2333 1472 2391 nutritur,
1499 2324 1742 2380 Christum
1766 2342 2007 2397 exspectat
2029 2332 2078 2378 in
2106 2331 2381 2379 solitudine.
2411 2334 2480 2377 Eo

347 2416 583 2472 tempore,
610 2425 707 2473 quo
731 2413 865 2457 Jesus
888 2421 1029 2458 natus
1052 2422 1140 2469 est,
1168 2422 1269 2459 erat
1291 2413 1340 2458 in
1365 2429 1547 2459 eremo.
1576 2416 1679 2459 Hoc
1703 2411 1962 2477 templum,
1982 2411 2117 2476 quod
2139 2410 2358 2458 videmus
2380 2427 2481 2458 esse

347 2486 663 2549 destructum,
682 2500 886 2554 quantas
898 2490 1111 2539 habebat
1129 2491 1334 2552 divitias,
1355 2493 1474 2557 quid
1491 2493 1611 2552 auri,
1631 2492 1748 2557 quid
1760 2492 1960 2556 argenti,
1981 2491 2217 2556 ,Iosephus
2234 2489 2477 2550 describit,

348 2579 585 2634 quantum
617 2588 942 2634 gemmarum,
972 2583 1209 2638 quantum
1237 2575 1400 2634 serici,
1430 2575 1598 2640 quanti
1621 2584 1760 2622 erant
1782 2573 2077 2632 sacerdotes,
2105 2572 2272 2620 scribae
2300 2582 2346 2620 et
2373 2573 2481 2619 uni-

350 2667 486 2699 versa
509 2668 684 2716 genera
718 2651 1007 2701 officiorum.
1047 2654 1263 2702 Christus
1299 2656 1348 2702 in
1384 2655 1565 2722 templo
1589 2656 1816 2716 nescitur,
1844 2665 1891 2702 et
1913 2656 1963 2702 in
1987 2670 2150 2701 eremo
2174 2652 2476 2718 praedicatur.

349 2736 452 2781 Hoc
486 2743 644 2781 totum
681 2751 829 2800 quare
864 2735 1002 2783 dico?
1039 2740 1102 2783 Ut
1134 2736 1337 2784 doceam
1365 2737 1604 2802 dogmatis
1625 2738 1770 2785 vestri
1795 2736 2070 2803 principem¹
2092 2752 2193 2782 esse
2222 2735 2482 2800 Baptistam

349 2816 603 2862 Joannem.
624 2834 647 2859 »
674 2815 899 2875 Audistis,
926 2816 1111 2877 fratreS,
1135 2818 1285 2865 nostri
1310 2818 1489 2883 pariter
1511 2828 1558 2865 et
1578 2818 1723 2865 vestri
1745 2816 1982 2882 propositi
2006 2815 2246 2880 principes
2268 2814 2484 2880 superius

351 2895 599 2956 inductos,
625 2907 678 2945 ut
699 2898 946 2963 utriusque
969 2899 1152 2946 ordinis
1176 2899 1446 2947 differentia
1468 2899 1662 2947 clareat.
1697 2899 1745 2946 Si
1769 2898 1985 2963 gaudetis
2017 2896 2262 2963 apostolos
2289 2913 2484 2962 quoque

351 2976 519 3023 vestris
542 2978 881 3025 connumerari
903 2978 1220 3044 principibus,
1248 2989 1391 3045 atque
1407 2978 1660 3045 pontifices
1684 2989 1785 3026 tam
1808 2978 1992 3025 Veteris
2014 2993 2160 3042 quam
2183 2977 2304 3024 Novi
2325 2981 2486 3025 Testa-

354 3057 504 3103 menti
527 3055 587 3103 ab
610 3057 716 3122 ipso
737 3057 959 3106 videlicet
976 3061 1134 3106 Aaron
1152 3077 1303 3125 usque
1317 3060 1380 3108 ad
1394 3062 1581 3108 Annam
1597 3070 1645 3107 et
1661 3058 1913 3125 Caipham,
1941 3075 2021 3118 ne,
2043 3057 2263 3117 obsecr0‚
2284 3057 2484 3106 doleatis

354 3135 505 3185 Eliam
522 3147 570 3184 et
593 3140 846 3199 Joannem,
870 3140 1076 3203 majores
1098 3140 1216 3200 istis,
1234 3141 1387 3189 nostri
1404 3141 1552 3189 duces
1571 3157 1673 3189 esse
1694 3140 1948 3206 propositi.
1966 3138 2252 3186 Clericatum
2273 3155 2364 3204 pro
2384 3155 2488 3186 mo-

355 3217 563 3265 nachatu
587 3221 823 3266 Joannem
845 3230 1166 3268 commutasse
1189 3221 1393 3269 dubium
1416 3238 1516 3268 non
1541 3231 1613 3269 est
1634 3240 1644 3268 :
1665 3221 1746 3285 qui
1771 3237 1922 3285 quum
1944 3218 2068 3266 filius
2086 3218 2326 3285 pontificis
2343 3229 2482 3277 esset,

357 3297 435 3341 cui
456 3314 514 3345 eo
538 3308 756 3365 tempore
778 3298 1066 3365 pontificalis
1094 3300 1300 3365 dignitas
1328 3301 1632 3349 haereditario
1657 3301 1764 3366 jure
1794 3299 2084 3360 debebatur,
2105 3299 2347 3348 civitatem
2374 3299 2486 3347 soli-

406 3474 415 3490 ¹
441 3473 580 3515 Jerem..
596 3486 668 3520 cap.
689 3489 790 3512 xxxv.

527 3545 541 3574 1
2280 3540 2329 3579 87
