2970 4152
21 3723 36 3759 κ.
11 3660 42 3711 -x'w
34 3601 41 3612 ,

2 4003 63 4152 ff„
27 3934 31 3941 ,

1054 629 1483 752 Eris-Tomi
1516 668 1692 763 vn,

492 866 591 905 011AE
622 865 700 897 EST
733 865 911 898 RURSUM
943 836 1170 896 PETRsAD
1202 863 1477 902 BBLOISSAM,
1512 863 1570 894 DE
1601 862 1787 894 offlGlNE
1817 863 2247 895 SANCTIMONIALHJM.

1675 938 1713 953 ΡΑ,

1197 1016 1551 1074 ARGUMENTUM.

311 1162 514 1198 Ahaelardus
530 1164 574 1198 ab
592 1163 748 1198 Heloissa
763 1164 942 1210 superiore
957 1163 1104 1210 epistola
1119 1170 1280 1209 rogatus,
1298 1171 1338 1197 ut
1354 1163 1387 1197 ei
1403 1171 1437 1197 et
1453 1161 1632 1197 sodalibus
1647 1163 1721 1209 ejus
1731 1187 1741 1201 ,
1761 1160 1805 1196 de
1825 1162 1958 1207 origine
1977 1161 2111 1196 ordinis
2128 1163 2332 1196 monialium
2349 1163 2431 1196 scri-

358 1216 455 1254 beret
463 1243 474 1259 ,
491 1217 558 1251 hac
574 1217 721 1264 epistola
735 1218 809 1264 ejus
825 1225 860 1251 et
874 1217 1014 1252 illarum
1028 1216 1203 1251 voluntati
1217 1216 1428 1263 amplissime
1445 1214 1634 1262 respondet
1650 1227 1658 1250 ε
1672 1215 1856 1262 ipsumque
1870 1214 2031 1249 ordinem
2048 1227 2069 1249 a
2079 1215 2256 1261 primitiva
2266 1215 2432 1257 Ecclesia,

357 1269 430 1303 imo
449 1278 484 1304 et
500 1269 544 1304 ab
561 1270 638 1317 ipso
656 1269 801 1304 Domini
828 1269 1021 1305 Servatoris
1039 1281 1139 1304 sacro
1163 1268 1308 1303 deducit
1335 1269 1502 1315 collegi0,
1522 1277 1554 1302 et
1570 1267 1655 1314 quid
1673 1268 1775 1302 Philo
1792 1267 1952 1311 Judaeus,
1973 1267 2058 1314 quid
2081 1269 2260 1315 Tripartita
2288 1269 2434 1301 Historia

360 1320 406 1355 de
419 1322 542 1368 primis
560 1322 680 1357 ascetis
697 1330 842 1357 narrent
856 1329 1023 1357 recenset.
1043 1322 1173 1356 Sexum
1189 1330 1308 1356 autem
1324 1321 1513 1356 femineum
1528 1322 1567 1356 in
1583 1321 1726 1368 singulis
1745 1322 1819 1368 ejus
1838 1321 2004 1368 gradibus
2023 1322 2118 1356 miris
2133 1322 2233 1355 effert
2248 1320 2410 1355 laudibus
2423 1347 2432 1363 ,

359 1386 424 1410 nec
441 1375 554 1409 solum
571 1375 608 1409 in
625 1375 822 1410 christianis
836 1376 894 1410 vel
908 1374 1052 1422 judoeis,
1071 1373 1133 1410 sed
1150 1374 1255 1417 etiam
1271 1374 1309 1408 in
1325 1375 1512 1422 gentilibus
1528 1375 1599 1409 sive
1615 1377 1760 1422 paganis
1784 1375 1925 1410 feminis
1946 1375 2065 1410 laudes
2083 1375 2289 1421 virginitatis
2314 1374 2435 1409 latissi-

361 1439 415 1460 me
437 1427 626 1474 percurrit.
654 1427 753 1462 Nihil
774 1426 927 1473 denique
949 1435 1024 1462 tota
1051 1428 1122 1462 fere
1138 1428 1296 1462 continet
1313 1428 1478 1475 epistola,
1498 1440 1605 1474 quam
1621 1428 1762 1462 feminei
1780 1441 1880 1462 sexus
1897 1429 2189 1474 elegantissimum
2206 1428 2406 1462 encomium
2427 1441 2432 1461 :

359 1480 462 1515 latius
476 1489 593 1515 tamen
610 1480 816 1527 virginitatis
832 1480 973 1516 laudem
987 1480 1226 1528 prosequitur,
1244 1481 1344 1528 cujus
1360 1480 1466 1516 etiam
1483 1480 1579 1529 apud
1594 1493 1750 1528 paganos
1769 1481 1847 1516 miri
1864 1489 1960 1516 actus
1976 1482 2150 1528 leguntur.

378 1618 604 1665 Charitati
638 1628 729 1666 tuae
745 1654 757 1678 ,
786 1619 1060 1666 charissima
1096 1635 1250 1676 soror,
1287 1618 1347 1665 de
1380 1619 1551 1667 ordine
1586 1630 1675 1667 tuae
1709 1620 2016 1685 professionis
2047 1630 2142 1666 tam
2178 1618 2261 1665 tibi
2293 1636 2436 1684 quam

313 1699 634 1763 spiritualibus
674 1699 860 1747 filiabus
894 1701 985 1747 tuis
1021 1700 1297 1759 sciscitanti,
1333 1700 1464 1748 unde
1497 1700 1673 1748 scilicet
1704 1700 1983 1748 monialium
2016 1702 2210 1765 coeperit
2242 1701 2431 1764 religio,

312 1778 475 1841 paucis
493 1778 533 1826 si
556 1788 728 1843 potero
756 1780 1090 1843 succincteque
1109 1778 1386 1826 rescribam.
1407 1780 1753 1827 Monachorum
1774 1780 2007 1844 siquidem
2034 1781 2131 1828 sive
2158 1781 2435 1828 monialium

312 1857 433 1904 ordo
458 1875 487 1905 a
506 1859 718 1906 Domino
738 1869 904 1906 nostro
943 1862 1051 1917 Jesu
1086 1859 1275 1906 Christo
1295 1860 1537 1923 religionis
1569 1877 1665 1906 suae
1690 1860 1891 1906 formam
1916 1861 2189 1923 plenissime
2214 1863 2430 1925 sumpsit.

311 1937 540 1994 Quamvis
558 1948 604 1987 et
622 1948 734 1987 ante
749 1939 898 2003 ipsius
913 1938 1295 1985 incarnationem
1316 1938 1549 1985 nonnulla
1566 1937 1708 2001 hujus
1721 1939 1954 2003 propositi
1975 1941 2134 1985 tamin
2159 1940 2269 1986 viris
2293 1956 2436 2003 quam

315 2017 359 2063 in
386 2017 573 2066 feminis
596 2019 886 2084 praecesserit
906 2018 1166 2065 inchoatio.
1200 2017 1338 2065 Unde
1356 2028 1403 2065 et
1422 2018 1740 2081 Hieronymus
1764 2017 1826 2065 ad
1851 2018 2163 2065 Eustochium
2190 2019 2436 2079 scribens¹,

295 2115 342 2149 μα
367 2096 531 2158 Filios,
569 2117 591 2143 »
627 2099 808 2163 inquit,
854 2119 876 2143 «
906 2098 1249 2163 prophetarum
1271 2134 1283 2156 ‚
1321 2114 1444 2162 quos
1486 2097 1751 2145 monachos
1781 2097 1980 2162 legimus
2012 2099 2059 2145 in
2094 2100 2249 2146 Veteri
2285 2102 2439 2146 Testa-

314 2187 502 2236 mento,
531 2187 621 2230 etc.
655 2197 678 2222 »
702 2181 888 2227 Annam
912 2194 1107 2243 quoque
1131 2178 1325 2226 viduam
1346 2178 1526 2244 templo
1543 2187 1589 2225 et
1609 2177 1773 2225 divino
1804 2178 1950 2226 cultui
1984 2178 2222 2226 assiduam
2241 2196 2440 2243 evange-

258 2271 266 2274 “’
312 2259 416 2306 lista
445 2269 793 2307 commemorat
815 2261 846 2318 ’,
874 2275 981 2323 quae
1004 2259 1181 2324 pariter
1216 2276 1329 2306 cum
1357 2259 1580 2306 Simeone
1601 2259 1864 2305 Dominum
1890 2259 1939 2305 in
1973 2259 2152 2324 templo
2177 2261 2437 2325 suscipere,

267 2331 269 2333 ¹
311 2349 358 2387 et
376 2324 630 2405 prophetia
646 2339 820 2406 repleri
839 2340 1081 2468 meqierit.
1103 2339 1231 2387 Finis
1251 2340 1410 2403 itaque
1435 2338 1648 2386 Christus
1662 2339 1876 2403 justitiae,
1906 2349 1952 2386 et
1968 2339 2185 2387 omnium
2203 2339 2441 2387 bonorum

314 2421 664 2467 consummatio
683 2456 695 2478 ,
726 2420 774 2467 in
800 2420 929 2485 pleni
951 2420 1098 2467 udine
1117 2420 1346 2485 temporis
1366 2420 1586 2478 veniens,
1610 2429 1661 2466 ut
1681 2419 1902 2467 inchoata
1915 2418 2165 2484 perficeret
2188 2419 2316 2467 bona
2333 2457 2346 2480 ,
2367 2423 2440 2468 vel

313 2498 556 2547 exhiberet
573 2500 843 2564 incognita;
873 2501 995 2548 sicut
1014 2510 1270 2564 utrumque
1298 2516 1463 2547 sexum
1487 2515 1659 2547 vocare
1683 2509 1877 2547 venerat
1909 2509 2052 2563 atque
2080 2499 2340 2558 redimere,
2379 2502 2439 2548 ita

312 2590 569 2645 utrumque
593 2596 758 2628 sexum
776 2581 823 2627 in
850 2596 965 2628 vero
985 2580 1275 2628 monachatu
1292 2596 1387 2627 suae
1399 2578 1779 2643 congregationis
1798 2578 2018 2642 dignatus
2034 2588 2104 2626 est
2119 2579 2330 2626 adunare
2349 2598 2358 2626 :
2388 2591 2440 2626 ut

312 2658 423 2705 inde
454 2669 551 2706 tam
583 2659 692 2706 viris
719 2675 864 2724 quam
895 2658 1082 2706 feminis
1110 2659 1252 2723 hujus
1281 2658 1589 2724 professionis
1613 2658 1807 2705 daretur
1835 2659 2114 2714 auctoritas,
2144 2669 2190 2705 et
2215 2659 2438 2706 omnibus

311 2738 537 2801 perfectio
558 2739 662 2786 vitae
687 2749 1040 2804 proponeretur
1064 2755 1210 2803 quam
1235 2738 1551 2785 imitarentur.
1573 2737 1643 2784 lbi
1659 2738 1837 2802 quippe
1859 2755 1969 2785 cum
1989 2738 2215 2803 apostolis
2241 2740 2439 2786 caeteris—

312 2834 405 2882 que
421 2818 688 2883 discipulis,
717 2835 828 2866 cum
848 2828 1001 2866 matre
1020 2819 1165 2884 ipsius
1188 2828 1460 2866 sanctarum
1480 2818 2004 2882 legimus⁸conventum
2019 2818 2269 2865 mulierum
2293 2838 2304 2878 ;
2334 2835 2438 2882 quae

311 2897 488 2945 scilicet
522 2898 681 2946 seculo
713 2898 1138 2958 abrenunciantes,
1173 2915 1465 2963 omnemque
1502 2899 1842 2964 proprietatem
1873 2898 2168 2957 abdicantes,
2198 2909 2249 2945 ut
2283 2899 2436 2946 solum

309 2978 607 3041 possiderent
637 2978 902 3037 Christum,
932 2979 1054 3026 sicut
1078 2980 1308 3044 scriptum
1336 2988 1406 3026 est
1424 2980 1466 3024 ⁴:
1503 2997 1526 3023 «
1555 2979 1791 3026 Dominus
1810 2995 1919 3043 pars
1941 2979 2223 3026 haereditatis
2246 2996 2383 3038 meae,
2412 2999 2434 3023 »

310 3057 482 3105 devote
506 3058 625 3106 illud
643 3058 1030 3124 compleverunt,
1060 3076 1158 3124 quo
1203 3076 1373 3107 omnes
1405 3059 1672 3106 secundum
1699 3058 1908 3123 regulam
1930 3075 1955 3105 a
1977 3060 2185 3106 Domino
2218 3060 2435 3107 traditam

310 3139 527 3185 conversi
539 3140 588 3185 a‘⁵
605 3138 766 3186 seculo
784 3138 846 3186 ad
862 3138 1005 3202 hujus
1020 3140 1125 3186 vitae
1143 3139 1535 3187 communitatem
1547 3139 1819 3186 initiantur:
1839 3158 1862 3182 α
1881 3139 1973 3185 Nisi
1983 3140 2088 3203 quis
2099 3141 2437 3188 renuntiaverit

311 3217 535 3267 omnibus
554 3236 660 3284 quae
677 3219 890 3285 possidet
904 3255 916 3279 ,
935 3236 1036 3267 non
1061 3230 1220 3286 potest
1243 3236 1378 3268 meus
1404 3236 1505 3268 esse
1524 3219 1822 3285 discipulus⁶.
1850 3238 1872 3262 »
1901 3222 2057 3277 Quam
2087 3220 2260 3268 devote
2278 3231 2434 3269 autem

354 3378 362 3394 ¹
380 3378 484 3420 Epist.
504 3389 578 3419 xcv,
600 3380 682 3421 Opp.
700 3385 723 3412 t.
744 3378 875 3420 lV,col.
894 3381 970 3413 772.
988 3379 1058 3413 Non
1075 3381 1118 3414 ad
1138 3380 1346 3413 Eustochium
1394 3390 1424 3412 v.
1444 3382 1475 3412 5.
1489 3397 1525 3404 ·—-
1538 3379 1550 3397 ⁸
1563 3379 1618 3414 Sic
1631 3379 1857 3415 D.—Conversi
1870 3384 1976 3413 seculo
1994 3381 2129 3413 Edd.-—
2142 3381 2153 3397 '³
2170 3381 2262 3419 Luc.,
2281 3391 2353 3423 cap.
2370 3392 2432 3418 xiv,

308 3429 462 3477 virginem
476 3459 485 3475 ,
502 3434 561 3468 sed
576 3435 617 3469 ad
638 3435 803 3469 Rusticum
829 3436 988 3479 dirigitur.
1005 3454 1043 3460 -
1059 3434 1072 3452 ¹
1092 3436 1187 3477 Luc.,
1207 3446 1282 3479 cap.
1304 3448 1325 3468 n
1338 3462 1348 3475 ,
1395 3448 1423 3468 v.
1450 3439 1504 3470 33.

310 3501 339 3521 v.
367 3491 409 3522 25
432 3497 465 3523 et
489 3492 518 3523 ἵ.
539 3508 583 3515 -
602 3490 614 3508 ³
631 3491 725 3532 Luc.,
754 3502 828 3535 cap.
853 3502 931 3532 vm,
953 3503 983 3524 v.
1005 3492 1033 3523 2.
1054 3509 1097 3517 --
1113 3491 1126 3509 ⁴
1143 3492 1261 3526 psalm.
1294 3502 1348 3531 κν,

473 3562 483 3588 ι
2227 3553 2272 3590 16
