2970 4152
858 427 977 474 CUM
1012 427 1180 474 PETRI
1215 426 1529 478 ABAELARDI
1562 427 1992 476 SOLUTIONIBUS.
2387 426 2480 473 273

370 523 502 587 quod
519 522 733 587 procedit
752 538 808 569 ex
824 522 939 569 ore?
958 541 981 566 »
1002 522 1228 587 Nunquid
1246 523 1329 586 qui
1347 522 1557 570 comedit
1574 522 1635 570 de
1665 524 1830 588 rapina
1842 559 1855 583 ,
1881 523 1956 571 vel
1982 523 2114 588 quod
2139 521 2350 568 illicitum
2381 539 2480 569 cre-

371 603 464 661 dit,
491 603 577 650 etsi
599 602 779 649 licitum
800 603 883 660 sit,
917 601 992 649 vel
1017 603 1102 666 qui
1123 601 1406 664 sacrificium
1417 602 1626 667 ‘indigne
1651 604 1845 669 accipit,
1870 621 1928 651 ex
1951 603 2025 650 his
2052 602 2229 669 peccati
2249 601 2482 649 maculam

371 699 471 730 non
486 684 684 731 incurrit
701 683 720 729 Ρ
741 683 863 730 Dicit
879 683 1131 748 Apostolus
1148 685 1209 731 de
1225 683 1512 748 quibusdam
1527 687 1549 730 J
1555 683 1698 731 udaeis
1721 685 1782 731 ad
1804 684 1950 732 fidem
1974 685 2214 732 conversis
2227 720 2240 743 ,
2260 694 2308 730 et
2324 682 2483 730 adhuc

371 772 568 828 propter
584 763 736 827 legem
760 762 994 827 quosdam
1011 763 1142 827 cibos
1167 763 1228 810 ab
1252 763 1352 810 aliis
1370 763 1765 823 discernentibus,
1783 774 2008 828 tanquam
2033 763 2330 822 immundos;
2350 763 2479 822 dicit,

372 846 622 908 inquam¹:
649 863 672 890 ι(
695 845 787 902 Qui
821 854 981 891 autem
1017 844 1263 904 discernit,
1295 845 1334 891 si
1364 845 1741 905 manducaverit,
1769 846 2022 892 damnatus
2046 856 2145 894 est:
2169 846 2279 910 quia
2303 862 2401 892 non
2427 862 2483 892 ex

373 923 483 971 fide.
508 927 665 971 Omne
680 933 838 971 autem
857 924 990 987 quod
1015 940 1115 970 non
1132 941 1188 971 ex
1215 925 1330 984 fide,
1353 935 1601 990 peccatum
1625 936 1710 973 est.
1742 945 1765 971 »
1786 927 1911 973 Dicit
1928 936 1976 973 et
1993 925 2168 983 dehis,
2198 926 2281 989 qui
2306 941 2393 990 pro
2419 942 2486 971 re-

374 989 589 1051 verentia·
602 1003 717 1051 idoli
740 1003 1051 1051 vescebantur
1075 1004 1400 1069 idolothytis²z
1426 1024 1449 1049 «
1472 1005 1678 1063 Quidam
1704 1023 1853 1070 usque
1878 1023 2009 1053 nunc
2031 1006 2319 1053 conscientia
2348 1005 2481 1063 idoli,

373 1084 508 1147 quasi
530 1082 851 1147 idolothytum
873 1084 1193 1142 manducant,
1221 1095 1268 1131 et
1287 1085 1576 1132 conscientia
1600 1085 1815 1149 ipsorum
1840 1102 1989 1150 quum
2014 1087 2073 1132 sit
2090 1085 2299 1143 infirma,
2321 1085 2506 1150 pollui-'

375 1174 465 1210 tur.
497 1182 522 1208 n
545 1164 804 1222 Quomodo
828 1181 940 1228 ergo
963 1181 1093 1211 nunc
1123 1164 1238 1212 dicit
1258 1166 1518 1224 Dominus,
1547 1167 1657 1230 quia
1686 1184 1710 1210 «
1745 1166 1878 1230 quod
1908 1167 1956 1213 in
1983 1183 2037 1214 os
2061 1167 2203 1213 intrat
2236 1182 2333 1212 non
2357 1165 2486 1211 coin-

374 1244 539 1307 quinat
563 1243 808 1291 hominem
826 1280 838 1302 ‚
867 1243 951 1291 sed
967 1245 1114 1309 magis
1138 1244 1271 1309 quod
1287 1244 1348 1291 de
1373 1262 1457 1292 ore
1482 1245 1727 1311 procedit?
1752 1265 1774 1290 υ

1196 1390 1231 1433 S
1233 1386 1374 1434 olatio
1404 1387 1663 1435 Aboelardi.

438 1515 504 1560 Ex
529 1511 752 1560 hocloco
782 1513 1017 1578 praecipue
1054 1513 1102 1560 in
1131 1493 1229 1577 quo
1265 1514 1324 1560 sit
1349 1523 1596 1579 peccatum
1629 1513 1958 1579 accipiendum
1986 1515 2220 1562 Dominus
2245 1513 2492 1577 diligenter

375 1593 610 1654 distinxit,
640 1604 687 1641 et
708 1594 894 1641 Judaeos
923 1594 1210 1658 redarguens
1244 1611 1386 1659 super
1413 1595 1532 1655 hoc,
1571 1612 1661 1643 nos
1690 1596 1924 1644 instruxit.
1955 1596 2026 1643 Illi
2057 1598 2233 1663 quippe
2260 1598 2319 1646 ad
2344 1615 2490 1663 opera

375 1675 523 1738 magis
545 1691 689 1739 quam
709 1674 767 1721 ad
796 1662 1008 1721 animum
1036 1675 1360 1740 respicientes,
1387 1692 1442 1722 ex
1467 1676 1564 1735 his,
1597 1693 1703 1740 quae
1723 1676 1845 1724 fiunt
1866 1679 2092 1738 exterius,
2121 1680 2268 1743 magis
2291 1697 2348 1726 ex
2370 1680 2489 1738 hoe,

375 1754 506 1818 quod
530 1755 578 1801 in
595 1764 755 1802 mente
775 1754 993 1814 habetur,
1023 1765 1117 1802 tam
1139 1755 1265 1802 bona
1280 1789 1293 1812 ,
1315 1772 1460 1820 quam
1484 1756 1606 1804 mala
1634 1741 1920 1820 dijudicant..
1939 1759 2173 1806 Dominus
2204 1776 2315 1807 vero
2338 1759 2400 1807 ad
2427 1760 2494 1806 in-

375 1834 636 1881 tentionem
662 1844 832 1882 cuncta
857 1835 1112 1894 reducens,
1141 1852 1198 1882 ex
1220 1835 1294 1902 his
1314 1836 1471 1901 potius
1488 1872 1500 1896 ,
1529 1853 1633 1900 quae
1655 1837 1702 1883 in
1729 1837 1874 1885 corde
1898 1848 2030 1897 sunt,
2052 1855 2195 1903 quam
2213 1857 2270 1887 ex
2294 1840 2367 1886 his
2392 1857 2495 1903 quae

376 1923 606 1978 apparent
640 1914 687 1960 in
717 1930 890 1979 opere,
913 1914 1131 1962 damnari
1166 1915 1409 1962 hominem
1435 1927 1623 1963 censet:
1645 1933 1734 1964 nec
1761 1918 1982 1965 animam.
1997 1918 2148 1983 pollui
2167 1919 2372 1982 judicat,
2404 1921 2493 1966 nisi

377 2010 433 2041 ex
458 1994 557 2054 his,
585 2011 690 2059 quae
713 1996 760 2043 in
787 2012 842 2042 ea
868 2005 1007 2055 sunt,
1031 2005 1075 2043 et
1101 1996 1249 2062 ipsam
1277 1997 1586 2060 contingunt,
1611 2007 1662 2044 ut
1691 1997 1785 2045 sint
1812 1998 2080 2047 animarum
2103 1999 2297 2046 maculae
2320 2000 2497 2065 spirita-

375 2073 465 2130 les,
487 2075 607 2123 sicut
624 2093 882 2142 corporum
899 2085 1010 2124 sunt
1027 2076 1192 2124 sordes
1209 2077 1496 2142 corporales.
1522 2077 1661 2126 Unde
1676 2088 1724 2126 et
1738 2088 2087 2143 consequenter
2104 2096 2348 2144 exponens
2362 2081 2495 2144 quod

375 2155 582 2215 dixerat,
612 2176 635 2201 ι(
656 2157 739 2204 sed
762 2157 894 2221 quod
924 2156 1141 2222 procedit
1165 2174 1220 2205 ex
1252 2174 1363 2217 ore,
1392 2157 1487 2205 hoc
1514 2159 1791 2223 coinquinat
1816 2158 2086 2218 hominem,
2117 2178 2143 2204 η
2181 2161 2299 2207 ait⁸s
2327 2179 2350 2204 «
2380 2163 2495 2218 Quae

374 2246 533 2285 autem
551 2237 820 2301 procedunt
838 2255 895 2284 ex
910 2254 1018 2296 ore,
1040 2238 1101 2287 de
1121 2238 1268 2286 corde
1288 2225 1492 2287 exeunt⁸2
1517 2248 1563 2286 et
1579 2256 1634 2286 ea
1650 2239 1961 2304 coinquinant
1976 2240 2240 2288 hominem.
2264 2243 2335 2288 De
2351 2240 2495 2288 corde

375 2317 503 2364 enim
525 2327 699 2366 exeunt
721 2318 1031 2382 cogitationes
1057 2318 1213 2378 malae,
1242 2319 1524 2379 homicidia,
1551 2319 1804 2379 adulteria,
1824 2320 2161 2369 fornicationes
2179 2358 2190 2380 ,
2212 2322 2330 2369 furta
2349 2358 2360 2380 ,
2385 2321 2494 2369 falsa

376 2397 665 2456 testimonia,
694 2397 1014 2463 blasphemiae.
1047 2403 1154 2447 Haec
1179 2410 1311 2459 sunt,
1331 2417 1436 2464 quae
1461 2401 1775 2466 coinquinant
1799 2401 2062 2450 hominem.
2088 2406 2192 2449 Non
2219 2403 2324 2450 lotis
2351 2403 2495 2450 mani-

377 2475 464 2522 bus
499 2469 811 2536 manducare,
846 2494 944 2525 non
984 2479 1260 2543 coinquinat
1292 2479 1556 2527 hominem.
1583 2499 1608 2525 η
1643 2484 1706 2528 Ac
1728 2482 1767 2528 si
1795 2491 1956 2547 aperte
1989 2482 2114 2532 dicat
2151 2501 2159 2528 :
2191 2482 2365 2529 Sordes
2402 2498 2495 2528 ma-

377 2571 528 2602 nuum
540 2555 812 2620 corporales
827 2557 1035 2604 animam
1052 2574 1150 2604 non
1168 2560 1426 2623 attingunt,
1447 2570 1499 2607 ut
1517 2576 1623 2607 eam
1646 2560 1861 2625 polluere
1880 2571 2074 2625 peccato
2093 2563 2291 2627 possint.
2317 2562 2495 2625 Cogita-

377 2635 529 2682 tiones
555 2651 659 2698 quae
675 2635 942 2700 inquinant,
960 2636 1019 2684 de
1044 2637 1189 2684 corde
1205 2649 1395 2697 exeunt,
1416 2656 1564 2703 quum
1582 2639 1642 2687 ad
1660 2639 1753 2686 hoc
1766 2641 2138 2705 perpetrandum
2152 2643 2492 2699 consentimus,

377 2715 509 2778 quod
532 2716 858 2779 cogitavimus.
892 2717 982 2763 Ubi
1005 2728 1163 2765 autem
1189 2735 1287 2766 non
1311 2730 1380 2766 est
1403 2737 1590 2778 sensus,
1622 2737 1719 2767 non
1759 2731 1913 2786 potest
1936 2738 2037 2769 esse
2062 2739 2341 2779 consensus,
2377 2724 2495 2768 sicut

379 2795 425 2840 in
462 2795 691 2859 parvulis,
722 2806 800 2843 aut
839 2797 1024 2844 stultis:
1055 2799 1137 2862 qui
1165 2800 1225 2844 si*
1256 2799 1431 2846 faciunt
1464 2800 1596 2863 quod
1628 2817 1726 2847 non
1763 2801 1965 2860 debent,
2002 2802 2186 2849 nullum
2220 2804 2265 2848 in
2303 2802 2397 2849 hoc
2428 2802 2493 2848 eis

378 2885 625 2939 peccatum
657 2877 944 2941 imputatum
973 2894 1063 2926 nec
1087 2877 1423 2937 homicidium,
1454 2880 1525 2927 vel
1559 2881 1874 2940 adulterium,
1904 2899 1993 2929 nec
2021 2882 2214 2946 aliquod
2248 2893 2494 2947 peccatum

379 2956 614 3003 Dominus
633 2955 771 3015 dicit,
796 2957 883 3004 nisi
904 2957 1035 3021 quod
1058 2974 1114 3006 ex
1141 2958 1286 3006 corde
1312 2960 1554 3024 procedit,
1579 2960 1674 3011 hoc
1695 2971 1794 3020 est,
1819 2962 1908 3009 nisi
1936 2979 2088 3026 quum
2113 2962 2212 3009 haec
2238 2962 2392 3009 illicita
2426 2980 2495 3010 re·

378 3037 732 3100 cognoscimus,
760 3036 821 3084 ad
838 3054 943 3102 quae
968 3054 1058 3085 nos
1083 3038 1275 3087 inclinat
1301 3056 1579 3088 consensus.
1599 3029 1732 3089 >Sicut
1759 3058 1872 3105 ergo
1898 3043 2206 3106 cogitationes
2230 3052 2403 3090 exeunt
2434 3040 2494 3089 de

380 3116 552 3174 corde,
573 3133 722 3180 quum
742 3133 828 3182 per
855 3133 1142 3165 consensum
1173 3119 1232 3165 ad
1266 3135 1412 3184 opera
1440 3120 1666 3180 tendunt,
1695 3122 1757 3168 ita
1778 3122 2116 3176 homicidium,
2144 3132 2189 3169 et
2211 3122 2494 3169 adulterium

380 3206 426 3242 et
444 3205 608 3243 caetera
634 3206 827 3260 peccata
852 3197 913 3244 de
932 3196 1079 3245 corde
1096 3197 1237 3246 docet
1256 3200 1408 3259 exire,
1434 3217 1523 3248 nec
1546 3201 1680 3248 aliter
1707 3211 1898 3267 peccata
1917 3218 2042 3259 esse,
2070 3202 2156 3248 nisi
2185 3219 2270 3268 per
2296 3219 2497 3249 consen-

380 3290 484 3320 sum
504 3275 633 3339 prius
652 3275 824 3323 fuerint
842 3276 890 3323 in
914 3276 1082 3337 corde,
1105 3294 1250 3342 quam
1270 3279 1583 3327 exhibeantur
1600 3281 1647 3327 in
1665 3297 1826 3345 opere.
1850 3283 2105 3345 Postquam
2126 3283 2252 3328 enim
2269 3281 2343 3328 his
2359 3299 2496 3345 agen-

429 3450 438 3466 *
465 3450 574 3489 Rom„
589 3461 662 3495 cap.
684 3462 751 3493 xiv,
767 3462 797 3486 ν.
814 3453 868 3486 23.
881 3470 926 3480 --
939 3452 952 3470 ¹
971 3454 1114 3488 Corinth.
1132 3456 1251 3499 1‚cap.
1269 3467 1322 3489 vni
1336 3481 1346 3497 ,
1367 3468 1396 3490 v.
1411 3458 1442 3488 7.
1518 3457 1531 3474 ⁸
1547 3457 1672 3495 matth„
1696 3468 1768 3501 cap.
1789 3469 1841 3498 xv,
1859 3469 1888 3491 v.
1909 3460 1959 3491 18.
1979 3477 2015 3483 -
2033 3458 2044 3475 ⁴
2059 3458 2140 3492 Cod.
2162 3458 2279 3491 Vim.-
2296 3460 2354 3498 Qm'
2376 3462 2422 3491 sic
2440 3460 2494 3497 fa-

378 3511 468 3541 citmt
483 3508 567 3541 Edd.

541 3578 554 3607 ι
2285 3576 2337 3614 35
