2970 4152
943 378 1003 426 ΙΝ
1036 376 1317 425 PASSlONE
1351 376 1562 423 DOMINI
1596 374 1815 422 SERMO.
2237 399 2239 401 ·
2352 373 2447 420 433

325 473 606 522 exeuntibus
623 471 834 537 conspici
853 473 1050 537 possint.
1073 474 1131 518 Et
1146 487 1297 535 quum
1316 480 1462 527 tanta,
1483 473 1587 517 Deo
1606 461 1928 535 permittente,
1945 476 2154 531 agerent,
2175 482 2279 534 non
2290 476 2447 514 tamen

325 563 680 619 cognoverunt,
709 552 826 617 quid
844 552 1020 600 scilicet
1044 562 1264 617 agerent,
1293 552 1404 615 quia
1424 567 1563 598 >suam
1588 559 1773 596 tantum
1792 548 2015 612 injuriam
2046 545 2209 594 ulcisci
2235 546 2449 593 credide-

326 632 465 693 runt,
495 632 579 680 sed
598 649 697 679 non
724 632 935 680 divinam
952 668 965 687 ‚
1001 642 1046 679 et
1081 632 1176 679 suis
1203 630 1380 678 viribus
1403 630 1499 677 hoc
1525 630 1671 693 magis
1697 629 1930 694 potuisse,
1964 643 2109 692 quam
2134 627 2451 692 promissione

327 714 487 761 divina
505 729 600 778 qua
622 712 816 760 tradidit
839 713 1027 778 impios.

395 794 534 840 Pueri
561 794 720 857 itaque
742 793 927 858 parvuli
952 809 1074 857 quos
1099 792 1312 857 praedicti
1341 791 1654 857 perdiderunt
1691 792 1817 849 ursi,
1848 791 1960 855 quia
1986 790 2232 837 illuserunt
2256 789 2447 848 Elisaeo,

327 875 418 938 ipsi
445 883 557 920 sunt
579 871 730 919 'Judaei
751 883 981 936 tanquam
1008 890 1148 920 sensu
1171 882 1408 931 carentes,
1441 889 1598 936 neque
1623 888 1709 936 per
1733 871 1908 936 legem,
1940 887 2096 935 neque
2125 887 2211 935 per
2234 880 2306 917 tot
2322 871 2453 934 signa

328 953 568 1001 Christum
593 948 959 1015 cognoscentes,
988 962 1035 998 et
1054 953 1120 998 sic
1140 969 1166 998 a
1186 968 1299 999 vera
1322 951 1578 1017 sapientia,
1601 967 1706 1015 quae
1730 951 1831 1016 ipse
1855 960 1924 998 est
1939 986 1951 1010 ,
1980 949 2120 997 alieni
2150 959 2196 996 et
2219 950 2268 996 in
2292 966 2454 1015 repro-
2478 957 2481 959 ’

328 1033 446 1082 bum
467 1051 660 1083 sensum
679 1032 853 1080 traditi.
875 1036 981 1079 Non
1002 1033 1131 1080 enim
1162 1033 1316 1079 taliter
1331 1033 1519 1080 Christo
1541 1031 1795 1079 illuderent
1819 1042 1930 1079 ante
1951 1030 2306 1079 crucifixionem
2319 1069 2331 1091 ‚
2366 1048 2455 1079 nec

330 1114 480 1162 Pilato
499 1114 829 1161 inclamarent¹
851 1132 861 1160 ε
889 1132 912 1158 «
926 1111 1188 1176 Crucifige,
1210 1113 1431 1177 crucifige
1450 1130 1590 1172 eum3
1618 1131 1640 1156 »
1664 1113 1798 1177 quod
1818 1122 1888 1159 est
1904 1113 2038 1176 quasi
2057 1112 2213 1159 dicere
2228 1112 2415 1159 Christo
2441 1131 2449 1157 :

335 1213 359 1239 «
381 1193 612 1252 Ascende,
634 1193 792 1253 calve,
816 1192 1037 1251 ascende,
1056 1192 1203 1239 calve.
1224 1211 1247 1236 »
1269 1191 1532 1240 Crucifixus
1557 1194 1735 1257 quippe
1751 1193 1926 1240 Christi
1953 1193 2165 1240 ascensio
2190 1203 2259 1240 est
2284 1194 2451 1239 crucis,

332 1258 529 1322 Calvum
547 1283 743 1334 vocant,
761 1290 904 1338 quem
922 1273 1122 1321 terrenis
1135 1273 1316 1320 auxiliis
1335 1273 1409 1319 vel
1426 1273 1597 1338 opibus
1615 1273 1893 1320 destitutum
1911 1273 2088 1319 vident.
2109 1272 2217 1320 Tale
2234 1283 2302 1319 est
2315 1290 2451 1337 ergo:

337 1375 361 1400 «
381 1355 625 1415 Ascende,
654 1355 812 1414 calve,
845 1373 866 1398 υ
898 1364 1125 1418 tanquam
1154 1354 1193 1401 si
1221 1353 1434 1401 dicerent
1462 1371 1471 1398 :
1500 1356 1567 1400 Tu
1594 1353 1755 1412 miser,
1790 1352 2015 1399 omnibus
2038 1352 2178 1399 bonis
2207 1351 2454 1412 destitute,

333 1438 417 1502 qui
435 1448 480 1485 te
503 1454 530 1484 a
548 1436 688 1484 nobis
700 1435 1006 1484 exaltandum
1026 1453 1125 1483 esse
1144 1435 1450 1501 praedixeras,
1479 1435 1587 1482 veni
1602 1433 1699 1481 huc
1711 1470 1723 1493 ,
1745 1433 2006 1481 ascendens
2024 1449 2215 1480 crucem
2236 1433 2453 1480 exaltare.

334 1520 437 1565 Hoc
462 1518 591 1565 enim
614 1534 700 1582 per
723 1517 926 1563 ironiam
954 1515 1207 1563 illudentes
1234 1515 1482 1576 dicebant,
1505 1514 1639 1579 quod
1661 1515 1710 1562 in
1737 1516 1934 1562 veritate
1951 1515 2011 1562 de
2035 1514 2322 1561 exultatione
2353 1531 2459 1561 cru-

335 1596 481 1658 cifixi,
510 1607 556 1644 et
580 1597 642 1644 de
667 1597 898 1645 electione
923 1597 1136 1661 gentium
1163 1597 1398 1643 Dominus
1428 1595 1728 1661 disponebat.
1758 1600 1884 1644 Bene
1902 1596 1968 1643 illi
1998 1595 2134 1661 pueri
2151 1595 2461 1659 quadraginta

336 1677 435 1725 duo
461 1678 602 1725 fuisse
621 1687 966 1737 memorantur,
995 1676 1262 1724 secundum
1280 1676 1499 1724 videlicet
1517 1693 1773 1723 numerum
1791 1692 2053 1736 annorum,
2075 1691 2198 1740 quos
2211 1675 2276 1722 eis
2300 1675 2462 1722 Domi-

338 1775 428 1806 nus
446 1757 504 1806 ad
531 1758 860 1823 poenitentiam
882 1756 1158 1805 indulserat.
1189 1756 1565 1821 Quadragesimo
1585 1757 1764 1823 quippe
1794 1773 1923 1804 anno
1948 1755 2161 1803 secundo
2190 1773 2219 1803 a
2241 1755 2462 1802 Passione

338 1839 556 1898 Domini,
577 1837 678 1885 haec
697 1838 763 1886 eis
787 1837 1028 1885 calamitas
1044 1837 1229 1885 accidit.
1260 1838 1353 1886 Sed
1378 1855 1467 1886 nec
1495 1855 1521 1885 a
1546 1839 1769 1902 mysterio
1799 1849 1956 1897 vacat,
1983 1838 2113 1902 quod
2140 1838 2312 1885 sanatis
2330 1838 2465 1902 aquis

339 1920 493 1967 Jerico
520 1918 711 1966 Elisaeus
729 1918 914 1978 Bethel,
940 1918 1034 1966 hoc
1052 1929 1121 1966 est
1138 1918 1199 1966 ad
1219 1918 1420 1966 domum
1443 1919 1531 1966 Dei
1562 1918 1848 1966 ascendebat
1869 1938 1878 1965 :
1900 1920 2050 1983 quum
2077 1928 2123 1966 et
2150 1918 2385 1965 Dominus
2417 1918 2464 1964 in

340 2002 497 2048 Ramis
527 2001 797 2049 Palmarum
835 2001 1181 2065 Jerosolymam
1216 2000 1436 2059 venienS,
1474 2017 1624 2065 quum
1657 2018 1744 2066 per
1780 2001 1933 2047 Jerico
1969 2000 2215 2059 transiret,
2255 2015 2467 2062 egressus

339 2081 451 2129 inde
476 2082 598 2129 duos
629 2099 778 2130 caecos
807 2083 1056 2130 sanaverit.
1087 2082 1180 2139 Qui
1203 2081 1418 2146 profecto
1451 2091 1706 2145 antequam
1742 2098 1828 2147 per
1862 2080 2101 2128 Christum
2139 2089 2238 2127 tam
2266 2096 2468 2145 corpore

339 2178 484 2225 quam
509 2162 669 2209 anima
698 2161 1103 2222 illuminarentur,
1134 2171 1180 2209 et
1218 2160 1283 2208 ob
1318 2161 1412 2209 hoc
1443 2178 1555 2209 eum
1596 2171 1923 2226 sequerentur,
1962 2161 2098 2225 quasi
2131 2179 2264 2227 aquae
2291 2161 2469 2210 steriles

340 2254 497 2305 erant,
520 2244 637 2292 dum
656 2244 814 2292 adhuc
834 2245 968 2292 omni
987 2254 1130 2292 vento
1148 2244 1376 2292 doctrinae
1395 2245 1676 2293 fluctuantes
1694 2244 1811 2309 quid
1827 2244 2022 2292 credere
2041 2243 2272 2292 deberent
2287 2255 2469 2292 certum

340 2340 439 2371 non
464 2323 729 2385 habebant,
760 2335 808 2372 et
826 2325 891 2372 ol)
911 2325 1004 2372 hoc
1029 2325 1183 2372 fructu
1209 2325 1406 2391 spiritali
1426 2335 1655 2373 carentes.

411 2408 470 2452 Ut
483 2415 642 2452 autem
667 2402 838 2452 nostrae
857 2407 1140 2453 narrationis
1161 2417 1340 2454 textum
1361 2407 1708 2472 superioribus,
1738 2425 1842 2472 quae
1864 2409 2130 2456 intermissa
2157 2408 2367 2466 fuerant,
2392 2424 2469 2455 co-

338 2475 585 2549 pulemus,
613 2502 787 2549 quum,
821 2496 873 2533 ut
897 2485 1125 2545 diximus,
1156 2487 1390 2533 Dominus
1414 2487 1758 2551 Jerosolymam
1784 2488 2005 2547 veniens,
2039 2488 2247 2535 futuram
2271 2488 2469 2535 civitatis

342 2565 530 2612 ruinam
552 2552 844 2629 deplorasset
869 2581 924 2612 ac
952 2565 1263 2630 praedixisset,
1293 2566 1533 2613 civitatem
1561 2567 1799 2631 ingressus
1830 2584 1942 2615 cum
1978 2568 2129 2615 multo
2160 2562 2468 2616 exultantium

341 2644 588 2692 turbarum
608 2646 854 2703 comitatu,
878 2645 940 2693 ad
965 2646 1198 2710 templum
1225 2655 1454 2710 tanquam
1478 2647 1723 2711 propriam
1740 2647 1939 2694 domum
1963 2648 2233 2712 pervenisse
2249 2647 2465 2705 refertur,

342 2736 390 2773 et
414 2727 462 2773 in
488 2727 593 2792 ipso
619 2736 717 2773 tam
737 2727 965 2790 justitiam
989 2743 1133 2791 quam
1156 2728 1529 2775 misericordiam
1557 2745 1781 2776 exercens
1796 2766 1808 2790 ‚
1838 2746 1989 2794 quum
2014 2729 2127 2778 inde
2155 2731 2471 2795 negotiatores

343 2816 564 2871 potenter
582 2807 861 2872 expulisset,
888 2825 1133 2873 caecosque
1159 2808 1338 2856 ibidem
1364 2818 1409 2856 et
1429 2809 1627 2857 claudos
1645 2821 1857 2870 sanaret,
1882 2812 2033 2877 ipsam
2053 2812 2247 2859 Domini
2271 2811 2471 2859 domum

344 2886 682 2934 reconciliavit.
707 2888 920 2951 Ejecerat
934 2889 1034 2951 jam
1053 2888 1142 2936 alia
1160 2889 1263 2936 vice
1281 2889 1394 2936 tales
1419 2889 1480 2937 de
1505 2890 1688 2956 templo
1703 2927 1715 2950 ,
1738 2891 1870 2955 quod
1888 2892 2018 2939 solus
2037 2895 2246 2939 Joannes
2264 2908 2472 2939 comme·
2528 2926 2534 2931 -

346 2970 536 3015 morat².
568 2967 662 3015 Sed
684 2967 745 3015 de
762 2967 851 3015 hac
875 2968 1039 3016 ultima
1067 2969 1297 3032 ejectione
1315 2970 1528 3018 scribunt
1548 2971 1651 3029 alii,
1677 2972 1873 3036 quando
1893 2972 2113 3019 videlicet
2138 2972 2260 3019 sacto
2287 2972 2472 3036 flagello

345 3046 406 3093 de
432 3046 651 3094 funiculis
676 3063 845 3094 omnes
871 3047 1022 3111 ejecit.
1054 3050 1239 3096 Marcus
1269 3065 1384 3097 vero
1414 3049 1556 3097 refert
1574 3052 1588 3075 ³
1616 3050 1741 3098 hanc
1778 3052 2063 3115 ejectionem
2098 3067 2196 3098 non
2230 3051 2278 3097 in
2318 3052 2475 3099 Ramis

347 3125 639 3186 Palmarum,
661 3126 744 3174 sed
764 3127 980 3191 sequenti
1006 3127 1084 3174 die
1099 3145 1250 3192 quum
1274 3129 1451 3177 rediret
1468 3130 1703 3177 Dominus
1726 3130 2090 3195 Jerosolymam,
2117 3131 2288 3177 factam
2312 3130 2469 3180 fuisse.

347 3210 400 3254 In
416 3208 572 3255 Ramis
585 3218 745 3256 tamen
765 3208 1033 3255 Palmarum
1052 3210 1153 3275 ipse
1163 3226 1357 3275 quoque
1373 3212 1634 3260 Dominum
1647 3222 1994 3259 commemorat
2006 3213 2202 3260 intrasse
2220 3213 2472 3279 templum,

347 3287 430 3335 sed
454 3289 503 3335 in
530 3306 588 3336 eo
614 3289 731 3337 nihil
760 3291 990 3355 exegisse,
1034 3291 1122 3338 nisi
1149 3291 1503 3357 circumspectis
1536 3293 1759 3341 omnibus
1797 3311 1901 3358 quae
1929 3294 2151 3355 aderant,
2193 3312 2344 3359 quum
2375 3295 2476 3359 jam

395 3460 403 3477 ¹
432 3461 525 3503 Luc„
545 3472 618 3506 cap.
638 3474 737 3506 xxm,
758 3476 788 3498 v.
806 3467 858 3499 21.
876 3483 912 3489 -—
931 3466 942 3482 ¹
961 3465 1070 3507 Joan.,
1089 3476 1163 3509 cap.
1183 3477 1202 3499 ιι
1218 3491 1225 3506 ,
1240 3477 1270 3500 v.
1290 3467 1424 3499 15.--ὅ
1441 3467 1554 3509 Marc„
1574 3477 1648 3511 cap.
1665 3479 1715 3507 xi,
1730 3478 1761 3501 v.
1783 3469 1830 3499 15.

511 3532 526 3560 1
2267 3530 2319 3570 55
