2970 4152
560 413 653 462 514
1356 415 1527 463 PETRI
1562 417 1875 465 ABAELARDI

559 530 582 554 «
601 509 821 557 homines
844 509 1066 558 volebam
1089 525 1190 557 esse
1212 511 1333 558 sicut
1354 512 1608 577 meipsum.
1630 531 1653 557 »
1682 513 1731 560 Si
1754 513 1884 560 enim
1906 510 2074 559 habuit
2095 524 2316 570 uxorem,
2342 522 2390 559 et
2410 511 2505 559 hoc
2526 512 2666 572 dixit,

554 590 758 653 virgines
780 607 881 638 esse
902 590 1104 638 noluit.
1076 593 1087 616 ¹
1137 590 1231 638 Sed
1254 591 1393 639 absit.
1418 592 1495 639 Sic
1518 593 1647 640 enim
1670 609 1697 640 a
1724 592 1927 657 pueritia
1951 591 2119 656 spiritu
2141 590 2339 651 ferbuit,
2365 601 2418 638 ut
2438 591 2581 656 hujus
2601 595 2670 640 rei

552 671 762 719 studium
785 689 884 719 non
902 671 1121 720 haberet
1111 673 1316 740 ,quippe
1333 685 1484 738 quum
1499 673 1783 738 Juvenculus
1805 673 2087 738 anticipatus
2109 671 2168 719 sit
2191 687 2219 719 a
2241 673 2389 736 gratia
2408 673 2513 720 Dei.
2540 676 2594 720 In
2608 689 2670 729 eo

553 751 804 814 adjuvatur
831 753 936 817 quis
965 746 1098 818 quod
1126 754 1315 802 videtur
1351 754 1576 802 aviditate
1605 755 1779 801 mentis
1813 763 2052 819 appetere.
2085 756 2205 800 Item
2231 753 2282 800 in
2305 747 2506 818 epistola
2536 757 2577 800 Π
2608 754 2675 801 ad

545 832 594 875 (
592 847 647 876 οι
649 832 871 880 cnthcbs.2·
894 832 1114 881 «Omnes
1131 833 1352 899 apostoli,
1364 844 1560 900 excepto
1579 838 1763 881 Joanne
1775 843 1822 880 et
1833 832 1998 892 Paulo,
2014 845 2185 880 uxores
2202 831 2490 880 habuerunt
2506 851 2530 877 n
2548 833 2671 880 Hinc

551 911 868 979 Hieronymus
881 913 1039 980 docet,
1059 915 1121 962 ad
1136 915 1449 964 Eustochium
1459 916 1693 979 virginem
1710 915 1835 961 inter
1853 922 2021 962 caetera
2035 914 2102 964 sic
2117 913 2328 961 scribens
2340 915 2355 938 ⁸
2377 932 2388 960 ε
2409 932 2433 959 c<
2451 917 2522 961 De
2534 914 2672 978 virgi-

555 1011 578 1036 «
605 992 762 1053 nibus,
784 995 977 1060 »inquit
993 996 1281 1062 Apostolus⁴,
1304 1016 1327 1042 «
1345 1006 1635 1062 praeceptum
1653 996 1850 1043 Domini
1861 1012 1963 1043 non
1978 994 2155 1055 habeo,
2171 1014 2194 1040 »
2211 994 2345 1060 quod
2361 995 2463 1060 ipse
2474 1004 2529 1042 ut
2547 988 2669 1044 esset

551 1073 683 1136 virgo
701 1087 799 1121 non
816 1075 901 1122 fuit
918 1077 1122 1142 imperii,
1144 1076 1228 1124 sed
1247 1077 1452 1142 propriae
1467 1076 1781 1124 voluntatis.»
1805 1078 1901 1123 Nec
1918 1075 2049 1123 enim
2067 1075 2294 1123 audiendi
2309 1084 2472 1134 sunt,»·
2490 1075 2666 1140 inquit,

554 1171 577 1197 «
596 1155 679 1218 qui
708 1172 819 1202 eum
848 1172 1044 1204 uxorem
1066 1156 1289 1205 habuisse
1311 1157 1618 1221 confingunt,
1639 1175 1662 1201 »
1688 1173 1840 1221 quum
1860 1155 2066 1204 suadens
2092 1166 2378 1222 perpetuam
2404 1157 2670 1208 caritatem

549 1234 817 1284 intulerit⁸:
849 1257 871 1282 «
895 1234 1019 1285 Volo
1048 1243 1207 1286 autem
1231 1254 1399 1286 omnes
1434 1254 1535 1286 esse
1564 1238 1687 1284 sicut
1719 1238 1971 1303 meipsum.
2004 1255 2027 1282 »
2060 1237 2155 1294 Qui
2182 1237 2327 1284 etiam
2354 1237 2404 1284 in
2433 1236 2562 1284 libro<
2580 1240 2673 1285 He-

548 1313 812 1363 braicorum
842 1318 1122 1379 Nominum,
1158 1321 1205 1366 et
1239 1319 1342 1384 ipsa
1374 1318 1767 1383 interpretatione
1800 1317 2010 1365 nominis
2046 1316 2177 1365 Pauli
2205 1316 2533 1365 excellentiam
2569 1316 2670 1380 ejus

549 1396 893 1444 commendans
907 1435 918 1457 ,
950 1399 1039 1446 ait⁶
1065 1416 1075 1444 :
1107 1418 1130 1443 «
1156 1398 1327 1445 Paulus
1349 1396 1579 1445 mirabilis
1607 1398 1706 1445 sive
1744 1396 1937 1445 electus.
1970 1415 1994 1441 »
2025 1400 2372 1462 Interpretatur
2399 1405 2545 1461 quem
2576 1398 2671 1443 Do-

548 1477 705 1524 minus
721 1478 822 1543 ipse
843 1496 924 1526 vas
947 1479 1190 1526 electionis
1211 1478 1426 1539 vocavit,
1447 1488 1495 1527 et
1515 1489 1616 1527 tam
1637 1479 1735 1526 vita
1759 1494 1905 1542 quam
1928 1477 2150 1526 doctrina
2171 1478 2298 1526 inter
2319 1468 2564 1543 apostolos
2582 1478 2671 1524 mi·

547 1557 745 1604 rabilem
780 1559 904 1618 fecit.
943 1561 1216 1624 Benjamin,
1252 1570 1306 1607 ut
1334 1559 1518 1607 dictum
1554 1569 1648 1619 est,
1679 1575 1881 1607 nascens
1908 1568 2115 1607 matrem
2144 1559 2415 1625 parientem
2437 1546 2665 1624 peremit,

546 1653 650 1700 quae
673 1655 768 1703 prae
790 1639 957 1687 dolore
977 1649 1140 1705 partus
1160 1640 1392 1701 moriem,
1413 1639 1648 1687 Benonim
1670 1655 1804 1699 eum,
1824 1639 1875 1686 id
1898 1649 1969 1687 est
1991 1638 2143 1687 filium
2165 1638 2365 1699 doloris,
2391 1638 2664 1704 appellavit.

544 1720 679 1765 Pater
700 1736 815 1766 vero
839 1722 1035 1768 nomine
1058 1729 1372 1781 commutato,
1399 1736 1510 1767 eum
1532 1720 1797 1783 Benjamin,
1823 1719 1874 1766 id
1896 1730 1967 1767 est
1987 1719 2139 1767 filium
2161 1719 2354 1780 dextrae,
2379 1720 2665 1767 nominavit.

544 1798 713 1846 Paulus
742 1801 919 1865 quippe
941 1801 989 1847 in
1026 1800 1250 1848 Christo
1232 1817 1333 1865 Jam
1360 1816 1638 1860 renascens,
1669 1808 1874 1847 matrem
1895 1816 2032 1847 suam
2061 1800 2298 1859 Judaeam,
2337 1816 2442 1864 quae
2475 1811 2587 1847 eum
2617 1800 2666 1846 in

545 1878 763 1928 doctrina
795 1881 908 1945 legis
937 1891 1165 1945 genuerat
1195 1891 1243 1928 et
1270 1879 1581 1940 educaverat,
1603 1881 1739 1945 quasi
1760 1881 2017 1945 peremisse
2039 1881 2236 1939 dicitur3
2260 1896 2412 1945 quum
2429 1880 2667 1945 praecipue

543 1961 806 2008 carnalium
830 1961 1220 2009 observationum
1242 1971 1500 2026 praecepta,
1526 1961 1576 2008 in
1599 1959 1772 2025 quibus
1793 1960 2045 2021 vivebant,
2083 1961 2407 2019 evacuaverit,
2432 1969 2481 2007 et
2513 1968 2666 2008 totam

544 2058 713 2089 eorum
745 2042 944 2105 gloriam
973 2037 1034 2089 ad
1056 2042 1260 2089 nihilum
1286 2041 1544 2106 redegerit,
1571 2040 1709 2106 quasi
1729 2039 1790 2088 de
1812 2050 1951 2088 utero
1974 2041 2138 2089 matris
2161 2042 2321 2088 exiens
2337 2078 2348 2100 ,
2374 2050 2422 2088 et
2445 2057 2473 2088 a
2499 2039 2666 2088 schola

542 2138 791 2186 synagogae
812 2139 898 2186 per
919 2123 1284 2170 conversionem
1306 2122 1557 2181 recedens,
1575 2121 1709 2189 juxta
1729 2121 1863 2185 quod
1878 2122 2079 2186 ipsemet
2095 2122 2185 2170 ait⁷
2205 2139 2216 2168 :
2246 2140 2270 2166 «
2288 2121 2382 2179 Qui
2405 2137 2483 2168 me
2505 2136 2664 2185 segre-

544 2202 669 2265 gavit
690 2219 746 2249 ex
775 2213 911 2249 utero
943 2203 1106 2249 matris
1127 2218 1266 2261 meae,
1293 2211 1340 2248 et
1360 2202 1551 2249 vocavit
1571 2216 1658 2267 per
1681 2201 1880 2265 gratiam
1900 2216 2054 2248 suam.
2085 2220 2108 2246 »
2135 2201 2275 2248 Unde
2297 2210 2346 2248 et
2366 2200 2492 2247 hene
2513 2210 2666 2249 mater

544 2299 654 2328 eum
681 2283 943 2342 Benonim,
970 2282 1019 2329 id
1047 2293 1117 2330 est
1150 2281 1303 2329 filium
1330 2280 1511 2329 doloris
1533 2282 1630 2341 sui,
1656 2281 1845 2329 vocavit
1872 2298 1883 2328 :
1909 2281 2022 2346 quia
2042 2297 2141 2345 quo
2175 2279 2282 2346 plus
2317 2292 2531 2328 errorem
2565 2280 2667 2344 ejus

546 2362 711 2409 Paulus
734 2362 994 2421 infestavit,
1011 2361 1215 2427 amplius
1238 2379 1345 2409 eam
1367 2360 1531 2409 dolere
1554 2361 1686 2420 fecit,
1703 2370 1750 2408 et
1771 2377 1869 2426 quo
1892 2377 1989 2426 prae
2010 2359 2252 2426 sapientiae
2272 2376 2368 2407 suae
2389 2359 2665 2407 excellentia

545 2444 717 2505 gratior
741 2444 955 2490 extiterat
982 2442 1195 2502 habitus,
1222 2442 1425 2508 amplius
1459 2459 1567 2490 eam
1600 2441 1901 2489 contristavit
1929 2441 2144 2488 amissus.
2178 2443 2306 2488 Bene
2340 2449 2500 2488 autem
2529 2450 2665 2505 pater

545 2539 720 2570 nomen
744 2533 1040 2571 commutare
1063 2522 1214 2571 voluit
1228 2561 1239 2583 ,
1264 2533 1318 2570 ut
1339 2523 1499 2588 potius
1523 2538 1634 2569 eum
1653 2521 1805 2569 filium
1826 2520 2028 2568 dexterae
2046 2557 2057 2580 ‚
2073 2521 2124 2568 id
2146 2530 2216 2568 est
2237 2520 2564 2586 prosperitatis
2580 2536 2662 2567 seu

545 2601 832 2649 fortitudinis
854 2603 1113 2669 appellaret
1135 2619 1281 2668 quam
1304 2602 1486 2650 doloris
1514 2621 1524 2650 ε
1551 2603 1681 2667 quia,
1697 2611 1751 2650 ut
1776 2601 1856 2648 hic
1879 2600 2113 2661 diximus,
2139 2600 2358 2648 interitus
2380 2616 2632 2664 synagogae
2648 2638 2660 2659 ,

545 2684 626 2747 qui
648 2701 731 2749 per
759 2684 957 2731 Paulum
985 2684 1135 2732 factus
1159 2695 1254 2744 est,
1281 2685 1330 2731 in
1354 2684 1722 2750 prosperitatem
1750 2683 1911 2748 potius
1938 2682 2155 2730 fidelium
2178 2691 2225 2729 et
2246 2695 2557 2729 communem
2578 2684 2665 2728 Ec-

544 2765 692 2813 clesiae
713 2766 1075 2826 exultationem,
1092 2783 1238 2830 quam
1254 2766 1303 2813 in
1321 2765 1540 2813 dolorem
1561 2764 1856 2830 reputandus
1878 2774 1965 2812 est.
1991 2764 2086 2821 Qui
2107 2763 2252 2810 etiam
2267 2779 2363 2828 qua
2379 2761 2662 2810 fortitudine

544 2847 689 2893 animi
725 2848 948 2910 viguerit,
984 2849 1245 2894 innumerae
1281 2848 1331 2893 in
1360 2863 1471 2894 eum
1507 2845 1864 2912 persecutiones
1892 2844 2122 2893 indicant.
2159 2843 2303 2902 Quod
2334 2860 2449 2891 vero
2485 2843 2662 2891 dieitur

544 2942 681 2974 mane
704 2943 870 2992 rapere
892 2927 1124 2993 praedam,
1151 2937 1198 2974 et
1223 2943 1419 2991 vespere
1447 2942 1578 2975 escas
1600 2925 1814 2973 dividere
1832 2963 1843 2985 ,
1874 2924 2107 2990 significat
2122 2940 2240 2972 eum
2261 2924 2481 2990 primitus
2502 2935 2662 2988 perse-

543 3017 756 3054 cutorem
778 3008 995 3054 Ecclesiae
1023 3007 1186 3067 fuisse,
1212 3017 1260 3054 et
1287 3016 1454 3072 postea
1481 3007 1525 3053 ei
1551 3005 1686 3053 verbi
1719 3005 2030 3053 refectionem
2058 3004 2279 3052 doctrina
2311 3019 2407 3052 suae
2435 3002 2660 3067 praedica·

543 3089 684 3137 tionis
706 3090 1074 3138 administrasse.
1102 3086 1246 3145 Quod
1279 3097 1440 3134 autem
1462 3087 1597 3150 juxta
1625 3086 1767 3135 aliam
1788 3085 2150 3133 translationem
2173 3083 2346 3132 dicitur
2368 3081 2656 3129 distribuere

544 3168 710 3232 spolia,
729 3167 960 3232 significat
981 3184 1091 3215 eum
1113 3177 1426 3232 posteaquam
1444 3182 1702 3213 conversus
1721 3175 1790 3213 est
1807 3164 1978 3213 multas
1999 3165 2181 3212 animas
2195 3161 2389 3211 diabolo
2408 3161 2654 3226 eripuisse,

544 3257 590 3293 et
611 3249 744 3312 quasi
767 3249 934 3313 spolia,
954 3248 1113 3311 fugato
1129 3247 1285 3306 hoste,
1301 3246 1390 3293 hos
1405 3246 1653 3293 retinuisse
1675 3263 1684 3292 ε
1702 3246 1835 3310 quod
1857 3255 2024 3311 postea
2036 3261 2122 3310 per
2138 3242 2454 3292 ecclesiastica
2476 3240 2653 3300 officia,

589 3398 598 3415 ⁴
624 3398 706 3432 Male
728 3399 805 3441 legit
826 3398 1016 3431 Amboesius
1043 3401 1152 3432 voluit.
1170 3397 1236 3422 —²
1276 3399 1357 3440 Opp.
1385 3405 1407 3431 t.
1443 3398 1496 3436 11,
1538 3397 1570 3430 in
1626 3398 1639 3415 ⁶
1672 3398 1770 3438 lbid„
1797 3408 1829 3430 v.
1865 3399 1895 3430 7.
1923 3416 1949 3421 ---
1970 3396 1983 3414 ⁶
2011 3398 2093 3439 Opp.
2122 3403 2146 3428 t.
2175 3396 2227 3436 11,
2257 3395 2321 3428 col.
2350 3395 2464 3428 77.-
2481 3394 2493 3413 ⁷
2529 3393 2655 3432 Galat„

543 3454 752 3497 Appendioe,
775 3455 838 3488 col.
865 3455 938 3487 198.
966 3473 1004 3479 ——
1029 3455 1041 3472 ³
1066 3455 1168 3498 Epist.
1204 3465 1304 3495 xvm,
1335 3455 1414 3496 Opp.
1452 3460 1476 3487 t.
1508 3453 1570 3492 lv,
1625 3465 1696 3499 cap.
1721 3466 1749 3494 1,
1770 3465 1799 3487 v.
1824 3456 1874 3486 ¹5.

545 3518 628 3552 part.
657 3511 706 3552 11,
733 3512 797 3545 col.
828 3512 882 3544 36.
903 3530 945 3536 —
966 3511 978 3528 ⁴
998 3511 1142 3546 Corinth.
1167 3512 1200 3550 I,
1223 3522 1296 3555 cap.
1315 3522 1375 3551 vn,
1406 3522 1436 3544 v.
1455 3511 1510 3544 25.
1528 3528 1570 3534 --
