2970 4152
540 378 602 428 60
1261 381 1520 428 ANDREAE
1553 377 1921 440 QUERCETANI

539 474 596 510 nis
612 480 650 510 et
666 473 850 511 Corintho
866 477 1033 521 praeesset
1050 472 1243 521 episcopus
1255 501 1265 517 ‚
1284 480 1322 510 et
1342 474 1580 522 postmodum
1597 488 1619 512 a
1632 483 1757 512 sancto
1781 475 1973 512 Clemente
1990 473 2198 509 Galliarum
2218 472 2266 508 sit
2284 471 2478 508 ordinatus
2497 477 2645 520 aposto-

537 535 595 572 lus
613 551 619 571 :
638 535 731 572 alius
750 547 836 572 vero
863 547 906 570 ex
927 534 1113 582 Dionysiis
1129 527 1632 586 Corinthiorum-episcopis,
1653 537 1714 573 ille
1733 537 1847 573 fuerit
1862 536 2063 584 Dionysius
2075 563 2085 580 ‚
2103 534 2150 570 de
2163 545 2239 582 quo
2251 533 2502 570 Ecclesiastica
2517 533 2646 569 Histo-

539 599 593 634 ria
610 604 648 636 et
665 598 913 645 Hieronymus
927 596 1192 633 meminerunt.
1204 611 1222 630 n
1238 597 1430 647 Quicquid
1438 599 1506 644 sit,
1522 611 1597 635 non
1617 599 1778 635 multum
1796 597 2002 634 curandum
2016 603 2086 643 est,
2102 602 2145 632 ut
2162 595 2286 644 inquit
2300 594 2401 631 idem
2417 594 2642 638 Abaelardus‚

537 667 663 697 utrum
681 661 759 709 ipse
774 658 972 706 Dionysius
989 656 1183 708 episcopus
1194 660 1406 708 parisiensis
1420 662 1657 710 Areopagita‚
1671 674 1717 698 an
1733 660 1884 698 aliunde
1898 660 2029 705 fuerit,
2043 658 2247 695 dummodo
2259 664 2398 694 tantam
2415 656 2514 705 apud
2527 657 2645 693 Deum

536 722 690 770 adeptus
706 722 754 756 sit
770 732 955 757 coronam.

1315 786 1413 822 Nota
1435 785 1664 831 XXXVIII,
1693 798 1777 834 pag.
1804 787 1864 822 24.

580 869 646 905 Ad
662 875 799 905 terram
817 871 959 906 comitis
985 869 1208 927 Theobalqli.
1224 891 1268 897 -
1283 871 1522 908 Theobaldus
1549 872 1631 918 hic,
1662 873 1736 908 sive
1763 870 2038 916 Theobaudus,
2065 871 2101 906 ΙΙ
2122 870 2194 906 suit
2214 870 2294 917 ejus
2319 869 2500 913 nominis,
2523 879 2646 903 comes

532 931 727 967 tricassinae
744 932 903 976 civitatis
920 937 958 967 et
973 931 1162 980 Privigni,
1181 933 1247 981 qui
1269 932 1425 970 decessit
1440 946 1537 969 anno
1555 929 1678 993 utili*

1329 1032 1427 1067 Nota
1452 1031 1642 1073 XXXIX,
1670 1043 1754 1079 pag.
1782 1033 1842 1070 24.

575 1110 623 1145 In
641 1115 763 1145 castro
781 1107 955 1156 Privigni
968 1110 1227 1156 moraricoepi,
1247 1109 1285 1143 in
1299 1108 1396 1144 cella
1411 1107 1587 1144 videlicet
1606 1107 1771 1155 quadam
1790 1110 2012 1144 trecensium
2030 1108 2356 1145 monachorum.—
2367 1107 2509 1144 Cellam
2521 1105 2647 1144 Sancti

525 1170 675 1220 Aygulfi
687 1170 878 1218 intelligit,
893 1182 1004 1218 quam
1024 1159 1263 1206 Theobaldus
1279 1169 1300 1205 I
1317 1170 1483 1206 instituit
1496 1169 1596 1218 apud
1609 1170 1840 1218 Privignum,
1856 1177 1893 1205 et
1902 1171 1942 1206 in
1953 1183 1996 1206 ea
2006 1170 2208 1206 monachos
2220 1170 2345 1206 Sancti
2360 1169 2464 1206 Petri
2481 1169 2645 1205 Trecen-

527 1233 574 1268 sis
587 1233 731 1281 posuit„
740 1231 837 1268 anno
846 1231 989 1268 Christi
999 1232 1103 1276 ⁴048,
1120 1238 1162 1268 ut
1172 1244 1217 1268 ex
1229 1231 1383 1268 Henrici
1394 1233 1492 1280 regis
1501 1231 1705 1280 diplomate
1719 1239 1833 1281 patet,
1846 1232 1905 1268 his
1917 1232 2055 1269 verbis:
2075 1247 2092 1265 «ι
2105 1231 2269 1278 Quidam
2279 1244 2431 1268 summae
2445 1229 2650 1268 nobilitatis

526 1306 649 1330 comes
671 1293 882 1330 Teobaldus
906 1294 1058 1330 nomine
1082 1300 1215 1330 nostrae
1242 1293 1449 1330 serenitatis
1474 1293 1568 1330 adiit
1594 1294 1848 1342 praesentiam,
1871 1306 2005 1342 rogans
2021 1300 2059 1330 et
2076 1293 2211 1330 obnixe
2227 1292 2437 1342 postulans,
2457 1299 2502 1328 ut
2519 1291 2589 1328 sibi
2610 1292 2649 1327 in

527 1357 687 1405 quadam
707 1356 857 1393 ecclesia
872 1384 882 1402 ,
904 1355 1030 1393 Sancti
1048 1355 1223 1392 videlicet
1242 1355 1425 1404 Aigulphi
1446 1356 1514 1392 sub
1534 1356 1747 1405 pruvinensi
1765 1356 1903 1405 oppido
1926 1357 2014 1402 sita,
2033 1367 2146 1405 quam
2163 1355 2209 1391 de
2229 1355 2337 1392 nobis
2353 1354 2574 1392 beneficiose
2589 1360 2647 1390 te-

526 1419 656 1463 nebat,
690 1418 819 1454 liceret
843 1419 1045 1454 monachos
1064 1417 1110 1454 de
1135 1418 1360 1454 monasterio
1387 1418 1524 1454 Domni
1551 1418 1654 1454 Petri
1680 1418 1888 1454 Trecassini
1908 1418 2086 1456 Cellensis
2104 1417 2357 1466 cognominati
2376 1417 2565 1466 primitive
2581 1408 2650 1464 po-v

529 1493 639 1526 nere,
663 1487 702 1516 et
718 1479 765 1515 ad
780 1480 848 1516 Dei
868 1480 1060 1516 servitium
1087 1479 1369 1528 perpetualiter,
1390 1486 1429 1515 et
1451 1479 1649 1527 continue,
1670 1480 1770 1529 quod
1795 1480 1890 1517 inibi
1919 1480 2023 1528 prius
2048 1479 2283 1528 negligenter
2311 1478 2509 1527 agebatur,
2529 1478 2650 1514 admi-

527 1542 764 1578 nistrandum
788 1542 976 1578 destinare
988 1570 998 1588 ,
1017 1548 1088 1578 etc.
1105 1556 1122 1574 >2
1149 1541 1267 1577 Porro
1295 1540 1428 1577 tabulae
1456 1540 1596 1577 Sanctae
1625 1541 1822 1578 Genovefae
1844 1541 2061 1578 Parisiensis
2090 1541 2319 1577 mentionem
2347 1541 2460 1576 etiam
2485 1539 2646 1583 faciunt,

529 1619 545 1636 τι
567 1604 821 1641 nundinarum
839 1604 966 1641 Sancti
986 1603 1127 1652 Aigulfi
1142 1603 1243 1652 apud
1260 1603 1489 1648 Pru-vinum,
1511 1618 1528 1637 »
1548 1615 1646 1639 anno
1664 1606 1772 1643 4220.
1792 1604 1871 1640 Nec
1893 1610 1997 1640 extra
2014 1615 2096 1639 rem
2112 1610 2199 1639 sunt
2218 1602 2296 1638 aliae
2318 1614 2468 1651 quoque
2484 1602 2651 1651 paracle-

530 1668 643 1703 tensis
661 1667 881 1704 chartularii
901 1665 1045 1711 litterae,
1063 1665 1200 1714 quibus
1217 1680 1234 1698 et
1246 1665 1360 1701 frater
1377 1665 1478 1702 Felix
1497 1664 1651 1701 humilis
1667 1666 1778 1703 abbas
1793 1666 2007 1703 monasterii
2020 1665 2145 1702 Sancti
2161 1665 2265 1702 Petri
2277 1664 2324 1701 de
2341 1664 2443 1701 Cella
2458 1664 2648 1710 trecensis,

528 1738 566 1765 et
583 1728 826 1766 Guichardus
845 1729 949 1777 prior
968 1727 1093 1765 Sancti
1107 1726 1292 1776 Aigulphi
1311 1726 1357 1763 de
1376 1727 1538 1763 Pruvino
1550 1755 1560 1773 ,
1580 1742 1599 1761 υ
1617 1734 1873 1764 memorantur
1887 1727 1957 1764 sub
1971 1740 2110 1764 annum
2130 1727 2273 1764 Christi
2291 1727 2397 1765 ⁴274.

1386 1830 1483 1867 Nota
1503 1831 1585 1878 XL,
1615 1844 1700 1882 pag.
1729 1834 1790 1872 25.

576 1916 711 1951 Abhas
728 1922 856 1952 autem·
872 1918 909 1951 in
930 1915 1000 1952 hac
1017 1915 1267 1952 obstinatione
1286 1914 1463 1951 recedens
1476 1943 1486 1960 ,
1511 1922 1597 1964 post-
1618 1929 1760 1963 paucos
1783 1915 1863 1952 dies
1883 1915 2085 1964 defunctus
2113 1921 2180 1951 est.
2201 1936 2240 1942 —
2259 1914 2378 1950 Adam
2397 1914 2561 1960 scilicet,
2578 1915 2652 1950 sive

527 1978 693 2014 Adamus
711 1978 835 2015 Sancti
860 1978 1028 2026 Dionysii
1047 1977 1176 2023 abbas,
1196 1977 1243 2014 de
1261 1990 1337 2026 quo
1349 1977 1427 2025 jam
1446 1979 1628 2027 superius.
1650 1979 1816 2015 Decessit
1838 1986 1962 2015 autem
1984 1990 2081 2014 anno
2099 1979 2214 2023 ⁴423,
2236 1983 2279 2012 ut
2294 1989 2337 2013 ex
2359 1976 2540 2013 electione
2568 1988 2653 2012 suc·

528 2041 681 2077 cessoris
695 2040 775 2088 ejus
791 2053 876 2076 mox
891 2040 1101 2089 apparebit.

1379 2104 1477 2140 Nota
1501 2104 1608 2152 XLI,
1634 2117 1718 2153 pag.
1744 2107 1803 2144 25.

585 2191 655 2226 Cui
668 2203 782 2238 quum
794 2190 893 2226 alius
904 2191 1188 2227 successisset...
1199 2210 1247 2218 -
1259 2191 1457 2227 Successor
1473 2191 1541 2227 hic·
1556 2191 1644 2228 Adae
1655 2192 1728 2227 fuit
1743 2191 1920 2239 Sugerius
1930 2219 1939 2235 ‚
1956 2197 2047 2227 tunc
2058 2190 2201 2227 absens.
2215 2188 2416 2225 Residebat
2434 2189 2536 2224 enim
2552 2187 2652 2237 apud

530 2252 730 2288 Callixtum
751 2252 791 2288 11
816 2264 968 2301 papam,
995 2253 1126 2288 missus
1145 2264 1164 2287 a
1186 2265 1274 2301 rege
1293 2253 1481 2289 Lud'ovico
1509 2254 1652 2290 Grosso
1679 2266 1747 2302 pro
1774 2252 1995 2302 quibusdam
2026 2253 2134 2301 regni
2158 2241 2323 2288 Frahciae
2348 2250 2522 2299 negotiis.
2541 2249 2655 2297 Quod

531 2314 608 2363 ipse
625 2314 734 2351 docet
750 2314 788 2350 in
802 2314 892 2352 Vita
910 2314 1085 2350 Ludovici
1100 2315 1210 2363 regiS,
1224 2314 1312 2350 dum
1328 2316 1398 2351 ait:
1420 2330 1437 2348 «
1455 2315 1635 2353 Occurrit
1651 2316 1775 2352 subito
1789 2328 1884 2364 puer
1896 2315 2105 2359 familiaris,
2121 2314 2186 2364 qui
2203 2326 2304 2350 meos
2322 2325 2455 2362 meque
2472 2323 2654 2361 recogno-

534 2389 655 2421 scens,
676 2375 779 2412 laetus
793 2382 831 2412 et
849 2375 965 2412 tristis
979 2404 989 2423 ‚
1008 2375 1152 2412 domini
1172 2377 1289 2412 nostri
1311 2377 1419 2413 bona?
1442 2378 1635 2414 memoriae
1662 2377 1809 2414 abbatis·
1833 2377 1921 2414 Adae
1948 2377 2188 2413 antecessoris
2217 2375 2408 2411 decessum
2432 2374 2652 2419 denuntiat,

533 2443 844 2486 communemque
861 2437 908 2473 de
921 2449 1077 2485 persona
1095 2446 1220 2474 nostra
1237 2438 1348 2487 pleno
1365 2440 1550 2475 conventu
1564 2439 1698 2475 factam
1709 2439 1966 2475 electionem.»
1984 2438 2228 2486 Electumque
2245 2436 2375 2472 eodem
2394 2448 2469 2484 quo
2488 2435 2657 2471 decessor

532 2501 611 2548 ejus
626 2500 747 2537 Adam
765 2500 963 2536 defunctus
980 2507 1052 2546 est,
1073 2513 1170 2537 anno
1187 2513 1322 2551 nempe
1344 2492 1457 2547 '4231’
1483 2502 1693 2539 subindicat
1718 2502 1830 2538 etiam
1856 2502 1960 2537 alibi.
1981 2502 2075 2537 Nam
2103 2500 2142 2536 in
2162 2506 2345 2548 praecepto
2366 2498 2413 2535 de
2442 2497 2658 2534 hominibus

533 2562 623 2599 villae
638 2562 742 2599 Beati
765 2563 956 2610 Dionysii,
976 2574 1074 2612 quos*
1085 2570 1211 2611 postea
1227 2563 1394 2600 libertati
1409 2564 1588 2610 tradidit,
1610 2577 1750 2601 annum
1770 2565 1911 2601 Christi
1932 2565 2044 2607 ⁴⁴25,
2066 2561 2399 2598 administrationis
2415 2572 2486 2597 suae
2503 2560 2657 2597 tertium

534 2633 724 2670 numerat,
739 2625 805 2661 his
823 2625 961 2661 verbis:
984 2640 1001 2657 α
1016 2627 1150 2661 Actum
1172 2626 1214 2661 in
1232 2627 1459 2663 monasterio
1477 2626 1578 2664 Beati
1601 2627 1775 2676 Dionysii·
1787 2627 1828 2663 in
1847 2626 2010 2675 generali
2037 2631 2243 2669 conventu,
2269 2623 2488 2673 praesidente
2504 2622 2657 2658 domino

534 2688 722 2737 Suggerio'
735 2687 934 2724 venerabili
951 2686 1086 2724 abbate·
1101 2687 1268 2735 ejusdem
1286 2689 1521 2735 monasterii,
1546 2690 1657 2726 tertio
1673 2689 2005 2726 administrationis
2021 2689 2104 2736 ejus·
2117 2699 2213 2723 anno
2224 2716 2233 2732 ,
2252 2685 2517 2723 incarnationis
2533 2691 2657 2721 autem

534 2749 727 2787 dominicae
745 2755 874 2795 mcxxv,
894 2750 955 2785 die
971 2749 1160 2786 dominica
1175 2749 1260 2786 idus
1277 2752 1421 2796 martii,
1443 2751 1531 2787 luna
1548 2763 1616 2798 vn,
1637 2751 1717 2787 iud.
1736 2763 1795 2796 ιιι,
1814 2758 1941 2800 epacta
1958 2762 2035 2796 x1v,
2054 2755 2299 2787 concurrente
2317 2760 2375 2790 111,
2391 2753 2572 2796 regnante
2588 2746 2659 2782 Lu-

535 2813 663 2849 dovico
678 2808 839 2861 glorioso
856 2819 894 2849 et
910 2811 1044 2848 illustri
1062 2813 1292 2849 Francorum
1308 2825 1408 2862 rege,
1423 2825 1496 2849 xvu
1507 2813 1840 2850 administrationis
1854 2825 1924 2849 suae
1937 2825 2047 2858 anno,
2065 2819 2101 2848 et
2118 2818 2332 2860 praesentem
2346 2809 2655 2846 condonationem

537 2876 789 2912 confirmante.
811 2877 890 2924 Ego
908 2875 1114 2923 Suggerius
1143 2875 1253 2912 abbas
1281 2876 1495 2924 subscripsi.
1517 2891 1535 2909 ι»
1556 2877 1602 2912 Et
1625 2877 1720 2912 infra
1742 2889 1752 2913 z
1777 2891 1793 2908 «t
1812 2876 1891 2925 Ego
1914 2875 2123 2924 Gregorius
2153 2873 2297 2910 domini
2315 2872 2489 2922 Suggerii
2513 2870 2658 2908 abbatis

536 2937 773 2974 cancellarius
790 2938 904 2987 relegi
918 2944 960 2986 ¹et
978 2937 1191 2986 subscripsi.
1207 2952 1223 2971 η

1374 3003 1471 3039 Nota
1497 3003 1621 3048 XLII,
1646 3015 1734 3052 pag.
1758 3004 1822 3041 25..

591 3093 758 3129 Conveni
769 3106 853 3130 eum
870 3104 953 3131 cum
972 3098 1142 3145 episcopo
1159 3094 1353 3132 meldensi.
1370 3116 1408 3121 —
1426 3094 1604 3132 Nondum
1623 3095 1719 3132 bene
1745 3095 1840 3132 mihi
1861 3101 2008 3132 constat
2031 3094 2117 3144 quis
2140 3094 2203 3129 hic
2226 3091 2425 3129 meldensis
2448 3091 2654 3139 episcopus.

539 3155 586 3191 Et
611 3162 738 3191 tamen
762 3163 826 3192 aut
855 3156 1137 3204 Burchardum,
1167 3164 1233 3195 aut
1261 3158 1468 3195 Manassem
1498 3158 1579 3206 ejus
1605 3170 1854 3195 successorem
1883 3157 2070 3194 affirmare
2100 3167 2264 3206 possum.
2290 3155 2385 3191 Nam
2410 3154 2450 3190 in
2474 3151 2658 3189 tabulario

537 3217 661 3253 Sancti
683 3217 833 3253 Martini
859 3217 906 3254 de
922 3219 1072 3268 Campis
1090 3220 1239 3257 invenio
1254 3219 1517 3257 Burchardum
1533 3219 1657 3257 adhuc
1682 3220 1921 3269 superstitem
1939 3231 2037 3257 anno
2058 3220 2171 3264 ⁴⁴22,
2195 3218 2430 3266 episcopatus
2448 3214 2506 3251 sui
2529 3214 2656 3257 tertio,

537 3279 741 3315 Manassem
769 3290 859 3315 vero
880 3280 957 3328 jam
982 3282 1134 3330 coepisse
1158 3294 1289 3331 regere
1313 3281 1541 3319 meldensem
1568 3282 1762 3319 ecclesiam
1791 3294 1889 3318 anno
1910 3283 2002 3320 ⁴⁴25
2018 3310 2028 3328 ,
2058 3292 2134 3330 quo
2159 3294 2176 3314 α
2223 3278 2389 3315 eclesiam
2411 3275 2458 3313 de
2478 3275 2659 3314 Chosiaco

536 3340 672 3377 Sancto
689 3341 852 3395 Martino
878 3341 1004 3389 dedit,
1030 3356 1148 3392 quum
1172 3345 1341 3383 candelis*
1362 3344 1410 3382 de
1430 3345 1630 3382 festivitate
1654 3345 1768 3382 beatae
1788 3345 1931 3390 Mariae,
1958 3357 2045 3381 cum
2071 3342 2230 3381 tortellis
2249 3341 2296 3378 de
2321 3341 2521 3378 festivitate
2542 3338 2659 3375 sancti

535 3402 735 3450 Stephani,
761 3411 844 3439 cum
863 3416 951 3440 xvnt
986 3403 1149 3442 denariis
1167 3407 1264 3445 infra
1281 3421 1330 3444 χιι
1358 3407 1437 3445 dies
1464 3407 1596 3445 natalis
1620 3408 1778 3444 Domini
1791 3420 1813 3443 a·
1834 3407 2052 3457 presbytero
2083 3404 2356 3455 persolvendis,
2389 3415 2475 3440 cum
2504 3400 2659 3438 decimis

537 3471 611 3501 tam
629 3464 833 3513 majoribus
856 3479 969 3516 quam
986 3468 1193 3506 minoribus
1211 3469 1257 3506 ad
1274 3471 1444 3509 eamdem
1459 3470 1670 3518 ecclesiam,
1689 3476 1727 3508 et
1750 3469 1796 3507 ad
1820 3469 1998 3519 capellam
2015 3469 2061 3507 de
2077 3468 2264 3506 Marroliis
2291 3464 2573 3516 pertinentibus
2594 3479 2602 3500 z
2622 3470 2661 3499 et
