2970 4152
882 421 1000 468 CUM
1038 421 1217 468 PETRI*
1241 422 1556 484 ABAELARDI
1584 422 2022 471 SOLUTIONIBUS.
2410 423 2503 470 265

1149 579 1203 608 PR
1208 579 1390 609 OBLEMA
1421 579 1652 643 HELPISSAE'
1676 581 1755 614 XV.

423 670 591 729 Quid
614 682 685 719 est
699 628 840 736 quod
865 673 1195 736 postmodum
1202 650 1437 726 Dominus
1461 674 1526 721 ait
1540 676 1582 720 ¹:
1595 693 1632 718 «
1655 637 1808 721 Nolite
1831 683 1999 738 putare
2024 674 2252 738 quoniam
2276 675 2386 722 veni
2409 674 2507 722 sol-

396 766 507 801 vere
539 751 714 815 legem,
741 772 764 796 n
801 768 951 816 quum
984 756 1191 807 Joannes
1213 753 1399 809 dicat.
1355 754 1398 782 ²·
1409 773 1468 798 «
1475 757 1733 818 Propterea
1765 770 1878 818 ergo
1911 755 2058 818 magis
2091 754 2364 819 quaerebant
2397 772 2506 803 eum

395 830 848 891 Judaeiinterficere,
878 833 990 896 quia
1013 850 1113 880 non
1140 833 1296 880 solum
1320 833 1534 882 solvebat
1553 833 1803 883 sabbatum
1821 870 1834 893 ,
1869 834 1957 882 sed
1988 835 2129 897 etiam
2159 845 2341 900 patrem
2367 848 2508 883 suum

396 909 590 969 dicebat.
609 914 790 971 Deum,
818 912 1049 976 aequalem
1073 929 1122 960 se
1148 913 1323 966 faciens
1345 913 1480 960 Deo?
1508 933 1531 958 υ

1220 1037 1400 1085 Solutio
1424 1022 1682 1109 Aboelardi.

462 1146 628 1205 Quum
647 1146 798 1195 dixit·
829 1167 852 1192 «
871 1150 978 1195 Non
1001 1148 1111 1195 veni
1134 1147 1337 1207 solvere,
1356 1167 1383 1193 »
1401 1125 1448 1197 et
1472 1147 1783 1213 postmodum
1801 1114 2006 1208 addidit,
2037 1168 2063 1194 «
2083 1149 2167 1197 sed
2179 1150 2456 1215 adimplere,
2485 1170 2506 1194 υ

398 1228 447 1274 in
472 1226 732 1275 moralibus
751 1227 926 1276 scilicet
949 1230 1193 1295 praeceptis
1207 1230 1366 1294 potius
1384 1246 1529 1294 quam
1550 1229 1824 1294 figurativis,
1845 1231 1966 1277 sicut
1983 1231 2227 1295 sequentia
2244 1233 2507 1291 continent,

401 1323 462 1364 ex
486 1307 824 1373 adimpletione
857 1326 1002 1374 quam
1034 1311 1310 1377 supposuit,
1345 1311 1500 1358 innuit
1531 1328 1678 1375 quam
1702 1310 1990 1358 solutionem
2027 1311 2363 1359 mandatorum
2399 1313 2512 1377 legis

401 1388 532 1453 prius
557 1388 859 1449 intellexerit,
880 1390 928 1436 in
952 1390 1211 1437 moralibus
1234 1390 1410 1438 scilicet
1430 1392 1692 1456 praeceptis.
1721 1391 1917 1439 Moralia
1936 1391 2131 1456 quidem
2155 1402 2388 1458 praecepta
2406 1404 2515 1440 sunt

402 1468 595 1535 agendae
624 1470 755 1526 vitae,
792 1470 909 1517 sicut
941 1469 1152 1534 figuralia
1177 1469 1451 1534 figurandae.
1483 1473 1539 1518 Et
1565 1471 1764 1519 moralia
1792 1472 1987 1536 quidem
2021 1489 2125 1537 quae
2156 1470 2432 1520 naturaliter
2455 1472 2515 1519 ab

402 1547 626 1596 omnibus
656 1565 848 1614 semper
879 1548 1166 1616 complenda
1201 1549 1426 1610 fuerunt,
1447 1560 1496 1597 et
1518 1561 1774 1615 antequam
1802 1551 1877 1599 lex
1907 1553 2081 1617 scripta
2108 1552 2315 1613 daretur,
2359 1570 2516 1601 mores

403 1627 666 1683 hominum⁴
686 1630 748 1676 ita
781 1630 1048 1677 necessario
1073 1640 1398 1695 componunt,
1422 1641 1475 1678 ut
1496 1632 1585 1677 nisi
1608 1631 1862 1696 impleatur
1891 1633 2024 1696 quod
2050 1633 2098 1680 in
2133 1633 2201 1681 eis
2225 1622 2509 1699 praecipitur,

402 1724 547 1756 nemo
572 1719 782 1773 unquam
807 1709 978 1756 salvari
1002 1710 1241 1777 meruerit.
1265 1709 1432 1768 Qualia
1457 1720 1589 1769 sunt,
1618 1709 1812 1775 diligere
1837 1714 1991 1770 Deum
2017 1722 2064 1760 et
2092 1714 2390 1778 proximum,
2414 1730 2511 1761 non

401 1788 648 1848 occidere,
670 1804 770 1836 non
787 1790 1039 1849 moechari,
1069 1804 1168 1836 non
1191 1790 1407 1850 mentiri,
1434 1800 1481 1838 et
1502 1790 1688 1850 similia,
1712 1791 1813 1839 sine
1836 1791 2112 1858 impletione
2135 1810 2343 1878 quorum
2368 1810 2511 1841 nemo

401 1879 615 1934 unquam
635 1868 881 1933 justificari
903 1877 1075 1934 potest.
1100 1870 1330 1934 Figuralia
1347 1887 1462 1918 vero
1488 1881 1599 1917 sunt
1621 1869 1736 1935 legis
1760 1881 2016 1937 praecepta,
2044 1888 2149 1937 quae
2162 1864 2295 1935 juxta
2313 1873 2513 1921 litteram

401 1955 619 2014 accepta,
660 1948 777 1996 nihil
803 1947 991 2013 justitiae
1026 1949 1278 1997 conferunt
1308 1966 1363 1996 ex
1407 1950 1685 2015 operatione
1722 1966 1830 2010 sua,
1870 1951 1954 1998 sed
1987 1948 2057 1998 ad
2079 1944 2266 2020 tempus
2301 1951 2512 2000 instituta

400 2027 619 2089 fuerunt,
655 2028 717 2077 ad
745 2029 924 2095 aliquid
955 2029 1263 2095 figurandum
1294 2030 1507 2094 justitiae,
1547 2040 1598 2077 ut
1633 2029 1900 2079 observatio
1929 2028 2138 2091 sabbati,
2182 2032 2478 2080 circumcisio
2496 2070 2507 2092 ,

399 2110 723 2174 quorumdam
748 2110 967 2158 ciborum
992 2110 1292 2169 abstinentia,
1321 2120 1368 2158 et
1384 2109 1459 2158 his
1477 2110 1662 2158 similia.
1687 2110 1754 2158 Ad
1780 2110 1976 2177 moralia
2000 2111 2159 2177 itaque
2185 2122 2371 2161 tantum
2400 2113 2512 2179 legis

397 2201 632 2257 prae'cepta
655 2191 957 2240 referendum
978 2201 1049 2240 est
1071 2192 1204 2257 quod
1228 2193 1462 2240 Dominus
1486 2193 1571 2251 ait,
1598 2208 1648 2240 se
1673 2198 1772 2240 n'on
1800 2193 2005 2240 venisse⁸
2025 2193 2210 2241 solvere
2234 2193 2409 2259 legem,
2430 2195 2514 2250 sed

398 2271 659 2336 adimplere
674 2289 691 2318 ·:
715 2271 810 2320 hoc
833 2281 907 2320 est
932 2288 1234 2337 nequaquam
1258 2288 1439 2320 cessare
1463 2270 1616 2321 facere
1640 2272 1774 2337 quod
1798 2274 1846 2320 in
1871 2263 2130 2320 moralibus
2151 2274 2423 2340 praeceptis⁸
2440 2274 2511 2321 lex

399 2353 635 2411 continet,
661 2352 746 2400 sed
767 2354 818 2400 in
841 2353 1012 2419 eis'per
1030 2352 1337 2418 Evangelium
1363 2353 1586 2420 supplere
1605 2353 1737 2418 quod
1760 2353 1851 2418 le'gi
1878 2353 2027 2402 deest.
2058 2358 2151 2402 Lex
2164 2347 2342 2421 quippe
2363 2357 2512 2419 Moysi

400 2444 703 2499 nequaquam
742 2434 986 2481 inimicum
1027 2434 1157 2499 diligi
1195 2434 1430 2500 praecipit,
1468 2433 1553 2482 'sed
1593 2435 1799 2482 amicum
1830 2454 1840 2482 z
1871 2451 1960 2483 nec
1992 2445 2242 2501 peccatum
2274 2437 2324 2483 in
2357 2446 2513 2484 mente

398 2513 720 2560 consummari
758 2512 925 2572 docet,
956 2513 1041 2561 sed
1076 2529 1222 2579 opera
1254 2513 1401 2578 magis
1431 2531 1576 2578 quam
1616 2515 1930 2562 intentionem
1964 2514 2216 2562 interdicit.
2258 2515 2354 2563 Etsi
2385 2516 2512 2563 enim

397 2593 834 2657 concupiscentiam
858 2608 1050 2657 quoque
1079 2592 1155 2640 lex
1181 2592 1431 2658 prohibeat
1448 2630 1460 2654 ,
1486 2609 1586 2640 non
1612 2603 1770 2642 tamen
1794 2610 1851 2642 ex
1874 2609 1929 2642 ea
1951 2589 2270 2641 reum'statuit
2295 2611 2396 2642 esse
2420 2591 2514 2660 pu-

398 2673 597 2738 tandum
617 2690 628 2719 :
652 2688 742 2720 nec
762 2673 1099 2739 concupiscere
1115 2672 1339 2739 prohibet
1352 2709 1364 2731 ,
1395 2674 1485 2720 nisi
1508 2690 1582 2721 res
1606 2673 1732 2737 ejus,
1761 2690 1904 2740 quem
1920 2710 1932 2734 ,
1949 2674 2082 2738 juxta
2103 2673 2305 2729 litteram
2323 2710 2335 2734 ,
2357 2677 2514 2741 proxi-

400 2763 533 2800 mum
555 2751 723 2800 definit
742 2789 755 2813 ,
785 2752 880 2800 hoc
911 2762 981 2801 est
1008 2754 1133 2817 ejus,
1169 2754 1251 2818 qui
1284 2754 1345 2801 de
1376 2754 1557 2819 populo
1590 2770 1677 2802 suo
1711 2771 1959 2820 nunquam
1990 2764 2061 2802 est
2098 2754 2374 2820 alienigena.
2406 2759 2508 2803 Non

398 2833 527 2880 enim
551 2849 747 2884 omnem
768 2833 1040 2893 hominem,
1065 2833 1198 2897 juxta
1230 2833 1431 2882 litteram
1448 2870 1460 2893 ,
1487 2833 1563 2881 lex
1584 2834 1856 2900 proximum
1880 2835 2021 2895 dicit,
2050 2835 2134 2883 sed
2158 2845 2374 2900 patenter
2395 2835 2513 2884 alie-

399 2914 673 2978 nigenama
693 2915 912 2979 proximo
938 2914 1208 2980 distinguit,
1235 2931 1385 2980 quum
1410 2914 1525 2963 dicit
1549 2915 1764 2963 Judaeum
1791 2925 2093 2981 nequaquam
2121 2916 2338 2964 foenerari
2362 2919 2515 2983 proxi—

400 3009 507 3053 mo,
539 2994 620 3042 sed
645 2993 815 3042 alieno.
2276 3005 2283 3010 ”

1143 3108 1383 3139 PROBLEMA
1418 3073 1639 3140 HELOISEAE
1674 3108 1753 3138 XVI
1761 3129 1769 3137 .

465 3199 727 3257 Quomodo
747 3200 888 3248 etiam
914 3200 1151 3265 Evangelii
1175 3201 1516 3250 abundantiam
1549 3202 1732 3268 praefert
1752 3200 2093 3266 imperfectioni
2116 3200 2256 3265 legiS‚
2285 3202 2475 3250 dicens⁸
2497 3222 2506 3250 :

402 3297 427 3322 α
448 3279 543 3326 Nisi
569 3279 880 3327 abundaverit
900 3280 1079 3344 justitia
1116 3291 1272 3329 vestra
1304 3282 1410 3347 plus
1439 3299 1582 3346 quam
1616 3281 1874 3329 scribarum
1913 3291 1995 3328 aut
2025 3281 2381 3347 phariseorum,
2412 3299 2510 3330 non

445 3446 455 3462 ¹
482 3444 610 3485 Matth„
627 3455 699 3490 cap.
717 3456 749 3487 v,
762 3457 792 3480 v.
815 3448 863 3479 Π.
881 3447 941 3472 —'
955 3447 1065 3488 Joan.‚
1078 3457 1152 3491 cap.
1168 3459 1199 3489 v,
1213 3459 1245 3481 v.
1268 3450 1319 3481 ¹8.
1335 3466 1372 3473 -·
1391 3448 1524 3481 ’Venire
1538 3448 1620 3481 eod.
1639 3447 1722 3480 vict.
1734 3465 1777 3472 —
1789 3447 1801 3465 ⁴
1816 3448 1994 3490 Praeceptis
2007 3446 2100 3481 deest
2113 3447 2193 3482 Cod.
2213 3448 2367 3482 vict—⁸
2383 3449 2511 3489 Matth.‚

400 3513 473 3545 cap.
487 3513 522 3544 v,
538 3514 570 3536 v.
587 3505 640 3536 20.

561 3572 571 3601 ι
2302 3567 2351 3607 34
