2970 4152
997 419 1307 467 EXPOSITIO
1341 420 1400 467 IN
1433 420 1826 467 HEXAMERON.
2380 418 2472 465 645

358 515 453 562 hoc
482 524 553 561 est
580 515 651 561 vis
679 512 898 578 quaedam
928 512 1261 560 conferebatur
1283 511 1373 559 illis
1401 511 1543 559 rebus
1565 529 1671 576 quae
1691 523 1807 559 tunc
1830 511 2026 559 fiebant.
2055 510 2194 558 Unde
2216 511 2318 575 ipsa
2340 522 2473 575 post—

358 596 559 643 modum
593 595 655 642 ad
691 594 1138 659 multiplicationem
1173 593 1246 640 sui
1281 592 1519 640 sufficeret
1551 593 1626 640 vel
1664 588 2092 658 ad'quoscumque
2131 592 2326 639 effectus
2360 592 2472 638 inde

356 692 663 740 processuros
680 675 755 722 vel
777 685 1007 739 tanquam
1029 673 1311 722 nascituros.
1338 673 1527 737 Quippe
1541 708 1553 731 ,
1579 683 1633 719 ut
1654 673 1837 720 dictum
1856 682 1948 730 est,
1969 671 2088 718 nihil
2102 688 2233 718 nunc
2251 682 2473 719 naturam

355 755 484 803 aliud
518 755 742 814 dicimus,
774 756 865 802 nisi
892 755 991 802 vim
1025 763 1072 802 et
1104 753 1377 801 facultatem
1410 753 1501 799 illis
1536 752 1761 817 operibus
1789 763 1904 799 tunc
1945 752 2194 810 collatam,
2236 752 2365 799 unde
2394 752 2472 799 illa

353 834 625 883 sufficerent
646 836 707 883 ad
731 835 1036 883 efficiendum
1058 834 1159 882 haec
1180 851 1286 900 quae
1307 834 1619 900 postmodum
1642 833 1755 880 inde
1777 834 2098 897 contigerunt.

416 918 575 961 Potest
598 914 807 961 fortassis
830 924 878 961 et
899 913 1131 961 nonnulla
1154 924 1336 961 naturae
1357 914 1479 960 ratio
1501 913 1665 971 reddi,
1690 929 1785 976 qua
1808 922 1923 959 tunc
1946 922 2070 959 terra
2093 912 2359 977 producere
2382 915 2471 961 ista

350 995 581 1057 potuerit,
605 994 738 1059 quod
760 994 939 1041 scilicet
960 993 1039 1040 illa
1060 1004 1196 1041 terrae
1217 994 1405 1041 novitas
1427 994 1477 1039 in
1497 991 1822 1058 producendis
1841 992 1916 1039 vel
1932 992 2273 1040 conservandis
2295 993 2469 1058 plantis

348 1075 471 1120 vires
494 1075 697 1138 majores
719 1074 942 1121 habuerit
957 1090 1103 1139 quam
1124 1084 1314 1139 postea,
1335 1084 1382 1121 et
1403 1074 1608 1121 maxime
1624 1073 1719 1120 hoc
1740 1074 1976 1137 accepisse
1991 1089 2048 1119 ex
2063 1074 2211 1120 nimia
2225 1074 2469 1121 humecta-

349 1154 479 1202 tione
501 1156 597 1214 sui,
629 1172 776 1220 quam
805 1172 1039 1220 aquarum
1061 1155 1358 1202 abundantia
1379 1156 1423 1202 ei
1445 1154 1647 1202 contulit
1678 1164 1936 1218 antequam
1960 1166 2380 1219 congregarentur,
2421 1167 2469 1203 et

346 1251 402 1281 ex
423 1235 582 1283 calore
603 1235 716 1283 solis
739 1236 816 1283 die
840 1236 1061 1301 proximo
1085 1235 1269 1283 conditi
1291 1235 1352 1282 ad
1375 1235 1476 1283 haec
1498 1235 1830 1283 conservanda
1857 1235 2137 1300 profecisse,
2164 1237 2246 1300 qui
2269 1237 2467 1284 fortasse

344 1316 567 1364 conditus
591 1318 751 1365 statim
773 1317 934 1364 calore
954 1317 1028 1364 sui
1051 1318 1323 1364 universam
1346 1318 1628 1382 temperiem
1651 1316 1761 1364 fecit
1783 1318 1832 1363 in
1855 1316 2015 1381 aliqua
2041 1328 2277 1365 terrarum
2300 1329 2436 1383 parte
2451 1357 2462 1376 ,

343 1411 441 1443 non
463 1406 574 1455 ‚.ut
616 1396 841 1455 arbitror,
886 1396 1083 1462 ubique.
1128 1399 1383 1461 Nunquam
1417 1397 1547 1443 enim
1581 1397 1753 1444 eodem
1789 1406 2007 1462 tempore
2042 1414 2211 1444 omnes
2248 1399 2465 1461 regiones

340 1476 583 1541 aequaliter
616 1477 772 1525 calent
805 1487 851 1525 et
881 1478 1287 1542 frigescunt,-nec
1310 1478 1483 1525 eodem
1506 1488 1724 1543 tempore
1749 1495 1854 1543 quae
1883 1479 1931 1525 in
1962 1480 2029 1526 eis
2062 1489 2174 1526 sunt
2203 1491 2465 1527 nascuntur

340 1557 415 1604 vel
438 1559 754 1618 revirescunt,
781 1575 870 1606 nec
899 1559 1039 1606 simul
1069 1558 1130 1606 ad
1159 1559 1484 1607 maturitatem
1517 1558 1697 1606 fructus
1727 1559 1908 1624 ubique
1940 1560 2250 1624 perveniunt,
2290 1577 2379 1607 nec
2413 1562 2461 1607 in

340 1637 564 1685 omnibus
589 1638 726 1685 terris
749 1638 927 1685 eaedem
949 1637 1110 1685 herbae
1132 1637 1207 1685 vel
1231 1638 1427 1685 arbores
1450 1648 1729 1686 nascuntur.
1768 1639 1815 1685 Si
1844 1639 1986 1702 igitur
2009 1655 2177 1686 omnes
2202 1639 2461 1687 herbarum

338 1717 412 1764 vel
447 1718 676 1766 arborum
711 1719 893 1783 species
915 1719 1006 1766 hac
1029 1719 1107 1766 die
1131 1729 1258 1766 terra
1279 1718 1503 1784 protulit,
1529 1729 1582 1765 ut
1604 1719 1654 1765 in
1683 1735 1763 1766 sex
1797 1719 1967 1766 diebus
1997 1722 2125 1766 Deus
2159 1737 2308 1785 opera
2340 1738 2459 1768 con-

335 1808 643 1856 summasset,
685 1815 841 1862 neque
870 1798 1012 1845 simul
1042 1815 1191 1845 verna
1221 1799 1475 1863 temperies
1498 1798 1724 1845 omnibus
1759 1799 1896 1845 terris
1930 1800 2084 1846 inesse
2118 1810 2304 1864 posset,
2341 1801 2458 1864 quid

335 1895 528 1926 necesse
557 1888 650 1938 est,
689 1889 743 1926 ut
765 1880 814 1926 in
840 1895 952 1927 vere
974 1878 1023 1926 id
1047 1878 1204 1937 fieret,
1243 1879 1332 1926 nisi
1358 1880 1405 1925 in
1431 1895 1487 1926 ea
1510 1879 1632 1926 forte
1661 1888 1796 1943 parte
1825 1889 1960 1926 terrae
1990 1879 2073 1926 ubi
2097 1897 2180 1927 ver
2203 1883 2357 1928 esset?
2391 1884 2459 1929 Ex

332 1971 431 2023 qua
464 1959 662 2023 quidem
698 1969 833 2024 parte
868 1959 929 2007 ad
963 1969 1131 2007 caetera
1164 1969 1401 2006 terrarum
1428 1959 1535 2006 loca
1565 1969 1732 2023 postea
1761 1959 2003 2006 transferri
2039 1970 2085 2007 et
2120 1961 2457 2026 transplantari

333 2050 611 2104 potuerunt.
640 2043 799 2087 Verna
826 2049 987 2087 autem
1015 2040 1269 2104 temperies
1300 2040 1348 2086 in
1378 2039 1601 2104 paradiso
1634 2040 1759 2103 jugis
1787 2056 1888 2087 esse
1922 2040 2148 2100 creditur,
2177 2052 2224 2089 et
2257 2042 2323 2089 ibi
2355 2043 2454 2089 for-

332 2121 466 2167 tassis
500 2121 663 2168 omnia
698 2131 811 2168 tunc
846 2120 988 2168 simul
1025 2130 1151 2168 terra
1186 2119 1453 2185 producere
1487 2131 1535 2168 et
1568 2137 1853 2168 conservare
1887 2121 2073 2186 potuit,
2123 2121 2207 2168 ubi
2245 2133 2292 2169 et
2330 2134 2453 2172 terra

331 2201 556 2249 omnibus
579 2212 689 2267 apta
712 2212 759 2249 et
781 2203 883 2267 ipsa
904 2202 1157 2267 temperies
1180 2201 1286 2249 coeli
1309 2202 1641 2249 convenirent.
1668 2202 1852 2249 Scimus
1880 2212 2041 2249 autem
2064 2202 2214 2251 multa
2237 2203 2298 2251 de
2328 2214 2453 2253 terra

330 2281 459 2328 nasci
473 2318 485 2340 ,
505 2292 715 2345 quorum
738 2281 831 2329 alia
851 2280 1057 2330 calidam
1080 2290 1257 2329 terram
1281 2281 1556 2329 desiderant
1571 2319 1582 2340 ,
1609 2281 1700 2328 alia
1722 2281 1943 2345 frigidam
1958 2319 1970 2341 ,
1991 2281 2082 2329 alia
2103 2292 2415 2348 temperatam
2438 2304 2447 2331 :

329 2370 374 2407 et
398 2361 466 2408 sic
497 2360 599 2407 fieri
632 2362 812 2426 potuit,
850 2371 903 2409 ut
936 2378 1244 2426 quocumque
1269 2371 1488 2426 tempore
1522 2371 1647 2408 terra
1677 2362 1991 2425 germinaret,
2028 2363 2077 2408 in
2107 2362 2306 2410 diversis
2334 2363 2450 2410 locis

329 2440 514 2488 diversa
553 2441 857 2506 produceret.
907 2445 1002 2489 Nec
1046 2452 1145 2489 tam
1187 2443 1451 2489 necessaria
1490 2441 1680 2488 videtur
1718 2443 1971 2506 temperies
2010 2443 2072 2490 ad
2112 2443 2448 2507 producendas

326 2520 536 2585 plantas,
568 2537 714 2585 quam
744 2520 805 2568 ad
835 2521 1193 2569 conservandos
1224 2522 1420 2568 fructus.
1456 2522 1699 2586 Scriptura
1729 2532 1890 2569 autem
1918 2522 1979 2569 de
2008 2522 2240 2570 fructibus
2265 2524 2447 2571 nullam

326 2600 404 2647 hic
427 2602 724 2648 mentionem
744 2600 869 2647 facit.
889 2601 982 2647 Sed
998 2600 1059 2648 de
1079 2601 1332 2648 fructuosis
1347 2601 1522 2665 plantis
1538 2601 1586 2647 in
1611 2601 1834 2666 paradiso
1856 2597 1940 2648 ubi
1963 2601 2112 2649 homo
2135 2602 2444 2651 collocandus

324 2690 447 2739 erat,
477 2680 655 2727 fructus
687 2679 845 2727 subito
874 2696 986 2726 cum
1016 2679 1268 2727 arboribus
1297 2680 1502 2745 produci
1530 2680 1770 2727 credimus
1799 2690 2035 2745 quantum
2066 2681 2253 2728 homini
2279 2699 2443 2730 neces-

322 2760 500 2807 sarium
523 2770 645 2807 esset
668 2778 678 2807 ε
702 2759 831 2807 unde
856 2770 903 2807 et
930 2776 1013 2807 eos
1038 2761 1087 2807 in
1116 2760 1270 2807 fructu
1293 2761 1448 2808 vetitae
1473 2759 1657 2807 arboris
1687 2770 2004 2825 transgressos
2034 2761 2174 2809 fuisse
2200 2763 2442 2827 Scriptura

322 2849 693 2899 commemorat,
725 2850 772 2887 et
808 2850 1087 2888 caeterarum
1114 2840 1344 2888 arborum
1382 2841 1562 2888 fructus
1599 2841 1642 2888 ei
1681 2841 1820 2888 fuisse
1857 2858 2111 2890 concessos
2151 2843 2199 2889 in
2232 2859 2365 2889 esum
2398 2844 2440 2889 ei

322 2920 630 2967 necessarios.
665 2919 790 2966 Nihil
818 2929 979 2967 tamen
1009 2920 1237 2986 impedit,
1281 2921 1320 2967 si
1348 2922 1398 2968 in
1430 2921 1627 2969 diversis
1655 2922 1792 2969 terris
1822 2939 1912 2987 pro
1939 2922 2165 2987 qualitate
2191 2939 2355 2970 earum
2384 2939 2439 2970 ac

321 3000 508 3048 diversa
545 3001 774 3066 temperie
804 3001 911 3048 coeli
943 3001 1140 3049 diversae
1177 3001 1352 3067 plantae
1382 3002 1562 3050 fructus
1593 3020 1704 3050 suos
1735 3003 1907 3050 eodem
1939 3013 2156 3069 tempore
2183 3020 2437 3051 conserva-

320 3091 452 3139 rent,
479 3081 554 3128 vel
581 3082 757 3129 eaedem
786 3081 958 3147 plantae
976 3083 1024 3129 in
1055 3082 1147 3130 alia
1172 3092 1297 3130 terra
1323 3100 1434 3130 cum
1461 3083 1618 3131 fructu
1636 3121 1647 3143 ,
1674 3085 1722 3131 in
1752 3084 1843 3132 alia
1868 3085 1970 3132 sine
1998 3085 2152 3132 fructu
2179 3095 2293 3133 tunc
2318 3103 2436 3133 con-

318 3160 536 3207 sisterent
564 3160 721 3208 donec
749 3162 1000 3226 temperies
1029 3162 1276 3210 adveniret
1293 3201 1304 3222 ‚
1342 3163 1464 3210 sicut
1486 3164 1701 3228 quotidie
1723 3165 1980 3229 contingit,
2007 3182 2157 3229 quum
2191 3165 2435 3213 videamus

319 3254 417 3286 non
440 3256 573 3304 aeque
596 3240 690 3287 cito
714 3250 862 3288 terras
884 3257 1052 3289 omnes
1073 3242 1270 3290 eosdem
1294 3242 1472 3290 fructus
1494 3243 1779 3291 ministrare.

385 3339 408 3363 «
429 3323 488 3366 Et
511 3320 762 3368 facientem
789 3337 970 3368 semen.
997 3340 1019 3365 »
1053 3322 1161 3369 Sive
1188 3332 1241 3369 ut
1266 3332 1379 3378 nata
1408 3324 1567 3370 statim
1596 3340 1759 3371 semen
1788 3341 1929 3371 suum
1959 3324 2181 3385 haberet,
2216 3342 2271 3373 ac
2299 3326 2336 3372 si
2371 3326 2431 3372 ad

317 3399 638 3447 maturitatem
660 3401 974 3465 pervenisset,
1000 3401 1098 3449 sive
1120 3411 1173 3449 ut
1194 3412 1305 3468 apta
1327 3403 1388 3450 ad
1410 3403 1691 3451 habendum
1713 3421 1875 3452 semen
1899 3415 2157 3453 crearetur.

383 3498 407 3523 κ
425 3482 481 3527 Et
496 3480 678 3544 lignum
700 3483 1007 3547 pomiferum.
1023 3501 1046 3528 »
1062 3486 1164 3531 Hoc
1181 3493 1251 3532 est
1267 3483 1462 3533 arbores
1486 3485 1750 3533 fructuosas
1765 3523 1776 3545 ,
1797 3486 1895 3533 sive
1917 3487 2076 3534 statim
2095 3503 2245 3551 quum
2268 3502 2429 3533 nasce-
