<?xml version="1.0" encoding="UTF-8"?>
<!DOCTYPE html PUBLIC "-//W3C//DTD XHTML 1.0 Transitional//EN"
    "http://www.w3.org/TR/xhtml1/DTD/xhtml1-transitional.dtd">
<html xmlns="http://www.w3.org/1999/xhtml" xml:lang="en" lang="en">
 <head>
  <title>
</title>
<meta http-equiv="Content-Type" content="text/html;charset=utf-8" />
  <meta name='ocr-system' content='tesseract 3.04.00' />
  <meta name='ocr-capabilities' content='ocr_page ocr_carea ocr_par ocr_line ocrx_word'/>
</head>
<body>
  <div class='ocr_page' id='page_1' title='image "./operahactenusseo01abeluoft_0693.png"; bbox 0 0 2970 4152; ppageno 0'>
   <div class='ocr_carea' id='block_1_1' title="bbox 942 376 2422 430">
    <p class='ocr_par' dir='ltr' id='par_1_1' title="bbox 942 376 2422 430">
     <span class='ocr_line' id='line_1_1' title="bbox 942 376 2422 430; baseline 0.003 -5"><span class='ocrx_word' id='word_1_1' title='bbox 942 377 1255 425; x_wconf 89' lang='lat' dir='ltr'><strong>EXPOSITIO</strong></span> <span class='ocrx_word' id='word_1_2' title='bbox 1289 378 1350 426; x_wconf 90' lang='grc' dir='ltr'>ΙΝ</span> <span class='ocrx_word' id='word_1_3' title='bbox 1381 376 1778 427; x_wconf 71' lang='grc' dir='ltr'>ΗΕΧΑΜΕΒΟΝζ</span> <span class='ocrx_word' id='word_1_4' title='bbox 2326 381 2422 430; x_wconf 85' lang='grc'>679</span> 
     </span>
    </p>
   </div>
   <div class='ocr_carea' id='block_1_2' title="bbox 295 464 2426 1339">
    <p class='ocr_par' dir='ltr' id='par_1_2' title="bbox 295 464 2425 859">
     <span class='ocr_line' id='line_1_2' title="bbox 295 464 2420 547; baseline 0 -25"><span class='ocrx_word' id='word_1_5' title='bbox 295 483 429 523; x_wconf 77' lang='lat' dir='ltr'>ctum</span> <span class='ocrx_word' id='word_1_6' title='bbox 444 485 525 546; x_wconf 64' lang='lat' dir='ltr'>est⁷</span> <span class='ocrx_word' id='word_1_7' title='bbox 536 494 559 520; x_wconf 89' lang='lat'>«</span> <span class='ocrx_word' id='word_1_8' title='bbox 574 476 696 523; x_wconf 92' lang='lat' dir='ltr'>sicut</span> <span class='ocrx_word' id='word_1_9' title='bbox 717 474 886 524; x_wconf 89' lang='lat' dir='ltr'>diebus</span> <span class='ocrx_word' id='word_1_10' title='bbox 899 474 1109 543; x_wconf 62' lang='lat' dir='ltr'>pristinis</span> <span class='ocrx_word' id='word_1_11' title='bbox 1131 483 1182 537; x_wconf 77' lang='lat' dir='ltr'>et</span> <span class='ocrx_word' id='word_1_12' title='bbox 1197 464 1477 547; x_wconf 51' lang='lat' dir='ltr'>siputannis</span> <span class='ocrx_word' id='word_1_13' title='bbox 1498 474 1775 539; x_wconf 88' lang='lat' dir='ltr'>prioribus»</span> <span class='ocrx_word' id='word_1_14' title='bbox 1797 474 1936 521; x_wconf 88' lang='lat' dir='ltr'>istam</span> <span class='ocrx_word' id='word_1_15' title='bbox 1953 483 2183 539; x_wconf 84' lang='lat' dir='ltr'>praetereo</span> <span class='ocrx_word' id='word_1_16' title='bbox 2199 477 2420 539; x_wconf 81' lang='lat' dir='ltr'>quaestio-</span> 
     </span>
     <span class='ocr_line' id='line_1_3' title="bbox 298 550 2423 629; baseline 0.001 -28"><span class='ocrx_word' id='word_1_17' title='bbox 298 571 411 602; x_wconf 90' lang='lat' dir='ltr'>nem</span> <span class='ocrx_word' id='word_1_18' title='bbox 442 572 504 603; x_wconf 92' lang='lat' dir='ltr'>ne</span> <span class='ocrx_word' id='word_1_19' title='bbox 529 572 690 619; x_wconf 79' lang='lat' dir='ltr'>cogar,</span> <span class='ocrx_word' id='word_1_20' title='bbox 716 555 850 620; x_wconf 93' lang='lat' dir='ltr'>quod</span> <span class='ocrx_word' id='word_1_21' title='bbox 871 554 1111 629; x_wconf 57' lang='lat' dir='ltr'>proliggum</span> <span class='ocrx_word' id='word_1_22' title='bbox 1139 562 1234 614; x_wconf 84' lang='lat' dir='ltr'>est,</span> <span class='ocrx_word' id='word_1_23' title='bbox 1252 550 1437 603; x_wconf 30' lang='lat' dir='ltr'>vc&#39;uncta</span> <span class='ocrx_word' id='word_1_24' title='bbox 1457 553 1717 614; x_wconf 87' lang='lat' dir='ltr'>discutere,</span> <span class='ocrx_word' id='word_1_25' title='bbox 1752 563 1806 601; x_wconf 89' lang='lat' dir='ltr'>ut</span> <span class='ocrx_word' id='word_1_26' title='bbox 1840 553 2020 618; x_wconf 85' lang='lat' dir='ltr'>aliquid</span> <span class='ocrx_word' id='word_1_27' title='bbox 2041 553 2219 601; x_wconf 89' lang='lat' dir='ltr'>horum</span> <span class='ocrx_word' id='word_1_28' title='bbox 2249 556 2423 603; x_wconf 88' lang='lat' dir='ltr'>veritas</span> 
     </span>
     <span class='ocr_line' id='line_1_4' title="bbox 298 633 2423 703; baseline -0 -20"><span class='ocrx_word' id='word_1_29' title='bbox 298 636 597 685; x_wconf 86' lang='lat' dir='ltr'>manifestata</span> <span class='ocrx_word' id='word_1_30' title='bbox 616 635 885 684; x_wconf 86' lang='lat' dir='ltr'>confirmet.</span> <span class='ocrx_word' id='word_1_31' title='bbox 906 635 1058 682; x_wconf 88' lang='lat' dir='ltr'>Video</span> <span class='ocrx_word' id='word_1_32' title='bbox 1081 634 1261 703; x_wconf 85' lang='lat' dir='ltr'>quippe</span> <span class='ocrx_word' id='word_1_33' title='bbox 1283 633 1486 681; x_wconf 87' lang='lat' dir='ltr'>alterum</span> <span class='ocrx_word' id='word_1_34' title='bbox 1505 651 1722 694; x_wconf 83' lang='lat' dir='ltr'>sensum,</span> <span class='ocrx_word' id='word_1_35' title='bbox 1751 651 1812 681; x_wconf 88' lang='lat' dir='ltr'>ne</span> <span class='ocrx_word' id='word_1_36' title='bbox 1836 634 1936 681; x_wconf 94' lang='lat' dir='ltr'>dies</span> <span class='ocrx_word' id='word_1_37' title='bbox 1959 635 2187 698; x_wconf 88' lang='lat' dir='ltr'>pri&#39;stinos</span> <span class='ocrx_word' id='word_1_38' title='bbox 2203 644 2251 682; x_wconf 90' lang='lat' dir='ltr'>et</span> <span class='ocrx_word' id='word_1_39' title='bbox 2269 652 2423 684; x_wconf 88' lang='lat' dir='ltr'>annos</span> 
     </span>
     <span class='ocr_line' id='line_1_5' title="bbox 298 712 2425 795; baseline 0 -33"><span class='ocrx_word' id='word_1_40' title='bbox 298 716 504 781; x_wconf 78' lang='lat' dir='ltr'>priores,</span> <span class='ocrx_word' id='word_1_41' title='bbox 527 714 792 795; x_wconf 50' lang='lat' dir='ltr'>carnalium</span> <span class='ocrx_word' id='word_1_42' title='bbox 812 713 1172 791; x_wconf 52' lang='lat' dir='ltr'>sacrificiorum</span> <span class='ocrx_word' id='word_1_43' title='bbox 1171 712 1326 786; x_wconf 76' lang='lat' dir='ltr'>nobis¹</span> <span class='ocrx_word' id='word_1_44' title='bbox 1321 729 1431 784; x_wconf 77' lang='lat' dir='ltr'>pro</span> <span class='ocrx_word' id='word_1_45' title='bbox 1453 730 1630 777; x_wconf 88' lang='lat' dir='ltr'>magno</span> <span class='ocrx_word' id='word_1_46' title='bbox 1655 730 1854 761; x_wconf 88' lang='lat' dir='ltr'>munere</span> <span class='ocrx_word' id='word_1_47' title='bbox 1875 730 1962 778; x_wconf 89' lang='lat' dir='ltr'>per</span> <span class='ocrx_word' id='word_1_48' title='bbox 1982 714 2272 779; x_wconf 88' lang='lat' dir='ltr'>prophetam</span> <span class='ocrx_word' id='word_1_49' title='bbox 2296 731 2425 779; x_wconf 85' lang='lat' dir='ltr'>prae-</span> 
     </span>
     <span class='ocr_line' id='line_1_6' title="bbox 297 776 2423 868; baseline -0 -26"><span class='ocrx_word' id='word_1_50' title='bbox 297 792 467 843; x_wconf 89' lang='lat' dir='ltr'>missos</span> <span class='ocrx_word' id='word_1_51' title='bbox 500 795 641 843; x_wconf 82' lang='lat' dir='ltr'>fuisse</span> <span class='ocrx_word' id='word_1_52' title='bbox 674 794 944 846; x_wconf 61' lang='lat' dir='ltr'>credamus</span> <span class='ocrx_word' id='word_1_53' title='bbox 970 776 1146 868; x_wconf 64' lang='lat' dir='ltr'>Hostiae</span> <span class='ocrx_word' id='word_1_54' title='bbox 1177 808 1388 857; x_wconf 86' lang='lat' dir='ltr'>namque</span> <span class='ocrx_word' id='word_1_55' title='bbox 1415 792 1505 841; x_wconf 89' lang='lat' dir='ltr'>illae</span> <span class='ocrx_word' id='word_1_56' title='bbox 1531 793 1704 841; x_wconf 86' lang='lat' dir='ltr'>veteris</span> <span class='ocrx_word' id='word_1_57' title='bbox 1726 793 1875 857; x_wconf 87' lang='lat' dir='ltr'>legis</span> <span class='ocrx_word' id='word_1_58' title='bbox 1863 811 1914 840; x_wconf 89' lang='lat' dir='ltr'>m</span> <span class='ocrx_word' id='word_1_59' title='bbox 1936 793 2206 859; x_wconf 82' lang='lat' dir='ltr'>quibusque</span> <span class='ocrx_word' id='word_1_60' title='bbox 2235 796 2423 859; x_wconf 86' lang='lat' dir='ltr'>pecori-</span> 
     </span>
    </p>

    <p class='ocr_par' dir='ltr' id='par_1_3' title="bbox 295 861 2426 1260">
     <span class='ocr_line' id='line_1_7' title="bbox 297 861 2425 941; baseline -0 -17"><span class='ocrx_word' id='word_1_61' title='bbox 297 875 410 935; x_wconf 83' lang='lat' dir='ltr'>bus,</span> <span class='ocrx_word' id='word_1_62' title='bbox 437 893 542 941; x_wconf 87' lang='lat' dir='ltr'>quae</span> <span class='ocrx_word' id='word_1_63' title='bbox 560 861 876 924; x_wconf 75' lang='lat' dir='ltr'>immaculatae</span> <span class='ocrx_word' id='word_1_64' title='bbox 898 891 953 922; x_wconf 87' lang='lat' dir='ltr'>ac</span> <span class='ocrx_word' id='word_1_65' title='bbox 974 874 1078 922; x_wconf 92' lang='lat' dir='ltr'>sine</span> <span class='ocrx_word' id='word_1_66' title='bbox 1098 865 1200 935; x_wconf 81' lang='lat' dir='ltr'>ullo</span> <span class='ocrx_word' id='word_1_67' title='bbox 1219 891 1416 940; x_wconf 76' lang='lat' dir='ltr'>prorsus</span> <span class='ocrx_word' id='word_1_68' title='bbox 1432 875 1549 922; x_wconf 86' lang='lat' dir='ltr'>vitio</span> <span class='ocrx_word' id='word_1_69' title='bbox 1572 874 1861 921; x_wconf 87' lang='lat' dir='ltr'>videbantur</span> <span class='ocrx_word' id='word_1_70' title='bbox 1883 874 2069 934; x_wconf 87' lang='lat' dir='ltr'>offerri,</span> <span class='ocrx_word' id='word_1_71' title='bbox 2094 874 2425 941; x_wconf 81' lang='lat' dir='ltr'>significabant</span> 
     </span>
     <span class='ocr_line' id='line_1_8' title="bbox 297 942 2420 1025; baseline -0 -22"><span class='ocrx_word' id='word_1_72' title='bbox 297 955 520 1004; x_wconf 90' lang='lat' dir='ltr'>homines</span> <span class='ocrx_word' id='word_1_73' title='bbox 541 965 756 1025; x_wconf 62' lang='lat' dir='ltr'>sancum,</span> <span class='ocrx_word' id='word_1_74' title='bbox 783 954 942 1020; x_wconf 58' lang='lat' dir='ltr'>qualis</span> <span class='ocrx_word' id='word_1_75' title='bbox 955 942 1086 1003; x_wconf 92' lang='lat' dir='ltr'>solus</span> <span class='ocrx_word' id='word_1_76' title='bbox 1108 956 1333 1025; x_wconf 74' lang='lat' dir='ltr'>inv9ntus,</span> <span class='ocrx_word' id='word_1_77' title='bbox 1351 964 1437 1003; x_wconf 86' lang='lat' dir='ltr'>est</span> <span class='ocrx_word' id='word_1_78' title='bbox 1446 954 1662 1002; x_wconf 89' lang='lat' dir='ltr'>Christus</span> <span class='ocrx_word' id='word_1_79' title='bbox 1682 955 1785 1001; x_wconf 89' lang='lat' dir='ltr'>sine</span> <span class='ocrx_word' id='word_1_80' title='bbox 1804 954 1902 1001; x_wconf 92' lang='lat' dir='ltr'>ullo</span> <span class='ocrx_word' id='word_1_81' title='bbox 1927 955 2128 1002; x_wconf 89' lang='lat' dir='ltr'>omnino</span> <span class='ocrx_word' id='word_1_82' title='bbox 2151 966 2420 1020; x_wconf 87' lang='lat' dir='ltr'>peccato.»</span> 
     </span>
     <span class='ocr_line' id='line_1_9' title="bbox 299 1009 2425 1124; baseline 0.001 -42"><span class='ocrx_word' id='word_1_83' title='bbox 299 1037 360 1083; x_wconf 89' lang='lat' dir='ltr'>Ut</span> <span class='ocrx_word' id='word_1_84' title='bbox 380 1045 542 1089; x_wconf 85' lang='lat' dir='ltr'>tamen</span> <span class='ocrx_word' id='word_1_85' title='bbox 564 1034 639 1082; x_wconf 94' lang='lat' dir='ltr'>his</span> <span class='ocrx_word' id='word_1_86' title='bbox 660 1051 860 1100; x_wconf 92' lang='lat' dir='ltr'>quoque</span> <span class='ocrx_word' id='word_1_87' title='bbox 877 1009 1147 1082; x_wconf 51' lang='lat' dir='ltr'>satisl&#39;acere</span> <span class='ocrx_word' id='word_1_88' title='bbox 1174 1033 1450 1087; x_wconf 87' lang='lat' dir='ltr'>laboremus</span> <span class='ocrx_word' id='word_1_89' title='bbox 1482 1034 1567 1099; x_wconf 92' lang='lat' dir='ltr'>qui</span> <span class='ocrx_word' id='word_1_90' title='bbox 1597 1034 1780 1099; x_wconf 91' lang='lat' dir='ltr'>primos</span> <span class='ocrx_word' id='word_1_91' title='bbox 1812 1044 2034 1124; x_wconf 85' lang='lat' dir='ltr'>parentes</span> <span class='ocrx_word' id='word_1_92' title='bbox 2055 1052 2145 1083; x_wconf 92' lang='lat' dir='ltr'>nec</span> <span class='ocrx_word' id='word_1_93' title='bbox 2166 1037 2308 1083; x_wconf 92' lang='lat' dir='ltr'>unius</span> <span class='ocrx_word' id='word_1_94' title='bbox 2330 1037 2425 1084; x_wconf 91' lang='lat' dir='ltr'>diei</span> 
     </span>
     <span class='ocr_line' id='line_1_10' title="bbox 295 1112 2426 1181; baseline 0.001 -19"><span class='ocrx_word' id='word_1_95' title='bbox 295 1112 504 1180; x_wconf 83' lang='lat' dir='ltr'>spatium</span> <span class='ocrx_word' id='word_1_96' title='bbox 522 1115 571 1161; x_wconf 92' lang='lat' dir='ltr'>in</span> <span class='ocrx_word' id='word_1_97' title='bbox 594 1115 819 1180; x_wconf 87' lang='lat' dir='ltr'>paradiso</span> <span class='ocrx_word' id='word_1_98' title='bbox 840 1115 1076 1180; x_wconf 82' lang='lat' dir='ltr'>peregisse</span> <span class='ocrx_word' id='word_1_99' title='bbox 1093 1114 1287 1174; x_wconf 84' lang='lat' dir='ltr'>volunt,</span> <span class='ocrx_word' id='word_1_100' title='bbox 1314 1114 1524 1162; x_wconf 86' lang='lat' dir='ltr'>fortassis</span> <span class='ocrx_word' id='word_1_101' title='bbox 1544 1114 1781 1180; x_wconf 87' lang='lat' dir='ltr'>aliquibus</span> <span class='ocrx_word' id='word_1_102' title='bbox 1803 1115 1947 1178; x_wconf 86' lang='lat' dir='ltr'>signis</span> <span class='ocrx_word' id='word_1_103' title='bbox 1969 1115 2036 1162; x_wconf 87' lang='lat' dir='ltr'>ibi</span> <span class='ocrx_word' id='word_1_104' title='bbox 2057 1132 2147 1181; x_wconf 95' lang='lat' dir='ltr'>pro</span> <span class='ocrx_word' id='word_1_105' title='bbox 2168 1133 2288 1174; x_wconf 86' lang='lat' dir='ltr'>voce</span> <span class='ocrx_word' id='word_1_106' title='bbox 2313 1134 2426 1164; x_wconf 89' lang='lat' dir='ltr'>usus</span> 
     </span>
     <span class='ocr_line' id='line_1_11' title="bbox 296 1193 2424 1260; baseline 0.001 -18"><span class='ocrx_word' id='word_1_107' title='bbox 296 1202 369 1242; x_wconf 88' lang='lat' dir='ltr'>est</span> <span class='ocrx_word' id='word_1_108' title='bbox 389 1195 650 1254; x_wconf 85' lang='lat' dir='ltr'>Dominus,</span> <span class='ocrx_word' id='word_1_109' title='bbox 678 1211 887 1259; x_wconf 87' lang='lat' dir='ltr'>quorum</span> <span class='ocrx_word' id='word_1_110' title='bbox 909 1194 1271 1259; x_wconf 87' lang='lat' dir='ltr'>intelligentiam</span> <span class='ocrx_word' id='word_1_111' title='bbox 1293 1193 1430 1242; x_wconf 87' lang='lat' dir='ltr'>facile</span> <span class='ocrx_word' id='word_1_112' title='bbox 1453 1193 1541 1241; x_wconf 84' lang='lat' dir='ltr'>fuit</span> <span class='ocrx_word' id='word_1_113' title='bbox 1568 1195 1612 1242; x_wconf 91' lang='lat' dir='ltr'>ei</span> <span class='ocrx_word' id='word_1_114' title='bbox 1633 1194 1864 1260; x_wconf 85' lang='lat' dir='ltr'>inspirare</span> <span class='ocrx_word' id='word_1_115' title='bbox 1887 1195 2091 1243; x_wconf 92' lang='lat' dir='ltr'>homini</span> <span class='ocrx_word' id='word_1_116' title='bbox 2119 1198 2240 1243; x_wconf 91' lang='lat' dir='ltr'>Nam</span> <span class='ocrx_word' id='word_1_117' title='bbox 2257 1206 2306 1244; x_wconf 90' lang='lat' dir='ltr'>et</span> <span class='ocrx_word' id='word_1_118' title='bbox 2326 1212 2424 1245; x_wconf 87' lang='lat' dir='ltr'>ser-</span> 
     </span>
    </p>

    <p class='ocr_par' dir='ltr' id='par_1_4' title="bbox 296 1273 2426 1339">
     <span class='ocr_line' id='line_1_12' title="bbox 296 1273 2426 1339; baseline 0.001 -19"><span class='ocrx_word' id='word_1_119' title='bbox 296 1289 415 1338; x_wconf 90' lang='lat' dir='ltr'>pens</span> <span class='ocrx_word' id='word_1_120' title='bbox 433 1290 534 1320; x_wconf 90' lang='lat' dir='ltr'>non</span> <span class='ocrx_word' id='word_1_121' title='bbox 556 1273 738 1333; x_wconf 87' lang='lat' dir='ltr'>verbis,</span> <span class='ocrx_word' id='word_1_122' title='bbox 770 1273 855 1320; x_wconf 93' lang='lat' dir='ltr'>sed</span> <span class='ocrx_word' id='word_1_123' title='bbox 877 1273 1017 1320; x_wconf 91' lang='lat' dir='ltr'>sibilo</span> <span class='ocrx_word' id='word_1_124' title='bbox 1042 1273 1232 1321; x_wconf 91' lang='lat' dir='ltr'>mulieri</span> <span class='ocrx_word' id='word_1_125' title='bbox 1258 1273 1447 1321; x_wconf 93' lang='lat' dir='ltr'>locutus</span> <span class='ocrx_word' id='word_1_126' title='bbox 1478 1273 1620 1321; x_wconf 82' lang='lat' dir='ltr'>fuisse</span> <span class='ocrx_word' id='word_1_127' title='bbox 1647 1274 1875 1333; x_wconf 90' lang='lat' dir='ltr'>creditur,</span> <span class='ocrx_word' id='word_1_128' title='bbox 1902 1275 2426 1339; x_wconf 83' lang='lat' dir='ltr'>tantaeque-sagacitatis</span> 
     </span>
    </p>
   </div>
   <div class='ocr_carea' id='block_1_3' title="bbox 292 1352 2427 2472">
    <p class='ocr_par' dir='ltr' id='par_1_5' title="bbox 294 1352 2427 1661">
     <span class='ocr_line' id='line_1_13' title="bbox 295 1352 2426 1420; baseline 0.001 -20"><span class='ocrx_word' id='word_1_129' title='bbox 295 1352 363 1401; x_wconf 87' lang='lat' dir='ltr'>illi</span> <span class='ocrx_word' id='word_1_130' title='bbox 384 1353 528 1419; x_wconf 89' lang='lat' dir='ltr'>primi</span> <span class='ocrx_word' id='word_1_131' title='bbox 557 1363 781 1420; x_wconf 89' lang='lat' dir='ltr'>parentes</span> <span class='ocrx_word' id='word_1_132' title='bbox 803 1354 1033 1401; x_wconf 84' lang='lat' dir='ltr'>exstitisse</span> <span class='ocrx_word' id='word_1_133' title='bbox 1048 1391 1059 1413; x_wconf 88' lang='lat'>‚</span> <span class='ocrx_word' id='word_1_134' title='bbox 1086 1364 1139 1401; x_wconf 90' lang='lat' dir='ltr'>ut</span> <span class='ocrx_word' id='word_1_135' title='bbox 1160 1371 1218 1402; x_wconf 84' lang='lat' dir='ltr'>ex</span> <span class='ocrx_word' id='word_1_136' title='bbox 1249 1353 1389 1401; x_wconf 85' lang='lat' dir='ltr'>sibilo</span> <span class='ocrx_word' id='word_1_137' title='bbox 1415 1364 1695 1419; x_wconf 86' lang='lat' dir='ltr'>serpentum</span> <span class='ocrx_word' id='word_1_138' title='bbox 1715 1355 1791 1402; x_wconf 88' lang='lat' dir='ltr'>vel</span> <span class='ocrx_word' id='word_1_139' title='bbox 1823 1354 2024 1402; x_wconf 86' lang='lat' dir='ltr'>vocibus</span> <span class='ocrx_word' id='word_1_140' title='bbox 2046 1356 2207 1403; x_wconf 87' lang='lat' dir='ltr'>avium</span> <span class='ocrx_word' id='word_1_141' title='bbox 2230 1355 2426 1403; x_wconf 89' lang='lat' dir='ltr'>affectus</span> 
     </span>
     <span class='ocr_line' id='line_1_14' title="bbox 294 1433 2427 1501; baseline 0.001 -20"><span class='ocrx_word' id='word_1_142' title='bbox 294 1449 465 1481; x_wconf 89' lang='lat' dir='ltr'>eorum</span> <span class='ocrx_word' id='word_1_143' title='bbox 487 1444 853 1498; x_wconf 87' lang='lat' dir='ltr'>cognoscerent.</span> <span class='ocrx_word' id='word_1_144' title='bbox 880 1433 1025 1492; x_wconf 92' lang='lat' dir='ltr'>Quod</span> <span class='ocrx_word' id='word_1_145' title='bbox 1047 1435 1086 1482; x_wconf 91' lang='lat' dir='ltr'>si</span> <span class='ocrx_word' id='word_1_146' title='bbox 1108 1435 1172 1482; x_wconf 90' lang='lat' dir='ltr'>ita</span> <span class='ocrx_word' id='word_1_147' title='bbox 1200 1450 1464 1500; x_wconf 84' lang='lat' dir='ltr'>ponamus,</span> <span class='ocrx_word' id='word_1_148' title='bbox 1494 1434 1766 1482; x_wconf 88' lang='lat' dir='ltr'>nullatenus</span> <span class='ocrx_word' id='word_1_149' title='bbox 1788 1437 2007 1499; x_wconf 85' lang='lat' dir='ltr'>cogimur</span> <span class='ocrx_word' id='word_1_150' title='bbox 2034 1436 2250 1501; x_wconf 88' lang='lat' dir='ltr'>profiteri</span> <span class='ocrx_word' id='word_1_151' title='bbox 2273 1436 2427 1484; x_wconf 88' lang='lat' dir='ltr'>Adam</span> 
     </span>
     <span class='ocr_line' id='line_1_15' title="bbox 295 1514 2424 1583; baseline 0.001 -21"><span class='ocrx_word' id='word_1_152' title='bbox 295 1515 553 1573; x_wconf 76' lang='lat' dir='ltr'>instituisse</span> <span class='ocrx_word' id='word_1_153' title='bbox 570 1515 784 1580; x_wconf 85' lang='lat' dir='ltr'>linguam</span> <span class='ocrx_word' id='word_1_154' title='bbox 799 1516 849 1562; x_wconf 90' lang='lat' dir='ltr'>in</span> <span class='ocrx_word' id='word_1_155' title='bbox 872 1514 1097 1580; x_wconf 85' lang='lat' dir='ltr'>paradiso</span> <span class='ocrx_word' id='word_1_156' title='bbox 1125 1533 1136 1562; x_wconf 91' lang='lat'><strong>:</strong></span> <span class='ocrx_word' id='word_1_157' title='bbox 1163 1515 1249 1563; x_wconf 89' lang='lat' dir='ltr'>sed</span> <span class='ocrx_word' id='word_1_158' title='bbox 1279 1515 1375 1562; x_wconf 92' lang='lat' dir='ltr'>hoc</span> <span class='ocrx_word' id='word_1_159' title='bbox 1405 1532 1492 1580; x_wconf 91' lang='lat' dir='ltr'>per</span> <span class='ocrx_word' id='word_1_160' title='bbox 1510 1516 1905 1582; x_wconf 89' lang='lat' dir='ltr'>anticipationem</span> <span class='ocrx_word' id='word_1_161' title='bbox 1929 1517 2064 1582; x_wconf 93' lang='lat' dir='ltr'>quod</span> <span class='ocrx_word' id='word_1_162' title='bbox 2079 1527 2211 1565; x_wconf 86' lang='lat' dir='ltr'>extra</span> <span class='ocrx_word' id='word_1_163' title='bbox 2232 1517 2424 1583; x_wconf 87' lang='lat' dir='ltr'>paradi-</span> 
     </span>
     <span class='ocr_line' id='line_1_16' title="bbox 294 1594 1244 1661; baseline 0 -19"><span class='ocrx_word' id='word_1_164' title='bbox 294 1611 403 1643; x_wconf 89' lang='lat' dir='ltr'>sum</span> <span class='ocrx_word' id='word_1_165' title='bbox 425 1596 605 1644; x_wconf 87' lang='lat' dir='ltr'>factum</span> <span class='ocrx_word' id='word_1_166' title='bbox 623 1596 684 1647; x_wconf 88' lang='lat' dir='ltr'>sit</span> <span class='ocrx_word' id='word_1_167' title='bbox 698 1595 990 1661; x_wconf 88' lang='lat' dir='ltr'>prophetam</span> <span class='ocrx_word' id='word_1_168' title='bbox 1011 1594 1244 1643; x_wconf 89' lang='lat' dir='ltr'>retulisse.</span> 
     </span>
    </p>

    <p class='ocr_par' dir='ltr' id='par_1_6' title="bbox 293 1662 2426 2130">
     <span class='ocr_line' id='line_1_17' title="bbox 365 1662 2422 1741; baseline 0.001 -20"><span class='ocrx_word' id='word_1_169' title='bbox 365 1675 389 1722; x_wconf 61' lang='grc' dir='ltr'>ὲ(</span> <span class='ocrx_word' id='word_1_170' title='bbox 413 1662 480 1724; x_wconf 79' lang='lat' dir='ltr'>Ex</span> <span class='ocrx_word' id='word_1_171' title='bbox 503 1676 654 1724; x_wconf 87' lang='lat' dir='ltr'>omni.</span> <span class='ocrx_word' id='word_1_172' title='bbox 681 1695 705 1721; x_wconf 73' lang='grc' dir='ltr'><strong><em>υ</em></strong></span> <span class='ocrx_word' id='word_1_173' title='bbox 725 1674 1043 1724; x_wconf 91' lang='lat' dir='ltr'>Solummodo</span> <span class='ocrx_word' id='word_1_174' title='bbox 1075 1675 1127 1724; x_wconf 89' lang='lat' dir='ltr'>id</span> <span class='ocrx_word' id='word_1_175' title='bbox 1150 1675 1285 1741; x_wconf 89' lang='lat' dir='ltr'>quod</span> <span class='ocrx_word' id='word_1_176' title='bbox 1311 1675 1542 1741; x_wconf 89' lang='lat' dir='ltr'>sequitur,</span> <span class='ocrx_word' id='word_1_177' title='bbox 1573 1695 1596 1721; x_wconf 90' lang='lat'>«</span> <span class='ocrx_word' id='word_1_178' title='bbox 1623 1674 1684 1723; x_wconf 91' lang='lat' dir='ltr'>de</span> <span class='ocrx_word' id='word_1_179' title='bbox 1712 1676 1845 1741; x_wconf 90' lang='lat' dir='ltr'>ligno</span> <span class='ocrx_word' id='word_1_180' title='bbox 1881 1694 1996 1726; x_wconf 89' lang='lat' dir='ltr'>vero</span> <span class='ocrx_word' id='word_1_181' title='bbox 2021 1679 2252 1738; x_wconf 80' lang='lat' dir='ltr'>scientiae,</span> <span class='ocrx_word' id='word_1_182' title='bbox 2282 1688 2374 1726; x_wconf 88' lang='lat' dir='ltr'>etc.</span> <span class='ocrx_word' id='word_1_183' title='bbox 2396 1698 2422 1724; x_wconf 85' lang='lat'>»</span> 
     </span>
     <span class='ocr_line' id='line_1_18' title="bbox 295 1744 2423 1823; baseline 0.001 -20"><span class='ocrx_word' id='word_1_184' title='bbox 295 1744 484 1805; x_wconf 80' lang='lat' dir='ltr'>videtur</span> <span class='ocrx_word' id='word_1_185' title='bbox 506 1756 569 1804; x_wconf 89' lang='lat' dir='ltr'>ad</span> <span class='ocrx_word' id='word_1_186' title='bbox 592 1746 886 1822; x_wconf 79' lang='lat' dir='ltr'>praeceptum</span> <span class='ocrx_word' id='word_1_187' title='bbox 908 1756 1168 1822; x_wconf 88' lang='lat' dir='ltr'>pertinere.</span> <span class='ocrx_word' id='word_1_188' title='bbox 1185 1755 1332 1814; x_wconf 90' lang='lat' dir='ltr'>Quod</span> <span class='ocrx_word' id='word_1_189' title='bbox 1357 1771 1474 1804; x_wconf 86' lang='lat' dir='ltr'>vero</span> <span class='ocrx_word' id='word_1_190' title='bbox 1495 1755 1798 1821; x_wconf 87' lang='lat' dir='ltr'>praemittitur</span> <span class='ocrx_word' id='word_1_191' title='bbox 1822 1774 1919 1805; x_wconf 88' lang='lat' dir='ltr'>«ex</span> <span class='ocrx_word' id='word_1_192' title='bbox 1939 1758 2076 1806; x_wconf 87' lang='lat' dir='ltr'>omni</span> <span class='ocrx_word' id='word_1_193' title='bbox 2098 1758 2250 1823; x_wconf 82' lang='lat' dir='ltr'>ligno,</span> <span class='ocrx_word' id='word_1_194' title='bbox 2264 1776 2288 1804; x_wconf 86' lang='lat'><strong><em>»</em></strong></span> <span class='ocrx_word' id='word_1_195' title='bbox 2305 1774 2423 1806; x_wconf 88' lang='lat' dir='ltr'>con·</span> 
     </span>
     <span class='ocr_line' id='line_1_19' title="bbox 294 1836 2426 1903; baseline 0 -18"><span class='ocrx_word' id='word_1_196' title='bbox 294 1837 446 1885; x_wconf 80' lang='lat' dir='ltr'>cessio</span> <span class='ocrx_word' id='word_1_197' title='bbox 470 1838 632 1903; x_wconf 90' lang='lat' dir='ltr'>potius</span> <span class='ocrx_word' id='word_1_198' title='bbox 652 1853 800 1902; x_wconf 90' lang='lat' dir='ltr'>quam</span> <span class='ocrx_word' id='word_1_199' title='bbox 824 1837 1081 1903; x_wconf 82' lang='lat' dir='ltr'>praeceptio</span> <span class='ocrx_word' id='word_1_200' title='bbox 1104 1836 1314 1886; x_wconf 81' lang='lat' dir='ltr'>videtur.</span> <span class='ocrx_word' id='word_1_201' title='bbox 1343 1840 1450 1885; x_wconf 91' lang='lat' dir='ltr'>Non</span> <span class='ocrx_word' id='word_1_202' title='bbox 1475 1838 1607 1885; x_wconf 89' lang='lat' dir='ltr'>enim</span> <span class='ocrx_word' id='word_1_203' title='bbox 1630 1838 1705 1903; x_wconf 64' lang='lat' dir='ltr'>rei</span> <span class='ocrx_word' id='word_1_204' title='bbox 1715 1848 1902 1901; x_wconf 73' lang='lat' dir='ltr'>essent,</span> <span class='ocrx_word' id='word_1_205' title='bbox 1924 1840 1964 1887; x_wconf 91' lang='lat' dir='ltr'>si</span> <span class='ocrx_word' id='word_1_206' title='bbox 1987 1856 2090 1887; x_wconf 91' lang='lat' dir='ltr'>non</span> <span class='ocrx_word' id='word_1_207' title='bbox 2111 1839 2174 1888; x_wconf 92' lang='lat' dir='ltr'>de</span> <span class='ocrx_word' id='word_1_208' title='bbox 2198 1838 2426 1888; x_wconf 83' lang='lat' dir='ltr'>omnibus</span> 
     </span>
     <span class='ocr_line' id='line_1_20' title="bbox 294 1917 2425 1989; baseline 0.001 -22"><span class='ocrx_word' id='word_1_209' title='bbox 294 1917 397 1967; x_wconf 82' lang='lat' dir='ltr'>aliis</span> <span class='ocrx_word' id='word_1_210' title='bbox 420 1918 561 1983; x_wconf 88' lang='lat' dir='ltr'>lignis</span> <span class='ocrx_word' id='word_1_211' title='bbox 579 1918 914 1979; x_wconf 87' lang='lat' dir='ltr'>comederent,</span> <span class='ocrx_word' id='word_1_212' title='bbox 941 1917 1141 1984; x_wconf 90' lang='lat' dir='ltr'>quando</span> <span class='ocrx_word' id='word_1_213' title='bbox 1155 1918 1449 1989; x_wconf 85' lang='lat' dir='ltr'>inparadiso</span> <span class='ocrx_word' id='word_1_214' title='bbox 1473 1918 1683 1967; x_wconf 87' lang='lat' dir='ltr'>suerunt.</span> <span class='ocrx_word' id='word_1_215' title='bbox 1704 1920 1844 1968; x_wconf 89' lang='lat' dir='ltr'>Unde</span> <span class='ocrx_word' id='word_1_216' title='bbox 1869 1930 1916 1968; x_wconf 92' lang='lat' dir='ltr'>et</span> <span class='ocrx_word' id='word_1_217' title='bbox 1938 1921 2110 1969; x_wconf 90' lang='lat' dir='ltr'>mulier</span> <span class='ocrx_word' id='word_1_218' title='bbox 2127 1921 2425 1987; x_wconf 85' lang='lat' dir='ltr'>respondens</span> 
     </span>
     <span class='ocr_line' id='line_1_21' title="bbox 294 1998 2425 2068; baseline 0 -21"><span class='ocrx_word' id='word_1_219' title='bbox 294 2000 527 2065; x_wconf 88' lang='lat' dir='ltr'>serpenti,</span> <span class='ocrx_word' id='word_1_220' title='bbox 555 1998 617 2048; x_wconf 91' lang='lat' dir='ltr'>de</span> <span class='ocrx_word' id='word_1_221' title='bbox 638 1999 769 2064; x_wconf 81' lang='lat' dir='ltr'>liguo</span> <span class='ocrx_word' id='word_1_222' title='bbox 802 2009 991 2048; x_wconf 89' lang='lat' dir='ltr'>tantum</span> <span class='ocrx_word' id='word_1_223' title='bbox 1019 1999 1156 2065; x_wconf 91' lang='lat' dir='ltr'>quod</span> <span class='ocrx_word' id='word_1_224' title='bbox 1184 2009 1255 2048; x_wconf 88' lang='lat' dir='ltr'>est</span> <span class='ocrx_word' id='word_1_225' title='bbox 1280 1999 1331 2047; x_wconf 91' lang='lat' dir='ltr'>in</span> <span class='ocrx_word' id='word_1_226' title='bbox 1355 1999 1517 2048; x_wconf 89' lang='lat' dir='ltr'>medio</span> <span class='ocrx_word' id='word_1_227' title='bbox 1539 1999 1748 2066; x_wconf 88' lang='lat' dir='ltr'>paradisi</span> <span class='ocrx_word' id='word_1_228' title='bbox 1780 2018 1830 2049; x_wconf 92' lang='lat' dir='ltr'>se</span> <span class='ocrx_word' id='word_1_229' title='bbox 1861 2002 2099 2068; x_wconf 90' lang='lat' dir='ltr'>accepisse</span> <span class='ocrx_word' id='word_1_230' title='bbox 2132 2011 2425 2068; x_wconf 80' lang='lat' dir='ltr'>praeceptum</span> 
     </span>
     <span class='ocr_line' id='line_1_22' title="bbox 293 2067 909 2130; baseline 0 0"><span class='ocrx_word' id='word_1_231' title='bbox 293 2082 602 2130; x_wconf 86' lang='lat' dir='ltr'>solummodo</span> <span class='ocrx_word' id='word_1_232' title='bbox 623 2083 756 2130; x_wconf 89' lang='lat' dir='ltr'>dicit.</span> <span class='ocrx_word' id='word_1_233' title='bbox 898 2067 909 2082; x_wconf 37' lang='lat'>&#39;⁵</span> 
     </span>
    </p>

    <p class='ocr_par' dir='ltr' id='par_1_7' title="bbox 292 2162 2426 2472">
     <span class='ocr_line' id='line_1_23' title="bbox 363 2162 2426 2228; baseline 0.002 -22"><span class='ocrx_word' id='word_1_234' title='bbox 363 2181 388 2207; x_wconf 76' lang='grc' dir='ltr'>α</span> <span class='ocrx_word' id='word_1_235' title='bbox 414 2167 467 2209; x_wconf 92' lang='lat' dir='ltr'>In</span> <span class='ocrx_word' id='word_1_236' title='bbox 493 2179 812 2228; x_wconf 88' lang='lat' dir='ltr'>quacumque.</span> <span class='ocrx_word' id='word_1_237' title='bbox 837 2182 861 2207; x_wconf 76' lang='grc' dir='ltr'><strong>υ</strong></span> <span class='ocrx_word' id='word_1_238' title='bbox 890 2163 1277 2211; x_wconf 81' lang='lat' dir='ltr'>Comminatione</span> <span class='ocrx_word' id='word_1_239' title='bbox 1296 2178 1450 2228; x_wconf 87' lang='lat' dir='ltr'>poenae</span> <span class='ocrx_word' id='word_1_240' title='bbox 1474 2162 1536 2210; x_wconf 93' lang='lat' dir='ltr'>ad</span> <span class='ocrx_word' id='word_1_241' title='bbox 1560 2162 1887 2211; x_wconf 87' lang='lat' dir='ltr'>obedientiam</span> <span class='ocrx_word' id='word_1_242' title='bbox 1911 2180 2023 2211; x_wconf 89' lang='lat' dir='ltr'>eum</span> <span class='ocrx_word' id='word_1_243' title='bbox 2047 2163 2330 2212; x_wconf 87' lang='lat' dir='ltr'>adhortatur</span> <span class='ocrx_word' id='word_1_244' title='bbox 2355 2163 2426 2210; x_wconf 89' lang='lat' dir='ltr'>di-</span> 
     </span>
     <span class='ocr_line' id='line_1_24' title="bbox 292 2243 2425 2309; baseline 0 -18"><span class='ocrx_word' id='word_1_245' title='bbox 292 2259 429 2304; x_wconf 89' lang='lat' dir='ltr'>cens,</span> <span class='ocrx_word' id='word_1_246' title='bbox 457 2243 591 2308; x_wconf 93' lang='lat' dir='ltr'>quod</span> <span class='ocrx_word' id='word_1_247' title='bbox 616 2260 919 2308; x_wconf 89' lang='lat' dir='ltr'>quacumque</span> <span class='ocrx_word' id='word_1_248' title='bbox 953 2243 1031 2291; x_wconf 86' lang='lat' dir='ltr'>die</span> <span class='ocrx_word' id='word_1_249' title='bbox 1055 2243 1239 2308; x_wconf 87' lang='lat' dir='ltr'>lignum</span> <span class='ocrx_word' id='word_1_250' title='bbox 1269 2243 1388 2292; x_wconf 92' lang='lat' dir='ltr'>illud</span> <span class='ocrx_word' id='word_1_251' title='bbox 1411 2244 1614 2291; x_wconf 86' lang='lat' dir='ltr'>vetitum</span> <span class='ocrx_word' id='word_1_252' title='bbox 1646 2245 1869 2309; x_wconf 87' lang='lat' dir='ltr'>attingat,</span> <span class='ocrx_word' id='word_1_253' title='bbox 1907 2262 1963 2293; x_wconf 90' lang='lat' dir='ltr'>ex</span> <span class='ocrx_word' id='word_1_254' title='bbox 1994 2256 2150 2293; x_wconf 90' lang='lat' dir='ltr'>morte</span> <span class='ocrx_word' id='word_1_255' title='bbox 2181 2246 2350 2293; x_wconf 85' lang='lat' dir='ltr'>animae</span> <span class='ocrx_word' id='word_1_256' title='bbox 2374 2245 2425 2292; x_wconf 94' lang='lat' dir='ltr'>id</span> 
     </span>
     <span class='ocr_line' id='line_1_25' title="bbox 292 2324 2425 2392; baseline 0.001 -22"><span class='ocrx_word' id='word_1_257' title='bbox 292 2333 365 2371; x_wconf 87' lang='lat' dir='ltr'>est</span> <span class='ocrx_word' id='word_1_258' title='bbox 392 2334 589 2388; x_wconf 85' lang='lat' dir='ltr'>peccato</span> <span class='ocrx_word' id='word_1_259' title='bbox 621 2333 736 2372; x_wconf 89' lang='lat' dir='ltr'>tunc</span> <span class='ocrx_word' id='word_1_260' title='bbox 766 2324 1049 2385; x_wconf 88' lang='lat' dir='ltr'>commisso,</span> <span class='ocrx_word' id='word_1_261' title='bbox 1075 2334 1283 2378; x_wconf 88' lang='lat' dir='ltr'>mortem</span> <span class='ocrx_word' id='word_1_262' title='bbox 1307 2324 1623 2391; x_wconf 86' lang='lat' dir='ltr'>postmodum</span> <span class='ocrx_word' id='word_1_263' title='bbox 1646 2326 1865 2392; x_wconf 87' lang='lat' dir='ltr'>corporis</span> <span class='ocrx_word' id='word_1_264' title='bbox 1899 2327 2110 2374; x_wconf 89' lang='lat' dir='ltr'>incurret</span> <span class='ocrx_word' id='word_1_265' title='bbox 2137 2344 2148 2374; x_wconf 91' lang='lat'><strong>:</strong></span> <span class='ocrx_word' id='word_1_266' title='bbox 2175 2326 2312 2391; x_wconf 84' lang='lat' dir='ltr'>quasi</span> <span class='ocrx_word' id='word_1_267' title='bbox 2339 2342 2425 2391; x_wconf 87' lang='lat' dir='ltr'>ge-</span> 
     </span>
     <span class='ocr_line' id='line_1_26' title="bbox 294 2398 1153 2472; baseline 0.002 -22"><span class='ocrx_word' id='word_1_268' title='bbox 294 2398 476 2472; x_wconf 80' lang='lat' dir='ltr'>minam</span> <span class='ocrx_word' id='word_1_269' title='bbox 500 2412 724 2451; x_wconf 73' lang='lat' dir='ltr'>mortem,</span> <span class='ocrx_word' id='word_1_270' title='bbox 746 2403 947 2469; x_wconf 78' lang='lat' dir='ltr'>Reliqua</span> <span class='ocrx_word' id='word_1_271' title='bbox 969 2403 1153 2452; x_wconf 79' lang='lat' dir='ltr'>desunt.</span> 
     </span>
    </p>
   </div>
  </div>
 </body>
</html>
