2970 4152
479 398 573 445 48ss
1255 364 1446 443 'PETRI
1487 399 1796 448 ABAELARm

479 492 743 539 remittetur
771 492 830 537 ei.
865 491 958 547 Qui
987 500 1146 536 autem
1175 490 1345 538 dixerit
1371 492 1550 540 contra
1573 495 1801 559 Spiritum
1836 506 2077 555 sanctum,
2120 514 2217 543 non
2256 499 2522 546 remittetur
2553 499 2596 546 ei

480 589 635 635 neque
652 572 700 618 in
724 571 817 617 1100
834 570 1022 629 saeculo,
1041 587 1196 634 neque
1218 571 1267 617 in
1290 571 1467 620 futurO.
1486 592 1507 617 >2
1528 575 1754 646 SiKautem
1774 575 1956 622 offensa
1975 576 2023 621 in
2039 576 2265 640 Spiritum
2283 577 2398 623 dicti
2414 588 2597 626 tantam

478 652 624 698 hahet
648 668 865 716 poenam,
903 668 1008 715 quae
1035 651 1248 699 vindicta
1281 663 1443 700 manet
1474 654 1583 701 facti
1608 656 2063 719 transgressionem?
2095 659 2200 703 Non
2233 667 2399 704 autem
2427 642 2599 706 sufficit

478 732 615 780 vobis
660 749 687 779 a
724 732 1097 794 transgressione
1130 749 1321 793 cavere,
1360 735 1450 781 nisi
1487 736 1529 781 01
1566 746 1669 782 1010
1709 736 1881 783 affectu
1918 736 2145 783 studeatis
2190 737 2403 801 placere,
2441 755 2470 785 a
2499 756 2598 803 quo

477 813 712 878 speranda
726 822 836 858 sunt
853 813 1017 859 omnia
1030 813 1160 860 dona
1181 813 1353 860 divinae
1373 816 1547 878 gratiae.
1569 817 1662 873 Qui
1676 833 1826 880 quum
1843 833 1899 863 ea
1911 817 2106 880 singulis
2122 828 2266 882 prout
2281 818 2382 864 vult
2401 818 2572 865 dividit
2583 856 2594 877 ,

480 903 623 957 prout
652 892 754 939 vult
782 892 1043 953 distribuit,
1078 893 1200 940 adeo
1230 904 1283 940 ut
1304 911 1405 941 non
1433 895 1590 942 solum
1614 896 1754 943 dator
1778 912 1969 955 eorum,
1995 897 2310 944 verumetiam
2332 898 2491 962 ipsum
2514 897 2601 943 Dei

480 973 665 1019 dicatur
684 973 869 1018 donum
888 991 897 1019 :
919 983 1154 1037 quantum
1175 984 1386 1037 satagere
1408 975 1639 1022 debemus
1652 1013 1663 1035 ,
1686 986 1739 1022 ut
1757 976 1888 1022 hunc
1908 975 2054 1023 talem
2070 993 2124 1024 ac
2140 987 2329 1023 tantum
2353 977 2599 1042 dispensa·
2646 990 2651 994 ’

479 1063 634 1099 torem
661 1053 924 1100 habeamus
949 1054 1237 1119 propitium?
1269 1055 1494 1119 Quisquis
1527 1056 1576 1101 in
1610 1055 1861 1119 cujuslibet
1888 1057 2098 1121 potentis
2130 1056 2308 1104 familia
2329 1058 2601 1104 conversari

481 1133 739 1192 desiderat,
766 1133 886 1180 nihil
908 1144 989 1181 aut
1018 1150 1191 1199 parum
1219 1135 1261 1181 ei
1293 1135 1489 1199 prodest
1511 1135 1690 1182 habere
1715 1136 1914 1199 gratiam
1943 1136 2163 1195 Domini,
2191 1136 2230 1183 si
2259 1146 2417 1183 careat
2454 1136 2602 1200 gratia

480 1215 819 1280 dispensatoris
841 1233 851 1262 ε
877 1216 1138 1280 praesertim
1156 1233 1306 1280 quum
1329 1217 1429 1281 ipse
1446 1216 1575 1264 idem
1591 1216 1731 1264 simul
1753 1227 1800 1264 et
1821 1217 2056 1264 Dominus
2076 1217 2249 1264 domus
2267 1218 2326 1264 sit
2345 1227 2392 1264 et
2413 1217 2604 1282 dispen-

479 1306 634 1355 sator,
678 1297 800 1343 sicut
842 1296 901 1342 de
944 1297 1122 1361 Spiritu
1156 1307 1323 1343 sancto
1360 1297 1608 1344 manifeste
1645 1297 1821 1345 clamat
1850 1298 2131 1363 Apostolus¹
2164 1316 2174 1344 ε
2217 1318 2239 1342 α
2263 1298 2555 1356 Divisiones,
2578 1316 2600 1341 υ

479 1376 656 1439 inquit,
693 1377 993 1440 «gratiarum
1025 1386 1159 1435 sunt,
1191 1376 1321 1423 idem
1356 1387 1517 1423 autem
1546 1378 1763 1442 Spiritus.
1805 1381 1864 1424 Et
1899 1378 2158 1425 divisiones
2199 1377 2605 1425 ministrationum

480 1467 613 1514 sunt,
652 1457 782 1504 idem
825 1473 940 1503 vero
980 1460 1107 1504 Deus
1137 1458 1219 1521 qui
1251 1467 1478 1522 operatur
1512 1459 1678 1504 omnia
1711 1458 1762 1504 in
1799 1457 2042 1505 omnibus.
2068 1476 2091 1501 »
2130 1458 2224 1514 Qui
2257 1458 2401 1504 etiam
2435 1473 2605 1504 conse-

480 1547 682 1602 quenter
714 1554 1000 1585 enumerans
1023 1538 1153 1584 dona
1176 1537 1348 1585 divinae
1378 1539 1560 1602 gratiae,
1598 1555 1703 1603 quae
1731 1539 1933 1603 Spiritus
1962 1539 2063 1602 ipse
2086 1537 2327 1584 distribuit
2343 1575 2354 1596 ‚
2381 1538 2565 1585 dicens'
2591 1556 2601 1584 :

485 1620 610 1666 «Alii
638 1619 835 1684 quidem
865 1619 1005 1666 datur
1036 1636 1122 1685 per
1149 1620 1379 1684 Spiritum
1407 1637 1565 1667 sermo
1594 1620 1859 1685 sapientiae,
1886 1619 1966 1667 alii
1994 1636 2152 1666 sermo
2179 1620 2409 1678 scientiae,
2446 1629 2560 1679 etc.,
2579 1639 2603 1664 »

481 1701 546 1747 ita
564 1701 689 1747 113110
710 1701 954 1747 donorum
979 1700 1368 1747 distributionem
1389 1701 1643 1748 conclusit³
1661 1720 1671 1747 :
1703 1720 1726 1746 «
1742 1704 1852 1747 Haec
1874 1711 2035 1748 autem
2057 1700 2221 1748 omnia
2237 1710 2463 1765 operatur
2484 1717 2608 1747 unus

481 1791 624 1845 atque
647 1781 777 1828 idem
799 1782 1024 1846 Spiritus,
1051 1781 1270 1828 dividens
1299 1780 1497 1845 singulis
1523 1791 1668 1846 prout
1688 1780 1807 1828 vult.
1831 1800 1853 1825 υ
1885 1784 1952 1828 Ex
1976 1780 2150 1845 quibus
2172 1780 2370 1844 quidem
2390 1790 2609 1845 patenter

482 1861 691 1908 insinuat
731 1861 957 1908 eumdem
991 1861 1354 1908 distributorem
1391 1878 1446 1908 ac
1480 1861 1862 1927 dispensatorem
1898 1861 2175 1908 divinorum
2211 1860 2480 1919 donorum,
2509 1870 2608 1907 tam

483 1942 747 1988 Dominum
770 1958 870 1988 esse
892 1958 1039 2006 quam
1060 1944 1240 2000 Deum,
1260 1952 1308 1988 et
1329 1958 1419 2006 pro
1442 1941 1639 1988 arbitrio
1658 1953 1746 1988 suo
1769 1942 1928 2006 ipsum
1950 1951 2180 2004 tanquam
2202 1940 2488 1998 Dominum,
2508 1956 2609 1987 non

483 2022 572 2069 sub
604 2023 815 2069 Domino
847 2022 1229 2087 dispensatorem
1262 2023 1577 2069 constitutum
1595 2060 1606 2082 ,
1645 2039 1701 2070 ea
1729 2022 1903 2086 quibus
1934 2022 2141 2070 voluerit
2167 2020 2316 2067 libere
2345 2020 2606 2085 impertire.

485 2102 628 2166 Cujus
646 2102 792 2148 hodie
814 2102 1004 2165 largitas
1027 2102 1222 2148 uberior
1242 2102 1474 2166 ampliore
1494 2103 1642 2165 gratia
1665 2112 1948 2166 praesentem
1973 2102 2103 2148 diem
2119 2111 2349 2164 tanquam
2364 2100 2613 2165 propriam·

484 2182 836 2230 solemnitatem
864 2182 1058 2240 ditavit,
1085 2183 1134 2228 in
1164 2198 1260 2245 qua
1285 2171 1562 2228 divinorum
1595 2182 1943 2229 beneficiorum
1968 2182 2310 2247 promissiones
2331 2181 2608 2246 complevit.

487 2266 599 2310 Post
617 2263 879 2310 adventum
897 2262 1076 2326 quippe
1101 2261 1184 2307 filii
1206 2262 1257 2307 in
1280 2261 1519 2308 mundum
1533 2299 1544 2321 ,
1567 2263 1800 2326 postejus
1823 2262 1886 2309 ad
1907 2265 2095 2309 Patrem
2119 2262 2168 2308 in
2192 2262 2471 2308 ascensione
2492 2261 2615 2309 redi-

486 2355 610 2404 tum,
656 2345 857 2408 Spiritus
898 2344 1049 2390 sancti
1085 2343 1350 2390 hodiernus
1389 2343 1599 2391 restabat
1643 2344 1877 2391 adventus
1895 2381 1906 2402 ‚
1951 2360 2037 2408 per
2078 2359 2224 2408 quem
2257 2343 2613 2408 complerentur

488 2426 651 2471 omnia
685 2441 790 2488 quae
822 2440 907 2488 per
937 2424 1108 2470 Filium
1142 2423 1204 2471 ad
1238 2424 1439 2471 salutem
1473 2434 1691 2471 nostram
1728 2424 1922 2470 fuerunt
1968 2423 2213 2470 inchoata.
2259 2423 2398 2469 Unde
2436 2432 2482 2469 et
2511 2423 2613 2488 ipse

486 2506 678 2553 Filiusb:
709 2504 908 2564 «Mitto,
932 2523 954 2548 »
984 2505 1163 2569 inquit,
1200 2505 1531 2570 «promissum
1554 2505 1702 2569 patris
1725 2505 1820 2551 mei
1851 2505 1900 2551 in
1929 2521 2034 2551 vos.
2063 2506 2162 2551 ‘Vos
2191 2513 2352 2550 autem
2379 2502 2540 2550 sedete
2562 2502 2613 2548 in

487 2587 677 2633 civitate
690 2622 701 2644 ,
722 2584 1038 2650 quoadusque
1055 2585 1324 2632 induamini
1339 2585 1516 2632 virtute
1539 2601 1595 2631 ex
1614 2584 1730 2632 alto.
1756 2603 1778 2628 η
1799 2588 1859 2630 Ε1
1874 2586 2085 2630 rursum⁵
2106 2602 2115 2630 :
2142 2603 2165 2627 «
2178 2582 2434 2630 Paraclitus
2453 2591 2614 2629 autem

487 2668 688 2732 Spiritus
718 2675 933 2725 sanctus,
957 2683 1102 2730 quem
1130 2667 1286 2713 mittet
1311 2669 1448 2713 Pater
1469 2666 1519 2712 in
1544 2666 1743 2713 nomine
1766 2682 1875 2712 meo
1892 2702 1903 2724 ,
1929 2665 2007 2711 ille
2028 2681 2116 2711 vos
2140 2663 2334 2710 docebit
2354 2663 2541 2721 omnia,
2567 2672 2614 2710 et

486 2758 704 2811 suggeret
736 2747 875 2795 vobis
910 2747 1075 2793 omnia
1101 2763 1400 2811 quaecunque
1431 2746 1596 2794 dixero
1630 2745 1786 2792 vobis.
1810 2763 1832 2789 »
1875 2749 1935 2791 Et
1966 2745 2160 2791 1101111116
2183 2762 2192 2790 :
2218 2742 2431 2789 «Adhuc
2464 2741 2614 2789 multa

487 2827 645 2875 habeo
673 2828 812 2875 vobis
842 2827 1025 2886 dicere,
1060 2827 1146 2874 sed
1175 2843 1275 2873 non
1299 2828 1497 2892 potestis
1528 2836 1722 2892 portare
1751 2825 1919 2872 modo.
1946 2828 2116 2888 ¹Quum
2142 2834 2303 2871 autem
2323 2823 2508 2870 venerit
2536 2822 2615 2869 ille

488 2909 688 2974 Spiritus
712 2908 947 2967 veritatis,
970 2907 1165 2954 docebit
1186 2924 1275 2954 vos
1298 2924 1495 2954 omnem
1516 2909 1783 2955 veritatem.
1806 2925 1830 2951 »
2211 2971 2215 2974 ἢ
2531 2966 2543 2979 ·

554 2993 621 3035 Ex
640 2989 715 3036 his
740 2989 900 3053 itaque
922 2987 1206 3035 testimoniis
1229 2988 1451 3035 Veritatis
1472 2987 1622 3052 liquet
1647 2997 1828 3052 quanta
1853 2986 2002 3050 gratia
2027 2987 2086 3033 sit
2112 2985 2312 3050 praedita
2339 2982 2615 3031 solemnitas

490 3069 747 3128 hodierna,
784 3070 833 3115 in
869 3084 965 3133 qua
991 3067 1213 3133 discipuli
1249 3067 1424 3114 Christi
1457 3077 1557 3114 tam
1595 3068 1771 3115 virtute
1808 3067 2112 3125 constantiae,
2144 3081 2291 3130 quam
2323 3062 2616 3129 perfectione

490 3149 695 3195 scientiae
720 3159 832 3196 sunt
853 3149 1192 3196 consummati.
1221 3148 1349 3207 Quid
1378 3158 1449 3196 est
1477 3149 1606 3195 enim
1632 3150 1808 3195 virtute
1838 3148 1975 3195 indui
1995 3165 2048 3194 ex
2076 3147 2196 3205 alto,
2223 3146 2314 3192 nisi
2338 3143 2616 3191 fortitudine

492 3229 640 3275 animi
661 3240 830 3277 contra
845 3241 1051 3278 terrores
1066 3230 1237 3290 seculi,
1257 3239 1303 3276 et
1318 3228 1554 3294 quaslibet
1570 3229 1878 3277 adversitates
1895 3229 2098 3276 armari?
2118 3226 2245 3284 Quid
2262 3226 2391 3272 enim
2412 3224 2617 3290 apostoli

538 3433 547 3449 ¹
577 3434 720 3467 Corinth.
739 3436 773 3474 I,
790 3446 863 3478 cap.
882 3446 946 3475 xu,
975 3446 1006 3469 v.
1029 3437 1063 3469 4.
1080 3455 1119 3460 —
1135 3436 1148 3454 ³
1164 3437 1264 3478 lbid„
1289 3449 1322 3471 v.
1346 3440 1435 3471 8.—
1448 3437 1574 3476 ³1bid.,
1591 3448 1621 3470 v.
1646 3439 1696 3470 11.
1711 3436 1780 3461 —-⁴
1795 3437 1890 3476 Luc„
1911 3447 1983 3480 cap.
2002 3446 2095 3476 xxiv,
2113 3446 2144 3467 v.
2170 3436 2224 3467 49.
2244 3452 2282 3458 --
2299 3434 2312 3451 ⁸
2332 3433 2441 3474 Joan„
2459 3443 2533 3475 cap.
2549 3443 2619 3470 xiv,

494 3503 522 3524 v.
539 3494 594 3525 26.
607 3494 670 3517 -o
690 3493 804 3534 Joan.‚·
818 3504 892 3537 cap.
913 3504 966 3527 xvz
979 3519 988 3535 ,
1004 3505 1035 3527 v.
1055 3496 1110 3530 12.
