2970 4152
1297 429 1539 476 EPISTOL
1548 429 1620 474 AE.
2424 429 2508 476 234

394 529 540 576 retico
567 527 750 574 fuerant
777 541 940 573 errore
967 524 1204 589 correpti,
1245 523 1362 570 dum
1401 522 1609 570 ostendit
1648 521 2004 568 multitudinem
2039 520 2349 586 deceptorum
2368 558 2380 581 ,
2413 522 2528 569 dum

392 609 539 673 impia
563 613 650 674 περὶ
677 598 822 673 Ᾰρχῶν
842 606 1011 670 ingerit
1032 604 1281 652 volumina
1295 640 1309 663 ,
1332 602 1710 667 quaegemendata
1735 619 1880 649 manu
1906 601 2080 666 scorpii
2102 601 2492 649 monstrabantur
2510 640 2522 660 ,

393 688 512 736 dum
547 688 685 735 acciti
725 685 1051 751 frequentibus
1088 685 1254 733 litteris
1283 684 1519 743 haeretici,
1557 693 1609 730 ut
1637 700 1687 730 se
1721 682 2059 741 defenderent,
2099 684 2263 730 venire
2296 700 2394 730 non
2430 686 2530 732 ausi

394 779 523 817 sunt.
570 772 814 832 Tantaque
858 767 928 813 vis
966 766 1269 813 conscientiae
1307 765 1422 825 fuit,
1464 775 1516 812 ut
1563 764 1782 811 absentes
1818 763 2063 823 damnari,
2101 781 2246 828 quam
2278 775 2533 829 praesentes

394 850 618 915 coargui,
648 847 917 896 maluerint.
951 847 1101 910 Hujus
1125 857 1223 894 tam
1251 846 1467 911 gloriosae
1495 846 1704 893 victoriae
1727 845 1892 908 origO,
1920 844 2137 891 Marcella
2163 855 2248 891 est.
2275 864 2298 888 »
2319 845 2526 904 Videtis,

395 929 709 978 dilectissimae
724 965 736 989 ,
770 937 1006 992 quantum
1031 928 1240 975 attulerit
1265 929 1496 987 fructum,
1531 926 1757 992 repressis
1783 925 2041 973 haeresibus
2058 962 2070 984 ,
2103 926 2152 972 in
2175 925 2290 973 urbe
2311 925 2531 974 fidelibus

396 1010 622 1058 omnibus
644 1010 694 1056 in
717 1018 860 1074 caput
886 1008 1154 1055 constitutae
1181 1009 1322 1055 unius
1346 1018 1575 1055 matronae
1603 1005 1842 1053 laudabile
1870 1005 2080 1052 studium
2098 1042 2109 1064 ,
2144 1016 2192 1052 et.
2215 1016 2393 1070 quanta
2412 1007 2529 1053 lam-

393 1091 519 1158 pade
546 1090 774 1138 doctrinae
801 1090 1019 1154 ipsorum
1049 1106 1246 1153 quoque
1271 1089 1529 1136 doctorum
1554 1087 1981 1135 ecclesiasticorum
2007 1087 2226 1134 tenebras
2244 1105 2340 1134 una
2365 1088 2534 1135 mulier

396 1171 644 1237 expulerit.
672 1173 744 1218 De
769 1170 904 1233 cujus
931 1169 1091 1217 studio
1119 1171 1166 1216 in
1192 1170 1337 1216 sacris
1362 1169 1555 1228 litteris,
1585 1184 1683 1233 quo
1707 1168 1809 1233 ipsa
1833 1168 2082 1214 victoriam
2111 1168 2247 1214 istam
2273 1169 2525 1222 meruerit,

395 1252 526 1300 idem
551 1251 723 1300 doctor
747 1251 984 1318 prooemio
1010 1250 1094 1298 lib.
1134 1254 1153 1297 l
1186 1252 1236 1297 in
1261 1251 1529 1315 Epistolam
1551 1249 1698 1296 Pauli
1724 1247 1791 1295 ad
1809 1248 2028 1307 Galatas,
2062 1249 2124 1295 ad
2150 1250 2531 1297 exhortationem

396 1342 602 1380 vestram
618 1333 683 1379 ita
699 1331 943 1379 meminit:
981 1352 1003 1376 t<
1025 1331 1133 1378 Scio
1159 1331 1384 1395 equidem
1404 1330 1629 1378 ardorem
1648 1330 1777 1394 ejus,
1807 1330 1905 1377 scio
1930 1328 2074 1376 fidem
2089 1366 2101 1390 ,
2125 1347 2269 1394 quam
2291 1331 2532 1378 flammam

397 1429 586 1478 semper
618 1412 791 1460 habeat
832 1413 880 1459 in
919 1422 1141 1478 pectore,
1178 1429 1402 1478 superare
1443 1428 1639 1471 sexum,
1672 1410 1886 1458 oblivisci
1913 1410 2152 1471 hominiS,
2184 1421 2230 1459 et
2258 1411 2530 1459 divinorum

398 1494 702 1543 voluminum
740 1504 971 1559 tympano
999 1503 1350 1559 concrepante,
1384 1493 1598 1541 Rubrum
1629 1493 1772 1557 hujus
1802 1492 1947 1540 seculi
1983 1493 2175 1558 pelagus
2213 1494 2529 1542 transfretare.

399 1578 538 1624 Certe
568 1592 719 1640 quum
741 1577 902 1622 Romae
934 1591 1114 1635 essem,
1146 1591 1397 1639 nunquam
1423 1585 1521 1622 tam
1550 1575 1715 1622 festina
1736 1591 1814 1621 me
1839 1573 1984 1634 vidit,
2014 1584 2180 1621 utnon
2201 1575 2261 1622 de
2281 1576 2533 1640 Scripturis

400 1655 580 1721 aliquid
622 1656 950 1720 interrogaret.
992 1658 1156 1720 Neque
1196 1672 1309 1703 vero
1346 1672 1482 1703 more
1506 1656 1846 1721 pythagorico,
1889 1656 2126 1720 quidquid
2154 1656 2529 1720 responderam,

401 1746 588 1784 rectum
612 1735 835 1802 putabat,
859 1753 948 1784 nec
973 1737 1075 1784 sine
1102 1738 1288 1784 ratione
1313 1737 1616 1802 praejudicata
1641 1736 1771 1803 apud
1799 1753 1903 1785 eam
1925 1736 2112 1784 valebat
2139 1740 2420 1797 auctoritas;
2450 1739 2532 1786 sed

402 1817 701 1865 examinabat
719 1818 881 1865 omnia
898 1854 910 1877 ,
942 1828 990 1865 et
1012 1819 1166 1882 sagaci
1196 1828 1357 1865 mente
1382 1819 1602 1865 universa
1627 1817 1882 1883 pensabat,
1909 1828 1961 1864 ut
1979 1835 2056 1865 me
2075 1819 2299 1867 sentirem
2319 1835 2418 1866 non
2437 1830 2532 1866 tam

402 1898 685 1964 discipulam
721 1897 899 1946 habere
935 1915 1082 1962 quam
1111 1897 1340 1962 judicem.
1379 1917 1401 1941 »
1444 1901 1647 1945 Tantum
1683 1915 1741 1945 eo
1777 1908 1994 1963 tempore
2030 1899 2078 1945 in
2108 1899 2281 1946 sanctis
2313 1899 2528 1959 feminis,

403 1978 526 2026 sicut
555 1988 602 2026 et
626 1979 672 2025 in
698 1978 839 2039 viris,
871 1978 1084 2026 studium
1111 1978 1321 2026 fervebat
1345 1978 1634 2038 litterarum,
1665 1988 1717 2025 ut
1744 1995 2045 2042 nequaquam
2072 1996 2167 2026 suae
2191 1979 2362 2043 linguae
2394 1980 2533 2028 disci-

404 2058 536 2125 plina
560 2068 814 2120 contentae,
836 2060 968 2126 ipsos
993 2060 1344 2126 Scripturarum
1364 2058 1572 2120 rivulos,
1595 2076 1719 2124 quos
1737 2058 2000 2120 habebant,
2024 2058 2084 2105 ab
2107 2060 2219 2124 ipsis
2244 2060 2537 2125 inquirerent

406 2138 647 2200 fontibus3
676 2156 765 2188 nec
787 2140 1002 2206 inopiam
1029 2140 1170 2188 unius
1205 2139 1376 2205 linguae
1408 2139 1497 2187 sibi
1530 2140 1781 2187 crederent
1811 2139 2043 2187 sufficere.
2083 2139 2221 2187 Unde
2248 2151 2294 2188 et
2326 2141 2440 2188 illud
2469 2154 2537 2190 est

406 2237 549 2287 supra
583 2223 836 2269 memorati
868 2221 1079 2269 doctoris
1101 2221 1164 2269 ad
1190 2222 1383 2269 Paulam
1406 2222 1468 2269 de
1495 2232 1650 2269 morte
1678 2221 1870 2269 Blesillae
1902 2221 2007 2268 filiae
2031 2238 2126 2269 suae
2145 2224 2184 2281 ¹,
2215 2223 2280 2270 sic
2305 2223 2428 2271 inter
2449 2241 2537 2271 cae-

409 2310 508 2349 tera
527 2302 574 2348 in
595 2301 695 2365 ejus
711 2303 999 2368 praecipuam
1018 2302 1211 2350 laudem
1238 2302 1485 2350 scribentis
1504 2321 1513 2349 :
1541 2322 1563 2347 «
1586 2302 1704 2360 Quis
1724 2303 1824 2349 sine
1841 2302 2124 2366 singultibus
2145 2313 2349 2351 transeat
2368 2305 2538 2351 orandi

408 2381 681 2432 instantiam
699 2420 712 2444 ,
750 2384 955 2432 nitorem
985 2385 1155 2450 linguae
1172 2421 1185 2445 ,
1221 2385 1462 2432 memoriae
1492 2384 1791 2432 tenacitatem
1809 2420 1821 2443 ,
1851 2400 2054 2431 acumen
2080 2384 2291 2449 ingenii?
2319 2386 2366 2431 Si
2392 2403 2539 2450 graece

411 2463 691 2529 loquentem
714 2465 951 2526 audisses,
978 2465 1124 2514 latine
1152 2482 1258 2513 eam
1286 2466 1470 2513 nescire
1500 2475 1708 2531 putares.
1736 2466 1781 2511 Si
1810 2465 1856 2511 in
1882 2481 2138 2511 romanum
2179 2482 2352 2512 sonum
2379 2466 2538 2530 lingua

412 2560 462 2592 se
482 2554 709 2605 verteret,
734 2545 1072 2593 nihilomnino
1098 2546 1335 2611 peregrini
1361 2562 1519 2593 sermo
1542 2544 1804 2592 redolebat.
1833 2548 1935 2591 Jam
1953 2562 2084 2605 vero,
2109 2546 2241 2610 quod
2266 2547 2314 2592 in
2335 2547 2540 2611 Origene

413 2642 607 2691 quoque
637 2625 719 2673 illo
747 2627 926 2674 Graecia
952 2636 1051 2674 tota
1081 2627 1308 2686 miratur,
1341 2627 1389 2673 in
1422 2626 1585 2691 paucis
1615 2642 1714 2672 non
1743 2625 1898 2672 dicam
1927 2624 2169 2672 mensibus
2186 2662 2198 2685 ,
2233 2626 2316 2673 sed
2342 2626 2509 2674 diebus
2527 2664 2538 2686 ,

415 2706 477 2753 ita
501 2705 688 2754 hebreae
719 2706 891 2772 linguae
915 2707 1093 2754 vicerat
1111 2706 1412 2754 difficultates
1428 2742 1440 2765 ,
1469 2706 1589 2753 utin
1622 2705 1860 2753 discendis
1885 2705 2208 2770 canendisque
2225 2706 2416 2771 psalmis
2432 2725 2541 2756 cum

416 2797 566 2835 matre
600 2787 930 2836 contenderet.
962 2807 986 2833 »
1013 2791 1169 2853 Ipsam
1204 2788 1383 2853 quippe
1419 2797 1620 2834 matrem
1645 2786 1746 2850 ejus
1776 2785 1997 2845 Paulam,
2027 2803 2117 2833 nec
2141 2803 2242 2833 non
2273 2797 2320 2834 et
2345 2788 2540 2836 alteram

417 2868 563 2934 ipsius
602 2867 749 2916 filiam
787 2868 1100 2916 Eustochium
1130 2869 1361 2933 virginem
1390 2870 1492 2915 Deo
1520 2867 1726 2915 dicatam
1743 2903 1756 2918 ,
1784 2868 1846 2914 >in
1897 2867 2069 2915 eodem
2095 2867 2253 2914 studio
2281 2868 2542 2916 litterarum

418 2958 560 3014 atque
596 2947 865 3013 linguarum
906 2965 1006 2996 non
1046 2950 1204 2996 minus
1241 2959 1495 3014 occupatas
1524 2965 1653 3007 esse,
1692 2948 1820 2996 idem
1863 2965 1962 2996 non
1999 2949 2204 3013 praeterit
2243 2949 2428 2997 doctor.
2473 2951 2547 2998 Sic

419 3030 597 3095 quippe
621 3028 683 3077 de
705 3028 780 3076 his
804 3039 1184 3089 commemorat,
1217 3030 1362 3077 vitam
1389 3030 1534 3095 ipsius
1562 3029 1716 3077 Paulae
1741 3029 1953 3076 scribens
1969 3065 1981 3089 ,
2010 3040 2057 3076 et
2084 3029 2144 3076 de
2171 3030 2270 3094 ipsa
2304 3030 2468 3078 dicens
2491 3034 2504 3055 ²
2534 3052 2542 3078 :

423 3131 446 3156 «
474 3110 599 3158 Nihil
628 3110 821 3175 ingenio
845 3110 947 3174 ejus
973 3110 1191 3157 docilius.
1223 3109 1377 3157 Tarda
1401 3119 1502 3157 erat
1524 3109 1585 3156 ad
1618 3109 1944 3174 loquendum,
1973 3108 2112 3156 velox
2137 3109 2199 3156 ad
2232 3110 2542 3159 audiendum.

421 3193 605 3239 Memor
626 3190 751 3238 illius
775 3190 999 3257 praecepti
1019 3192 1033 3215 ⁸
1055 3208 1065 3237 t
1093 3189 1275 3251 «Audi,
1304 3189 1471 3250 lsrael,
1498 3200 1545 3238 et
1559 3200 1689 3250 tace,
1716 3209 1739 3235 υ
1766 3190 2022 3255 scripturas
2040 3199 2225 3237 sanctas
2248 3191 2438 3240 tenebat
2457 3209 2551 3240 me-

423 3271 635 3319 moriter.
663 3272 881 3336 Denique
900 3270 1135 3336 compulit
1154 3288 1232 3318 me
1252 3307 1264 3332 ,
1286 3281 1336 3318 ut
1361 3274 1506 3319 Vetus
1524 3281 1572 3319 et
1590 3274 1779 3318 Novum
1797 3273 2172 3317 Instrumentum
2195 3288 2305 3319 cum
2328 3271 2420 3320 filia
2434 3309 2446 3331 ,
2476 3290 2552 3319 me

425 3351 710 3412 disserente,
738 3351 1015 3416 perlegeret.
1037 3350 1182 3409 Quod
1206 3360 1402 3416 propter
1419 3350 1755 3398 verecundiam
1780 3366 1983 3414 neganS,
2011 3360 2208 3416 propter
2231 3352 2554 3400 assiduitatem

474 3535 484 3553 ⁴
511 3535 614 3579 Epist.
635 3547 722 3579 nn,
747 3537 829 3579 Opp.
854 3544 878 3570 t.
897 3536 950 3577 tv,
965 3537 1028 3570 col.
1046 3538 1100 3570 54.
1125 3556 1154 3561 —
1174 3536 1186 3553 ³
1201 3537 1303 3581 Epist.
1331 3548 1469 3577 mxxxvi,
1490 3538 1572 3578 Opp.
1587 3544 1608 3569 t.
1634 3536 1686 3576 tv,
1706 3536 1768 3570 col.
1788 3538 1866 3570 686.
1880 3552 1923 3564 —
1943 3536 1956 3554 ⁸
1970 3538 2051 3578 Job,
2069 3548 2142 3581 cap.
2163 3548 2284 3579 xxxin,
2300 3549 2332 3571 v,
2347 3539 2400 3572 31.
