2970 4152
524 425 617 473 438
1111 427 1281 473 PETRI
1317 427 1634 474 ABAELARDI
1668 428 1742 475 ΕΤ
1775 429 2078 477 HELOISSAE

520 521 689 585 vilegio
716 520 903 585 gaudet.
929 521 1174 584 Virginum
1200 521 1377 586 quippe
1401 523 1833 582 consecrationem,
1865 524 1956 571 nisi
1982 521 2195 587 periculo
2223 522 2387 568 mortis
2412 533 2633 587 urgente,

519 602 746 650 celebrari
775 602 867 649 alio
893 612 1110 666 tempore
1135 619 1235 649 non
1261 602 1370 649 licet
1395 619 1541 667 quam
1560 604 1609 651 in
1634 605 1902 671 Epiphania
1926 614 1973 651 et
2000 602 2127 650 Albis
2156 602 2484 663 Paschalibus,
2510 614 2561 651 et
2589 605 2637 651 in

518 683 845 747 apostolorum
870 682 1112 741 natalitiis;
1150 698 1239 730 nec
1274 683 1364 730 nisi
1391 699 1418 730 a
1442 687 1632 731 Summo
1655 685 1924 744 sacerdote,
1952 683 2002 730 id
2028 693 2099 731 est
2128 683 2355 748 episcopo
2390 693 2487 731 tam
2518 685 2641 749 ipsas

518 779 663 826 quam
701 764 913 828 ipsarum
953 764 1096 810 sacris
1127 763 1362 829 capitibus
1401 765 1694 830 imponenda
1737 765 1974 812 velamina
2013 763 2360 811 sanctificari.»
2395 765 2642 812 Monachis

517 853 700 903 autem,
724 843 940 907 quamvis
961 843 1176 906 ejusdem
1191 845 1284 891 sint
1307 844 1638 910 professionis,
1667 837 1743 893 vel
1768 845 1950 893 ordinis
1964 881 1976 904 ,
2001 854 2046 892 et
2062 844 2291 909 dignioris
2308 861 2469 904 sexus,
2498 845 2640 892 etiam

514 923 551 968 si
577 923 670 969 sint
702 923 933 987 virgines,
975 923 1187 988 qualibet
1227 924 1305 972 die
1338 924 1723 973 benedictionem
1757 935 1805 973 et
1837 925 1897 972 ab
1933 925 2104 972 abbate
2138 925 2376 990 suscipere
2406 935 2503 972 tam
2528 925 2641 990 ipsis

514 1019 659 1066 quam
686 1003 893 1069 propriis
923 1020 1092 1051 eorum
1125 1004 1418 1053 indumentis
1435 1042 1447 1065 ,
1476 1006 1526 1052 id
1559 1015 1629 1053 est
1660 1005 1880 1062 cucullis,
1908 1006 2195 1071 permissum
2226 1015 2311 1052 est.
2338 1005 2641 1069 Presbyteros

514 1098 706 1147 quoque
737 1093 784 1130 et
808 1094 1001 1132 caeteros
1033 1084 1269 1132 inferioris
1295 1086 1470 1150 gradus
1502 1086 1699 1133 clericos
1724 1103 1911 1152 semper
1936 1087 1986 1133 in
2009 1086 2200 1150 jejuniis
2227 1095 2433 1150 quatuor
2457 1096 2641 1151 tempo-

512 1182 643 1225 rum,
678 1175 725 1212 et
755 1167 1006 1232 episcopos
1031 1167 1166 1214 omni
1191 1167 1268 1215 die
1294 1167 1539 1214 dominico
1565 1176 1749 1214 constat
1774 1167 1987 1214 ordinari
2010 1183 2165 1232 posse.
2195 1167 2444 1230 Virginum
2481 1175 2640 1213 autem

511 1248 806 1295 consecratio
827 1258 1010 1312 quanto
1035 1249 1306 1314 pretiosior,
1331 1258 1462 1295 tanto
1483 1248 1650 1308 rarior,
1679 1248 2028 1314 praecipuarum
2053 1247 2393 1295 exultationem
2421 1246 2642 1293 solemni-

510 1336 660 1374 tatum
686 1328 775 1375 sibi
798 1328 1072 1376 vindicavit.
1102 1332 1172 1376 De
1198 1331 1429 1393 quarum¹
1459 1329 1631 1376 virtute
1655 1328 1859 1376 mirabili
1884 1329 2103 1376 universa
2134 1327 2337 1392 amplius
2363 1326 2634 1391 congaudet

510 1407 738 1469 Ecclesia,
768 1410 889 1457 sicut
913 1419 959 1456 et
992 1409 1234 1457 Psalmista
1261 1408 1542 1474 praedixerat
1567 1408 1641 1455 his
1671 1409 1879 1456 verbis’:
1913 1428 1936 1454 «
1960 1408 2270 1456 Adducentur
2302 1408 2400 1471 regi
2435 1407 2639 1471 virgines

508 1498 617 1553 post
635 1506 756 1537 eam.
781 1509 805 1535 »
826 1493 885 1538 Et
903 1507 1092 1537 rursum
1110 1509 1120 1537 z
1149 1509 1173 1535 «
1188 1490 1453 1538 Afferentur
1471 1491 1520 1536 in
1546 1490 1703 1537 laetitia
1728 1500 1774 1538 et
1790 1490 2079 1537 exultatione
2093 1525 2105 1548 ,
2128 1488 2427 1535 adducentur
2445 1489 2496 1534 in
2515 1498 2636 1535 tem·-

508 1569 644 1633 plum
671 1572 807 1634 regis.
832 1590 854 1614 »
882 1573 1062 1629 Quani³
1087 1571 1229 1618 etiam
1263 1571 1675 1618 consecrationem
1705 1570 1953 1617 Matthaeus
1990 1569 2235 1634 apostolus
2260 1568 2401 1615 simul
2432 1578 2478 1615 et
2503 1584 2640 1615 evan-

507 1650 669 1714 gelista
695 1653 1023 1716 composuisse
1050 1652 1126 1699 vel
1159 1651 1360 1699 dictasse
1398 1651 1622 1711 refertur,
1661 1651 1781 1698 sicut
1805 1652 1854 1697 in
1883 1651 1983 1715 ejus
2016 1651 2238 1716 passione
2262 1650 2450 1714 legitur,
2485 1649 2568 1697 ubi
2593 1659 2640 1696 et

504 1730 605 1795 ipse
618 1748 707 1795 pro
727 1748 891 1778 earum
903 1732 1265 1779 consecratione
1285 1731 1358 1778 vel
1372 1731 1615 1795 virginalis
1628 1732 1863 1796 propositi
1876 1730 2154 1778 defensione
2167 1740 2346 1793 martyr
2359 1729 2639 1777 occubuisse

508 1820 818 1858 memoratur.
844 1811 1033 1858 Nullam
1046 1829 1161 1859 vero
1181 1811 1570 1859 benedictionem
1583 1811 1658 1859 vel
1673 1811 1956 1859 clericorum
1977 1811 2049 1859 vel
2068 1810 2419 1858 monachorum
2435 1810 2638 1875 apostoli

507 1890 647 1938 nobis
664 1893 888 1957 scriptam
907 1891 1219 1957 reliquerunt.
1249 1895 1466 1950 Quarum
1483 1909 1676 1956 quoque
1695 1892 1859 1956 religio
1881 1891 1982 1939 sola
2001 1908 2058 1939 ex
2073 1891 2269 1938 nomine
2295 1891 2553 1938 sanctitatis
2569 1901 2639 1938 est

506 1972 750 2036 insignita,
800 1990 952 2036 quum
989 1974 1101 2038 ipsae
1134 1990 1160 2020 a
1197 1974 1543 2033 sanctimonia,
1583 1974 1632 2020 id
1675 1984 1744 2021 est
1778 1974 2050 2033 sanctitate,
2092 1971 2474 2020 sanctimoniales
2505 1973 2639 2019 sunt‘

507 2051 657 2098 dictae.
683 2053 872 2118 Quippe
901 2070 998 2116 quo
1026 2053 1262 2100 infirmior
1290 2064 1361 2101 est
1385 2054 1671 2101 feminarum
1698 2071 1858 2114 sexus,
1887 2055 2064 2118 gratior
2090 2063 2158 2101 est
2183 2056 2286 2100 Deo
2314 2063 2455 2117 atque
2486 2052 2639 2117 perfe-

507 2133 628 2179 ctior
648 2149 810 2180 earum
838 2134 987 2181 virtus
1014 2153 1023 2180 ε
1043 2134 1177 2197 juxta
1202 2135 1348 2200 ipsius
1374 2152 1570 2199 quoque
1588 2135 1783 2182 Domini
1805 2135 2156 2194 testimonium,
2187 2151 2285 2198 quo
2315 2133 2638 2181 infirmitatem

507 2214 720 2278 Apostoli
745 2214 807 2261 ad
831 2215 1101 2262 certaminis
1129 2232 1363 2262 coronam
1388 2216 1670 2276 exhortans,
1700 2218 1808 2263 ait⁵:
1836 2235 1859 2260 «
1879 2215 2061 2263 Sufficit
2086 2215 2170 2263 tibi
2195 2216 2342 2279 gratia
2371 2231 2493 2262 mea.
2518 2217 2638 2262 Nam

505 2294 654 2340 virtus
684 2295 733 2341 in
763 2294 1038 2343 infirmitate
1055 2295 1355 2360 perficitur.»
1386 2297 1480 2354 Qui
1508 2297 1651 2344 etiam
1684 2297 1744 2344 de
1773 2298 1990 2362 corporis
2015 2297 2110 2355 sui,
2139 2296 2272 2361 quod
2300 2306 2370 2343 est
2403 2294 2633 2355 Ecclesia,

507 2373 734 2421 membris
752 2392 836 2441 per
855 2375 1080 2423 eumdem
1103 2375 1306 2440 loquens
1325 2376 1619 2441 apostolum,
1649 2393 1704 2424 ac
1727 2378 1766 2423 si
1784 2377 2021 2442 praecipue
2040 2386 2139 2423 tam
2163 2375 2466 2422 infirmorum
2486 2391 2637 2422 mem—

507 2453 706 2501 brorum
724 2455 962 2503 honorem
981 2456 1368 2516 commendaret,
1396 2457 1445 2503 in
1471 2457 1640 2504 eadem
1661 2456 1903 2521 subjunxit
1921 2456 2142 2522 epistola,
2170 2456 2265 2502 hoc
2290 2465 2361 2502 est
2384 2454 2450 2501 ad
2473 2457 2637 2502 Corin-

510 2535 626 2581 thios
650 2536 853 2600 prima⁶z
881 2557 903 2581 «
925 2536 1019 2584 Sed
1043 2537 1196 2584 multo
1220 2538 1368 2602 magis
1387 2555 1492 2602 quae
1516 2538 1740 2585 videntur
1759 2537 1974 2585 membra
1993 2537 2208 2609 corporis
2224 2535 2488 2583 infirmiora
2506 2552 2633 2596 esse,

508 2618 828 2664 necessariora
851 2628 986 2679 sunt;
1018 2629 1064 2666 et
1082 2636 1187 2684 quae
1214 2629 1438 2684 putamus
1463 2620 1746 2684 ignobiliora
1774 2619 1991 2666 membra
2009 2635 2109 2665 esse
2130 2618 2367 2683 corporis,
2396 2617 2469 2664 his
2492 2617 2639 2664 abun-

507 2697 774 2746 dantiorem
791 2699 1031 2746 *honorem
1047 2701 1421 2747 circumdamus:
1448 2711 1493 2748 et
1509 2718 1614 2765 quae
1632 2701 1884 2748 inhonesta
1904 2710 2066 2747 nostra
2084 2709 2216 2758 sunt,
2237 2698 2636 2746 abundantiorem

507 2778 806 2827 honestatem
830 2780 1028 2828 habent.
1057 2784 1268 2828 Honesta
1297 2791 1457 2828 autem
1482 2792 1644 2828 nostra
1675 2782 1851 2828 nullius
1877 2791 2032 2845 egent.
2073 2780 2166 2827 Sed
2197 2782 2325 2826 Deus
2357 2780 2637 2844 temperavit

508 2875 682 2925 corpus
714 2860 757 2907 ei
784 2861 862 2907 cui
896 2860 1094 2908 dederat
1118 2860 1519 2908 abundantiorem
1552 2861 1808 2909 tribuendo
1841 2861 2101 2921 honorem,
2134 2871 2187 2907 ut
2218 2877 2316 2907 non
2345 2861 2403 2907 sit
2432 2860 2635 2908 schisma

508 2939 557 2985 in
578 2957 780 3006 corpore
795 2978 807 3002 ,
830 2941 975 2989 sedin
992 2941 1212 3007 idipsum
1228 2958 1317 3007 pro
1335 2942 1540 2989 invicem
1557 2942 1756 2990 sollicita
1779 2943 1872 2988 sint
1894 2941 2125 2989 membra.
2150 2961 2172 2985 >›
2197 2942 2313 2999 Quis
2338 2951 2498 2988 autem
2514 2940 2635 2989 adeo

509 3019 688 3084 integre
717 3038 803 3086 per
829 3021 999 3069 divinae
1024 3022 1180 3086 gratiae
1209 3022 1613 3087 dispensationem
1638 3022 1739 3069 haec
1764 3023 1812 3068 in
1837 3022 1997 3086 aliquo
2023 3022 2193 3069 dixerit
2215 3021 2486 3087 adimpleri,
2515 3022 2636 3068 sicut

510 3099 559 3145 in
586 3100 687 3164 ipsa
713 3101 954 3148 muliebris
984 3097 1121 3150 sexus
1147 3101 1446 3163 infirmitate,
1479 3119 1623 3167 quem
1650 3113 1746 3150 tam
1769 3102 1910 3167 culpa
1935 3120 2080 3167 quam
2106 3113 2275 3149 natura
2301 3101 2636 3167 contemptibi-

508 3179 628 3226 lem7
651 3180 852 3229 fecerat?
881 3182 1201 3249 Circumspice
1229 3183 1438 3247 singulos
1463 3183 1512 3229 in
1538 3183 1633 3231 hoc
1658 3200 1773 3230 sexu
1798 3183 1994 3247 gradus,
2027 3200 2127 3230 non
2148 3182 2303 3230 solum
2324 3182 2550 3246 virgines,
2578 3199 2635 3230 ac

508 3260 698 3321 viduas,
730 3279 812 3309 seu
840 3263 1136 3327 conjugatas,
1165 3281 1334 3311 verum
1360 3265 1502 3311 etiam
1536 3264 1660 3329 ipsas
1693 3274 1962 3310 scortorum
1987 3263 2393 3322 abominationes,
2423 3272 2471 3310 et
2494 3263 2542 3309 in
2568 3263 2634 3310 eis

557 3468 566 3484 ¹
593 3470 734 3508 Quarum
753 3471 874 3502 scilicet
891 3470 930 3503 D.
943 3487 987 3495 —-
1003 3469 1016 3487 ³
1038 3470 1156 3504 Psalm.
1172 3481 1265 3512 xuv,
1285 3481 1317 3504 v.
1340 3471 1380 3504 15
1399 3477 1432 3504 et
1452 3471 1550 3505 16.—-
1594 3481 1668 3516 cap.
1683 3482 1728 3504 xn
1741 3496 1750 3512 ‚
1766 3483 1797 3505 v.
1812 3472 1846 3504 9.
1862 3489 1905 3496 ——
1918 3471 1932 3489 ⁰
1949 3459 2093 3506 Gor'intla.
2111 3472 2145 3511 l,
2166 3480 2240 3515 cap.
2259 3482 2325 3511 xu,
2351 3482 2382 3504 v.
2409 3471 2452 3504 22
2471 3477 2504 3503 et
2524 3481 2573 3513 sq.
2593 3487 2631 3495 -

514 3524 525 3542 ³
548 3526 688 3566 Quarum
706 3526 733 3558 D
748 3533 780 3559 et
797 3526 864 3559 MS.
885 3526 981 3561 Amb.
1000 3545 1041 3552 —
1061 3526 1075 3544 ⁴
1092 3528 1165 3560 Sint
1179 3527 1218 3561 D.
1234 3546 1275 3551 —
1291 3528 1304 3545 '⁵
1323 3527 1464 3561 Corinth.
1491 3528 1548 3568 ΙΙ,
1596 3528 1607 3546 ⁷
1625 3528 1801 3562 Demissum
1815 3528 1911 3562 RMS.
