2970 4152
1835 338 1859 356 a

996 387 1054 434 IN
1089 386 1302 434 NATALI
1336 383 1547 431 DoMlNl
1583 381 1800 428 SERMO.
2366 376 2459 425 367

339 494 545 533 mortem
562 482 739 530 donec²
757 481 939 528 videret
965 480 1204 528 Christum
1220 480 1429 526 Domini.
1459 497 1483 522 »
1509 481 1580 525 De
1598 477 1677 524 his
1704 491 1898 541 quoque
1924 484 2199 522 sanctorum
2219 472 2463 520 desideriis

339 578 388 615 et
410 564 827 614 vehementissimo
851 563 1060 610 clamore
1077 562 1234 610 cordis
1253 561 1372 608 illud
1395 560 1638 608 estlsaiae'
1659 578 1668 605 ε
1701 554 2030 605 «Clamabunt
2045 555 2107 603 ad
2122 558 2278 603 Deum
2301 571 2329 601 a
2346 554 2462 601 facie

341 646 631 705 tribulantis,
661 655 707 692 et
727 644 882 692 mittet
900 644 966 690 eis
993 643 1307 701 Salvatorem,
1335 652 1427 689 etc.
1453 659 1476 685 »
1502 640 1635 687 Tales
1659 640 1801 703 igitur
1828 639 2060 685 clamores
2083 636 2158 684 vel
2184 636 2383 700 gemitus
2407 635 2462 680 fi-

342 728 546 786 delium,
573 726 708 791 quasi
737 724 954 789 quaedam
981 733 1113 769 erant
1141 722 1463 770 exhalationes
1487 731 1737 768 terrarum.
1767 719 1839 766 Ad
1857 735 2064 783 quorum
2090 717 2286 781 quidem
2304 726 2463 782 postu—

342 808 570 854 lationem
588 816 635 851 et
659 803 1058 868 exspectationem
1070 838 1082 861 ,
1112 801 1183 849 sol
1209 801 1298 848 sibi
1316 817 1457 848 verus
1472 816 1653 865 vapore
1672 815 1760 845 suo
1777 798 1957 845 nubem
1976 798 2184 857 attraxit,
2211 797 2328 844 dum
2354 813 2482 861 ope->

342 888 526 934 ratione
544 884 743 950 Spiritus
756 883 906 929 sancti
920 882 1131 929 Verbum
1144 883 1231 930 Dei
1244 882 1304 929 de
1321 882 1513 945 Virgine
1531 896 1723 927 carnem
1740 880 1936 943 accepit.
1960 881 2030 924 De
2053 895 2148 941 qua
2166 878 2309 924 etiam
2324 893 2465 923 carne

344 977 572 1030 tanquam
590 963 651 1010 de
668 962 796 1010 nube
819 962 1031 1027 pluviam
1051 962 1208 1021 dedit,
1232 978 1382 1026 quum
1400 959 1740 1007 incarnationis
1755 959 1855 1022 ejus
1867 960 1880 982 ³
1903 958 2181 1022 mysterium
2194 956 2464 1022 praedicatio

343 1046 478 1094 terris
511 1043 736 1092 omnibus
776 1043 1034 1101 nuntiavit,
1073 1052 1120 1089 et
1155 1042 1268 1090 fidei
1293 1042 1507 1104 ¹fructum
1540 1039 1651 1086 inde
1685 1038 1864 1086 extulit.
1898 1042 2020 1085 Cum
2054 1038 2144 1084 hac
2181 1038 2368 1101 itaque,
2416 1046 2468 1082 ut

343 1125 528 1173 dictum
551 1134 645 1182 est,
675 1139 844 1180 carne,
876 1122 980 1186 ipso
1015 1122 1063 1167 in
1092 1124 1348 1187 AEgyptum
1376 1121 1618 1178 veniente,
1647 1129 1778 1169 mota
1812 1128 1924 1164 sunt
1956 1118 2206 1164 simulacra
2237 1117 2463 1181 AEgypti⁵,

345 1206 457 1270 quia
481 1203 593 1251 inde
613 1211 797 1249 remota
820 1211 889 1249 est
905 1200 1195 1260 idololatria,
1229 1201 1470 1248 conversis
1492 1199 1553 1246 ad
1572 1199 1730 1264 ipsum
1757 1198 1992 1262 gentibus.
2028 1201 2085 1244 Et
2115 1207 2230 1244 tunc
2253 1197 2468 1262 profecto

341 1286 474 1348 juxta
499 1283 786 1342 Danielem⁵,
825 1292 977 1330 statua
1010 1283 1328 1341 comminuta,
1365 1281 1484 1346 lapis
1517 1279 1595 1326 ille
1625 1280 1674 1325 in
1702 1289 1916 1326 montem
1943 1294 2172 1342 magnum
2208 1278 2382 1335 crevit,
2424 1287 2471 1323 et

346 1367 617 1414 universam
636 1375 810 1412 terram
827 1364 1050 1431 replevit:
1090 1365 1201 1429 quia
1227 1364 1326 1428 ejus
1342 1380 1517 1429 corpus
1539 1379 1638 1409 non
1662 1362 1818 1409 solum
1833 1362 1958 1408 hanc
1984 1362 2316 1420 morientium,
2337 1361 2470 1425 quod

347 1457 416 1494 est
441 1445 682 1506 Ecclesiae,
715 1445 796 1492 ubi
819 1456 1053 1492 terrarum
1085 1445 1226 1503 fides,
1255 1444 1467 1492 dilatavit
1483 1480 1495 1503 ,
1522 1460 1673 1507 quum
1697 1442 2024 1490 infidelitatem
2049 1441 2297 1507 expulerit.
2326 1441 2469 1498 Quod

347 1528 556 1592 denique
571 1543 746 1591 corpus
758 1542 857 1574 non
872 1527 1030 1573 solum
1039 1527 1165 1573 hanc
1175 1526 1505 1584 morientium,
1525 1524 1609 1572 sed
1625 1524 1772 1589 magis
1785 1523 1914 1570 illam
1933 1523 2196 1570 viventium
2209 1532 2280 1569 est
2296 1532 2469 1569 terram

349 1609 657 1675 repleturum.
677 1608 763 1655 Hic
779 1618 848 1655 est
866 1624 1007 1655 mons
1031 1607 1108 1655 ille
1134 1608 1328 1654 Domini
1349 1616 1637 1673 praeparatus
1653 1607 1702 1652 in
1720 1606 1893 1652 vertice
1913 1604 2176 1663 montium,
2205 1604 2286 1668 qui
2300 1620 2385 1668 per
2398 1603 2470 1649 di—

347 1689 553 1736 vinitatis
572 1689 879 1736 eminentiam
898 1689 1117 1757 omnium
1143 1687 1432 1735 transcendit
1456 1687 1705 1734 cacumina
1730 1695 2023 1732 sanctorum.
2048 1684 2143 1742 Qui
2162 1683 2301 1730 nobis
2325 1683 2471 1730 hodie

347 1770 483 1834 quasi
507 1769 569 1816 de
594 1768 712 1815 valle
733 1769 958 1829 nascitur,
984 1770 1095 1834 quia
1118 1769 1178 1817 de
1197 1768 1409 1815 inferiori
1433 1784 1545 1815 sexu
1564 1777 1611 1814 et
1632 1766 1897 1813 humillima
1922 1766 2126 1830 virgine,
2155 1782 2370 1812 summus
2394 1764 2471 1810 ille

348 1848 519 1897 divinae
549 1848 804 1913 majestatis
838 1849 1066 1915 splendor
1093 1849 1154 1896 ad
1180 1844 1418 1896 humanos
1447 1847 1592 1895 hodie
1620 1847 1783 1913 prodit
1807 1846 2024 1907 obtutus,
2053 1847 2208 1893 carnis
2236 1845 2471 1893 velamine

349 1929 685 1988 obumbratuS,
714 1940 766 1977 ut
790 1931 838 1977 in
865 1940 1028 1978 nostra
1051 1929 1242 1977 saltem⁶
1261 1929 1410 1977 videri
1432 1929 1580 1994 possit
1598 1928 1883 1987 substantia,
1906 1927 1988 1991 qui
2006 1925 2251 1974 invisibilis
2266 1926 2472 1991 persistit

349 2027 397 2058 in
423 2027 523 2057 sua.

416 2094 524 2138 Haec
560 2091 638 2138 illa
675 2092 855 2157 species
886 2091 1070 2150 electri,
1103 2107 1247 2155 quam
1279 2089 1510 2138 Ezechieli
1535 2088 1780 2155 prophetae
1805 2088 2003 2153 legimus
2031 2086 2323 2134 revelatam⁷.
2368 2085 2471 2131 Ele-

349 2181 504 2218 ctrum
525 2173 704 2238 quippe
733 2171 951 2236 quaedam
982 2182 1050 2219 est
1075 2172 1178 2219 auri
1212 2182 1259 2219 et
1288 2172 1471 2236 argenti
1497 2171 1719 2229 mixtura,
1748 2170 1797 2216 in
1830 2185 1925 2234 qua
1949 2178 1994 2216 et
2019 2176 2267 2232 argentum
2296 2165 2357 2212 ad
2383 2165 2474 2212 cla-

350 2252 536 2299 ritatem
570 2252 759 2318 proficit
792 2252 1001 2300 melioris
1034 2252 1325 2300 admixtione
1352 2251 1557 2311 metalli,
1595 2261 1642 2298 et
1677 2267 1846 2298 aurum
1884 2266 1912 2296 a
1949 2265 2036 2296 suo
2072 2247 2256 2312 fulgore
2296 2256 2474 2309 tempe—

350 2341 497 2391 ratur,
531 2331 648 2379 dum
676 2333 887 2379 inferiori
915 2332 1107 2380 metallo
1131 2334 1355 2380 sociatur.
1390 2333 1465 2379 Sic
1491 2342 1537 2379 et
1562 2331 1802 2378 Christum
1827 2346 1974 2376 unam
2000 2346 2057 2376 ex
2085 2327 2270 2375 duabus
2298 2327 2474 2373 naturis

350 2411 652 2476 intelligimus
669 2429 922 2477 personam
938 2448 950 2472 ,
980 2413 1029 2459 in
1055 2429 1153 2477 quo
1180 2413 1401 2460 divinitas
1430 2429 1574 2471 auro,
1610 2411 1881 2458 humanitas
1906 2426 2019 2457 vero
2045 2409 2256 2455 inferiori
2280 2422 2471 2471 compa-

351 2501 482 2538 ratur
504 2492 712 2539 metallo.
736 2496 790 2539 ln
810 2492 899 2539 hac
930 2493 1070 2556 igitur
1092 2509 1324 2558 persona,
1361 2509 1467 2557 quae
1491 2493 1704 2539 Christus
1730 2500 1824 2549 est,
1852 2491 1947 2537 hoc
1970 2499 2041 2537 est
2067 2492 2196 2536 Deus
2219 2498 2265 2534 et
2291 2487 2468 2543 homo,

352 2573 418 2619 sic
442 2572 532 2619 sibi
551 2573 711 2620 divina
739 2583 786 2620 et
807 2572 1019 2620 humana
1042 2574 1308 2636 conjunctae
1334 2583 1444 2620 sunt
1470 2583 1672 2630 naturae,
1704 2581 1757 2618 ut
1784 2571 1861 2618 ille
1887 2566 2381 2634 incomprehensibilis
2405 2566 2474 2611 di-

350 2654 471 2700 vinae
486 2640 708 2701 claritatis
726 2654 896 2719 fulgor,
917 2655 1073 2702 carnis
1090 2654 1323 2701 velamine
1340 2653 1653 2701 obumbratus
1668 2689 1679 2712 ,
1699 2652 1921 2699 humanis
1937 2667 1987 2697 se
2004 2649 2152 2697 oculis
2171 2657 2471 2713 temperaret,

352 2743 398 2778 et
414 2743 632 2798 suscepta
656 2734 926 2781 humanitas
951 2734 1011 2781 ad
1037 2733 1298 2782 claritatem
1331 2734 1607 2799 proficeret,
1642 2749 1792 2797 quum
1828 2730 2045 2778 videlicet
2067 2730 2217 2776 homo
2243 2728 2320 2775 ille
2345 2729 2476 2792 quasi

331 2806 570 2876 'quaedam
606 2814 731 2862 lutea
762 2825 908 2875 testa,
955 2816 1195 2881 sapientiae
1235 2832 1450 2880 supernae
1489 2815 1638 2874 illius,
1676 2814 1754 2861 cui
1795 2822 1865 2860 est
1900 2812 2084 2870 unitus,
2117 2807 2474 2874 incomparabili

352 2893 458 2941 luce
476 2910 700 2942 accensus
714 2932 726 2955 ,
750 2898 961 2942 nostras⁸
985 2895 1258 2943 illuminans
1278 2896 1523 2955 tenebras,
1548 2906 1645 2942 tam
1661 2894 1814 2943 verbis
1830 2909 1976 2958 quam
1990 2891 2216 2957 exemplis
2230 2928 2242 2951 ,
2260 2890 2474 2938 omnium

353 2973 492 3020 nobis
508 2973 855 3039 plenitudinem
872 2976 1103 3023 virtutum
1120 2976 1387 3036 exhiberet,
1421 2986 1468 3023 et
1493 2976 1635 3039 longe
1660 2974 1903 3040 puriorem
1933 2983 1979 3020 et
1998 2971 2304 3036 intelligentia
2321 2970 2476 3034 potio-

353 3068 478 3113 rem,
521 3070 666 3118 quam
691 3056 740 3101 in
776 3055 996 3117 paradiso
1030 3066 1188 3103 creata
1225 3066 1374 3116 esset,
1419 3066 1630 3103 nostram
1674 3063 1914 3120 repararet
1956 3062 2190 3099 naturam.
2225 3052 2286 3097 Ut
2316 3059 2474 3096 autem

353 3132 564 3181 Verbum
589 3136 677 3182 Dei
700 3152 892 3183 carnem
921 3136 982 3183 de
1006 3137 1199 3201 Virgine
1223 3153 1442 3197 sumens,
1479 3137 1574 3184 hoc
1610 3153 1658 3183 se
1691 3135 1925 3182 velamine
1951 3131 2283 3190 obumbraret,
2325 3130 2473 3195 ipsam

352 3229 545 3278 quoque
560 3216 828 3280 Virginem⁹
852 3217 982 3282 prius
1001 3216 1314 3265 obumbrasse
1340 3217 1530 3277 dicitur,
1559 3227 1608 3264 ut
1624 3214 1937 3281 postmodum
1960 3230 2018 3260 ex
2041 3212 2120 3259 illa
2140 3212 2205 3259 sic
2222 3210 2474 3258 obumbra-

400 3360 410 3377 ¹
437 3362 506 3395 Nisi
520 3361 588 3396 MS.
603 3363 693 3397 Eins.
713 3382 755 3388 —
773 3363 786 3381 ’
801 3363 893 3397 lsaiae
916 3374 991 3407 cap.
1014 3375 1090 3404 xix,
1107 3374 1137 3397 v,
1154 3365 1210 3396 20.
1225 3382 1260 3387 —
1278 3364 1293 3382 ⁸
1311 3365 1389 3397 Suae
1444 3364 1457 3381 ⁸
1473 3364 1540 3397 MS.
1555 3364 1645 3397 Eins.
1657 3363 1820 3396 -Nostroe
1838 3361 1983 3393 tenebras
2000 3357 2060 3391 Ed.
2082 3357 2173 3393 Amb.
2189 3375 2233 3383 —
2247 3357 2259 3375 ⁹
2273 3357 2338 3391 MS.
2356 3357 2473 3390 Eius.-

355 3418 421 3451 MS.
439 3419 530 3453 Eins.
541 3438 579 3444 -
594 3419 608 3437 ⁴
619 3421 709 3454 leaiae
721 3421 820 3463 ibid„
836 3433 866 3455 v.
887 3425 959 3455 1.—
971 3421 984 3439 ⁸
998 3421 1126 3461 Daniel,
1142 3431 1216 3465 cap.
1234 3433 1275 3463 n,
1287 3433 1317 3456 v.
1331 3423 1386 3454 ⁴25.
1443 3425 1551 3463 Ipsum
1569 3430 1692 3462 quoque
1708 3421 1829 3461 Virgini
1845 3418 1904 3451 Ed.
1927 3416 2020 3450 Amb.

355 3489 398 3500 —
412 3474 425 3491 ⁸
441 3475 598 3511 Inseritur
607 3479 684 3517 fidei
698 3478 764 3512 MS.
782 3478 871 3512 Eius.
886 3495 931 3504 —
944 3478 955 3495 ⁷
972 3477 1108 3520 Ezech.‚
1125 3489 1195 3522 cap.
1215 3490 1243 3519 ι,
1259 3490 1289 3512 ν.
1309 3481 1342 3512 4.
1354 3498 1385 3502 -
