2970 4152
533 405 625 453 528
1324 403 1496 452 PETRI
1530 403 1843 454 ABAELARDI

532 498 839 545 refectionem
854 506 1009 562 parat,
1031 496 1149 544 dum
1170 495 1331 545 Judaea
1355 496 1418 545 de
1438 496 1774 547 observatione
1791 496 2115 564 corporalium
2135 513 2337 563 operum
2359 497 2643 564 obsequium

532 580 633 624 Deo
658 576 908 634 ministrat,
935 585 982 622 et
1006 592 1156 640 quum
1176 578 1300 624 Esau
1316 577 1519 625 exterius
1540 594 1727 642 egressa
1747 577 1808 625 de
1824 576 2079 624 venatione
2095 575 2310 640 sylvestri
2319 587 2516 642 patrem
2532 577 2640 625 refi-

532 674 638 703 cere
659 656 861 703 laborat.
888 654 1176 703 Sollicitatur
1199 655 1385 705 Martha
1403 657 1530 706 circa
1545 645 1750 716 diirersa,
1770 656 1888 704 dum
1909 655 2063 720 legem
2080 655 2221 703 simul
2245 666 2293 704 et
2313 656 2640 722 Evangelium,

531 725 752 784 umbram
774 747 821 783 et
842 736 1090 784 veritatem
1109 753 1393 786 conservare
1407 738 1592 787 nititur.
1622 737 1761 787 Unde
1782 737 2025 785 conversis
2041 736 2262 802 gentibus
2282 737 2528 803 indignata
2546 753 2647 803 gra-

531 819 650 864 viter
671 816 978 883 perturbatur
996 827 1043 865 et
1063 817 1434 879 scandalizatur,
1459 818 1594 884 quod
1615 819 1682 867 eis
1703 834 1897 884 quoque
1914 817 2084 882 jugum
2111 816 2226 882 legis
2248 834 2348 865 non
2370 827 2530 884 potest
2553 818 2646 866 im-

530 914 734 963 ponere;
761 896 826 945 ob
848 896 943 946 hoc
959 898 1094 963 quasi
1117 913 1423 947 murmurans
1441 914 1470 946 a
1488 898 1700 946 Domino
1717 897 1933 962 requirit,
1957 906 2011 944 ut
2031 896 2122 945 sibi
2137 897 2187 944 in
2205 897 2430 945 omnibus
2447 898 2646 946 Mariam

530 979 700 1037 societ;
723 978 841 1026 dum
858 977 1080 1028 videlicet
1100 979 1342 1045 primitiva
1362 978 1441 1027 illa
1459 978 1735 1027 Judaeorum
1756 976 1966 1025 Ecclesia
1986 978 2198 1043 postulat
2215 995 2243 1026 a
2264 979 2451 1027 vicariis
2474 978 2646 1027 Christi

533 1058 784 1122 apostolis,
809 1068 863 1105 ut
888 1068 1051 1123 gentes
1071 1074 1266 1123 quoque
1282 1056 1528 1122 judaizare
1551 1055 1862 1122 compellant.
1902 1055 1996 1103 Sed
2026 1055 2145 1104 dum
2166 1057 2352 1105 Martha
2373 1067 2561 1106 constat
2594 1059 2645 1104 in

532 1155 677 1204 opere
701 1138 987 1199 laborando,
1012 1149 1059 1188 et
1087 1138 1214 1187 foras
1235 1137 1297 1186 ad
1326 1138 1559 1186 exteriora
1581 1135 1903 1202 progreditur,
1929 1137 2077 1184 Maria
2110 1153 2247 1185 secus
2274 1137 2422 1203 pedes
2451 1138 2647 1185 Domini

532 1218 701 1265 sedens
713 1255 725 1278 ‚
751 1227 799 1266 et
815 1219 916 1282 jam
930 1218 1034 1283 lege
1054 1217 1240 1284 sepulta
1266 1216 1357 1265 soli
1383 1216 1574 1264 Christo
1596 1215 1844 1264 adhaerens
1865 1215 2002 1281 quasi
2020 1215 2169 1264 Jacob
2184 1215 2246 1264 de
2261 1216 2535 1264 domesticis
2552 1219 2649 1265 ani-

532 1299 735 1347 malibus
757 1300 1034 1347 interiorem
1058 1309 1201 1364 atque
1226 1297 1476 1345 meliorem
1503 1306 1642 1363 parat
1667 1296 1979 1345 refectionem
1993 1333 2006 1357 ‚
2029 1296 2164 1361 juxta
2182 1296 2301 1344 illud
2326 1296 2603 1345 Psalmistae¹
2632 1316 2643 1343 z

534 1400 557 1425 «
578 1384 631 1428 In
649 1397 726 1431 me
741 1390 870 1442 sunt,
890 1383 1035 1439 Deus,
1054 1389 1167 1427 vota
1184 1388 1284 1438 tua,
1305 1394 1411 1444 quae
1428 1377 1649 1437 reddam;
1669 1376 1971 1426 laudationes
1984 1376 2091 1424 tibi.
2109 1396 2133 1422 »
2154 1380 2270 1436 Quae
2285 1393 2433 1443 quam
2449 1376 2648 1425 sollicite

530 1460 718 1508 Christo
736 1459 978 1519 intendat,
1003 1468 1298 1508 monstratur
1325 1468 1373 1506 et
1400 1457 1593 1519 dicitur,
1622 1459 1737 1524 quia
1765 1456 1992 1506 audiebat
2014 1456 2218 1505 verbum
2236 1458 2386 1519 illius,
2410 1468 2458 1505 et
2478 1457 2648 1506 sedens

526 1544 658 1606 juxta
679 1541 843 1607 pedes,
866 1557 966 1588 non
989 1556 1018 1588 a
1039 1540 1200 1604 longe.
1227 1540 1358 1588 Sicut
1373 1540 1504 1588 enim
1516 1540 1567 1588 in
1586 1556 1686 1588 una
1706 1538 1882 1588 Christi
1893 1555 2101 1605 persona
2123 1538 2365 1599 divinitas,
2390 1556 2495 1604 quae
2515 1554 2652 1604 supe-

530 1623 628 1669 rior
644 1631 715 1668 est
738 1631 926 1680 natura,
948 1620 1092 1686 capiti
1112 1629 1444 1685 comparatur3
1469 1621 1536 1668 ita
1556 1635 1644 1686 per
1663 1617 1812 1685 pedes
1832 1618 2108 1669 humanitas
2129 1619 2230 1684 ejus
2251 1618 2545 1683 inteHigitur.
2568 1619 2650 1666 His

531 1702 732 1767 pedibus
754 1702 890 1767 quasi
913 1700 1129 1750 sedendo
1151 1700 1424 1762 adhaerens,
1454 1699 1590 1752 audit
1609 1699 1816 1750 verbum
1837 1699 2013 1751 Christi
2035 1700 2197 1766 potius
2218 1715 2366 1765 quam
2386 1699 2556 1764 Moysi,
2579 1715 2651 1747 se·

531 1782 725 1847 quendo
758 1782 937 1831 scilicet
970 1782 1282 1848 Evangelium
1303 1782 1453 1847 magis
1474 1797 1621 1847 quam
1646 1780 1804 1847 legem
1823 1799 1835 1829 ε
1851 1797 1959 1847 quae
1977 1790 2080 1829 tam
2103 1780 2242 1830 firma
2263 1779 2360 1829 fide
2377 1779 2650 1834 humanita-

530 1873 627 1910 tem
655 1864 755 1927 ejus
777 1861 1079 1928 amplectitur
1092 1899 1105 1922 ‚
1130 1872 1184 1910 ut
1203 1861 1332 1911 hanc
1353 1863 1455 1927 ejus
1475 1878 1625 1910 unam
1644 1860 1855 1911 hostiam
1885 1859 1948 1910 ad
1974 1860 2177 1910 salutem
2197 1860 2415 1910 sufficere
2435 1876 2537 1907 non
2558 1859 2648 1907 du-

529 1943 665 2005 liitet,
683 1943 964 2010 nullumque
977 1945 1079 2009 jam
1091 1943 1207 2008 legis
1223 1943 1509 1993 sacrificium
1526 1943 1849 1992 necessarium
1864 1941 1968 1991 fore
1979 1952 2132 2009 putet.
2155 1941 2296 1990 Unde
2311 1952 2360 1990 et
2375 1941 2620 1990 subditur’
2635 1959 2646 1988 :

534 2046 556 2069 «
581 2028 730 2072 Porro
760 2041 914 2071 unum
944 2033 1015 2071 est
1043 2023 1381 2084 necessarium,
1403 2043 1427 2068 »
1451 2024 1565 2089 quia
1586 2040 1739 2089 quum
1759 2023 1945 2072 venerit
1973 2021 2108 2088 quod
2134 2021 2402 2088 perfectum
2422 2031 2520 2080 est,
2545 2037 2653 2069 eva·

532 2104 750 2152 cuabitur
772 2103 906 2168 quod
924 2120 981 2151 ex
1000 2113 1136 2169 parte
1157 2114 1251 2163 est3
1274 2103 1372 2151 hoc
1393 2113 1487 2164 est,
1511 2120 1664 2170 quum
1688 2104 1940 2160 accesserit
1960 2103 2153 2164 veritas,
2176 2102 2369 2151 recedet
2388 2102 2579 2163 umbra,
2603 2111 2652 2152 et

531 2185 895 2250 superveniente
911 2182 1181 2248 evangelica
1196 2182 1490 2250 perfectione
1504 2183 1709 2232 cessabit
1723 2182 1970 2234 inchoatio
1985 2183 2119 2250 legis,
2138 2183 2334 2251 Optima
2347 2199 2460 2249 pars
2474 2183 2648 2242 Mariae,

536 2265 705 2313 veritas
722 2302 734 2324 ‚
759 2280 906 2329 quam
937 2262 1103 2328 elegit,
1141 2263 1398 2329 reprobata
1419 2263 1618 2325 umbra,
1641 2263 1937 2328 intelligitur.
1962 2266 2079 2323 Quae
2100 2280 2202 2312 non
2225 2262 2464 2311 auferetur
2482 2262 2544 2311 ab
2566 2279 2622 2311 ea
2635 2300 2648 2322 ,

539 2346 643 2406 quia
658 2344 807 2391 finem
827 2360 928 2391 non
951 2343 1186 2410 accipient
1206 2343 1477 2409 evangelica
1498 2354 1759 2410 praecepta,
1777 2345 1899 2392 sicut
1914 2360 1971 2392 ea
1992 2360 2097 2409 quae
2122 2344 2184 2399 de
2206 2343 2311 2408 lege
2326 2354 2438 2392 sunt
2457 2343 2653 2391 Marthae

540 2436 643 2474 sunt
668 2424 850 2484 ablata3
873 2425 985 2490 quia
1001 2425 1244 2472 conversis
1262 2423 1434 2472 Judaeis
1454 2423 1623 2489 legalia
1641 2435 1753 2473 sunt
1768 2423 2040 2485 interdicta,
2057 2441 2209 2490 quum
2224 2441 2312 2500 per
2329 2424 2527 2473 Paulum
2542 2423 2654 2472 dici·

540 2505 639 2550 tur³
659 2525 667 2551 :
703 2525 724 2550 «
753 2506 800 2553 Si
822 2504 1235 2553 circumcidamini
1255 2543 1267 2565 ,
1295 2504 1511 2553 Christus
1534 2505 1674 2553 vobis
1699 2504 1821 2553 nihil
1845 2503 2078 2572 proderit.
2103 2524 2127 2550 »

587 2657 594 2673 ¹
622 2655 733 2692 Psaln.
750 2669 802 2699 ιν,
818 2669 850 2691 v.
868 2660 919 2691 12.
935 2677 977 2683 —
990 2657 1003 2675 ¹
1020 2658 1117 2699 Luc.‚
1133 2669 1208 2703 cap.
1222 2670 1242 2692 x
1254 2684 1263 2701 ,
1281 2669 1314 2692 v.
1331 2659 1385 2692 42.
1401 2675 1443 2684 -
1458 2658 1472 2677 ⁸
1491 2659 1616 2698 Galat,
1632 2668 1708 2702 cap.
1723 2669 1756 2700 v,
1771 2669 1802 2691 v.
1822 2659 1854 2690 2.
