2970 4152
510 427 604 473 370
1314 427 1484 474 PETRI
1509 427 1821 475 ABAELARDI

1040 694 1117 751 IN
1162 650 1742 779 CIRCUMCISIoNE
1790 693 2097 758 DOMINI,

1274 839 1343 882 AD
1371 840 1578 884 EASDEM
1606 824 1864 882 vfflG‘INES.

1448 1006 1595 1036 SERMO
1629 1006 1679 1035 111
1687 1025 1695 1034 .

576 1114 958 1162 Circumcisionis
992 1114 1241 1162 dominicae
1281 1131 1362 1162 seu
1398 1114 1622 1179 baptismi
1653 1115 1889 1162 rationem
1927 1114 2271 1179 quaerentibus,
2307 1116 2461 1181 prima
2494 1115 2637 1164 nobis

512 1196 715 1243 occurrit
740 1196 935 1260 quaestio
953 1214 961 1241 :
978 1198 1072 1242 Cur
1090 1195 1168 1242 illa
1186 1196 1235 1242 in
1255 1196 1451 1259 antiquo
1474 1195 1657 1261 populo
1683 1195 1998 1260 praecesserit?
2020 1195 2203 1243 Deinde
2221 1213 2307 1243 cur
2323 1196 2633 1261 postmodum

512 1292 567 1322 ea
586 1286 797 1323 cessante
815 1275 1077 1342 baptismus
1097 1276 1140 1322 ei
1158 1275 1466 1323 successerit?
1485 1276 1703 1340 Denique
1728 1293 1813 1323 cur
1833 1286 1943 1341 post
1965 1277 2159 1324 Joannis
2181 1277 2462 1337 adventum,
2483 1292 2636 1341 usque

511 1356 573 1403 ad
620 1373 763 1420 quem
788 1356 863 1403 lex
892 1366 937 1404 et
971 1356 1242 1422 prophetae,
1284 1357 1518 1404 Dominus
1552 1367 1753 1421 utraque
1793 1358 2049 1422 susceperit
2077 1376 2086 1404 :
2125 1358 2329 1405 maxime
2368 1374 2518 1422 quum
2552 1356 2631 1417 id,

513 1454 600 1501 pro
620 1454 717 1501 quo
742 1437 1002 1484 auferendo
1022 1438 1234 1487 instituta
1252 1437 1500 1497 dicuntur,
1529 1437 1798 1485 nullatenus
1821 1437 1999 1485 habere
2030 1438 2267 1503 potuerit?
2293 1441 2422 1496 Quas
2440 1437 2637 1502 quidem

513 1528 605 1564 tres
632 1518 938 1581 quaestiones,
977 1518 1015 1564 si
1042 1518 1251 1564 Domino
1275 1527 1517 1565 annuente
1550 1517 1734 1564 solvere
1764 1518 2054 1583 poterimus,
2091 1518 2331 1582 praesentis
2361 1518 2637 1565 intentionis

514 1615 710 1664 operam
729 1598 1186 1647 consummabimus.
1218 1602 1354 1646 Nunc
1373 1599 1433 1646 de
1452 1600 1606 1664 prima
1624 1600 1836 1664 primum
1863 1599 2124 1647 videamus.
2154 1602 2351 1646 Constat
2368 1609 2477 1647 ante
2497 1599 2639 1646 Abra·

513 1680 624 1726 ham
649 1696 677 1726 a
702 1697 798 1744 quo
825 1681 1123 1728 circumcisio
1149 1681 1367 1746 incoepit,
1393 1679 1654 1727 nonnullos
1674 1681 1877 1728 extitisse
1891 1680 2063 1744 justos,
2085 1680 2215 1727 velut
2233 1679 2366 1741 Abel,
2386 1691 2432 1728 et
2450 1680 2634 1740 Enoch,

513 1761 609 1807 sive
646 1763 768 1820 Noe,
798 1771 843 1808 et
869 1761 1026 1826 ipsum
1062 1759 1256 1826 quoque
1291 1761 1530 1808 Abraham
1560 1778 1647 1826 per
1677 1778 1840 1809 veram
1875 1761 2034 1809 cordis
2067 1762 2478 1809 circumcisionem
2508 1762 2640 1827 prius

514 1858 657 1904 quam
683 1843 1103 1890 circumcideretur
1127 1860 1292 1903 carne,
1318 1843 1500 1907 justum
1517 1842 1659 1890 fuisse
1683 1862 1693 1889 ε
1718 1844 1839 1890 sicut
1857 1860 1911 1890 ex
1940 1843 2212 1891 testimonio
2253 1845 2444 1891 Genesis
2478 1853 2639 1908 aperte

514 1924 773 1983 convincit,
806 1925 872 1971 sic
897 1924 958 1971 de
982 1924 1077 1971 hoc
1102 1926 1224 1972 inter
1243 1934 1410 1971 caetera
1428 1923 1639 1971 scribens
1663 1924 1724 1971 ad
1752 1926 2017 1971 Romanos¹
2048 1943 2056 1970 :
2088 1944 2110 1969 «
2135 1924 2263 1981 Quid
2289 1940 2401 1988 ergo
2427 1923 2640 1970 dicemus

515 2003 747 2051 invenisse
778 2003 1014 2051 Abraham
1038 2015 1222 2070 patrem
1252 2012 1468 2052 nostrum
1500 2003 1764 2050 secundum
1797 2004 2029 2051 carnem?
2069 2005 2113 2051 Si
2147 2004 2275 2051 enim
2310 2003 2547 2053 Abraham
2584 2019 2641 2050 ex

517 2084 739 2147 operibus
757 2084 1038 2149 justificatus
1058 2095 1149 2144 est,
1178 2084 1322 2132 habet
1349 2084 1571 2148 gloriam,
1595 2083 1679 2131 sed
1710 2100 1810 2131 non
1841 2084 1970 2150 apud
1998 2087 2171 2131 Deum.
2206 2083 2333 2141 Quid
2366 2084 2493 2130 enim
2529 2083 2642 2131 dicit

517 2165 811 2229 Scriptura2?
840 2185 863 2211 «
884 2165 1096 2212 Credidit
1115 2165 1351 2213 Abraham
1370 2168 1473 2212 Deo
1488 2201 1500 2225 ,
1524 2175 1571 2212 et
1589 2175 1862 2231 reputatum
1889 2174 1959 2212 est
1983 2166 2026 2211 ei
2051 2164 2112 2211 ad
2137 2165 2382 2228 justitiam.
2408 2183 2430 2208 »
2460 2167 2517 2210 Et
2534 2174 2643 2229 post

517 2245 696 2308 aliqua3
715 2263 724 2291 :
754 2266 775 2290 «
798 2247 1009 2293 Dicimus
1025 2247 1136 2310 quia
1155 2256 1372 2311 reputata
1397 2255 1465 2293 est
1488 2245 1686 2293 Abrahae
1704 2245 1823 2293 fides
1842 2244 1903 2292 ad
1916 2245 2159 2309 justitiam.
2171 2265 2207 2294 .»
2228 2245 2487 2303 Quomodo
2504 2261 2643 2310 repu-

519 2335 611 2371 tata
633 2325 733 2371 est?
754 2328 806 2371 In
827 2326 1210 2384 circumcisione,
1241 2343 1302 2372 an
1323 2326 1372 2372 in
1393 2326 1624 2391 praeputio
1642 2326 1660 2371 Ρ
1687 2329 1794 2373 Non
1812 2326 1862 2372 in
1882 2326 2266 2385 circumcisione,
2293 2325 2377 2372 sed
2395 2326 2444 2372 in
2463 2341 2646 2390 praepu-

518 2406 599 2451 tio.
629 2409 684 2451 Et
710 2406 897 2469 signum
928 2399 1500 2471 accepit’circumcisionis
1521 2407 1816 2470 signaculum
1842 2407 2030 2470 justitiae
2055 2405 2190 2466 fidei,
2214 2423 2319 2470 quae
2353 2417 2423 2453 est
2449 2407 2498 2453 in
2529 2423 2646 2472 prae·

517 2487 673 2549 putio,
709 2496 845 2532 etc.»
894 2489 960 2531 Ex
1001 2503 1098 2550 quo
1131 2486 1312 2550 liquide
1347 2472 1587 2533 convincit
1619 2487 1900 2551 Apostolus,
1946 2486 2080 2551 quod
2113 2487 2153 2533 is
2193 2487 2275 2551 qui
2307 2503 2363 2533 ex
2400 2486 2644 2533 dominico

518 2576 753 2630 praecepto
772 2566 952 2631 primus
971 2575 1039 2612 est
1055 2566 1103 2612 in
1124 2583 1266 2613 carne
1285 2567 1610 2626 circumcisus,
1640 2576 1750 2613 ante
1771 2566 1897 2614 hanc
1922 2566 2334 2614 circumcisionem
2351 2565 2468 2613 dum
2488 2565 2646 2612 adhuc

517 2647 822 2712 praeputiatus
848 2657 991 2706 esset,
1027 2664 1082 2694 ex
1109 2646 1204 2694 fide
1224 2647 1281 2694 sit
1295 2647 1605 2710 justificatus,
1633 2664 1721 2694 nec
1735 2647 1967 2711 justitiam
1985 2664 2043 2695 ex
2062 2647 2422 2694 circumcisione
2451 2646 2510 2693 sit
2533 2663 2646 2692 con-

519 2738 720 2775 secutus.
752 2731 841 2774 Pro
867 2729 1002 2792 signo
1023 2738 1182 2775 autem
1204 2728 1392 2791 justitiae
1421 2728 1521 2792 jam
1545 2728 1717 2776 habitae
1736 2729 2150 2776 circumcisionem
2175 2728 2401 2793 suscepit,
2435 2737 2487 2773 ut
2514 2726 2646 2774 vide-

517 2809 626 2856 licet
650 2810 924 2856 interiorem
957 2809 1129 2856 mentis
1151 2826 1178 2856 a
1196 2809 1319 2856 vitiis
1339 2809 1777 2872 circumcisionem,
1805 2809 1900 2856 hoc
1925 2819 1992 2856 est
2015 2809 2244 2873 justitiam
2277 2807 2412 2867 fidei,
2444 2808 2648 2855 exterior

519 2890 814 2936 circumcisio
838 2890 993 2936 carnis
1011 2889 1285 2936 ostenderet
1307 2890 1466 2954 potius
1492 2906 1638 2953 quam
1664 2889 1852 2937 faceret.
1882 2890 2076 2936 Interim
2099 2899 2258 2936 autem
2279 2888 2647 2954 praecedentium

520 2981 709 3035 patrum
723 2971 902 3034 justitia
919 2973 1021 3017 Deo
1042 2969 1341 3034 acceptabilis
1367 2970 1541 3030 extitit,
1570 2980 1622 3017 ut
1646 2987 1769 3016 unus
1789 2986 1982 3030 eorum,
2011 2970 2059 3017 id
2082 2981 2152 3018 est
2174 2969 2368 3029 Enoch,
2403 2969 2507 3016 vitae
2535 2985 2648 3034 prae-

522 3052 664 3099 sentis
694 3053 915 3098 aerumnis
940 3051 1232 3111 subtractus,
1269 3051 1318 3097 in
1344 3050 1619 3116 paradisum
1656 3052 1792 3098 vivus
1826 3068 1853 3098 a
1884 3052 2093 3099 Domino
2132 3053 2190 3098 sit
2219 3051 2493 3109 translatuS‚
2528 3051 2648 3097 sicut

524 3131 870 3178 Ecclesiasticus
894 3148 1086 3196 quoque
1116 3131 1380 3191 meminitt,
1400 3141 1447 3178 et
1470 3131 1679 3178 Isidorus
1697 3130 1754 3177 cle
1775 3135 1896 3179 Orta
1921 3143 1969 3179 et
1995 3131 2132 3180 Obitu
2156 3135 2358 3178 Patr-um
2382 3130 2455 3177 his
2484 3131 2648 3178 asserit

526 3212 728 3260 verbis⁵z
752 3214 958 3262 «Enoch
973 3214 1145 3261 meruit
1165 3214 1214 3260 in
1235 3230 1346 3261 eum
1359 3213 1521 3260 locum
1543 3213 1783 3260 transferri
1799 3214 1985 3273 vivens,
2009 3213 2139 3260 unde
2157 3213 2308 3259 fuerat
2326 3211 2648 3277 protoplastus

527 3294 766 3357 expulsus,
788 3314 810 3339 »
838 3296 885 3341 in
912 3295 1377 3343 consummationem
1402 3293 1572 3341 mundi
1597 3294 1848 3341 restituens
1875 3312 1986 3342 cum
2009 3294 2110 3341 Elia
2144 3294 2355 3341 mortalis
2391 3292 2495 3339 vitae
2535 3310 2648 3340 con-

576 3454 585 3470 ¹
614 3454 722 3492 Rom„
750 3463 823 3496 cap.
855 3466 882 3486 iv
898 3479 907 3495 ‚
937 3466 968 3487 v.
1005 3460 1031 3488 l.
1053 3474 1094 3478 —
1114 3455 1126 3471 ²
1147 3456 1244 3495 lbid.‚
1266 3467 1297 3488 v.
1326 3458 1357 3489 9.
1375 3473 1415 3479 -
1435 3456 1447 3472 ³
1466 3455 1565 3496 lbid.‚
1625 3456 1722 3497 opp„
1751 3455 1862 3488 Romae
1878 3481 1887 3498 ‚
1918 3455 2130 3494 1797-1803‚
2161 3454 2270 3494 izi-¹1⁰,
2287 3459 2311 3486 t.
2331 3452 2384 3492 tv,
2409 3463 2443 3496 p.
2467 3452 2538 3484 154.
2567 3451 2648 3485 Male

530 3523 559 3543 v.
586 3512 622 3542 10
639 3517 671 3543 et
693 3520 741 3553 sq.
763 3528 806 3535 —
826 3510 839 3527 ⁴
855 3511 976 3550 Ecca,
994 3521 1068 3554 cap.
1091 3523 1174 3552 μιν,
1195 3523 1224 3544 v.
1255 3514 1303 3545 16.
1321 3530 1363 3537 -
1379 3512 1391 3528 ³
1408 3513 1487 3556 Cap.
1513 3523 1565 3552 ιιι,
1621 3512 1739 3555 legitur
1755 3512 1787 3545 in
1803 3512 1891 3546 Edit.
1909 3511 2005 3546 Amb.
2022 3524 2031 3545 z
2048 3512 2301 3553 protoplausms.
