2970 4152
515 459 610 507 322

705 551 749 586 In
775 549 955 593 infantes,

706 611 758 646 Ut
776 609 962 645 infantum

705 668 842 706 Perdat
860 678 975 703 unum
986 693 997 710 ‚

705 728 836 765 Perdit
855 727 993 775 plures.

707 832 865 879 Propter
884 840 1003 864 unum

708 890 819 926 Multi
836 889 1031 926 Christum

710 953 806 989 Sunt
826 951 1030 1001 perempti,

712 1014 785 1051 Sed
803 1026 870 1062 per
886 1023 1005 1048 unum

715 1075 858 1112 Omnes
875 1072 1071 1110 Christum

716 1134 907 1171 Coronati.

969 1264 1124 1302 LXXV.

722 1382 803 1418 Rex
820 1387 997 1430 tyrannos

724 1442 924 1478 Universos

1315 443 1487 491 PETRI
1523 442 1837 491 ABAELARDI

1798 535 1938 571 Malum
1951 561 1962 581 ,
1981 532 2105 581 inquit
2117 558 2124 571 ,

1798 596 1863 631 Est
1878 592 2040 631 Herodis

1798 645 1884 692 Esse
1901 660 2050 695 natum3

1799 716 1955 753 Prodest
1972 714 2089 762 magis

1802 776 1903 813 Talis
1921 775 2019 823 regis

1803 838 1889 873 Esse
1905 846 2058 883 porcum
2066 862 2075 870 .

2043 1013 2219 1050 LXXVI.

1806 1147 1867 1183 Ad
1884 1147 2087 1182 lactantum
2104 1144 2119 1163 ²

1809 1209 1919 1245 Sinus
1936 1212 2098 1241 matrum
2115 1231 2124 1247 ‚

1810 1269 1864 1304 Ut
1881 1266 1928 1303 ad
1944 1272 2061 1302 castra
2073 1293 2083 1308 ‚

1812 1329 1859 1364 In
1873 1327 2051 1363 lactentes
2067 1326 2085 1346 ³

1815 1389 1910 1424 Ruit
1924 1386 2045 1423 omnis

1815 1448 1924 1485 Plebs
1942 1453 2094 1483 armata.

728 1504 1014 1551 Supergressus‚

727 1564 775 1599 Et
791 1562 874 1611 plus
887 1560 977 1608 ipsis
1817 1561 1878 1598 Ad
1896 1560 2095 1595 micantem

729 1625 888 1671 Quoque
903 1620 990 1657 feris
1819 1614 1946 1657 Infa‘ns
1965 1630 2091 1654 ensem

729 1684 966 1720 Inhumanus
973 1707 985 1725 ,
1816 1679 2075 1718 Lactabundus
2084 1707 2094 1724 ‚

795 1792 802 1798 ³
1819 1741 1986 1778 Irmenti

732 1793 777 1828 In
793 1791 951 1827 infantes
960 1817 969 1834 ‚
1821 1802 1937 1839 Ridet
1951 1801 2053 1837 hosti

734 1851 788 1887 Ut
804 1851 844 1887 in
860 1851 986 1886 hostes
1000 1876 1010 1893 ⁹
1822 1860 2081 1899 perimendus.

734 1913 863 1949 castra
879 1910 998 1957 cogit,

735 1974 784 2011 Et
802 1973 841 2009 in
857 1970 980 2008 nullos

736 2033 817 2070 Nisi
836 2043 920 2068 suos

687 2630 692 2635 ·
745 2583 806 2648 Ad
823 2608 1040 2646 mandatum

745 2671 860 2720 Regis
877 2669 1008 2705 datum

748 2730 928 2770 Generale
943 2731 1018 2765 ¹....

748 2840 810 2878 Ad
829 2832 1042 2886 Augustum

749 2902 831 2938 Hoc
845 2898 1011 2935 delatum

751 2961 886 2997 Risum
902 2957 1020 2994 movit
1031 2984 1041 3002 ‚

753 3023 801 3059 Et
819 3033 885 3057 rex
903 3018 1006 3055 mitis

755 3083 810 3119 De
826 3079 965 3117 immiti

756 3143 880 3191 Digne
892 3140 994 3177 lusit.

1825 1973 1929 2020 Quid
1949 1978 2006 2008 est
2022 1970 2127 2006 dictu

956 2091 962 2097 Ι
1827 2035 1900 2074 Vel
1918 2032 2051 2069 auditu

740 2095 855 2130 Arma
872 2097 1006 2128 vertlt·-
1828 2096 1922 2131 Tam
1940 2091 2169 2140 stupendum
2181 2091 2197 2124 ?

741 2202 863 2238 Furor
879 2199 941 2235 irae
1828 2159 1860 2192 Α
1884 2161 2017 2190 natura

742 2261 821 2298 Nec
838 2260 965 2297 ferinae
1830 2214 1933 2262 Quid
1952 2214 2116 2248 humana

742 2322 837 2359 Com
955 2319 980 2355 d
1009 2331 1024 2354 S
1830 2276 1924 2311 Tam
1942 2279 2130 2309 remotum
2145 2272 2160 2305 Ρ

839 2332 953 2370 paran
981 2332 1007 2356 u

742 2381 874 2419 Perdlt
891 2393 953 2418 ⁶0⁵
1832 2394 1936 2442 Quid
1953 2391 2122 2429 Herodes

744 2444 849 2490 Quos
872 2447 1040 2488 arreptos
1832 2456 1938 2492 Metu
1955 2453 2112 2501 langues

687 2516 698 2526 '
743 2505 860 2540 Fovet
877 2502 1003 2550 lupus·
1835 2516 1956 2563 Super
1971 2511 2150 2550 Christo?

1835 2577 1922 2614 Non
1939 2587 2065 2611 meum
2078 2602 2087 2619 ,
2106 2573 2253 2622 inquit,

1837 2639 2013 2687 Regnum
2030 2641 2087 2672 est

1837 2700 1893 2735 De
1911 2700 1985 2734 hoc
2004 2694 2148 2735 mundo
2159 2694 2188 2729 ⁴.

1839 2812 1885 2847 In
1903 2809 2048 2846 aeternis
2060 2835 2071 2855 ,

1841 2872 1927 2908 Non
1945 2869 2093 2906 caducis

1844 2934 1919 2968 Iste
1936 2936 2069 2978 regnat
2088 2945 2095 2964 ε

1844 2994 1931 3030 Non
1947 2992 2024 3028 haec
2042 2988 2140 3026 tollit

1843 3054 1975 3102 Neque
1993 3050 2098 3098 cupit

1843 3114 1919 3161 Qui
1937 3112 2002 3149 dat
2017 3110 2091 3147 illa.

619 3280 627 3296 ¹
646 3280 770 3313 Caetera
782 3277 898 3310 desunt
908 3275 941 3307 in
953 3274 1074 3307 Codice
1083 3268 1378 3309 Bruxellensi3haec
1389 3272 1495 3299 autem
1506 3263 1604 3296 inter·
1619 3270 1633 3279 ⁴·
1660 3266 1676 3282 ⁴¹
1691 3263 1709 3286 a
1726 3251 1849 3286 caede.»
1860 3247 1925 3275 -·'
1942 3245 2025 3280 COd·
2042 3245 2254 3277 Lactandum.
2272 3259 2311 3265 ·-
2325 3239 2337 3256 ³
2353 3238 2434 3273 Cod·
2448 3239 2632 3270 Laetantes.
2643 3251 2688 3260 -·

574 3341 725 3371 seruntur
736 3332 910 3367 Macrobii:
924 3344 939 3361 α
949 3329 1132 3364 Macrobius
1147 3328 1179 3361 in
1193 3326 1454 3361 Saturnaziorum
1466 3319 1551 3353 libro
1561 3318 1604 3358 ll,
1659 3310 1673 3327 ⁴
1689 3309 1798 3343 Lectio
1815 3313 1903 3340 certe
1918 3304 2052 3343 vitiosa;
2067 3302 2151 3335 forte
2165 3297 2336 3343 legendum
2354 3310 2361 3328 ε

576 3394 618 3427 de
629 3392 813 3434 Augustoet
822 3388 904 3431 jocis·
917 3387 1003 3430 ejus:
1014 3386 1117 3427 Quum
1132 3384 1275 3418 audisset
1286 3381 1372 3414 inter
1387 3386 1508 3421 pueros
1522 3383 1604 3419 quos
1947 3394 2031 3420 Meum
2055 3393 2134 3427 inqui!

576 3451 610 3483 in
625 3448 718 3493 Syria
735 3444 883 3479 Herodes
896 3454 953 3477 rex
968 3442 1153 3476 Judaeorum
1168 3440 1202 3473 in
1218 3438 1416 3472 tribunatum
1431 3432 1526 3477 jussit
1547 3431 1604 3463 in—
1944 3411 2057 3478 Regnuin
2068 3448 2117 3466 non
2129 3412 2167 3465 ἐς(

578 3504 695 3546 ter-fici,
705 3503 805 3536 filium
813 3510 941 3545 quoque
956 3498 1025 3542 ejus
1039 3497 1195 3538 occisum,
1210 3495 1272 3529 ait:
1290 3505 1306 3523 α
1315 3492 1430 3526 Melius
1445 3495 1495 3523 est
1509 3488 1609 3521 Hero·
1949 3491 1987 3516 οε
1999 3489 2046 3515 1100
2058 3487 2159 3514 mundo.

582 3574 596 3590 α
610 3560 659 3594 dis
674 3568 810 3604 porcum
825 3565 896 3590 esse
912 3564 1008 3597 quam
1023 3552 1142 3592 filium3
1157 3560 1219 3585 nec
1231 3548 1332 3592 ipsius
1345 3547 1450 3581 infans
1463 3550 1548 3578 tutus
1561 3548 1610 3575 est
