2970 4152
1312 397 1628 444 EPISTOLAE.
2437 403 2491 448 24
2504 404 2534 450 3

408 498 528 558 dici,
563 498 651 545 nisi
690 491 830 562 quod'
850 498 1086 555 ruminat,
1116 504 1163 542 et
1186 492 1414 557 ungulam
1449 491 1604 538 findit.
1637 491 1774 538 Nulla
1804 492 1983 557 quippe
2022 503 2092 540 est
2125 494 2285 542 anima
2320 497 2529 556 munda,

408 579 497 625 nisi
519 595 623 643 quae
648 577 953 637 meditando,
980 585 1213 641 quantum
1237 589 1407 638 capere
1430 582 1613 638 potest,
1640 572 1802 620 divina
1821 574 2029 621 ruminat
2047 585 2306 641 praecepta,
2336 587 2382 623 et
2407 578 2454 623 in
2478 579 2533 625 iis

407 659 700 723 exequendis
724 658 1061 706 discretionem
1083 655 1281 715 habeat3
1309 664 1364 701 ut
1387 669 1486 700 non
1513 652 1669 700 solum
1684 652 1814 700 bona
1829 689 1841 713 ‚
1867 654 1952 701 sed
1972 665 2018 701 et
2037 654 2160 703 bene
2177 692 2188 715 ‚
2208 656 2303 703 hoc
2321 668 2391 704 est
2406 669 2532 705 recta

406 740 543 787 faciat
567 730 855 788 intentione.
877 738 1058 785 Divisio
1085 737 1262 802 quippe
1285 734 1474 799 ungulae
1491 734 1628 799 pedis
1646 771 1657 792 ‚
1687 734 1910 781 discretio
1929 746 2001 782 est
2024 738 2200 796 animi,
2227 738 2289 789 de
2307 756 2402 803 qua
2422 741 2532 787 scri-

404 830 544 885 ptum
566 832 636 868 est
656 839 666 868 ε
692 840 716 866 «
735 821 783 867 Si
798 829 929 867 ¹recte
954 818 1124 866 offeras
1141 855 1153 877 ‚
1182 827 1309 864 recte
1333 825 1494 863 autem
1513 832 1613 862 non
1634 814 1847 874 dividas,
1870 818 2126 881 peccasti.»
2152 838 2174 863 «
2194 820 2242 865 Si
2261 821 2366 884 quis
2383 820 2532 885 diligit

406 917 510 961 me,
539 919 561 945 »
587 901 742 965 inquit
762 900 944 947 Veritas
959 902 971 925 ¹
991 934 1004 957 ,
1037 919 1059 943 «
1081 914 1354 946 sermonem
1374 913 1539 943 meum
1563 895 1817 943 servabit.»
1838 897 1956 954 Quis
1977 907 2134 945 autem
2151 899 2298 947 verba
2316 901 2392 947 vel
2409 918 2528 966 prae-

403 991 540 1047 cepta
567 981 762 1029 Domini
789 981 863 1027 sui
889 996 1077 1027 servare
1101 977 1375 1026 obediendo
1399 977 1574 1042 poterit
1590 1012 1602 1036 ,
1631 977 1723 1023 nisi
1743 976 1845 1024 haec
1868 978 2348 1042 priusintellexerit?
2379 985 2530 1030 Nemo

402 1062 761 1109 studiosuserit
785 1062 832 1107 in
860 1059 1172 1125 exequendo,
1216 1059 1307 1107 nisi
1340 1058 1424 1123 qui
1457 1067 1663 1105 attentus
1696 1057 1836 1104 fuerit
1866 1059 1915 1104 in
1946 1058 2204 1107 audiendo.
2241 1062 2370 1109 Sicut
2398 1074 2443 1110 et
2469 1064 2530 1110 de

401 1142 539 1191 beata
556 1143 635 1190 illa
658 1142 829 1207 legitur
850 1142 1073 1201 muliere,
1101 1158 1231 1206 quae,
1263 1141 1442 1187 caeteris
1464 1138 1690 1186 omnibus
1716 1140 2015 1204 postpositis,
2039 1140 2209 1188 sedens
2229 1159 2364 1191 secus
2382 1145 2530 1209 pedes

400 1223 612 1283 Domini,
634 1222 858 1270 audiebat
880 1221 1081 1269 verbum
1099 1221 1224 1268 illius
1248 1239 1258 1267 ε
1282 1219 1372 1267 illis
1387 1219 1607 1267 videlicet
1624 1218 1820 1266 auribus
1838 1219 2172 1285 intelligentiae,
2194 1240 2313 1287 quas
2330 1225 2530 1290 ipsemet

399 1304 596 1369 requirit
623 1304 786 1351 dicens
801 1305 815 1327 ²
836 1321 846 1349 :
882 1323 906 1348 «
926 1303 1021 1361 Qui
1045 1301 1192 1350 habet
1216 1318 1355 1349 aures
1373 1300 1630 1361 audiendi,
1659 1300 1835 1348 audiat.
1866 1320 1888 1345 »
1915 1302 2060 1359 Quod
2079 1304 2117 1350 si
2138 1304 2186 1350 in
2213 1314 2354 1352 tantae
2378 1294 2529 1353 fervo·

398 1400 499 1432 rem
524 1384 793 1432 devotionis
817 1383 1015 1431 accendi
1042 1400 1141 1430 non
1172 1382 1364 1442 valetis,
1398 1381 1678 1429 imitamini³
1705 1380 1870 1428 saltem
1898 1392 1946 1429 et
1970 1399 2134 1431 amore
2160 1395 2207 1432 et
2238 1385 2397 1432 studio
2423 1403 2528 1434 san-

396 1476 580 1514 ctarum
597 1466 858 1514 litterarum
878 1465 1041 1513 beatas
1056 1465 1157 1513 illas
1175 1465 1327 1512 sancti
1343 1464 1620 1527 Hieronymi
1640 1462 1895 1529 discipulas
1916 1464 2110 1512 Paulam
2129 1475 2177 1513 et
2192 1467 2524 1526 Eustochium,

379 1533 599 1613 'quarum
619 1548 856 1614 praecipue
873 1557 1040 1612 rogatu
1060 1556 1132 1594 tot
1143 1545 1472 1594 voluminibus
1491 1544 1748 1592 Ecclesiam
1776 1544 2029 1610 praedictus
2048 1546 2220 1594 doctor
2235 1547 2520 1595 illustravit&

548 1994 903 2048 EXCERPTA
944 1994 982 2046 E
1022 1994 1311 2047 REGULIS
1350 1991 1893 2050 PARACLETENSIS
1925 1991 2363 2048 MONASTERII.

454 2170 792 2218 Instructiones
816 2179 989 2217 nostrae
1015 2180 1211 2217 sumunt
1238 2169 1490 2217 exordium
1518 2186 1545 2217 a
1579 2169 1796 2217 doctrina
1821 2169 1993 2217 Christi
2018 2169 2343 2235 praedicanfis,
2380 2181 2425 2217 et
2458 2181 2521 2218 te-

387 2252 543 2298 nentis
579 2260 937 2317 paupertatem,
980 2249 1326 2309 humilitatem,
1369 2260 1416 2297 et
1452 2249 1793 2297 obedientiam.
1831 2250 2086 2314 Sequimur
2125 2260 2283 2297 autern
2328 2252 2521 2316 vestigia

386 2330 714 2397 apostolorum
746 2332 795 2378 in
826 2348 1086 2379 commune
1111 2331 1392 2378 viventium.
1428 2334 1480 2377 In
1515 2330 1679 2378 habitu
1706 2340 1873 2377 nostro
1906 2347 2246 2378 conservamus
2267 2343 2520 2398 pauperta-

386 2422 484 2460 tem
505 2423 552 2460 et
577 2412 920 2473 humilitatem,
946 2412 996 2460 in
1023 2412 1319 2476 subjectione
1341 2411 1693 2472 obedientiam;
1720 2412 1770 2458 in
1796 2411 2161 2459 conversatione
2187 2422 2378 2473 nostra,
2408 2414 2518 2477 quia

384 2494 706 2542 communiter
738 2494 967 2554 vivimus,
1000 2493 1247 2558 sequimur
1273 2492 1547 2558 apostolos,
1580 2493 1694 2557 quia
1721 2492 2044 2556 undecunque
2075 2491 2309 2540 beneficia
2334 2503 2519 2558 tempo·

385 2573 498 2622 ralia
527 2575 840 2639 proveniant,
880 2573 1110 2621 dividitur
1147 2573 1368 2637 singulis,
1403 2583 1548 2639 prout
1576 2583 1761 2639 potest;
1803 2573 1842 2619 si
1879 2589 1980 2619 non
2011 2571 2225 2619 abundat
2256 2573 2482 2621 omnibus
2501 2611 2512 2633 ‚

381 2656 590 2704 maxime
620 2656 762 2704 datur
784 2658 934 2721 magis
960 2655 1299 2721 indigentibus.
1332 2658 1390 2702 Et
1412 2656 1642 2720 quoniam
1675 2654 1837 2703 seculo
1865 2654 2257 2703 abrenuntiamus
2275 2692 2287 2716 ,
2329 2667 2376 2704 et
2412 2659 2515 2704 Deo

381 2736 639 2794 militamus
655 2773 668 2798 ,
700 2724 1009 2803 persistamus
1028 2738 1076 2783 in
1104 2737 1355 2802 proposito
1378 2736 1602 2784 castitatis
1619 2772 1631 2795 ‚
1667 2746 1714 2784 et
1729 2752 1820 2802 pro
1838 2734 2019 2783 viribus
2044 2736 2218 2783 nostris
2232 2737 2366 2800 juxta
2383 2754 2516 2785 men-

379 2834 541 2865 suram
572 2818 846 2866 donationis
873 2835 967 2866 suae
994 2818 1039 2865 ei
1062 2817 1250 2883 placere
1274 2817 1641 2864 contendamus.

443 2902 518 2946 De
540 2900 863 2946 convenientia
886 2897 1288 2946 consuetudinum.
1305 2899 1595 2946 —Domino
1614 2915 1758 2964 super
1782 2914 1872 2946 nos
1888 2899 2209 2964 prospiciente
2225 2935 2237 2958 ‚
2276 2908 2323 2946 et
2357 2899 2513 2964 aliqua

378 2979 483 3027 loca
507 2978 648 3027 nobis
672 2979 899 3044 largiente
917 3016 930 3038 ‚
958 2979 1173 3026 misimus
1197 2979 1429 3044 quasdam
1456 2996 1514 3027 ex
1538 2980 1713 3027 nostris
1729 2979 1792 3026 ad
1810 2979 2090 3044 religionem
2116 2979 2400 3040 tenendam,
2424 2999 2511 3029 nu—

378 3077 512 3108 mero
547 3059 827 3108 sufficiente.
873 3063 1171 3107 Annotamus
1211 3069 1370 3107 autem
1401 3058 1519 3107 boni
1560 3060 1796 3126 propositi
1833 3060 1984 3106 nostri
2018 3060 2425 3122 consuetudines;
2460 3074 2511 3109 ut

376 3141 509 3205 quod
532 3142 684 3190 tenuit
709 3151 861 3189 mater
884 3140 1337 3189 incommutabiliter
1352 3177 1365 3200 ,
1396 3151 1592 3189 teneant
1615 3151 1662 3189 et
1687 3140 1792 3188 flliae
1816 3140 2134 3188 uniformiter.

421 3294 430 3311 ‘
449 3294 561 3336 Joan„
574 3304 649 3338 cap.
667 3305 734 3335 ιιν,
753 3305 783 3327 v.
804 3296 860 3328 23.
874 3310 918 3320 —·
932 3294 944 3311 ⁸
961 3294 1091 3334 Manli„
1106 3303 1179 3338 cap.
1199 3305 1251 3335 xi,
1267 3305 1298 3327 v.
1319 3294 1417 3328 l5.—
1463 3293 1635 3328 tribuenda
1654 3304 1728 3327 esse
1743 3293 1898 3326 Heloissae
1914 3293 2060 3334 censuit,
2077 3300 2111 3327 et
2133 3294 2208 3328 ideo
2233 3305 2297 3328 non
2314 3296 2503 3328 omittenda.

375 3349 388 3367 ³
407 3349 473 3383 Sic.
495 3361 549 3394 ap.
568 3349 789 3385 Amboesium.
803 3368 827 3377 ·-
841 3351 1035 3386 Imitemini?
1051 3367 1094 3376 —
1108 3350 1122 3368 ⁴
1143 3351 1211 3385 Huc
1227 3361 1329 3396 nsque
1345 3351 1415 3396 ple·
1461 3351 1548 3384 Loca
1573 3350 1765 3395 pontificum
1789 3356 1822 3383 et
1849 3349 2061 3383 conciliorum
2087 3350 2184 3384 allata
2212 3351 2331 3395 passim
2361 3351 2504 3385 invenies

373 3406 466 3451 rique
481 3406 612 3441 codices
631 3407 837 3442 Amboesiani
855 3416 888 3442 et
914 3416 1025 3443 noster
1048 3408 1213 3442 Parisinus
1228 3408 1335 3449 25⁴⁴;
1355 3408 1413 3442 sed
1460 3408 1491 3441 in
1509 3409 1645 3441 Decreto
1664 3406 1821 3440 Gratiani.
1841 3407 2003 3441 Nonnulla
2022 3414 2098 3441 sunt
2116 3408 2176 3442 sub
2196 3408 2294 3442 finem
2314 3420 2384 3452 quae
2401 3409 2441 3440 ad
2456 3418 2505 3441 re—

373 3463 405 3496 in
422 3463 600 3507 exemplari
620 3464 838 3500 paracletensi
854 3466 942 3510 quod
959 3472 992 3499 et
1009 3466 1134 3499 auctius
1151 3465 1272 3510 ubique
1291 3472 1359 3506 est,
1376 3476 1416 3499 ea
1460 3465 1566 3508 gulam
1583 3464 1851 3497 monasteriorum
1866 3463 2182 3498 praemonstratensis
2196 3465 2319 3499 ordinis
2332 3465 2495 3509 pertinere

373 3531 444 3563 quae
469 3527 647 3564 sequuntur
674 3522 805 3566 reperiit
830 3523 1022 3557 Amboesius
1042 3534 1114 3567 quae
1134 3522 1221 3555 haud
1253 3522 1414 3556 immerito
1460 3520 1623 3554 videntur.
