2970 4152
564 415 659 465 594
1368 409 1539 457 PETRI
1564 410 1878 459 ABAELARDI

562 511 792 571 AEgypto‚
820 504 942 551 filius
965 503 1168 551 Herodis
1192 514 1411 552 remanet
1427 505 1476 551 in
1500 521 1669 569 regno.
1696 506 1791 562 Qui
1815 506 1978 568 utique
2002 504 2041 550 si
2065 519 2177 550 cum
2192 502 2383 550 Christo
2408 502 2652 551 transisset
2670 539 2682 562 ,

560 586 822 650 nequitiam
841 585 1018 649 pariter
1040 584 1187 649 patris
1204 584 1414 632 vitasset.
1440 584 1534 631 Sed
1550 586 1600 632 in
1615 602 1713 650 quo
1730 585 1910 649 regno?
1930 583 2106 631 Christi
2129 583 2290 648 potius
2313 582 2685 653 quamHerodis

561 666 849 728 alienigenae.
877 664 1118 728 Scriptum
1140 665 1319 729 quippe
1343 664 1403 712 de
1426 665 1617 713 Christo
1637 669 1730 713 est¹
1755 684 1765 712 ε
1795 684 1815 710 «
1839 669 1892 712 ln
1917 664 2115 729 propria
2131 664 2262 711 venit
2284 673 2331 711 et
2353 664 2427 711 sui
2447 680 2681 715 eumfinon

560 754 859 810 receperunt.
889 763 914 789 »
946 747 1118 791 Parum
1153 755 1224 792 est
1263 745 1396 810 quod
1421 734 1518 792 dixi
1543 764 1552 792 :
1599 766 1621 790 «
1657 749 1762 792 Non
1798 754 2121 809 receperunt»
2149 781 2160 803 ,
2198 744 2297 792 imo
2341 760 2454 791 eum
2490 742 2682 808 expule-

556 835 686 872 runt.
712 828 783 871 De
820 824 982 871 Judaea
1003 825 1052 871 in
1076 828 1333 890 AEgyptum
1356 826 1634 885 translatUS‚
1662 826 1797 890 quasi
1834 825 1894 872 de
1931 825 2132 889 proprio
2154 823 2217 872 ad
2240 823 2451 875 alienum
2473 823 2683 887 migrans

555 922 775 969 regnum,
801 914 930 951 tutus
953 905 1003 951 in
1027 904 1183 952 alieno
1206 906 1414 970 persistit
1435 912 1602 970 regno.
1621 909 1749 952 Dum
1767 905 1891 952 filius
1903 904 2108 952 Herodis
2121 904 2365 968 jugulatur
2381 905 2432 951 in
2456 913 2679 969 paterno,

556 995 743 1050 patrem
766 984 889 1031 filius
911 984 1103 1032 hostem
1137 986 1386 1045 sustinuit,
1413 987 1537 1051 quiar
1562 1003 1726 1033 servus
1745 985 2010 1032 Dominum
2033 1000 2135 1031 non
2158 985 2402 1048 cognovit.
2429 983 2571 1031 Filius
2591 1000 2682 1049 pro

556 1066 655 1114 filio
677 1067 880 1115 traditus
904 1076 974 1113 est
992 1104 1003 1126 ‚
1045 1067 1169 1114 filius
1196 1068 1400 1115 Herodis
1432 1085 1522 1132 pro
1546 1067 1645 1114 filio
1676 1067 1780 1114 Dei.
1807 1066 2026 1118 Traditus
2051 1076 2122 1113 est
2160 1065 2222 1115 ad
2259 1075 2467 1113 mortem
2488 1081 2590 1114 non
2620 1064 2683 1113 ab

553 1147 693 1194 hoste
711 1185 722 1206 ‚
763 1148 847 1195 sed
885 1165 912 1195 a
942 1158 1108 1213 patre,
1136 1158 1188 1195 ut
1210 1165 1267 1195 ex
1301 1158 1457 1195 morte
1498 1147 1580 1194 filii
1616 1148 1821 1195 maxime
1855 1147 2002 1213 patris
2040 1145 2295 1193 crudelitas
2340 1146 2678 1194 innotesceret.

555 1230 839 1275 Reservatur
875 1229 936 1276 ad
970 1229 1116 1285 vitam
1146 1228 1270 1276 filius
1305 1229 1393 1275 Dei
1427 1229 1477 1275 in
1510 1245 1608 1292 quo
1645 1228 1743 1275 vita
1783 1228 2004 1274 omnium
2031 1227 2292 1274 constituta
2335 1225 2512 1285 fuerat,
2559 1225 2682 1274 sicut

553 1309 754 1373 ipsemet
775 1309 865 1356 ait²
892 1327 902 1355 ε
933 1328 956 1354 «
976 1312 1073 1372 Ego
1093 1326 1200 1356 sum
1222 1310 1299 1356 via
1318 1319 1364 1355 et
1387 1309 1558 1355 veritas
1582 1318 1629 1354 et
1646 1309 1758 1355 vita.
1780 1327 1804 1352 »
1824 1310 1931 1354 Non
1955 1307 2121 1354 eratin
2145 1323 2293 1353 manu
2314 1305 2527 1353 hominis
2549 1321 2681 1355 mors

553 1390 671 1447 Dei,
709 1407 798 1436 nec
827 1400 1047 1441 terrenus
1079 1407 1161 1437 rex
1197 1400 1387 1455 poterat
1423 1390 1679 1454 praevalere
1720 1389 1928 1448 coelesti3
1963 1387 2166 1434 coelestis
2201 1397 2273 1435 est
2307 1397 2506 1434 terrena·
2519 1385 2681 1451 dispo-

553 1487 695 1529 nere,
723 1488 822 1518 non
846 1473 1028 1518 terreni
1045 1471 1268 1528 coelestia.
1303 1473 1549 1528 Quantum
1577 1470 1730 1517 voluit
1751 1470 1858 1528 ille,
1884 1470 2065 1534 quievit
2086 1469 2202 1526 iste3
2226 1477 2274 1515 at
2308 1468 2392 1514 ubi
2419 1468 2680 1532 permissus

552 1549 725 1608 furere,
746 1561 817 1597 est
838 1567 1099 1614 aggressus.
1123 1550 1268 1607 Quod
1287 1550 1538 1613 diligenter
1560 1549 1848 1613 evangelista
1863 1548 2158 1608 describens,
2175 1565 2327 1612 quum
2343 1548 2404 1595 ad
2423 1548 2679 1613 imperium

551 1629 705 1693 angeli
723 1647 844 1694 puer
866 1631 915 1677 in
939 1634 1196 1695 AEgyptum
1210 1631 1270 1677 de
1290 1630 1449 1678 Judaea
1474 1629 1729 1677 translatus
1752 1629 1936 1676 fuisset:
1959 1632 2144 1688 «Tunc,
2159 1647 2183 1674 »
2208 1629 2399 1693 inquit³‚
2420 1648 2443 1674 «
2464 1629 2680 1677 Herodes

549 1709 718 1757 videns
754 1711 986 1774 quoniam
1022 1710 1186 1756 illusus
1215 1719 1338 1757 esset
1372 1726 1399 1756 a
1439 1710 1616 1773 magis,
1666 1720 1757 1757 etc.
1778 1729 1802 1754 »
1839 1713 1971 1756 Tunc
2008 1709 2205 1774 quidem
2224 1746 2236 1768 ‚
2280 1725 2380 1756 non
2418 1718 2529 1756 ante
2567 1708 2676 1757 illu-

551 1792 736 1838 sionem
762 1790 1010 1841 advertere
1031 1791 1290 1855 permissus
1307 1800 1393 1840 est.
1423 1790 1568 1848 Quod
1590 1807 1707 1837 vero
1731 1790 1905 1837 dicitur
1927 1806 2104 1854 pueros
2130 1789 2362 1837 occidisse
2391 1808 2415 1834 «
2441 1805 2469 1836 a
2491 1789 2676 1838 bimatu

550 1880 596 1917 et
618 1869 759 1929 infra,
781 1869 1048 1919 secundum
1069 1880 1261 1935 tempus
1278 1870 1412 1934 quod
1438 1871 1723 1934 exquisierat
1746 1887 1774 1917 a
1795 1870 1996 1934 magis.»
2021 1873 2117 1917 Nec
2141 1869 2297 1916 solum
2320 1870 2371 1916 in
2398 1869 2676 1918 Bethlehem

552 1949 679 1996 unde
702 1949 917 1997 audierat
933 1949 1257 2015 prophetiam,
1277 1966 1446 1996 verum
1462 1960 1509 1997 et
1527 1951 1577 1996 in
1602 1950 1828 1998 omnibus
1841 1950 2020 1997 finibus
2042 1950 2160 2014 ejus,
2183 1950 2465 2014 magnitudo
2487 1951 2676 1999 sceleris

550 2040 852 2093 exageratur,
880 2031 946 2077 sic
970 2040 1022 2077 ut
1049 2030 1158 2078 loco
1182 2031 1441 2078 nativitatis
1461 2070 1472 2090 ,
1498 2032 1562 2078 ita
1585 2042 1632 2078 et
1664 2041 1940 2097 temporum
1965 2032 2089 2079 aetati
2127 2031 2381 2079 crudelitas
2418 2031 2676 2080 adderetur

551 2110 801 2174 iniquitate
820 2112 1089 2158 occisionis.
1120 2111 1412 2158 Nonnullam
1435 2122 1596 2159 tamen
1619 2114 1923 2176 questionem
1944 2113 2131 2160 habens
2153 2113 2288 2179 quod
2311 2113 2487 2160 dicitur
2512 2133 2537 2159 «
2563 2131 2590 2162 a
2606 2114 2675 2161 bi·

549 2202 698 2251 matu,
718 2210 741 2235 »
762 2192 858 2239 hoc
876 2202 947 2239 est
960 2209 988 2239 a
1003 2192 1194 2239 duobus
1211 2193 1366 2251 annis,
1393 2211 1416 2236 «
1432 2203 1479 2240 et
1491 2193 1632 2252 infra,
1654 2210 1740 2258 per
1762 2204 1951 2258 tempus
1967 2193 2101 2257 quod
2124 2194 2408 2258 exquisierat
2423 2211 2452 2241 a
2470 2195 2671 2258 magis.»

548 2272 596 2318 Si
625 2272 755 2318 enim
778 2271 866 2331 illi,
900 2282 953 2318 ut
983 2272 1354 2336 Chrysostomus
1388 2290 1532 2337 super
1554 2273 1829 2320 Matthaeum
1859 2291 1915 2320 ex
1939 2274 2175 2339 scriptura
2197 2274 2408 2338 quadam
2430 2274 2597 2334 refert,
2622 2275 2671 2322 in

546 2352 845 2416 profectione
871 2369 957 2399 sua
978 2352 1229 2400 biennium
1251 2365 1654 2419 consumpserunt
1671 2392 1682 2414 ,
1710 2356 1859 2419 magis
1883 2347 2170 2420 depressisse
2192 2356 2400 2420 tempori
2422 2372 2568 2420 quam
2586 2357 2672 2405 ad-

547 2434 722 2482 didisse
757 2435 886 2482 visus
924 2445 995 2482 est
1032 2435 1264 2482 Herodes‘
1307 2438 1506 2483 Constat
1535 2437 1714 2501 quippe
1743 2453 1909 2500 magos
1941 2447 2051 2484 ante
2074 2436 2324 2484 biennium
2347 2436 2466 2484 illud
2488 2437 2674 2486 stellam

544 2515 735 2574 vidisse,
751 2515 885 2579 cujus
908 2516 1208 2580 apparitione
1231 2515 1469 2580 proficisci
1491 2527 1759 2582 coeperunt.
1786 2518 1834 2563 Si
1855 2534 1969 2581 ergo
1992 2517 2206 2566 Herodes
2229 2517 2290 2565 ab
2313 2534 2372 2564 eo
2395 2517 2676 2582 quoddidi2

544 2597 608 2643 cit
631 2612 658 2643 a
681 2597 829 2659 magis
852 2596 1036 2644 stellam
1059 2597 1333 2662 apparuisse
1355 2596 1606 2645 biennium
1629 2598 2002 2663 computaverit,
2027 2598 2135 2663 plus
2157 2614 2304 2662 quam
2326 2598 2567 2662 integrum
2588 2615 2672 2646 an-

544 2694 662 2724 num
681 2677 914 2742 depressit
929 2677 990 2724 de
1011 2687 1247 2743 tempore,
1268 2696 1419 2743 quum
1435 2679 1656 2727 videlicet
1678 2690 1867 2727 constet
1888 2679 2014 2729 hanc
2032 2680 2345 2729 ,occasionem
2363 2696 2671 2744 nequaquam

543 2758 730 2821 peragi,
757 2758 848 2809 nisi
867 2767 977 2822 post
999 2758 1113 2804 anni
1135 2758 1486 2806 revolutionem
1509 2776 1656 2823 quam
1675 2776 1764 2807 nos
1787 2759 1934 2807 hodie
1957 2759 2098 2823 hujus
2121 2759 2464 2807 interfectionis
2486 2759 2670 2824 passio·
2719 2747 2727 2752 .

544 2853 655 2882 nem
678 2836 951 2892 recolimus.
988 2840 1051 2883 Ut
1073 2853 1186 2899 ergo
1211 2839 1417 2902 tempori
1440 2856 1635 2903 quoque
1658 2840 1780 2886 sicut
1805 2849 1852 2886 et
1873 2839 1983 2886 loco
2013 2839 2269 2887 crudelitas
2292 2838 2567 2898 adderetur,
2586 2838 2687 2887 ,in—-

543 2915 854 2978 telligendum
877 2915 1018 2962 nobis
1046 2903 1254 2975 videtur,
1282 2926 1335 2963 ut
1357 2927 1427 2963 est
1445 2955 1457 2976 ,
1485 2934 1514 2964 a
1535 2918 1727 2965 duobus
1762 2935 1958 2983 quoque
1980 2919 2119 2966 annis
2144 2935 2289 2984 supra
2310 2917 2454 2969 stellae
2476 2919 2668 2983 appari·

544 2996 674 3043 tione
698 3007 745 3043 et
767 2996 994 3061 deinceps
1018 3013 1169 3060 usque
1193 2996 1254 3043 ad
1277 2997 1623 3045 interfectionis
1649 2999 1796 3046 diem.

608 3077 752 3134 Quod
779 3094 894 3124 vero
929 3077 990 3124 de
1012 3077 1336 3141 completione
1363 3078 1628 3142 prophetiae
1654 3089 1769 3126 tunc
1807 3080 1926 3128 facta
1951 3079 2069 3127 dixit
2091 3079 2406 3143 evangelista‘
2428 3080 2578 3142 magis
2604 3080 2668 3127 ad

546 3159 820 3219 mysterium
842 3175 989 3222 quam
1012 3158 1074 3205 ad
1095 3157 1347 3205 historiam
1370 3158 1676 3219 referendum
1700 3170 1786 3207 est.
1813 3160 1936 3207 Illud
1958 3161 2137 3226 quippe
2160 3161 2293 3224 juxta
2326 3159 2576 3209 historiam
2591 3160 2666 3208 de.

543 3238 872 3301 persecutione
887 3238 1338 3287 Nabuchodonosor
1353 3239 1403 3285 in
1420 3239 1623 3285 Jeremia
1637 3250 1825 3287 constat
1847 3240 2181 3306 prophetasse;
2210 3257 2315 3304 quae
2327 3239 2663 3304 quia-futuram

459 3348 464 3353 -
544 3315 761 3363 Ecclesiae
788 3318 1173 3381 persecutionem
1208 3335 1312 3382 quae
1332 3318 1479 3365 hodie
1498 3318 1716 3384 incoepit,
1744 3318 1979 3383 figurabat
1999 3319 2050 3367 in
2069 3320 2322 3384 mysterio,
2343 3329 2391 3366 et
2413 3319 2663 3384 impletum

590 3491 599 3510 ⁴
621 3492 735 3546 ioan.⁷
756 3502 827 3534 cap.
846 3503 874 3532 1,
889 3504 917 3525 v.
940 3495 990 3526 11.
1007 3510 1047 3516 —-
1062 3492 1074 3509 ³
1095 3493 1193 3536 lbid.,
1208 3504 1280 3538 cap.
1297 3506 1364 3537 xiv,
1380 3506 1411 3528 ν.
1429 3497 1460 3529 6.
1478 3513 1519 3519 -
1535 3494 1548 3512 ³
1564 3495 1664 3528 Manh
1685 3505 1782 3539 ,cap.
1800 3507 1844 3538 11,
1858 3497 1960 3530 v.16.
1977 3513 2021 3522 -—-
2038 3495 2163 3537 ⁴1bid.,
2180 3497 2280 3530 v.17.
