2970 4152
996 425 1306 473 EXPOSlTlO
1342 427 1413 474 ΙΝ
1434 426 1827 475 HEXAMERON.
2380 429 2474 475 669

352 534 453 582 quo
475 519 672 583 quidem
704 520 943 586 baptismo
972 520 1194 568 homines
1226 521 1713 569 veteremhominem
1747 521 2067 586 deponenteS,
2100 531 2148 568 et
2181 538 2363 569 novum
2401 524 2473 569 in-

353 598 578 659 duentes,
605 601 726 648 sicut
747 602 978 667 scriptum
1000 606 1094 650 est¹
1119 620 1129 649 z
1158 622 1181 646 «
1203 602 1490 666 Quicunque
1509 602 1733 667 baptisati
1754 604 1882 662 estis,
1907 602 2150 650 Christum
2172 603 2392 651 induistis
2407 641 2418 662 ,
2448 624 2470 648 »

350 679 488 741 quasi
511 696 567 726 ex
589 681 724 745 aquis
746 681 969 729 animalia
989 680 1226 746 producta¹
1246 690 1374 728 sunt.

416 759 555 807 Sexta
575 770 711 808 aetate
731 760 882 808 homo
905 771 1163 809 renovatus
1186 762 1234 808 in
1257 761 1480 827 paradiso
1503 761 1783 821 collocatur,
1805 763 1917 826 quia
1939 773 2048 827 post
2070 764 2344 828 passionem
2372 767 2472 810 Do-

350 837 468 884 mini
499 848 686 886 tantum
723 840 879 887 aditus
908 840 1110 888 coelestis
1140 840 1634 906 hominibuspatuit,
1666 851 1719 888 ut
1751 842 1909 906 primo
1944 842 2197 890 sabbatum
2231 844 2279 889 in
2313 844 2471 891 anima

347 919 660 982 postmodum
683 930 903 969 octavam
920 922 970 968 in
987 938 1192 987 corpore
1208 922 1350 969 simul
1368 932 1416 970 et
1433 923 1593 970 anima
1612 921 1835 969 celebret.
1859 923 1996 970 Unde
2022 933 2069 970 et
2091 923 2266 971 latroni
2289 924 2471 971 dictum

346 1009 417 1046 est
432 1002 446 1024 ²
466 1018 476 1046 :
506 1020 529 1045 «
551 1001 706 1048 Hodie
727 1018 918 1049 mecum
940 1003 1031 1049 eris
1054 1003 1103 1049 in
1126 1002 1374 1068 paradiso,
1402 1022 1422 1048 υ
1447 1013 1501 1050 ut
1522 1003 1571 1050 in
1603 1002 1696 1050 hac
1721 1013 1858 1050 aetate
1890 1013 2079 1051 tantum
2113 1004 2287 1051 coelum
2310 1005 2468 1052 homi-

346 1079 488 1128 nibus
508 1092 673 1147 patere
695 1083 986 1131 ostenderet.

412 1180 435 1204 α
457 1163 558 1208 Istae'
581 1163 928 1226 generationes,
951 1182 974 1207 »
1000 1164 1147 1222 Quasi
1178 1164 1380 1224 diceret,
1406 1165 1531 1213 bene
1554 1165 1672 1224 dixi,
1704 1184 1727 1210 ι(
1748 1176 2037 1226 cessaverat,
2059 1185 2082 1210 υ
2103 1168 2216 1230 quia
2237 1167 2334 1213 istae
2356 1177 2467 1214 sunt

342 1254 443 1286 non
472 1240 573 1288 aliae
593 1231 910 1307 postmodum
929 1260 985 1291 ex
1007 1243 1167 1308 aliqua
1187 1261 1317 1292 nova
1337 1255 1519 1292 naturae
1548 1246 1895 1311 praeparatione
1931 1245 2113 1293 futurae.
2144 1266 2167 1291 «
2184 1247 2464 1293 Generatio-

342 1336 426 1368 nes
446 1322 555 1369 coeli
574 1333 624 1370 et
646 1333 797 1371 terrae.
821 1343 846 1369 n
872 1325 926 1372 ld
948 1335 1019 1372 est
1041 1326 1222 1390 species
1245 1343 1407 1373 rerum
1429 1327 1561 1374 factae
1589 1327 1895 1375 materialiter
1916 1345 1972 1375 ex
1994 1327 2239 1375 elementis
2262 1345 2346 1392 per
2368 1345 2463 1375 coe-

339 1398 439 1448 lum
463 1411 511 1448 et
531 1411 734 1462 terram,
760 1413 814 1450 ut
837 1403 1066 1464 diximus,
1093 1405 1252 1470 primo
1275 1405 1569 1469 significatis.

406 1501 431 1526 «
449 1484 658 1541 Quando
680 1495 849 1533 creatae
870 1496 999 1533 sunt.
1025 1506 1048 1530 »
1074 1486 1128 1533 Id
1150 1496 1222 1533 est
1248 1487 1459 1551 primum
1491 1487 1623 1535 sactae
1650 1489 1748 1536 istae
1776 1488 1955 1536 scilicet
1989 1489 2317 1552 generationes
2353 1498 2462 1535 ante

337 1560 468 1610 hunc
488 1564 746 1629 septimum
769 1565 898 1613 diem
920 1583 1018 1631 quo
1042 1565 1421 1631 multiplicantur
1442 1568 1675 1632 quotidie.

404 1663 427 1689 «
449 1647 502 1691 In
526 1645 621 1692 die.
645 1665 669 1690 η
695 1646 749 1694 Id
771 1657 842 1694 est
864 1648 913 1694 in
937 1657 1157 1713 tempore
1179 1647 1260 1695 isso
1283 1665 1363 1696 sex
1386 1649 1758 1713 praecedentium
1781 1650 1987 1698 dierum.

402 1725 563 1781 «Quo
587 1724 697 1772 fecit
724 1726 960 1774 Dominus
995 1727 1170 1775 coelum
1203 1738 1250 1775 et
1286 1738 1481 1776 terram.
1514 1748 1536 1774 υ
1570 1732 1621 1776 In
1653 1729 1846 1777 hebraeo
1879 1741 1950 1778 est
1981 1732 2104 1778 ordo
2138 1742 2459 1780 commutatus

333 1804 397 1851 ita
421 1823 431 1850 :
460 1825 484 1850 «
505 1808 615 1864 Quo
639 1807 748 1854 fecit
769 1809 1005 1856 Dominus
1033 1819 1211 1856 terram
1241 1819 1290 1857 et
1318 1810 1521 1869 coelum;
1546 1829 1570 1855 υ
1594 1798 1747 1876 quum
1779 1811 1828 1858 in
1865 1812 2103 1877 principio
2135 1813 2321 1863 dictum.
2349 1814 2410 1860 sit
2432 1831 2458 1860 e

332 1901 589 1946 converso,
615 1888 729 1952 quia
749 1890 928 1936 creavit
951 1889 1125 1937 coelum
1147 1900 1194 1937 et
1216 1900 1410 1938 terram.
1436 1893 1503 1938 Ex
1529 1908 1627 1956 quo
1650 1892 1866 1939 innuitur
1888 1909 1944 1939 ex
1966 1892 2057 1940 hac
2079 1895 2457 1942 commutatione

332 1965 513 2013 ordinis
545 1968 747 2015 varietas
768 1969 988 2033 quaedam
1018 1969 1379 2034 significationis
1402 1970 1464 2018 ad
1486 1971 1734 2036 praedictas
1757 1971 1933 2019 scilicet
1956 1974 2286 2036 generationes
2321 1991 2454 2021 com—

329 2044 714 2109 prehendendas.
741 2051 828 2096 Per
850 2060 1026 2098 terram
1049 2051 1227 2116 quippe
1258 2061 1305 2099 et
1328 2051 1504 2098 coelum
1526 2052 1776 2111 animaIIa,
1803 2069 1888 2117 per
1909 2053 2167 2116 virgultum
2200 2064 2246 2100 et
2282 2054 2455 2101 herbas

327 2127 696 2192 comprehendit
723 2130 925 2195 plantas.
958 2132 1191 2180 Animalia
1223 2133 1432 2198 quippe,
1464 2133 1576 2198 quia
1610 2133 1983 2181 vivificationem
2018 2152 2118 2181 non
2154 2152 2211 2182 ex
2250 2135 2453 2182 humore

325 2205 446 2254 sicut
481 2207 679 2272 plantae,
705 2209 790 2257 sed
819 2227 875 2258 ex
903 2212 1073 2276 spiritu
1102 2212 1313 2271 habent,
1335 2213 1469 2276 juxta
1505 2212 1638 2277 quod
1674 2214 1931 2277 Gregorius
1955 2224 2051 2261 tres
2073 2214 2238 2262 vitales
2260 2216 2453 2279 spiritus

325 2285 576 2352 distinguit
589 2326 600 2348 ,
622 2307 708 2355 per
727 2300 904 2339 terram
920 2302 969 2339 et
989 2292 1165 2340 coelum
1181 2292 1402 2340 hocloco
1423 2294 1743 2354 insinuantur,
1766 2311 1916 2359 quum
1934 2311 1989 2342 ex
2009 2312 2241 2360 corporea
2259 2306 2305 2342 et
2322 2298 2449 2359 gravi

323 2366 587 2416 substantia
609 2380 832 2419 constent
853 2373 1118 2420 secundum
1147 2390 1352 2438 corpus„
1377 2383 1426 2421 et
1446 2390 1503 2421 ex
1526 2374 1722 2439 spiritali
1745 2384 1792 2421 et
1815 2374 1906 2421 levi
1929 2375 2194 2422 secundum
2218 2377 2445 2423 animam.

323 2449 382 2494 Et
403 2448 517 2512 quia
538 2465 744 2515 corpora
764 2452 897 2516 prius
922 2452 1126 2500 formata
1147 2463 1259 2500 sunt
1287 2469 1434 2518 quam
1462 2453 1656 2518 spiritus
1681 2453 2081 2513 infunderentur,
2097 2454 2221 2501 bene
2251 2455 2330 2501 hic
2358 2465 2450 2502 ter-

322 2545 425 2577 ram
447 2531 578 2596 prius
602 2548 748 2597 quam
768 2533 944 2580 coelum
967 2534 1372 2582 nominavit.'Ubi
1403 2544 1451 2581 et
1478 2533 1540 2582 de
1567 2534 1711 2582 stellis
1747 2535 1948 2582 innuere
1979 2535 2186 2595 videtur,
2212 2536 2251 2582 si
2284 2539 2447 2585 omnia

320 2611 687 2676 comprehendit
722 2613 843 2661 facta
877 2631 932 2661 ex
962 2613 1231 2674 elementis,
1257 2615 1496 2680 quosdam
1533 2616 1725 2680 spiritus
1754 2626 1802 2663 et
1831 2615 1921 2663 illis
1955 2616 2108 2663 inesse
2136 2633 2232 2680 quo
2262 2619 2447 2681 possint

319 2689 604 2739 animalibus
621 2702 668 2739 et
686 2695 1047 2754 connumerari,
1067 2696 1189 2742 sicut
1204 2694 1480 2760 philosophi
1497 2704 1737 2755 asserunt,
1761 2705 1808 2742 et
1826 2695 1993 2742 beatus
2013 2696 2299 2759 Augustinus
2322 2697 2443 2744 adeo

317 2769 409 2817 sibi
431 2787 531 2819 esse
554 2773 789 2822 incertum
811 2775 1081 2840 profitetur,
1108 2786 1161 2823 ut
1182 2793 1233 2824 se
1254 2777 1474 2841 ignorare
1498 2775 1626 2824 dicat
1642 2813 1655 2836 ,
1680 2786 1842 2823 utrum
1864 2776 1936 2823 sol
1958 2786 2004 2823 et
2026 2776 2140 2824 luna
2162 2777 2223 2824 ad
2246 2778 2444 2827 societa-

317 2858 415 2897 tem
437 2852 719 2915 angelorum
740 2857 1033 2919 pertineant,
1055 2857 1178 2903 sicut
1198 2866 1246 2904 et
1263 2873 1408 2922 supra
1430 2857 1751 2904 meminimus.

384 2950 407 2976 «
433 2933 701 2997 Virgultum
725 2937 841 2999 agri.
861 2955 886 2982 »
912 2936 965 2984 Id
989 2948 1060 2985 est
1081 2948 1264 3002 agreste
1287 2938 1446 2986 adhuc
1468 2949 1516 2987 et
1534 2938 1757 2986 nondum
1779 2938 1963 2986 cultum
1986 2938 2047 2985 ab
2070 2938 2348 2988 hominibus
2365 2940 2439 2987 vel

315 3011 547 3060 insertum
568 3015 689 3062 sicut
711 3033 841 3064 nunc
866 3017 942 3065 vel
967 3018 1126 3083 aliqua
1147 3035 1262 3067 cura
1284 3019 1541 3067 hominum
1562 3019 1873 3067 custoditum.

383 3110 407 3137 «
430 3094 648 3142 Oriretur
671 3096 731 3143 in
749 3106 894 3146 terra.
921 3118 945 3143 »
970 3099 1024 3146 Id
1043 3109 1114 3147 est
1142 3100 1447 3149 fructificaret
1473 3118 1560 3167 per
1588 3101 1834 3148 universas
1856 3110 2005 3148 terras
2027 3099 2294 3166 dispersum
2316 3102 2437 3149 sicut

313 3187 442 3220 nunc
464 3190 520 3221 ex
542 3176 817 3240 irrigatione
838 3178 1067 3227 imbrium
1088 3180 1362 3245 proficiens.

381 3255 682 3321 «Religionis.
693 3277 716 3303 »
730 3262 821 3307 Pro
831 3277 929 3325 quo
939 3261 988 3308 in
999 3260 1193 3310 hebraeo
1206 3273 1278 3311 est
1293 3283 1316 3309 α
1328 3264 1446 3328 agri,
1455 3282 1478 3308 »
1489 3264 1610 3311 sicut
1620 3263 1835 3328 superius
1847 3282 1859 3323 3
1870 3262 2192 3327 quasidiceret
2203 3263 2433 3312 incultam

312 3333 470 3383 adhuc
479 3353 570 3384 nec
581 3355 636 3385 ex
649 3341 913 3405 propagine
926 3351 973 3389 et
983 3358 1076 3408 ope
1085 3343 1313 3392 imbrium
1325 3344 1686 3411 multiplicatam
1694 3345 1815 3392 sicut
1825 3361 1972 3392 nunc.
1986 3344 2123 3393 Unde
2130 3354 2178 3393 et
2188 3345 2425 3395 subditur:

358 3511 368 3530 ⁸
393 3513 502 3556 Rom„
518 3526 591 3561 cap.
609 3528 639 3552 vi
651 3544 661 3561 ,
677 3530 711 3554 v.
728 3521 819 3555 3.-
833 3519 846 3539 ¹
862 3521 956 3562 Luc..
973 3531 1047 3566 cap.
1064 3532 1145 3557 xxm
1158 3547 1168 3565 ‚
1184 3534 1216 3558 v.
1236 3524 1292 3557 ⁴3.
