2970 4152
1220 403 1540 453 EPISTOLAE.
2342 404 2362 450 4
2377 404 2435 451 49

329 499 419 546 illis
433 534 445 558 ,
465 508 513 546 et
551 514 650 546 non
676 508 895 562 gravetur
934 499 1154 560 ecclesia,
1189 511 1240 548 ut
1272 501 1346 547 his
1376 515 1482 564 quae
1507 512 1627 545 verae
1656 498 1810 545 viduae
1845 507 1958 546 sunt
1990 496 2204 546 sufficiat.
2240 515 2263 542 >2
2295 499 2436 545 Veras

327 579 504 644 quippe
536 577 703 625 viduas
732 577 847 625 dicit
882 594 1193 645 quascunque
1224 580 1413 628 Christo
1451 578 1670 637 devotaS,
1708 578 1881 642 quibus
1908 594 2007 625 non
2052 576 2209 624 solum
2242 577 2437 624 maritus

326 667 545 705 mortuus
561 668 652 718 est,
681 675 848 706 verum
865 659 1008 706 etiam
1025 664 1037 686 ¹
1055 660 1266 714 mundus
1290 658 1543 708 crucifixus
1559 667 1654 718 est,
1677 668 1724 705 et
1735 659 1846 723 ipsae
1865 658 2066 705 mundo.
2087 661 2216 716 Quas
2233 667 2359 706 recte
2379 657 2438 705 de

281 767 287 771 -
326 736 585 802 dispendiis
609 737 814 785 ecclesiae
845 748 1074 803 tanquam
1099 741 1159 788 de
1186 741 1393 807 ‘propriis
1423 739 1587 805 sponsi
1611 739 1683 785 sui
1708 738 1971 785 redditibus
1988 739 2239 786 sustentari
2263 755 2437 787 conve-

326 817 412 863 nit.
450 817 590 864 Unde
614 825 662 864 et
690 818 927 865 Dominus
956 820 1057 884 ipse
1088 821 1226 869 matri
1260 837 1354 867 suae
1383 828 1744 884 procuratorem
1775 817 2046 882 apostolum
2066 820 2080 843 ²
2101 819 2261 883 potius
2296 834 2437 882 quam

324 896 481 944 virum
505 897 607 960 ejus
630 897 846 962 praevidit
858 900 892 958 ⁸,
921 908 967 945 et
991 900 1196 964 apostoli
1211 910 1394 965 septem
1411 900 1641 946 diaconos
1654 934 1666 958 ,
1685 898 1736 945 id
1754 899 1824 945 est
1845 898 2051 945 ecclesiae
2070 899 2309 946 ministros
2322 935 2334 957 ,
2356 900 2438 963 qui

325 974 509 1024 devotis
540 976 862 1034 ministrarent
885 978 1093 1039 feminis,
1117 980 1421 1027 instituerunt
1436 980 1465 1026 ⁶.
1497 979 1683 1026 Scimus
1705 978 1901 1043 quidem
1925 988 1973 1025 et
1996 978 2276 1043 Apostolum
2294 978 2436 1026 Thes-

323 1054 697 1104 salonicensibus
706 1058 1016 1107 scribentem⁵
1026 1060 1262 1124 quosdam
1279 1061 1430 1107 otiose
1439 1060 1516 1107 vel
1525 1059 1710 1107 curiose
1725 1059 1938 1106 viventes
1951 1058 2073 1106 adeo
2087 1059 2435 1117 constrinxisse,

325 1147 378 1184 ut
406 1139 707 1204 praeciperet,
736 1140 991 1203 quoniam,
1026 1140 1065 1187 si
1088 1141 1195 1205 quis
1231 1157 1331 1188 non
1356 1140 1459 1188 vult
1494 1141 1705 1205 operari,
1741 1156 1840 1186 non
1870 1139 2126 1187 manducet
2143 1158 2156 1199 3
2176 1149 2224 1186 et
2247 1139 2438 1187 beatum

323 1218 652 1266 Benedictum⁰
667 1219 872 1266 maxime
888 1236 977 1284 pro
996 1220 1255 1268 otiositate⁷
1271 1221 1464 1268 vitanda
1482 1237 1629 1286 opera
1647 1236 1878 1267 manuum
1896 1220 2170 1284 injunxisse.
2200 1220 2293 1266 Sed
2315 1236 2438 1267 nun-

323 1296 439 1360 q'uid
472 1299 618 1344 Maria
646 1299 799 1345 otiose
829 1299 1025 1346 sedebat
1041 1302 1071 1359 ⁸,
1103 1309 1153 1347 ut
1178 1299 1321 1347 verba
1357 1300 1530 1347 Christi
1554 1300 1766 1359 audiret,
1787 1299 1972 1356 Martha
1990 1310 2087 1347 tam
2107 1299 2151 1346 ei
2168 1316 2313 1363 quam
2343 1302 2437 1346 Do·

323 1377 455 1423 mino
491 1376 765 1436 laborante,
796 1388 843 1425 et
870 1379 932 1425 de
957 1379 1116 1442 quiete
1151 1380 1330 1426 sororis
1357 1389 1583 1444 tanquam
1613 1379 1776 1426 invida
1799 1390 2153 1439 murmurante,
2179 1380 2314 1443 quasi
2338 1397 2439 1443 quae

323 1454 422 1501 sola
446 1456 638 1520 pondus
662 1456 757 1503 diei
787 1467 834 1504 et
861 1468 1000 1504 aestus
1025 1456 1314 1522 portaverit?
1335 1458 1474 1506 Unde
1498 1469 1545 1505 et
1569 1458 1716 1506 hodie
1743 1459 2015 1524 frequenter
2034 1475 2333 1506 murmurare
2360 1475 2441 1506 eos

322 1535 585 1594 cernimus,
607 1537 757 1599 quiin
784 1537 1095 1584 exterioribus
1113 1538 1355 1598 laborant,
1378 1555 1526 1602 quum
1559 1539 1634 1585 his
1657 1539 1741 1603 qui
1766 1539 1939 1586 divinis
1958 1539 2176 1604 occupati
2201 1550 2312 1586 sunt
2338 1539 2439 1586 offi-

322 1613 406 1660 ciis
425 1623 611 1661 terrena
631 1617 917 1663 ministrant.
949 1620 1006 1663 Et
1023 1634 1146 1683 saepe
1171 1618 1231 1664 de
1249 1617 1348 1677 his,
1374 1635 1479 1682 quae
1504 1619 1693 1681 tyranni
1712 1618 1925 1683 rapiunt,
1956 1619 2114 1666 minus
2136 1635 2436 1683 conquerun-

323 1702 415 1752 tur,
444 1710 590 1758 quam
612 1712 716 1759 quae
735 1695 1007 1755 desidiosis,
1031 1707 1084 1743 ut
1104 1698 1262 1757 aiunt,
1284 1698 1383 1744 istis
1404 1708 1451 1744 et
1476 1698 1639 1745 otiosis
1664 1698 1907 1745 exsolvere
1925 1708 2176 1762 coguntur.
2208 1702 2339 1756 Quos
2364 1709 2436 1745 ta·-

321 1788 432 1819 men
472 1790 571 1820 non
603 1774 761 1820 solum
790 1775 935 1822 verba
965 1776 1139 1823 Christi
1172 1777 1362 1836 audire,
1395 1778 1705 1824 verumetiam
1740 1778 1789 1824 in
1814 1778 1888 1824 his
1931 1777 2119 1825 assidue
2148 1778 2359 1842 legendis
2393 1790 2439 1825 et

321 1852 630 1901 decantandis
650 1865 909 1920 occupatos
939 1856 1245 1914 considerant
1269 1873 1387 1904 esse.
1418 1861 1514 1904 Nec
1541 1857 1823 1904 attendunt⁹
1845 1874 1946 1905 non
1972 1875 2074 1906 esse
2101 1875 2354 1922 magnum,
2391 1871 2438 1906 ut

322 1934 386 1980 ait
417 1933 724 1999 Apostolus¹⁰,
756 1935 794 1982 si
826 1936 894 1982 eis
917 1937 1275 1984 communicent
1304 1937 1596 2002 corporalia,
1624 1954 1651 1984 a
1676 1937 1850 2001 quibus
1878 1949 2129 2003 expectant
2161 1940 2432 2004 spiritualia.

321 2014 416 2059 Nec
440 2012 690 2077 indignum
718 2031 846 2074 esse,
876 2024 928 2062 ut
951 2017 1035 2080 qui
1057 2017 1254 2064 terrenis
1279 2017 1561 2073 intendunt,
1587 2017 1660 2064 his
1685 2018 1768 2081 qui
1793 2018 2113 2083 spiritualibus
2144 2030 2438 2084 occupantur

300 2092 604 2140 deserviant.
646 2095 767 2141 Hinc
792 2095 968 2142 etenim
996 2111 1054 2142 ex
1079 2096 1182 2160 ipsa
1214 2113 1409 2161 quoque
1437 2097 1553 2161 legis
1577 2097 1821 2145 sanctione
1853 2098 2079 2145 ministris
2107 2099 2311 2147 ecclesiae
2341 2101 2439 2148 haec

319 2171 518 2220 salubris
544 2174 629 2220 otii
646 2173 838 2221 libertas
856 2191 1082 2223 concessa
1097 2211 1109 2234 ,
1140 2185 1191 2223 ut
1208 2176 1358 2224 tribus
1373 2178 1486 2225 Levi
1510 2176 1628 2223 nihil
1644 2176 1929 2225 han-editatis
1947 2189 2143 2227 terrenae
2155 2181 2435 2246 perciperet,

319 2267 416 2315 quo
441 2254 704 2318 expeditius
726 2256 938 2302 Domino
958 2255 1246 2316 deserviret3
1267 2256 1351 2304 sed
1375 2256 1436 2304 de
1454 2256 1618 2304 labore
1638 2257 1842 2304 aliorum
1871 2258 2080 2306 decimas
2104 2269 2151 2307 et
2174 2260 2438 2308 oblationes

319 2332 576 2396 susciperet
592 2335 631 2379 ¹¹.
663 2336 735 2380 De
772 2333 1056 2381 abstinentia
1098 2351 1291 2400 quoque
1323 2336 1644 2399 jejuniorum,
1673 2354 1817 2401 quam
1854 2339 2002 2403 magis
2037 2340 2261 2386 vitiorum
2294 2357 2435 2404 quam

319 2402 536 2459 ciborum
561 2412 814 2461 Christiani
844 2424 1101 2479 appetunt,
1125 2415 1300 2480 siquid
1325 2415 1531 2464 ecclesiae
1555 2418 1841 2465 institutioni
1862 2419 2117 2483 superaddi
2141 2419 2406 2467 decreveris
2423 2458 2433 2478 ,

319 2490 681 2539 deliberandum
709 2503 801 2554 est,
825 2504 873 2541 et
896 2494 1030 2558 quod
1054 2494 1195 2542 nobis
1221 2495 1414 2561 expedit
1440 2496 1799 2544 instituendum.
1823 2499 2026 2545 Maxime
2044 2516 2158 2546 vero
2186 2500 2246 2546 de
2272 2499 2437 2547 officiis

318 2569 639 2618 ecclesiasticis
655 2608 668 2632 ‚
697 2582 743 2619 et
759 2572 819 2620 de
839 2573 1142 2622 ordinatione
1161 2574 1455 2639 psalmorum
1485 2575 1840 2640 providendum
1865 2587 1935 2629 est
1956 2596 1968 2637 ;
1993 2588 2043 2624 ut
2061 2578 2108 2624 in
2126 2578 2221 2625 hoc
2240 2579 2492 2643 saltem‘hg‘

317 2652 355 2696 si
372 2651 554 2716 placet,
578 2663 790 2700 nostram
816 2670 1044 2701 exoneres
1070 2654 1410 2702 infirmitatem.
1441 2659 1509 2703 Ne
1519 2673 1669 2721 quum
1682 2657 1968 2705 Psalteriam
1982 2674 2067 2723 per
2079 2653 2431 2714 hebdomaddm

317 2730 612 2795 expleamus,
633 2733 827 2780 eosdem
854 2750 1044 2781 necesse
1068 2735 1126 2782 sit
1144 2735 1353 2800 psalmos
1375 2736 1721 2803 repeti3Quam
1748 2738 1889 2785 etiam
1908 2738 2074 2786 beatus
2098 2739 2378 2799 Benedictus
2392 2743 2431 2799 ¹²,

318 2827 466 2873 quum
486 2828 592 2858 eam
617 2829 705 2877 pro
725 2815 828 2859 visu
854 2830 942 2860 suo
967 2813 1305 2874 distribuisset,
1338 2816 1387 2861 in
1413 2815 1616 2863 aliorum
1639 2834 1833 2882 quoque
1852 2819 2039 2865 actione
2065 2836 2146 2866 sua
2174 2820 2225 2866 id
2251 2820 2436 2885 reliquit

318 2889 606 2938 admonitio:
623 2902 676 2938 ut
694 2892 827 2940 sicui
852 2892 1024 2940 melius
1047 2893 1289 2942 videretur
1313 2894 1449 2942 aliter
1467 2896 1596 2961 ipsos
1612 2896 1871 2945 ordinaret.
1903 2900 2162 2947 Attendens
2186 2901 2404 2948 videlicet
2420 2940 2431 2961 ,

317 2969 449 3032 quod
479 2986 566 3035 per
597 2979 870 3035 temporum
896 2973 1246 3020 successionem
1273 2973 1479 3022 ecclesiae
1516 2975 1663 3023 decor
1693 2978 1921 3038 creverit,
1943 2988 1988 3025 et
2018 2996 2122 3043 quae
2148 2980 2280 3045 prius
2314 2981 2433 3028 rude

316 3059 586 3114 susceperat
625 3049 1014 3110 fundamentum,
1055 3052 1367 3117 postmodum
1409 3053 1594 3102 aedificii
1631 3066 1768 3103 nacta
1810 3067 1879 3104 est
1917 3070 2269 3107 ornamentum.
2312 3060 2433 3108 lllud

316 3138 475 3176 autem
509 3145 606 3194 prae
629 3129 854 3177 omnibus
874 3130 1079 3179 diffinire
1104 3142 1150 3180 te
1166 3133 1411 3194 volumus,
1431 3134 1548 3198 quid
1572 3135 1633 3183 de
1659 3136 1929 3201 evangelica
1956 3138 2159 3187 lectione
2194 3141 2244 3188 in
2266 3141 2430 3206 vigiliis

363 3303 370 3319 ¹
397 3302 451 3336 Sic
468 3302 507 3336 1).
521 3320 543 3328 -
562 3305 675 3337 Verum
700 3313 730 3337 et
748 3308 884 3338 mundus
901 3305 987 3340 Edit.
1013 3306 1107 3341 Arnh.
1125 3326 1166 3332 —
1184 3307 1197 3325 ³
1215 3308 1348 3347 Joann„
1393 3319 1468 3352 cap.
1488 3320 1509 3342 x
1521 3334 1529 3350 ,
1547 3320 1576 3343 v.
1596 3311 1717 3343 39.—⁹
1731 3312 1880 3353 Coyitant
1894 3313 2031 3348 altiss-1
2045 3315 2073 3333 ¹⁰
2086 3316 2226 3350 Corinth.
2243 3319 2278 3357 Ι,
2292 3328 2364 3360 cap.
2380 3330 2424 3351 ix.

316 3368 387 3402 cap.
410 3369 485 3399 xix,
511 3370 542 3393 v.
567 3361 629 3400 26,
655 3362 709 3394 27.
726 3379 760 3385 -—
778 3361 791 3378 ³
809 3362 956 3396 Providit
983 3362 1049 3395 MS.
1070 3364 1165 3397 Amb.
1189 3382 1227 3388 -
1246 3363 1260 3381 ⁴
1275 3366 1346 3398 Act.
1392 3376 1425 3398 v.
1446 3367 1496 3398 11.
1509 3383 1541 3389 —-
1556 3366 1583 3383 ¹¹
1599 3367 1709 3406 Num„
1725 3378 1798 3410 cap.
1816 3379 1911 3410 xviii,
1931 3382 1959 3404 v.
1977 3373 2030 3405 21.
2069 3392 2073 3394 -
2106 3372 2133 3390 ¹²
2148 3373 2226 3416 Reg.
2242 3374 2276 3406 S.
2291 3374 2424 3412 Bcned.‚

314 3416 440 3455 Apo-u„
454 3425 528 3458 cap.
542 3426 637 3449 v1.—
651 3415 664 3433 ⁸
681 3416 827 3451 Thessal.
840 3418 891 3457 Π,
905 3428 979 3462 cap.
999 3429 1053 3458 ιιι,
1070 3429 1102 3452 v.
1123 3421 1226 3453 10.-
1242 3420 1255 3438 ⁶
1268 3419 1348 3464 neg.
1394 3432 1467 3465 cap.
1483 3432 1572 3455 xvm.

314 3470 351 3503 S.
382 3469 520 3510 Bened„
542 3481 616 3515 cap.
645 3483 754 3506 xtvm.
775 3490 819 3498 —-
838 3473 850 3490 '¹
876 3474 1009 3516 [qnam'a
1031 3474 1125 3508 Rus.
1149 3493 1190 3499 —
1217 3475 1230 3493 ⁸
1255 3476 1349 3516 Luc„
