2970 4152
497 421 589 466 500
1293 414 1811 477 PETRrAssAELAmn

495 512 825 568 obstruuntur,
852 509 1085 555 refluxum
1107 507 1291 555 habent
1313 508 1361 554 in
1384 518 1584 566 terram,
1611 508 1793 555 habent
1815 525 1913 554 non
1937 507 2142 554 liberum
2171 507 2349 554 exitum
2377 509 2426 554 in
2458 525 2604 555 mare.

496 592 570 638 Sic
593 601 702 656 post
724 588 1120 636 resurrectionem
1142 588 1355 646 Domini,
1377 598 1634 655 antequam
1653 588 1940 652 septiformis
1957 587 2105 651 gratia
2123 587 2324 652 Spiritus
2341 587 2609 635 effundere-

498 682 573 718 tur
597 672 645 716 in
669 686 897 732 magnum
919 684 1049 715 mare
1071 668 1346 726 nationum,
1373 667 1662 731 quibusdam
1684 668 1819 732 quasi
1841 668 2013 726 arenis,
2039 677 2184 714 vento
2207 667 2369 726 flante,
2393 667 2610 715 obstrue-

496 752 637 798 batur
659 751 829 797 ssuvius
852 750 964 808 iste3
991 748 1109 796 dum
1137 758 1268 795 metu
1296 747 1568 795 Judaeorum
1597 748 1801 812 apostoli
1824 748 2103 812 compressi,
2127 747 2187 794 de
2214 746 2398 806 Judaea,
2434 748 2483 793 in
2518 764 2611 812 qua

498 842 598 878 erat
621 831 743 877 facta
765 830 970 888 caecitas,
996 839 1226 892 tanquam
1256 828 1316 874 de
1350 831 1550 892 AEgypto
1580 827 1742 890 egredi
1771 844 1871 873 non
1902 826 2319 891 permittebantur,
2350 836 2404 873 ut
2430 826 2491 874 de
2518 826 2614 873 hoc

499 911 644 957 fluvio
667 927 753 975 per
775 909 1163 974 praedicationem
1185 925 1320 954 suam
1344 918 1505 971 gentes
1528 906 1794 953 reficerent.
1816 906 1944 963 Quid
1967 907 2097 953 enim
2119 917 2306 965 ventus,
2331 907 2422 953 nisi
2444 906 2614 953 diabo-

499 993 588 1039 lica
609 991 872 1055 suggestio?
896 990 1023 1048 Quid
1051 1006 1228 1048 arenae,
1254 990 1344 1035 nisi
1373 989 1455 1052 qui
1485 988 1666 1034 influxu
1695 987 1850 1034 saeculi
1879 1004 1966 1052 per
1997 987 2435 1051 concupiscentiam
2465 997 2614 1034 terre-

499 1090 675 1120 norum
697 1072 791 1118 huc
814 1071 1020 1135 illucque
1043 1070 1286 1117 defluunt?
1309 1073 1464 1117 Vento
1488 1070 1647 1132 itaque
1676 1068 1822 1114 flante
1839 1105 1850 1127 ,
1877 1084 2020 1114 arena
2042 1067 2284 1114 cumulata
2304 1067 2503 1114 fluvium
2525 1066 2614 1113 ob·

499 1153 658 1211 struit,
680 1151 796 1198 dum
813 1151 1046 1216 cupiditas
1063 1150 1336 1196 Judaeorum
1349 1148 1510 1195 locum
1524 1147 1599 1194 vel
1613 1158 1803 1211 gentem
1817 1148 2032 1194 amittere
2050 1157 2285 1206 metuens,
2305 1146 2615 1211 apostolicam

500 1234 759 1299 compescit
788 1233 1192 1298 praedicationem.
1220 1232 1313 1278 Sed
1341 1231 1436 1277 hoc
1464 1229 1776 1295 postmodum
1810 1239 1942 1276 metu
1973 1229 2033 1276 de
2067 1229 2295 1276 cordibus
2328 1245 2496 1275 eorum
2529 1244 2617 1292 per

500 1316 727 1380 Spiritum
749 1325 968 1362 sanctum
990 1313 1208 1378 expulso,
1235 1312 1385 1376 ruptis
1408 1312 1580 1370 arenis,
1605 1310 1753 1357 libere
1777 1310 1948 1357 fluvius
1975 1310 2023 1356 in
2049 1326 2180 1356 mare
2203 1309 2392 1369 defluit,
2418 1309 2536 1356 dum
2555 1308 2617 1355 ad

500 1407 662 1460 gentes
672 1396 732 1443 de
742 1398 765 1442 J
768 1395 901 1443 udaea
917 1395 1190 1460 praedicatio
1205 1392 1483 1457 apostolica,
1497 1392 1632 1438 omni
1645 1392 1830 1438 timoris
1847 1390 2096 1438 obstaculo
2112 1390 2322 1455 repulso,
2343 1399 2618 1437 constanter

502 1477 665 1535 exivit,
701 1477 821 1523 sicut
849 1493 973 1522 unus
1003 1492 1171 1521 eorum
1201 1473 1465 1538 intrepidus
1494 1473 1559 1519 ait
1586 1491 1595 1518 :
1627 1472 1818 1519 «Vobis
1841 1471 2096 1536 oportebat
2123 1472 2335 1535 primum
2363 1470 2621 1535 praedicare

504 1558 702 1604 verbum
725 1558 811 1605 Dei
841 1576 850 1603 z
877 1557 961 1604 sed
990 1556 1100 1620 quia
1128 1572 1215 1602 vos
1243 1554 1466 1617 indignos
1496 1563 1680 1599 aeternae
1710 1553 1816 1599 vitae
1842 1551 2112 1615 judicastis,
2151 1568 2261 1598 ecce
2296 1551 2621 1598 convertimur

503 1636 563 1683 ad
587 1647 765 1700 gentes.
790 1656 811 1681 »
838 1637 962 1694 Quia
989 1646 1149 1682 tamen
1174 1634 1292 1680 dum
1315 1634 1363 1679 in
1387 1632 1547 1679 Judaea
1569 1632 1858 1679 tenebantur
1880 1631 2118 1690 conclusi,
2144 1646 2452 1695 nequaquam
2473 1646 2501 1677 a
2522 1630 2620 1677 fru-

502 1728 581 1763 ctu
611 1734 806 1781 prorsus
835 1725 970 1763 erant
994 1715 1155 1773 vacui,
1182 1731 1331 1778 quum
1366 1713 1431 1759 ibi
1464 1729 1658 1777 quoque
1680 1711 1968 1758 nonnullam
1987 1711 2243 1758 hominum
2265 1710 2622 1780 multitudinem

503 1802 604 1846 Deo
636 1799 952 1856 lucrarentur,
984 1796 1236 1862 praedictus
1272 1795 1467 1853 fluvius,
1503 1794 1554 1841 id
1588 1804 1658 1841 est
1692 1794 1928 1853 Christus,
1968 1793 2182 1857 quodam
2216 1792 2282 1840 ibi
2311 1810 2399 1840 suo
2439 1792 2622 1839 refluxu

504 1879 826 1938 fructificavit,
852 1888 1110 1947 antequam
1131 1877 1181 1923 in
1203 1876 1493 1923 immensum
1514 1891 1646 1922 mare
1670 1874 1882 1939 gentium
1904 1873 2119 1921 defluens
2140 1873 2388 1921 ecclesiam
2408 1872 2622 1937 undique

504 1960 760 2024 colligeret.
2582 1995 2594 2008 .

572 2043 829 2086 Ascensum
853 2040 1012 2103 itaque
1032 2038 1163 2085 fluvii
1180 2038 1369 2102 AEgypti
1386 2036 1620 2084 refluxum
1638 2036 1906 2101 expositum
1925 2035 1975 2082 in
1992 2034 2204 2081 Judaeam
2221 2034 2336 2081 dicit
2347 2071 2358 2093 ,
2379 2050 2434 2080 ac
2449 2033 2594 2081 deind

508 2120 678 2166 ordine
701 2136 916 2182 congruo
939 2119 1184 2165 defluxum
1206 2118 1306 2181 ejus
1328 2118 1376 2163 in
1400 2117 1679 2164 universum
1709 2116 1949 2163 mundum
1982 2115 2044 2162 ad
2078 2114 2225 2161 corda
2259 2114 2473 2177 gentium
2502 2114 2624 2161 irro-

508 2201 660 2248 randa
682 2200 925 2264 supponit.
953 2198 1097 2256 Quod
1119 2215 1269 2263 quum
1291 2198 1485 2244 nonnisi
1507 2207 1617 2262 post
1638 2197 1968 2243 ascensionem
1986 2195 2206 2254 Domini,
2228 2204 2275 2241 et
2292 2194 2491 2258 Spiritus
2515 2210 2626 2241 san-

510 2282 572 2328 cti
595 2281 856 2328 adventum
878 2290 1065 2327 constet
1087 2297 1189 2326 esse
1213 2279 1412 2337 factum,
1439 2288 1566 2325 recte
1589 2278 1650 2324 de
1672 2278 1885 2342 utrisque
1906 2276 2127 2324 subditur
2155 2294 2165 2322 ε
2195 2295 2218 2320 «
2240 2276 2334 2333 Qui
2355 2275 2555 2323 aedificat
2577 2276 2625 2322 in

512 2362 632 2409 coelo
655 2361 985 2408 ascensionem
1006 2377 1165 2419 suam,
1191 2370 1237 2406 et
1260 2358 1537 2406 fasciculum
1559 2375 1700 2405 suum
1727 2374 1871 2422 super
1898 2367 2075 2404 terram
2104 2355 2342 2402 fundabit.
2370 2373 2395 2399 ν,
2425 2357 2532 2402 Non
2564 2355 2630 2402 ait

512 2440 818 2488 solummodo
850 2459 873 2484 «
906 2440 988 2504 qui
1017 2439 1231 2486 ascendit
1258 2439 1307 2485 in
1337 2438 1511 2485 coelum
1529 2475 1540 2496 ,
1576 2456 1599 2481 »
1635 2437 1720 2484 sed
1747 2456 1770 2482 «
1797 2438 1880 2502 qui
1907 2435 2109 2483 aedificat
2130 2429 2193 2482 'in
2229 2435 2351 2482 coelo
2380 2451 2630 2483 ascensum

512 2538 673 2580 suum,
699 2539 721 2565 »
748 2530 801 2567 ut
822 2537 923 2566 non
946 2520 1220 2567 transitoria
1246 2518 1347 2565 haec
1376 2518 1475 2581 ejus
1504 2517 1718 2564 ascensio
1747 2517 2053 2580 intelligatur,
2078 2525 2311 2580 tanquam
2338 2515 2400 2563 ad
2427 2531 2631 2562 conver-

513 2602 746 2648 sationem
783 2611 1022 2648 terrenam
1058 2601 1159 2665 ipse
1192 2600 1366 2646 iterum
1398 2607 1684 2656 revertatur,
1716 2596 1802 2644 sed
1835 2597 2015 2660 absque
2047 2595 2324 2660 hujusmodi
2360 2596 2632 2645 reversione

515 2681 702 2728 firmam
730 2680 796 2728 ibi
830 2681 1055 2745 deinceps
1085 2679 1264 2727 habeat
1297 2679 1615 2726 mansionem.
1648 2677 1944 2724 F'asciculum
1971 2694 2112 2724 suum
2140 2677 2242 2740 jam
2274 2677 2323 2723 in
2358 2676 2479 2723 coelo
2513 2693 2631 2724 con-

514 2764 682 2810 sistens
706 2778 849 2826 super
870 2772 1046 2808 terram
1070 2761 1310 2819 fundavit,
1330 2777 1481 2824 quum
1497 2760 1601 2824 ipso
1624 2759 1800 2824 Spiritu
1822 2768 1988 2805 sancto
2012 2757 2160 2804 corda
2181 2757 2525 2822 discipulorum
2547 2758 2632 2804 ad-

516 2845 611 2891 huc
633 2843 886 2901 dissoluta,
913 2853 959 2889 et
979 2843 1152 2889 timore
1175 2842 1342 2888 mortis
1364 2841 1642 2899 titubantia,
1668 2857 1758 2887 nec
1785 2840 1882 2887 ulla
1910 2838 2189 2886 fortitudine
2223 2839 2370 2886 animi
2403 2838 2602 2886 solidata
2619 2878 2630 2899 ,

516 2941 602 2989 per
623 2924 851 2989 Spiritum
873 2933 1092 2971 sanctum
1113 2922 1163 2969 in
1186 2921 1389 2968 modum
1413 2920 1621 2967 fasciculi
1643 2930 1742 2967 tam
1765 2919 1855 2967 sibi
1883 2936 2029 2984 quam
2057 2919 2264 2966 invicem
2291 2935 2487 2965 summae
2514 2920 2633 2965 cari-

518 3005 840 3052 tatisvinculo
864 3003 1102 3062 astrinxit,
1129 3012 1175 3049 et
1197 3002 1263 3049 sic
1286 3002 1430 3048 etiam
1451 3017 1594 3065 super
1614 3010 1792 3047 terram
1814 3017 1898 3047 eos
1920 2999 2162 3058 fundavit,
2186 2999 2282 3045 hoc
2303 3009 2374 3045 est
2395 2999 2444 3045 in
2477 3000 2634 3061 omni-

524 3085 610 3131 bus
632 3083 935 3131 confirmavit
954 3083 1119 3142 bonis,
1152 3092 1204 3128 ut
1225 3082 1315 3146 ipsi
1337 3081 1480 3127 etiam
1502 3081 1552 3126 in
1575 3080 1784 3127 Ecclesia
1806 3078 2026 3145 quaedam
2048 3079 2252 3127 aliorum
2274 3077 2442 3125 fierent
2463 3078 2634 3126 funda-

524 3174 707 3222 menta,
728 3165 861 3227 juxta
882 3164 999 3210 illud
1021 3163 1154 3227 quod
1183 3161 1244 3208 de
1272 3162 1373 3226 ipsa
1401 3159 1682 3225 praedixerat
1709 3159 1980 3206 Psalmista’
2004 3177 2017 3204 ι
2046 3178 2070 3203 «
2101 3157 2431 3204 Fundamenta
2458 3158 2558 3221 ejus
2587 3159 2634 3206 in

526 3243 768 3289 montibus
791 3244 980 3289 sanctis.
1000 3262 1023 3287 υ
1044 3247 1200 3307 Aquas
1223 3251 1383 3289 autem
1405 3240 1548 3286 maris
1570 3237 1714 3286 salsas
1736 3255 1836 3285 esse
1854 3247 2058 3285 constat.
2083 3240 2138 3283 Et
2156 3237 2357 3301 amplius
2372 3236 2496 3283 bene
2515 3237 2604 3284 ait³
2623 3257 2632 3284 t

530 3325 670 3369 «Vos
693 3321 802 3368 estis
830 3321 898 3368 sal
929 3331 1086 3381 terrae,
1114 3340 1137 3366 »
1162 3338 1260 3386 quo
1288 3319 1511 3367 videlicet
1537 3328 1726 3365 terrena
1754 3318 1902 3366 corda
1937 3316 2209 3365 condienda
2240 3301 2374 3375 must,
2405 3326 2453 3363 et
2483 3326 2637 3363 vestra

572 3505 582 3522 ¹
608 3506 683 3538 Act.
696 3505 820 3545 Apost.,
834 3514 907 3547 cap.
924 3515 999 3545 xm,
1020 3515 1048 3537 v.
1069 3506 1124 3537 40.
1138 3522 1175 3529 —
1192 3502 1205 3520 ⁸
1227 3503 1343 3538 Psalm.
1365 3514 1483 3536 Lxxxw
1496 3528 1504 3543 ,
1523 3514 1554 3535 v.
1577 3505 1605 3535 1.
1623 3520 1661 3525 --
1678 3501 1689 3518 ³
1708 3501 1836 3543 Matth„
1852 3511 1926 3544 cap.
1947 3512 1979 3542 v,
1999 3512 2029 3534 v.
2051 3502 2102 3535 13.
