2970 4152
1305 471 1588 519 CARMlNA.
2415 471 2508 517 307

385 566 593 613 historice
644 565 754 614 libri
798 566 1007 632 capitulo
1050 583 1132 614 x1x
1177 566 1471 614 disertissimi
1516 564 1665 627 Judaei
1703 564 1915 612 Philonis
1958 563 2123 612 laudes
2164 581 2274 629 erga
2314 565 2507 612 Alexan·

386 644 576 692 drinam
626 646 715 693 sub
755 649 915 694 Marco
962 646 1220 697 Ecclesiam
1266 661 1652 694 commemorans
1691 645 1815 692 inter
1864 655 2032 692 caetera
2075 644 2352 708 adjecit¹....
2398 648 2508 692 Post

385 741 538 789 pauca
567 743 756 774 rursum
779 728 922 775 etiam
960 727 1021 775 de
1045 744 1104 776 eo
1133 727 1267 792 quod
1293 726 1504 793 psalmos
1536 725 1709 772 faciant
1742 741 1921 785 novos,
1962 725 2028 772 ita
2053 725 2238 791 scripsit
2262 744 2272 772 :
2299 744 2324 770 «
2345 728 2507 790 Itaque

385 822 485 853 non
524 806 680 854 solum
716 807 960 856 subtilium
993 807 1263 873 intelligunt
1294 807 1504 872 hymnos
1536 815 1775 865 veterum,
1828 805 1913 852 sed
1948 805 2038 870 ipsi
2071 805 2248 853 faciunt
2283 822 2435 853 novos
2458 807 2505 852 in

385 889 566 948 Deum,
595 888 819 936 omnibus
843 905 927 936 eos
943 899 990 937 et
1015 890 1177 938 metris
1199 899 1248 937 et
1276 889 1406 936 sonis
1432 888 1635 935 honesta
1658 886 1767 934 satis
1784 895 1831 934 et
1854 887 1985 934 suavi
2003 902 2234 951 compage
2257 885 2508 934 modulan-

384 977 470 1014 tes.
494 986 518 1012 »
549 967 688 1016 Haud
710 968 919 1019 fortassis
939 970 1259 1035 incongruum
1278 979 1348 1017 est
1367 985 1535 1016 omnes
1551 967 1762 1034 psalmos
1788 965 2007 1014 hebraice
2027 977 2179 1014 metro
2191 966 2268 1015 vel
2280 966 2505 1031 rhythmo

384 1049 675 1114 compositos
699 1059 746 1096 et
776 1049 944 1097 melica
968 1050 1222 1098 dulcedine
1253 1050 1474 1098 conditos
1508 1048 1736 1115 appellari
1760 1048 1901 1095 etiam
1932 1047 2163 1111 hymnos,
2199 1048 2331 1112 juxta
2355 1048 2506 1113 ipsam

381 1127 599 1177 videlicet
611 1130 904 1194 hymnorum
929 1131 1260 1180 definitionem
1279 1147 1424 1196 quam
1449 1131 1499 1177 in
1518 1129 1794 1196 praefatione
1811 1129 1969 1194 prima
1985 1129 2249 1193 posuimus.
2277 1132 2334 1176 At
2356 1146 2506 1193 quum

375 1209 476 1272 jam
502 1210 673 1276 psahni
706 1228 763 1258 ex
791 1211 984 1259 hebraeo
1014 1212 1236 1260 iwaliam
1263 1212 1476 1276 linguam
1501 1209 1712 1258 translati
1739 1225 1767 1256 a
1790 1207 2002 1273 rhythmi
2027 1207 2102 1256 vel
2126 1210 2264 1257 metri
2291 1209 2393 1273 lege
2429 1227 2506 1256 so—

380 1289 597 1350 lutisint,
625 1283 839 1339 bene'ad
861 1292 1093 1358 Ephesios
1118 1293 1202 1357 qui
1227 1292 1378 1339 Graeci
1403 1301 1514 1339 sunt
1540 1290 1791 1356 Apostolus
1817 1289 2028 1337 scribens
2058 1291 2311 1355 separatim
2336 1307 2364 1336 a
2385 1290 2508 1355 psal-

382 1371 472 1418 mis
498 1370 706 1435 hymnos
732 1371 944 1420 distinxit
975 1373 1096 1421 sicut
1118 1384 1165 1421 et
1194 1374 1393 1421 cantica.

446 1454 517 1500 De
531 1451 610 1499 ‚his
634 1454 792 1518 itaque
823 1455 1063 1518 quoniam
1078 1464 1297 1502 nostrum
1332 1470 1455 1519 saepe
1476 1452 1768 1518 ingeniolum
1785 1488 1797 1511 ,
1835 1450 2148 1498 dilectissimae
2175 1450 2347 1498 Christi
2374 1450 2502 1508 filiae,

380 1530 540 1579 multis
563 1532 786 1598 precibus
820 1534 1109 1598 pulsavistis,
1150 1534 1380 1582 addentes
1412 1535 1607 1599 insuper
1643 1532 1817 1598 quibus
1846 1532 1908 1580 de
1932 1532 2083 1579 causis
2116 1531 2166 1578 id
2189 1532 2504 1579 necessarium

379 1610 516 1659 vobis
537 1612 775 1673 videatur,
790 1623 957 1662 vestrae
969 1614 1069 1678 jam
1087 1615 1323 1680 petitioni,
1345 1625 1490 1680 prout
1499 1614 1736 1662 Dominus
1751 1613 1989 1672 annuerit,
2011 1629 2069 1660 ex
2083 1622 2217 1677 parte
2241 1612 2500 1677 paruimus.

379 1692 623 1757 Superiori
645 1710 853 1759 namque
875 1694 1036 1742 libello
1064 1695 1370 1760 quotidianos
1394 1695 1617 1745 feriarum
1635 1694 1841 1758 hymnos
1871 1694 1954 1758 qui
1979 1693 2066 1740 toti
2090 1691 2306 1740 sufficere
2324 1693 2506 1758 possint

379 1771 694 1821 hebdomadae
717 1775 1187 1841 comprehendimus.
1206 1779 1340 1834 Quos
1361 1776 1425 1823 ita
1443 1775 1736 1842 compositos
1755 1790 1855 1822 esse
1873 1774 2169 1838 cognoscatis
2193 1783 2245 1821 ut
2258 1773 2507 1839 bipartitus

348 1869 355 1876 ·
378 1853 437 1900 sit
460 1870 628 1901 eorum
648 1865 815 1903 cantus
839 1856 959 1903 sicut
983 1866 1030 1904 et
1055 1856 1331 1921 rhythmus,
1356 1867 1404 1904 et
1428 1857 1486 1904 sit
1511 1873 1607 1904 una
1629 1854 1855 1903 omnibus
1879 1855 2125 1902 nocturnis
2151 1854 2358 1902 melodia
2377 1871 2508 1901 com·

377 1935 535 1982 munis
564 1945 706 2001 atque
733 1936 880 1985 altera
916 1937 1123 1998 diurnis,
1162 1939 1228 1986 sic
1264 1949 1312 1987 et
1345 1938 1613 2003 rhythmus.
1647 1941 1894 2001 Hymnum
1927 1936 2073 1984 etiam
2108 1936 2363 2000 gratiarum
2397 1946 2506 2000 post

377 2014 541 2079 epulas
559 2016 903 2065 exsolvendum
918 2035 1017 2066 non
1042 2019 1455 2084 praetermisimus,
1484 2018 1751 2066 secundum
1768 2017 1902 2082 quod
1921 2017 1969 2063 in
1996 2016 2254 2082 Evangelio
2279 2016 2505 2080 scriptum

378 2097 472 2141 est²
498 2114 508 2141 :
542 2115 565 2141 «
595 2099 785 2161 Hymno
810 2097 939 2146 dicto
963 2100 1194 2147 exierunt.
1222 2119 1246 2144 »

441 2178 646 2225 Caeteros
669 2195 783 2226 vero
808 2180 1134 2245 suprapositos
1150 2179 1360 2244 hymnos
1379 2179 1470 2227 hac
1493 2178 1878 2226 consideratione
1908 2177 2189 2242 digessimus
2216 2186 2267 2224 ut
2284 2176 2367 2240 qui
2386 2192 2502 2222 noc-

376 2257 503 2303 turni
539 2268 650 2305 sunt
677 2275 870 2307 suarum
896 2276 1041 2325 opera
1078 2261 1301 2308 feriarum
1331 2260 1634 2320 contineant,
1672 2259 1831 2307 diurni
1868 2268 2029 2307 autem
2059 2259 2275 2324 ipsorum
2299 2273 2501 2322 operum

374 2335 674 2401 allegoricam
696 2356 779 2387 seu
804 2340 1035 2389 moralem
1061 2341 1408 2407 expositionem
1427 2341 1632 2388 tradant.
1655 2344 1806 2406 Atque
1818 2340 1883 2387 ita
1898 2339 2074 2387 factum
2086 2349 2157 2387 est
2173 2349 2227 2387 ut
2241 2337 2502 2386 obscuritas

375 2415 582 2465 historiae
606 2420 760 2479 nocti,
787 2420 868 2468 lux
892 2436 1007 2469 vero
1032 2422 1340 2486 expositionis
1365 2432 1630 2469 reservetur
1646 2421 1757 2469 diei.
1781 2423 1934 2487 Super
1957 2430 2027 2469 est
2051 2420 2112 2468 de
2142 2430 2311 2468 caetero
2336 2419 2501 2466 vestris

379 2512 456 2543 me
476 2499 772 2547 orationibus
796 2501 1010 2564 adjuvari
1037 2511 1090 2548 ut
1119 2512 1337 2567 optatum
1361 2502 1496 2549 vobis
1521 2501 1861 2549 munusculum
1884 2501 2216 2549 transmittam.

817 2763 961 2801 XXIX.
1507 2767 1541 2803 O
1561 2779 1644 2802 vere
1664 2766 1770 2803 beata
1795 2778 1936 2814 pauper
1957 2777 2139 2813 puerpera
2156 2766 2163 2800 !

1508 2827 1623 2874 Cujus
1647 2833 1774 2876 partus
1791 2825 1921 2862 ditavit
1939 2827 2086 2868 omnia3

424 2887 551 2923 Verbo
571 2888 741 2924 Verbum
760 2890 866 2938 virgo
882 2890 1115 2938 concipiens,
1507 2888 1668 2935 Pauper,
1696 2887 1867 2935 inquam,
1887 2885 1951 2922 sed
1970 2886 2064 2922 celsa
2088 2897 2235 2933 genere,

376 2959 382 2968 ·
419 2947 471 2983 Ex
490 2954 526 2983 te
542 2959 650 2983 verus
670 2955 774 2985 ortus
798 2956 855 2985 est
871 2950 995 2985 oriens
1504 2942 1729 2984 Pontific‘um
1746 2953 1783 2982 et
1800 2958 1932 2995 regum
1951 2946 2148 2993 sanguine.

420 3006 450 3041 A
467 3018 542 3055 quo
561 3019 644 3043 vera
667 3006 799 3044 diffusa
825 3008 971 3044 claritas

419 3066 704 3104 circumductas
720 3067 874 3104 abduxit
893 3068 1074 3105 tenebras.
1508 3033 1603 3070 νῆα)
1620 3045 1714 3068 mam
1733 3045 1772 3068 ’Π
1790 3045 1845 3068 ω
1865 3039 2007 3080 pepemt
2020 3060 2029 3075 ’

1506 3093 1721 3140 Hospitium
1739 3105 1813 3129 non
1835 3092 1988 3128 domum
2008 3091 2158 3134 habuit,

1504 3153 1652 3201 Regum
1672 3152 1792 3201 proles
1808 3159 1845 3189 et
1862 3152 1944 3188 coeli
1960 3151 2133 3195 domina,

421 3178 522 3215 Fehx
541 3179 632 3225 ‘hes’
653 3179 726 3216 dm
738 3193 798 3216 um
819 3180 957 3229 gloma'
1505 3213 1579 3249 Pro
1596 3214 1751 3248 cameris
1767 3212 1919 3248 intravit
1937 3210 2094 3248 stabula.

420 3239 543 3287 Hujus
561 3247 666 3276 ortus
682 3253 762 3291 quae
787 3240 880 3277 vidit
898 3240 1033 3289 gaudia
1049 3242 1056 3276 !

419 3298 521 3335 Felix
540 3307 660 3337 mater
675 3313 756 3350 quae
771 3301 893 3337 Deum
914 3300 1064 3350 genuit!
1503 3298 1735 3336 obstetrices
1751 3299 1791 3334 in
1808 3305 1917 3346 partu
1936 3297 2112 3341 deerant,

417 3359 520 3395 Felix
537 3359 641 3397 stella
654 3373 734 3410 quae
753 3361 866 3398 solem
885 3361 1052 3410 peperit!
1501 3358 1575 3396 Sed
1593 3358 1714 3406 angeli
1734 3370 1801 3406 pro
1820 3358 1874 3394 eis
1893 3356 2067 3402 aderant,

417 3529 426 3546 ⁰
454 3529 573 3564 Desunt
590 3531 622 3564 in
637 3531 759 3566 Codice
777 3531 873 3565 verba
885 3531 1027 3565 Eusebii.
1040 3548 1084 3558 -
1106 3531 1122 3549 ¹
1138 3531 1267 3574 Manli„
1287 3541 1360 3575 cap.
1381 3541 1477 3572 xxvi,
1496 3540 1528 3564 v.
1548 3530 1604 3562 30.
1619 3546 1643 3553 -
1658 3528 1772 3569 Marc„
1791 3538 1864 3572 cap.
1884 3539 1953 3569 xiv,
1969 3539 1999 3561 v.
2018 3529 2073 3561 26.
