2970 4152
554 374 649 422 660
1349 374 1520 420 PETRI
1556 374 1868 422 ABAELARDI

551 466 635 514 bili
660 469 826 515 suturae
847 469 953 515 vitae
971 467 1071 530 jam
1102 477 1216 514 tunc
1241 467 1543 532 disponebat.
1570 472 1673 516 Hoc
1699 479 1859 516 autem
1887 467 2123 533 propheta
2145 466 2262 513 dixit
2284 466 2575 531 praeveniens
2594 463 2669 512 fu«

553 557 714 595 turum
738 565 906 595 eorum
929 547 1134 612 lapsum,
1154 564 1215 594 ne
1229 548 1335 611 quis
1360 548 1481 595 forte
1505 566 1655 613 quum
1674 548 1988 614 postmodum
2008 546 2195 594 audiret
2216 562 2299 593 eos
2321 545 2490 610 expelli
2511 545 2572 592 de
2591 560 2672 610 pa·

552 629 712 675 radiso
737 628 969 686 terrestri,
997 627 1270 692 desperaret
1292 628 1353 675 de
1375 628 1570 676 coelesti.

622 730 645 755 «
672 709 876 755 Crescite
905 718 952 754 et
986 708 1384 773 multiplicamini.
1415 729 1439 753 »
1470 711 1601 757 Sicut
1635 710 1851 775 superius
1886 703 2208 755 animantibus
2235 706 2464 771 aquaticis
2499 705 2670 752 dixisse

552 796 862 846 memoratur,
893 807 915 831 «
938 789 1133 835 crescite
1159 798 1206 835 et
1240 788 1621 854 multiplicamini
1644 799 1690 836 et
1712 788 1891 853 replete
1915 804 2063 852 aquas
2085 787 2251 845 maris3
2280 804 2305 830 »
2331 786 2397 833 ita
2416 785 2496 831 hic
2516 784 2672 850 homi-

553 867 694 914 nibus
728 868 896 914 creatis
925 868 1083 914 dicere
1113 879 1352 927 narratur,
1384 871 1623 917 «crescite
1652 879 1699 916 et
1728 868 2110 933 multiplicamini
2137 877 2184 914 et
2212 865 2390 931 replete
2413 875 2620 923 terram3
2644 883 2669 908 »

554 958 606 994 ut
630 947 729 994 haec
752 964 946 1012 quoque
968 948 1149 995 locutio
1175 949 1297 995 sicut
1328 949 1406 996 illa
1438 966 1537 996 non
1569 949 1775 1014 prolatio
1810 948 2067 1005 sermonis,
2098 946 2183 994 sed
2218 945 2467 1010 dispositio
2500 942 2674 990 divinae

552 1029 844 1093 operationis
879 1029 1282 1093 subintelligatur,
1316 1032 1578 1095 praesertim
1600 1047 1752 1094 quum
1781 1029 2003 1076 nondum
2024 1028 2196 1091 linguae
2219 1025 2415 1089 alicujus
2437 1024 2671 1072 institutio

552 1109 673 1155 facta
710 1119 854 1168 esset,
887 1110 1108 1156 nondum
1138 1110 1373 1175 impositis
1406 1110 1466 1157 ab
1494 1110 1646 1157 Adam
1675 1109 1979 1167 nominibuS‚
2011 1108 2132 1154 sicut
2162 1105 2473 1171 postmodum
2511 1104 2673 1151 fecisse

551 1188 752 1235 refertur
776 1208 785 1235 :
812 1190 942 1236 unde
967 1191 1056 1237 ista
1078 1207 1271 1255 quoque
1294 1191 1381 1237 Dei
1403 1190 1583 1236 locutio
1608 1191 1730 1236 sicut
1757 1199 1804 1235 et
1835 1187 2118 1253 supradictae
2152 1203 2253 1233 non
2289 1195 2387 1232 tam
2420 1184 2480 1231 de
2513 1182 2676 1249 prola-

551 1269 682 1315 tione
705 1269 966 1316 verborum
989 1270 1268 1334 accipienda
1287 1270 1490 1329 videtur,
1507 1286 1654 1334 quam
1667 1287 1723 1316 ex
1737 1268 2051 1333 dispositione
2075 1267 2262 1324 divina3
2286 1282 2437 1330 quum
2454 1263 2676 1311 videlicet

552 1349 617 1395 ita
642 1349 702 1395 de
725 1350 837 1414 ipsis
864 1351 1017 1397 facere
1044 1353 1170 1396 Deus
1195 1350 1324 1415 apud
1347 1367 1397 1397 se
1420 1350 1688 1409 ordinaret,
1714 1359 1768 1396 ut
1792 1357 2059 1395 crescerent
2081 1357 2128 1394 et
2153 1345 2599 1410 multiplicarentur,
2624 1342 2675 1390 id

553 1438 623 1474 est
645 1436 943 1475 crementum
965 1429 1373 1494 multiplicationis
1396 1430 1667 1495 acciperent
1686 1429 2029 1476 commixtione
2047 1425 2246 1474 masculi
2262 1436 2310 1473 et
2325 1425 2534 1483 feminae,
2553 1439 2676 1488 quos

547 1509 646 1571 jam
676 1526 819 1573 supra
851 1510 1065 1557 distinxit
1086 1520 1318 1574 tanquam
1341 1511 1402 1557 ad
1423 1510 1518 1557 hoc
1543 1509 1808 1557 masculum
1830 1520 1878 1556 et
1900 1509 2127 1556 feminam
2152 1517 2357 1554 creatos..
2382 1510 2448 1553 Ex
2470 1522 2568 1570 quo
2589 1521 2676 1570 pa-

553 1599 708 1636 tenter
731 1591 961 1649 insinuat,
989 1601 1224 1654 quantum
1248 1607 1274 1637 a
1301 1591 1542 1638 creatione
1570 1591 1658 1638 Dei
1680 1601 1727 1638 et
1754 1590 2054 1637 institutione
2082 1599 2263 1636 naturae
2294 1587 2374 1634 illa
2404 1586 2678 1634 Sodomita-

552 1688 661 1717 rum
684 1670 1020 1718 abominabilis
1040 1672 1318 1719 commixtio
1344 1672 1563 1731 recedat,
1588 1689 1685 1737 qua
1705 1672 1886 1737 seipsos
1911 1681 2100 1719 tantum
2130 1670 2376 1735 polluunt,
2403 1666 2677 1728 nullumde

553 1750 689 1816 prole
726 1751 932 1797 fructum
969 1762 1284 1816 reportantes.
1323 1755 1626 1800 Damnantur
1661 1762 1708 1799 et
1739 1769 1796 1799 ex
1827 1751 1923 1799 hoc
1956 1751 2065 1799 loco
2099 1750 2337 1816 praecipue
2370 1749 2678 1797 damnatores

555 1832 831 1896 nuptiarum
844 1869 855 1890 ,
881 1849 1031 1896 quum
1055 1833 1222 1897 primis
1243 1832 1522 1880 hominibus
1544 1833 1739 1893 creatis,
1763 1849 1819 1880 ex
1841 1832 2122 1880 auctoritate
2139 1830 2385 1878 dominica
2401 1829 2678 1893 conjugium

555 1913 715 1960 statim
738 1912 973 1959 sancitum
996 1913 1071 1959 sit.

624 2011 647 2035 «
667 1992 998 2039 Animantibus
1022 2010 1127 2057 quae
1149 2003 1406 2040 moventur
1428 2007 1571 2059 super
1594 2003 1821 2042 terram.»
1843 1992 1988 2052 Quod
2014 1989 2230 2057 adjungit
2252 2012 2275 2038 «
2293 2005 2399 2056 quae
2422 2001 2680 2039 moventur

555 2088 698 2136 super
720 2082 920 2131 terram,
937 2091 959 2117 »
986 2083 1144 2137 potest
1166 2073 1318 2120 videri
1342 2074 1562 2121 additum
1575 2091 1677 2122 esse
1691 2075 1752 2123 ad
1769 2074 2093 2122 exclusionem
2106 2084 2206 2121 tam
2224 2073 2487 2120 coelestium
2505 2073 2681 2133 anima·

553 2152 689 2210 lium,
706 2152 840 2214 juxta
858 2151 987 2199 illam
1000 2153 1178 2199 scilicet
1196 2153 1479 2217 opinionem
1497 2153 1917 2219 philosophorum,
1934 2170 2030 2218 qua
2046 2153 2201 2200 sidera
2218 2153 2335 2200 deos
2352 2151 2612 2217 appellant,
2629 2151 2680 2198 id

554 2242 625 2278 est
636 2231 856 2279 animalia
866 2233 1134 2293 rationalia,-
1143 2233 1448 2292 immortalia,
1459 2233 1785 2298 impassibilia,
1801 2249 1948 2298 quam
1959 2249 2227 2291 aereorum,
2239 2233 2290 2279 id
2302 2242 2373 2279 est
2382 2232 2657 2279 daemonum
2665 2268 2676 2279 .

625 2331 648 2357 «
671 2316 792 2359 Ecce
815 2312 944 2359 dedi.
967 2331 989 2356 »
1015 2316 1079 2359 Ac
1100 2313 1139 2359 si
1162 2313 1363 2372 diceret,
1390 2314 1439 2360 in
1463 2315 1684 2378 praesenti
1706 2324 1924 2379 tempore
1947 2314 2046 2360 sive
2066 2313 2176 2360 loco
2191 2350 2202 2371 ,
2231 2313 2343 2376 quia
2367 2322 2414 2359 et
2434 2322 2544 2377 post
2564 2311 2683 2359 dilu-

559 2391 691 2437 vium
723 2392 941 2437 carnium
967 2395 1162 2455 qucque
1196 2408 1331 2438 esum
1365 2391 1553 2439 homini
1587 2393 1825 2439 Dominus
1861 2391 2073 2440 indulsit.
2112 2391 2206 2438 Sed
2241 2407 2392 2455 quum
2427 2390 2683 2438 nonnullas

561 2471 709 2519 modo
732 2471 907 2520 bestias
929 2473 1005 2519 vel
1028 2490 1137 2520 aves
1158 2472 1431 2533 videamus,
1453 2473 1627 2538 quibus
1646 2473 1863 2521 carnium
1885 2487 1995 2521 esus
2011 2472 2304 2520 necessarius
2325 2472 2408 2531 sit,
2432 2471 2683 2535 quomodo

494 2574 496 2576 ·
560 2555 633 2600 his
658 2571 853 2618 quoque
875 2555 996 2601 sicut
1017 2554 1206 2601 homini
1228 2554 1536 2602 solummodo
1560 2555 1721 2602 herbae
1746 2565 1794 2603 et
1814 2555 2011 2603 arbores
2034 2571 2165 2601 nunc
2185 2554 2234 2600 in
2258 2570 2392 2600 esum
2414 2551 2684 2600 concedun-

560 2645 654 2692 tur,
680 2636 915 2699 tanquam
947 2635 1047 2682 haec
1070 2635 1159 2682 illis
1183 2636 1395 2700 primum
1417 2635 1714 2696 sufficerent,
1741 2647 1789 2683 et
1813 2637 1904 2684 nisi
1926 2646 2037 2701 post
2058 2645 2310 2700 peccatum
2339 2633 2549 2680 hominis
2577 2650 2682 2682 car·

561 2715 702 2762 nibus
725 2715 1016 2778 indigerent,
1038 2726 1089 2762 ut
1112 2732 1257 2780 poena
1274 2716 1496 2763 videlicet
1517 2716 1731 2763 hominis
1752 2733 1808 2763 ex
1830 2726 2027 2781 peccato
2046 2716 2337 2781 proveniens
2352 2715 2400 2760 in
2420 2730 2475 2761 ea
2490 2728 2685 2779 quoque

561 2794 876 2853 redundaret,
905 2795 1079 2859 quibus
1100 2795 1251 2842 homo
1275 2812 1475 2859 praeesse
1500 2806 1548 2842 et
1572 2796 1813 2843 dominari
1829 2795 2015 2854 habuit,
2038 2804 2091 2841 ut
2113 2794 2204 2841 alia
2225 2793 2403 2840 scilicet
2424 2793 2687 2841 animantia

564 2876 664 2922 aliis
693 2876 741 2921 in
765 2875 984 2939 rapinam
1007 2885 1054 2920 et
1077 2891 1211 2921 esum
1244 2875 1565 2922 traderentur.
1593 2879 1651 2922 Et
1681 2875 1892 2923 fortassis
1920 2874 2051 2922 nulla
2079 2884 2190 2922 sunt
2227 2874 2487 2921 animantia
2518 2874 2579 2920 de
2596 2873 2686 2922 his

564 2972 670 3020 quae
691 2954 839 3000 hodie
862 2955 986 3000 inter
1016 2971 1105 3000 nos
1134 2954 1352 3001 carnium
1383 2954 1652 3018 indigerent
1681 2954 1932 3013 alimento,
1964 2954 2138 3019 quibus
2168 2954 2218 3000 in
2247 2952 2483 3017 aliquibus
2517 2953 2687 3001 mundi

565 3034 780 3098 partibus
805 3033 1043 3080 sufficiens
1066 3050 1173 3080 esus
1196 3034 1393 3098 reperiri
1423 3051 1523 3081 non
1553 3035 1703 3099 possit
1731 3036 1780 3081 in
1810 3034 1977 3082 herbis·
2006 3033 2083 3081 vel
2117 3032 2386 3080 arboribus.
2413 3037 2472 3080 Et
2493 3032 2686 3081 attende

566 3125 799 3178 quantum
821 3114 911 3160 sibi
934 3115 983 3160 in
1009 3113 1234 3161 omnibus
1257 3114 1506 3161 hominem
1527 3114 1641 3161 velit
1671 3114 1898 3174 obedire,
1931 3132 2082 3180 quum
2107 3131 2197 3161 nec
2221 3130 2333 3161 eum
2357 3113 2612 3161 comedere
2633 3124 2687 3162 ut

566 3189 699 3256 vivat*
719 3195 809 3240 nisi
831 3211 916 3258 per
938 3194 1263 3241 obedientiam
1286 3194 1399 3242 velit
1413 3229 1426 3254 ,-
1453 3211 1543 3242 nec
1564 3195 1666 3242 sine
1689 3196 2003 3261 permissione
2030 3212 2115 3243 sua
2138 3194 2402 3260 quidquam
2420 3195 2469 3240 in
2492 3193 2687 3257 quibus-

568 3289 758 3337 cunque
793 3274 1068 3320 necessariis
1103 3275 1361 3338 attingere,
1391 3291 1480 3322 nec
1520 3275 1582 3322 ad
1614 3276 2011 3323 sustentationem
2041 3275 2185 3323 etiam
2218 3274 2339 3321 vitae.
2365 3276 2434 3319 Ex
2467 3289 2566 3337 quo
2600 3289 2685 3338 pa·

566 3364 723 3401 tenter
744 3355 900 3401 innuit
923 3365 1075 3402 totam
1096 3354 1308 3402 hominis
1330 3356 1479 3403 vitam
1502 3357 1696 3405 nonnisi
1717 3357 1768 3405 in
1792 3357 2068 3406 obedientia
2097 3356 2187 3405 Dei
2218 3355 2478 3404 consistere
2494 3391 2506 3415 ‚
2544 3363 2592 3402 et
2623 3353 2686 3402 ad

565 3433 659 3479 hoc
682 3450 793 3481 eum
814 3433 1122 3481 solummodo
1147 3434 1324 3482 debere
1346 3435 1523 3483 vivere.
