2970 4152
981 424 1296 473 EXPOSl'I'lO
1328 424 1389 473 IN
1403 455 1405 457 ·
1421 424 1816 473 HEXAMERON.
2367 424 2452 472 631

344 533 505 571 autem
520 532 569 570 et
583 521 811 585 albugine
833 520 913 568 ovi
934 528 1122 568 constat
1141 517 1328 584 pullum
1347 518 1399 566 in
1422 535 1481 565 eo
1497 518 1694 566 formari
1711 529 1759 566 et
1774 517 1906 565 nasci
1924 534 1938 565 ε
1958 525 2232 579 etaexflerra
2247 516 2322 563 vel
2338 532 2462 581 aqua

343 613 518 653 cuncta
549 602 753 669 produci
774 618 830 650 ac
852 601 1050 649 formari
1079 599 1341 656 animantia
1366 598 1491 646 liber
1512 599 1602 646 iste
1633 608 2000 647 commemorat.
2028 577 2330 662 Sicut⁹igitur
2363 599 2461 646 avis

344 701 440 733 ovo
462 684 746 732 incumbens
767 693 816 731 et
837 683 881 731 ei
903 682 1053 730 nimio
1075 680 1250 729 affectu
1270 697 1323 728 se
1343 679 1590 745 applicans
1608 717 1620 739 ,
1646 680 1805 745 ipsum
1831 679 1992 728 calore
2024 682 2113 727 suo
2151 679 2280 728 fovet
2296 717 2308 739 ,
2340 679 2463 726 sicut

344 763 527 812 dictum
549 774 620 811 est
636 801 648 823 ‚
673 763 860 829 pullum
881 762 1058 810 format
1078 770 1222 826 atque
1239 759 1449 808 vivificat
1467 779 1479 818 ;
1504 760 1572 807 sic
1593 759 1758 807 divina
1777 759 1970 807 bonitas
1999 775 2105 824 quae
2128 759 2329 824 Spiritus
2359 775 2463 806 san-

343 853 447 891 ctus
470 842 766 906 intelligitur,
792 852 839 889 et
860 841 1055 907 proprie
1076 841 1247 888 caritas
1268 840 1359 888 Dei
1381 838 1575 898 dicitur,
1597 855 1702 903 quae
1724 838 1881 886 infusa
1909 838 2134 886 cordibus
2164 838 2380 886 fidelium
2407 855 2462 886 ea

343 921 524 970 fervere
545 923 596 969 in
618 925 776 969 Deum
797 921 932 981 facit,
957 926 1006 968 et
1023 921 1091 968 sic
1113 919 1327 986 quodam
1347 936 1437 968 suo
1459 918 1563 966 fotu
1583 918 1787 966 calentia
1808 917 1992 977 reddit,
2018 917 2086 965 illi
2113 917 2272 965 adhuc
2305 917 2461 965 fluidae

342 1011 390 1049 et
410 1001 620 1049 instabili
641 1002 907 1066 congeriei,
933 1001 1069 1066 quasi
1091 1001 1225 1064 aquis
1247 1015 1447 1066 praeesse
1469 998 1661 1058 dicitur,
1690 1007 1743 1045 ut
1763 997 1878 1045 inde
1903 997 2214 1062 postmodum
2242 998 2459 1044 animan-

342 1082 407 1129 tia
428 1082 688 1147 producat,
714 1083 829 1147 quia
848 1082 916 1130 sic
939 1097 1045 1130 eam
1062 1082 1204 1146 quasi
1221 1080 1312 1145 sub
1335 1097 1385 1128 se
1412 1079 1624 1128 habebat
1641 1117 1653 1138 ,
1680 1078 1775 1126 hoc
1797 1089 1892 1138 est,
1927 1079 1976 1126 in
2011 1096 2097 1127 sua
2125 1089 2383 1143 potestate,
2410 1090 2461 1125 ut

341 1159 454 1208 inde
475 1161 790 1227 postmodum
811 1161 1063 1209 hominem
1091 1170 1140 1208 et
1160 1160 1426 1209 animantia
1450 1169 1620 1207 caetera
1641 1159 1778 1224 quasi
1800 1157 1861 1206 de
1884 1175 1978 1206 ovo
2000 1158 2185 1224 pullum
2208 1158 2458 1218 formaret,

341 1256 397 1288 ac
417 1240 625 1289 formata
644 1240 922 1289 vivificaret.

405 1319 682 1367 Notandum
718 1336 834 1367 vero
871 1318 1007 1385 quod
1042 1319 1128 1367 ubi
1163 1335 1255 1367 nos
1287 1318 1492 1367 dicimus
1522 1338 1546 1363 «
1572 1318 1765 1384 spiritus
1800 1316 1996 1364 Domini
2039 1316 2280 1364 serebatur
2318 1333 2460 1381 super

339 1414 486 1463 aquas
503 1435 516 1456 ,
539 1416 564 1443 »
601 1415 691 1464 pro
728 1400 898 1464 spiritu
927 1398 1210 1446 hebraicum
1235 1397 1385 1447 habet
1411 1398 1587 1455 ruauh,
1622 1397 1756 1462 quod
1790 1406 1891 1445 tam
1919 1396 2140 1462 spiritum
2168 1412 2315 1460 quam
2340 1412 2459 1444 ven-

270 1478 274 1481 ’
338 1488 443 1525 tum
464 1477 654 1542 figurat.
680 1481 739 1526 Et
759 1495 849 1543 pro
868 1495 928 1526 eo
951 1477 1086 1543 quod
1107 1477 1335 1537 dicimus,
1364 1496 1388 1522 ι(
1407 1477 1648 1525 ferebatur
1674 1494 1819 1542 super
1839 1492 2011 1541 aquas,
2032 1495 2055 1521 »ν
2077 1477 2128 1524 in
2155 1476 2349 1524 hebraeo
2371 1487 2457 1535 est,

344 1576 369 1603 «
391 1557 626 1605 volitabat
656 1574 800 1623 super
830 1552 1001 1606 faciem
1035 1573 1270 1622 aquarum
1285 1593 1299 1616 ‚
1323 1575 1348 1601 »
1372 1566 1428 1604 ut
1443 1568 1599 1621 ¹supra
1628 1562 1834 1621 quoqde*
1856 1557 2179 1604 meminimus.
2204 1560 2274 1604 Ex
2294 1574 2392 1621 quo
2415 1568 2461 1604 et

339 1637 544 1686 volitans
563 1637 679 1685 alibi
699 1638 750 1684 in
773 1636 948 1686 eodem
965 1635 1205 1702 propheta
1224 1636 1478 1701 reperitur,
1502 1652 1654 1699 quum
1672 1635 1895 1683 dicitur¹:
1921 1636 2094 1684 «Sicut
2110 1636 2268 1701 aquila
2285 1653 2460 1701 provo-

339 1733 454 1765 cans
474 1717 539 1765 ad
562 1716 826 1765 volandum
858 1716 1016 1783 pullos
1048 1726 1097 1764 et
1126 1732 1271 1781 super
1298 1732 1382 1763 eos
1408 1714 1632 1763 volitans.
1659 1733 1684 1760 υ
1713 1713 1860 1773 Quod
1893 1715 2053 1780 itaque
2082 1715 2257 1765 dicitur
2290 1727 2460 1765 ventus

339 1797 427 1845 Dei
442 1797 545 1861 jam
567 1807 683 1844 tunc
703 1813 848 1862 super
869 1796 1042 1845 faciem
1058 1811 1294 1861 aquarum
1314 1794 1515 1843 volitare
1532 1831 1546 1854 ,
1570 1794 1621 1842 id
1644 1804 1738 1853 est,
1763 1794 1995 1842 ventilare
2007 1831 2019 1854 ‚
2043 1794 2138 1843 tale
2158 1806 2230 1843 est
2252 1796 2460 1844 fortassis

333 1876 466 1939 juxta
492 1875 723 1935 litteram,
750 1892 806 1923 ac
830 1876 870 1923 si
892 1875 1131 1924 diceretur
1154 1893 1164 1922 ε
1189 1873 1325 1940 quod
1340 1875 1444 1938 jam
1476 1883 1592 1922 tunc
1625 1882 1797 1921 ventus
1829 1889 1857 1922 a
1882 1876 1985 1921 Deo
2021 1874 2156 1939 aquis
2188 1875 2427 1923 immissus
2445 1913 2456 1934 ,

338 1970 506 2004 earum
522 1955 823 2019 ,superiorem
844 1964 1031 2020 partem
1046 1991 1060 2014 ‚
1084 1970 1233 2020 quam
1248 1969 1438 2018 semper
1460 1963 1651 2001 constat
1676 1951 1908 2000 leviorem
1938 1969 2039 2001 esse
2068 1954 2117 2001 in
2152 1954 2286 2003 omni
2320 1971 2460 2019 aqua-

338 2050 448 2082 rum
468 2034 691 2098 congerie
703 2070 719 2094 ,
742 2050 932 2083 sursum
958 2033 1192 2099 agitabat,
1220 2042 1275 2081 ut
1294 2031 1517 2082 videlicet
1537 2032 1852 2098 postmodum
1872 2049 2111 2098 suspensae
2131 2032 2453 2082 firmarentur.

339 2116 502 2172 Quum
516 2114 647 2163 enim
661 2113 975 2180 postmodum
987 2115 1076 2163 ait:
1097 2132 1122 2160 «
1131 2114 1233 2162 Fiat
1244 2113 1603 2162 firmamentum
1620 2114 1671 2161 in
1689 2112 1851 2161 medio
1862 2128 2098 2178 aquarum
2110 2132 2121 2172 ;
2135 2132 2160 2158 »
2180 2123 2229 2161 et
2241 2130 2452 2162 rursum:

341 2213 364 2239 «
386 2193 548 2243 divisit
569 2210 719 2260 aquas
741 2211 848 2260 quae
869 2203 1007 2243 erant
1032 2193 1124 2243 sub
1151 2193 1460 2243 firmamento
1481 2193 1544 2242 ab
1565 2193 1640 2241 his
1660 2210 1766 2259 quae
1790 2203 1928 2243 erant
1953 2210 2114 2259 super,
2138 2214 2161 2239 »
2186 2196 2343 2243 innuit
2358 2197 2459 2259 jam

337 2289 417 2324 eas
438 2275 580 2324 fuisse
600 2275 805 2336 divisas,
828 2274 915 2324 sed
940 2274 1165 2324 nondum
1191 2290 1296 2325 esse
1330 2273 1559 2323 firmatas.
1586 2276 1682 2322 Nec
1717 2273 1902 2322 mireris
1935 2272 2030 2321 hoc
2064 2274 2174 2322 loco
2206 2285 2404 2324 ventum
2433 2293 2461 2323 a

337 2355 548 2403 Domino
568 2356 703 2420 aquis
723 2355 991 2404 immissum
1011 2355 1235 2420 spiritum
1258 2354 1456 2402 Domini
1478 2370 1506 2401 a
1526 2355 1691 2417 Moyse
1721 2352 1815 2401 dici
1828 2390 1845 2412 ,
1866 2370 2019 2417 quum
2051 2353 2146 2401 hoc
2180 2354 2311 2403 idem
2345 2372 2458 2420 pro-

337 2433 484 2498 pheta
502 2444 736 2499 tanquam
753 2435 805 2482 in
827 2433 1176 2483 consuetudine
1198 2432 1384 2482 habens
1407 2432 1522 2481 alibi
1544 2433 1730 2481 dicat²:
1754 2452 1777 2477 «
1797 2436 1851 2480 In
1871 2433 2040 2497 spiritu
2059 2432 2230 2480 furoris
2259 2435 2327 2481 tui
2349 2451 2461 2482 con·

338 2523 538 2578 gregatae
556 2523 672 2563 sunt
691 2529 844 2579 aquoe.
867 2532 893 2559 υ
921 2517 981 2562 Et
999 2514 1218 2562 rursum'
1244 2530 1257 2560 ε
1286 2531 1311 2558 «
1329 2512 1480 2561 Flavit
1507 2513 1699 2578 spiritus
1721 2522 1854 2571 tuus»,
1880 2522 1928 2560 et
1949 2513 2138 2577 operuit
2160 2529 2243 2560 eos
2263 2530 2412 2562 mare.
2431 2534 2457 2559 η

340 2593 436 2639 Nec
452 2593 630 2641 mirum
655 2602 856 2641 ventum
877 2608 907 2642 a
923 2593 1135 2641 Domino
1158 2592 1427 2641 immissum
1453 2591 1675 2657 spiritum
1696 2591 1796 2655 ejus
1818 2591 2003 2651 vocari,
2041 2608 2192 2656 quum
2225 2591 2460 2656 malignus

337 2688 533 2737 quoque
553 2673 771 2738 spiritus,
796 2689 1151 2738 nonnunquam
1170 2671 1234 2721 ab
1255 2688 1316 2721 eo
1338 2673 1494 2721 furere
1527 2673 1813 2738 permissus,
1855 2673 2048 2737 spiritus
2078 2673 2272 2720 Domini
2306 2673 2458 2722 malus

338 2761 662 2817 nuncupetur,
686 2753 809 2801 sicut
828 2753 879 2801 in
898 2752 1038 2801 Saule
1059 2751 1277 2817 legimus.

403 2833 530 2878 Bene
551 2841 713 2880 autem
732 2841 904 2880 ventus
923 2832 1060 2897 aquis
1089 2832 1330 2880 immissus
1357 2841 1405 2880 et
1435 2847 1517 2880 eas
1548 2831 1828 2892 sustollens,
1855 2843 1907 2880 ut
1935 2833 2210 2881 universum
2247 2843 2459 2897 tegerent

339 2910 577 2959 mundum
593 2948 606 2971 ‚
636 2921 806 2977 typum
841 2921 1014 2962 nostrae
1051 2912 1425 2977 regenerationis
1461 2929 1519 2961 ex
1552 2929 1678 2978 aqua
1709 2923 1757 2961 et
1783 2914 1950 2979 spiritu
1988 2914 2317 2979 praesignabat.
2354 2919 2457 2964 Hoc

339 2989 470 3038 enim
489 2989 783 3040 elementum
803 2991 1005 3057 Spiritus
1026 3001 1220 3041 sanctus
1240 2993 1420 3041 caeteris
1439 2993 1668 3057 dignitate
1683 2993 1892 3059 praefecit
1911 3010 1967 3044 ac
1989 2996 2316 3060 superposuit,
2339 2996 2457 3044 dum

338 3067 434 3117 hoc
453 3070 499 3118 ei
517 3072 592 3119 sui
614 3071 773 3135 gratiae
793 3070 1083 3122 beneficium
1099 3071 1321 3132 contulit,
1340 3082 1394 3120 ut
1412 3072 1738 3138 quorumlibet
1754 3073 2008 3122 hominum
2023 3090 2147 3138 aqua
2162 3074 2459 3140 baptismatis

338 3148 642 3214 perfusorum
663 3151 886 3200 universa
921 3162 1118 3218 peccata
1144 3153 1215 3203 sic
1247 3162 1522 3217 tegerentur
1553 3153 1629 3202 vel
1662 3153 1960 3213 delerentur,
1998 3163 2051 3202 ut
2081 3171 2171 3202 nec
2201 3155 2457 3204 satisfactio

339 3243 493 3292 poenae
512 3231 778 3297 corporalis
801 3241 1018 3281 restaret.

404 3309 453 3356 Si
474 3310 582 3375 quis
602 3312 748 3360 etiam
776 3311 873 3360 hoc
899 3311 963 3361 ad
994 3311 1263 3362 naturalem
1290 3312 1516 3363 ordinem
1543 3313 1894 3383 elementorum
1915 3315 1980 3364 ita
2002 3315 2198 3375 referat,
2227 3327 2278 3365 ut
2300 3333 2459 3366 aerem

382 3483 393 3501 ¹
412 3484 521 3526 Deae„
541 3496 615 3531 cap.
633 3498 725 3522 xxxn
738 3513 748 3530 ‚
763 3499 795 3523 v.
816 3491 868 3523 11.
880 3506 923 3515 -
935 3490 949 3507 '¹
967 3490 1094 3529 Exod„
1110 3499 1186 3533 cap.
1202 3500 1259 3531 xv,
1277 3500 1307 3524 v.
1327 3490 1362 3524 8.
1377 3508 1421 3516 —
1434 3490 1564 3531 ⁸1bid.,
1580 3502 1611 3524 v.
1637 3493 1686 3524 10.
