2970 4152
503 427 599 472 722.
1402 419 1716 480 APPENfflx.

501 520 620 584 apud
648 522 991 584 Aurigniacum,
1018 522 1138 585 apud
1162 525 1280 570 Occe
1293 525 1321 582 ¹,
1349 534 1393 570 et
1415 524 1766 589 Malpigniacum
1784 560 1796 584 ,
1823 535 1868 571 et
1889 535 2094 572 sanctum
2119 526 2352 574 Flavitum.
2381 528 2617 591 Quidquid

499 601 674 647 habetis
712 603 832 666 apud
867 604 1194 667 Marigniacum
1227 606 1273 650 in
1297 605 1481 652 decimis
1507 618 1551 653 et
1574 607 1819 665 oblatione,
1842 617 1887 652 et
1912 607 2033 669 apud
2057 618 2293 671 utramque
2315 609 2543 656 ecclesiam
2565 610 2620 656 de

500 683 755 744 Bocennay,
783 683 903 745 apud
935 686 1171 743 Ferroum,
1199 685 1319 748 apud
1343 685 1587 749 Capellam,
1615 698 1659 732 et
1694 686 1814 748 apud
1846 687 2020 747 Codes,
2047 688 2168 751 apud
2200 688 2471 749 Calestram,
2501 690 2619 752 apud

500 761 743 821 Maserial²,
767 764 886 826 apud
903 765 1152 811 Bet-nerias.
1181 765 1419 828 Quidquid
1442 766 1575 812 etiam
1600 769 1758 812 Petrus
1774 767 1980 813 sacerdos
2002 767 2058 813 de
2080 769 2369 831 Parrigniaco
2385 770 2513 815 vobis
2536 769 2619 829 do·

503 842 625 886 navit
651 843 697 887 in
721 843 946 903 domibus,
970 846 1128 904 vineis,
1155 863 1233 893 seu
1251 846 1362 892 aliis.
1387 848 1456 892 De
1480 847 1602 892 dono
1630 847 1815 892 Henrici
1838 848 2110 894 Senonensis
2131 850 2475 912 archiepiscopi,
2501 850 2622 896 deci-

502 938 618 967 mam
647 922 702 969 de
731 925 923 988 Lisignis
940 961 952 984 ,
983 937 1028 972 et
1053 937 1227 989 partem
1260 927 1442 973 decimae
1467 928 1521 972 de
1555 928 1880 991 Cuchermeyo.
1920 931 2040 975 Loca
2063 946 2170 976 vero
2206 930 2262 976 de
2297 929 2552 993 Triagnello
2578 941 2622 976 et

501 1003 727 1063 pomario,
757 1006 1135 1069 quemadmodum
1155 1009 1282 1054 vobis
1307 1007 1634 1054 rationabiliter
1655 1025 1862 1055 concessa
1887 1020 2012 1068 sunt,
2041 1027 2143 1056 cum
2166 1011 2385 1057 universis
2406 1011 2623 1074 appendi-

500 1083 578 1128 ciis
615 1085 704 1131 suis
731 1089 997 1134 auctoritate
1026 1089 1150 1135 vobis
1185 1088 1429 1152 apostolica
1456 1088 1774 1136 confirmamus
1791 1125 1803 1148 ,
1832 1100 1878 1136 et
1905 1091 1951 1135 in
1972 1101 2117 1136 vestra
2139 1092 2414 1154 subjectione
2439 1108 2622 1137 manere

498 1161 796 1225 decernimuS,
813 1167 940 1228 juxta
952 1167 1158 1215 videlicet
1175 1169 1515 1232 dispositionem
1535 1168 1847 1215 Paraclitensis
1871 1170 2103 1216 abbatissae
2124 1188 2395 1233 suarumque
2412 1188 2621 1217 sororum

498 1243 721 1302 priorissae
745 1256 999 1294 statuantur
1017 1259 1061 1294 et
1084 1259 1329 1296 mutentur.
1367 1248 1662 1295 Decernimus
1680 1259 1828 1294 autem
1854 1266 1910 1294 ne
1940 1260 2127 1312 propter
2151 1251 2533 1296 consecrationem
2554 1250 2622 1296 vel

498 1323 859 1374 benedictionem
886 1331 1220 1392 percipiendam
1244 1332 1299 1377 de
1323 1332 1594 1377 monasterio
1619 1332 1739 1376 exire
1764 1332 2011 1394 cogamini,
2036 1348 2117 1377 uec
2141 1348 2224 1394 pro
2249 1330 2466 1378 electione
2487 1332 2624 1377 abba·

497 1405 637 1465 tissae,
666 1419 743 1453 aut
769 1408 855 1455 alia
889 1411 1087 1473 qualibet
1117 1413 1348 1458 occasione
1378 1412 1615 1475 episcopus
1643 1411 1711 1457 vel
1742 1410 1855 1458 alius
1879 1428 2120 1475 gravamen
2136 1412 2264 1458 vobis
2285 1411 2352 1457 vel
2372 1411 2622 1458 molestiam

497 1487 676 1534 inferat.
709 1491 780 1543 De
809 1490 1036 1538 laboribus
1062 1494 1195 1538 etiarn
1214 1494 1367 1538 vestris
1391 1511 1468 1539 seu
1491 1492 1759 1539 annualibus
1784 1492 1931 1538 nullus
1949 1510 1975 1539 a
1993 1493 2120 1539 vobis
2146 1492 2339 1538 decimas
2361 1494 2521 1556 exigat.
2552 1493 2623 1539 Ad

497 1567 714 1616 iudicium
738 1560 888 1634 itaque
914 1585 1135 1636 perceptae
1159 1575 1290 1636 hujus
1310 1591 1335 1620 a
1360 1591 1546 1620 romana
1565 1573 1762 1620 Ecclesia
1786 1573 2005 1634 libertatis
2021 1608 2033 1632 ,
2061 1591 2202 1619 unum
2229 1573 2412 1620 obolum
2436 1590 2620 1620 aureum

498 1649 682 1711 singulis
704 1653 834 1698 annis
860 1654 990 1700 nobis
1016 1656 1269 1717 nostrisque
1298 1655 1625 1701 successoribus
1650 1653 1927 1717 persolvetis.
1958 1653 2080 1699 Nulli
2104 1671 2211 1717 ergo
2236 1654 2474 1700 hominum
2495 1653 2626 1700 liceat

499 1730 733 1790 praefatum
761 1736 1084 1781 monasterium.
1106 1745 1272 1781 temere
1290 1735 1576 1797 perturbare,
1599 1745 1676 1781 aut
1701 1735 1794 1797 ejus
1815 1735 2113 1796 possessiones
2138 1733 2340 1792 auferre,
2363 1733 2431 1779 vel
2456 1733 2625 1780 ablatas

499 1810 716 1869 retinere,
747 1813 972 1873 minuere,
999 1826 1083 1877 aut·
1105 1814 1328 1878 aliquibus
1347 1815 1562 1861 molestiis
1588 1815 1798 1877 fatigare3
1829 1814 1905 1860 sed
1929 1815 2080 1860 omnia
2104 1815 2280 1877 integra
2302 1819 2625 1860 conserventur

499 1908 676 1950 carum;
706 1912 788 1957 pro
813 1913 1004 1957 quarum
1027 1897 1384 1943 substentatione
1409 1907 1455 1942 et
1473 1897 1800 1959 gubernatione
1820 1913 2026 1942 concessa
2043 1906 2164 1955 sunt,
2187 1895 2339 1941 usibus
2365 1895 2619 1958 profutura.

502 1970 631 2018 Salva
660 1975 776 2020 sedis
801 1975 1054 2037 apostolicae
1078 1978 1358 2022 auctoritate.
1391 1977 1436 2021 Si
1467 1993 1554 2039 qua
1591 1977 1746 2039 igitur,
1784 1987 1869 2022 etc.
1907 1974 1981 2039 [at
2008 1977 2059 2021 in
2083 1978 2113 2021 I
2140 1977 2407 2022 Innocentl'c'
2426 1974 2620 2040 Epi-ra}

500 2052 667 2097 Datum
686 2053 937 2114 Catalauni,
966 2072 1047 2117 per
1069 2072 1251 2102 manum
1277 2056 1500 2101 Guidonis
1517 2065 1679 2102 sanctae
1704 2055 1934 2118 religionis
1957 2054 2165 2100 Ecclesiae
2189 2054 2367 2100 diaconi
2387 2053 2626 2100 cardinalis

502 2141 545 2175 et
566 2132 842 2191 cancellarii,
863 2133 947 2180 cal.
978 2136 1255 2193 novembris,
1285 2136 1379 2180 ind.
1404 2153 1478 2194 xi,
1507 2136 1833 2197 incarnati-onis
1846 2136 2097 2181 Dominicae
2117 2151 2239 2181 anno
2256 2151 2459 2180 Mchvn
2475 2169 2487 2192 ,
2509 2151 2625 2196 pon-

506 2210 696 2256 tificatus
722 2228 826 2257 vero
851 2212 1236 2276 dominiEugenii
1259 2216 1325 2259 ΙΙΙ
1346 2231 1472 2277 papae
1490 2231 1610 2261 anno
1632 2231 1708 2259 111.

1525 2370 1588 2413 VI
1596 2399 1611 2413 .-

566 2495 823 2540 Anastasius
846 2495 1105 2557 episcopus,
1138 2511 1289 2540 servus
1315 2511 1547 2539 servorum
1574 2493 1687 2552 Dei,
1720 2492 1893 2538 dilectis
1926 2493 1972 2537 in
2007 2492 2188 2538 Christo
2213 2491 2389 2538 filiabus
2411 2493 2624 2540 Heloissae

500 2573 747 2631 abbatissae,
767 2577 1026 2637 caeterisque
1039 2575 1270 2620 sororibus
1294 2575 1338 2619 in
1360 2575 1561 2620 oratorio
1579 2574 1729 2619 Sancti
1748 2573 1958 2635 Spiritus,
1986 2572 2109 2635 quod
2131 2574 2178 2617 in
2197 2590 2311 2635 pago
2334 2575 2561 2633 Trecensi,
2578 2575 2624 2620 in

501 2654 740 2714 parrochia
756 2654 966 2711 Quinceii
984 2671 1118 2716 supra
1134 2654 1320 2700 fluvium
1347 2654 1635 2700 Arduconem
1656 2654 1790 2709 situm
1814 2663 1902 2710 est,
1924 2652 2078 2697 divino
2103 2651 2334 2697 famulatui
2360 2654 2627 2715 mancipatis

502 2742 591 2777 tam
609 2734 900 2795 praesentibus
917 2751 1050 2797 quam
1071 2734 1249 2792 futuris,
1274 2745 1359 2780 etc.
1380 2728 1450 2798 [at
1469 2731 1822 2796 z‘nproecedentc'
1836 2732 2039 2796 Eugenc'z‘
2055 2730 2246 2795 Epzls·t.].
2268 2734 2333 2802 E}
2356 2732 2478 2777 dono
2502 2734 2623 2778 Gau-

502 2814 601 2858 terii
621 2814 859 2876 Rungifer,
879 2825 1073 2876 quatuor
1088 2831 1312 2876 arpennos
1330 2815 1444 2876 prati
1461 2825 1505 2859 et
1519 2824 1713 2876 quatuor
1733 2829 1957 2874 arpennos
1975 2822 2122 2867 terrae,
2141 2811 2436 2874 quadraginta
2455 2810 2623 2859 solidos

502 2910 658 2938 census
683 2903 728 2939 et
750 2910 948 2950 corveaS,
977 2905 1061 2939 etc.
1096 2896 1135 2939 A
1164 2892 1414 2939 Godefrido
1447 2894 1716 2950 monetario,
1750 2889 1902 2938 decem
1936 2885 2100 2936 solidos
2130 2908 2310 2949 census,
2340 2908 2366 2936 a
2388 2887 2626 2937 Fulcherio

503 2976 789 3033 Pentecoste,
819 2985 863 3019 et
893 2974 1106 3037 quicquid
1133 2975 1327 3019 habebat
1362 2975 1407 3018 in
1439 2974 1571 3019 furno
1597 2973 1749 3018 alodii.
1779 2971 2118 3034 Quinquaginta
2139 2970 2304 3016 solidos
2328 2987 2484 3016 census
2503 2971 2624 3016 ade-

505 3054 660 3100 suncto
686 3055 914 3116 Stephano
938 3056 1104 3100 vicario
1134 3065 1177 3099 et
1210 3054 1389 3099 Andrea
1423 3064 1584 3116 nepote
1610 3070 1706 3099 suo.
1743 3053 1958 3114 Quinque
1986 3051 2152 3097 solidos
2187 3067 2342 3097 census
2369 3067 2394 3096 a
2417 3051 2627 3097 defuncta

505 3134 639 3179 Aalis.
670 3137 837 3180 Decem
870 3134 1034 3179 solidos
1066 3151 1222 3180 census
1249 3152 1274 3179 a
1298 3137 1431 3179 Petro
1454 3134 1509 3178 de
1528 3135 1681 3178 Porta.
1710 3131 1938 3194 Quicquid
1957 3131 2129 3176 habetis
2149 3130 2268 3192 apud
2292 3129 2562 3176 Sulimatum
2582 3142 2626 3177 et

507 3215 626 3277 apud
650 3217 857 3259 Pontem.
885 3215 954 3258 Ab
982 3230 1120 3259 uxore
1147 3213 1364 3259 Gualterii
1389 3214 1444 3258 de
1463 3216 1497 3257 F
1500 3214 1704 3258 ontincto
1719 3248 1737 3269 ,θ
1763 3197 1922 3274 viginti
1947 3209 2113 3256 solidos
2135 3227 2292 3256 census
2315 3211 2360 3254 in
2380 3211 2510 3255 terris
2535 3212 2626 3255 Co·

510 3296 642 3341 rileti.
678 3297 797 3342 Loca
834 3312 939 3340 vero
975 3295 1030 3340 de
1065 3294 1347 3358 Triagnello,
1388 3304 1433 3340 et
1467 3294 1678 3339 Pomario
1697 3328 1708 3350 ‚
1748 3303 1793 3337 et
1832 3290 2060 3349 Leavalle,
2093 3289 2471 3353 quemadmodum
2498 3292 2626 3337 vobis

509 3374 837 3422 rationabiliter
850 3392 1055 3421 concessa
1074 3386 1195 3434 sunt,
1210 3386 1295 3421 etc.
1319 3377 1487 3421 Datum
1501 3373 1730 3431 Laterani,
1748 3389 1831 3435 per
1841 3388 2024 3417 manum
2040 3369 2235 3416 Rolandi
2253 3379 2414 3415 sanctae
2430 3386 2627 3415 romanae

558 3519 566 3535 ⁴
594 3519 671 3551 Osse
690 3525 722 3550 ct
737 3514 920 3560 Maupigny.
932 3534 975 3543 —
991 3516 1003 3534 ³
1020 3517 1174 3559 maferey.
