2970 4152
544 404 641 451 414
1343 404 1512 452 PETRl
1547 404 1860 456 ABAELARDI

544 497 681 545 nobis
707 498 936 556 insinuat,
971 497 1085 544 tales
1121 498 1323 545 maxime
1347 514 1374 544 a
1402 501 1504 546 Deo
1535 500 1771 564 ignorari,
1808 520 2014 566 quorum
2043 520 2186 565 opera
2212 507 2358 570 magis
2388 508 2653 573 improbat,

536 580 668 642 juxta
692 578 807 625 illud
826 577 957 641 quod
984 577 1197 642 reprobis
1226 579 1310 646 ait¹
1337 597 1346 625 z
1380 598 1403 624 «
1423 582 1572 627 Amen
1591 580 1707 650 sdico
1733 582 1868 630 vobis
1885 619 1897 642 ,
1925 585 2086 631 nescio
2106 601 2246 632 vos.»
2271 587 2428 635 Primo
2452 588 2656 654 lapidem

540 661 749 725 praecipit
782 658 880 704 tolli
907 659 988 722 qui
1015 668 1258 706 mortuum
1286 660 1487 725 premit,
1511 670 1563 708 ut
1584 662 1706 709 sicut
1723 673 1940 710 mortuus
1959 680 2202 729 resurgere
2227 667 2397 731 possit3
2418 669 2530 732 quia
2554 669 2660 716 tali-
2710 669 2716 675 ”

541 741 652 798 bus,
684 755 744 785 ne
776 738 835 784 de
862 738 1187 802 magnitudine
1211 750 1518 805 peccatorum
1536 740 1816 807 desperent,
1844 742 2138 807 indulgentia
2162 747 2401 810 Evangelii
2426 748 2572 812 magis
2590 759 2661 795 est

543 818 864 885 praedicanda,
886 819 997 883 quia
1016 819 1196 867 dictum
1221 831 1290 867 est
1308 821 1558 868 adulterae²
1579 839 1589 867 z
1614 841 1636 866 «
1654 823 1812 883 Vade,
1835 833 1882 870 et
1899 824 2104 888 amplius
2119 825 2219 872 noli
2236 842 2450 891 peccare,
2468 847 2492 872 »
2513 845 2658 893 quam

540 902 652 966 legis
683 901 730 947 in
757 899 914 965 lapide
945 900 1127 965 scriptae
1152 900 1325 948 duritia
1347 902 1395 948 in
1421 902 1878 950 contaminationem
1902 904 2193 953 inducenda.
2223 907 2310 953 Hic
2333 908 2493 973 itaque
2516 908 2659 973 longa

538 979 882 1027 consuetudine
898 980 1130 1045 peccandi
1143 980 1384 1041 detentus,
1411 992 1457 1028 et
1473 999 1629 1046 pravae
1646 983 2004 1032 consuetudinis
2023 984 2140 1050 jugo
2160 988 2363 1050 graviter
2381 988 2654 1054 depressus,

540 1073 682 1127 atque
706 1063 753 1108 in
779 1071 963 1109 tantum
982 1061 1133 1110 libero
1150 1061 1344 1110 arbitrio
1361 1063 1410 1109 in
1426 1063 1530 1128 ipso
1544 1063 1645 1126 jam
1669 1063 1938 1125 debilitato,
1966 1075 2019 1113 ut
2044 1083 2144 1114 non
2163 1067 2320 1115 solum
2343 1068 2406 1116 ad
2422 1086 2535 1116 eum
2558 1086 2659 1117 sur·

539 1160 648 1207 gere
667 1159 766 1189 non
785 1153 966 1208 posset,
996 1153 1048 1190 ut
1066 1160 1176 1190 eum
1195 1144 1480 1208 requireret,
1505 1143 1589 1190 sed
1608 1161 1697 1191 nec
1715 1161 1804 1210 pro
1823 1162 1873 1193 se
1892 1162 2029 1194 orare
2052 1157 2305 1211 satageret3
2324 1149 2454 1196 venit
2473 1149 2659 1197 adeum

541 1224 807 1271 misericors
838 1224 1093 1283 Dominus,
1116 1241 1265 1287 quum
1291 1224 1334 1271 ei
1359 1224 1586 1287 gemitum
1612 1226 1902 1289 poenitentiae
1928 1226 2150 1292 inspirat,
2179 1237 2226 1275 et
2248 1228 2428 1280 viribus
2458 1230 2658 1278 omnino

540 1306 817 1352 destitutum
837 1305 981 1368 erigat
1000 1315 1243 1369 aegrotum.
1264 1304 1333 1351 Ad
1350 1321 1494 1368 quem
1516 1321 1635 1352 voce
1652 1322 1823 1370 magna
1842 1306 2074 1355 clamans:
2098 1311 2321 1370 «Lazare,
2342 1310 2453 1357 veni
2468 1311 2611 1372 foras,
2632 1331 2655 1356 n

541 1387 645 1452 ipso
671 1385 878 1432 clamore
901 1385 1132 1445 insinuat,
1167 1401 1310 1449 quam
1337 1384 1478 1448 longe
1497 1395 1709 1432 remotus
1737 1386 1817 1433 hic
1852 1386 1913 1433 ab
1946 1404 2004 1434 eo
2037 1387 2246 1436 absistat.
2275 1409 2298 1434 «
2325 1390 2443 1437 Veni
2460 1389 2607 1451 foras,
2631 1409 2655 1436 »

541 1468 721 1532 inquit,
744 1466 838 1512 hoc
857 1476 952 1525 est,
980 1483 1066 1531 per
1082 1466 1384 1530 temetipsum
1404 1464 1592 1530 culpam
1608 1502 1620 1526 ,
1647 1483 1751 1530 quae
1776 1477 1845 1513 est
1866 1467 1915 1514 in
1936 1478 2112 1528 mente,
2130 1469 2329 1534 propala
2342 1470 2654 1532 confessione,

538 1559 584 1596 et
608 1547 803 1614 spiritali
827 1546 1014 1595 medico
1033 1546 1203 1594 vulnus
1228 1546 1452 1605 ostende,
1480 1562 1507 1593 a
1524 1563 1621 1610 quo
1643 1547 1869 1611 suscipias
1894 1548 2202 1613 cataplasma³
2220 1548 2482 1597 medicinae.
2514 1553 2660 1599 Vocat

539 1629 773 1676 Dominus
798 1630 1050 1686 Lazarum,
1071 1643 1220 1691 quum
1237 1626 1476 1691 peccatori
1492 1625 1690 1673 salubris
1707 1627 1996 1691 poenitentiae
2011 1628 2206 1694 inspirat
2224 1630 2468 1693 gemitum.
2487 1633 2540 1678 In
2560 1648 2659 1695 quo

539 1708 733 1773 quidem
760 1707 937 1772 gemitu
964 1716 1180 1753 mortuus
1206 1706 1465 1766 reviviscit,
1495 1706 1607 1770 quia
1633 1722 1762 1753 mors
1791 1707 1987 1779 animae,
2011 1708 2143 1772 quod
2166 1719 2235 1756 est
2265 1719 2538 1774 peccatum,
2573 1727 2660 1776 per

539 1806 649 1837 eum
675 1788 899 1836 abscedit.
921 1787 1111 1852 Quippe
1127 1803 1221 1851 qua
1244 1786 1364 1833 hora
1382 1797 1604 1852 peccator
1622 1787 1905 1851 ingemuerit
1921 1799 2170 1853 peccatum
2191 1806 2355 1850 suum,
2378 1790 2533 1839 salvus
2551 1793 2654 1840 erit.

540 1872 596 1917 Et
622 1871 732 1935 quia
762 1879 870 1935 post
893 1868 1221 1934 poenitentiam
1256 1867 1491 1914 confessio
1516 1877 1661 1914 restat
1684 1869 1892 1932 peccati,
1924 1880 2121 1916 vocatus
2148 1873 2350 1918 Lazarus
2378 1871 2505 1919 foras
2529 1873 2623 1919 exit
2641 1908 2654 1931 ,

540 1952 654 1999 dum
681 1943 730 1999 se
747 1951 982 2017 poenitens
998 1966 1083 2016 per
1108 1949 1457 1996 confessionem
1474 1959 1783 2014 peccatorum
1807 1950 1997 2015 prodit,
2026 1961 2071 1998 et
2099 1951 2160 1999 de
2175 1952 2419 2017 profundo
2435 1953 2660 2001 vitiorum

540 2044 766 2096 tanquam
785 2032 845 2079 de
863 2030 1081 2097 sepulcro
1098 2031 1259 2094 surgit.
1274 2088 1293 2107 ο

596 2113 698 2160 Sed
716 2114 827 2177 quia
851 2112 929 2158 hic
953 2111 1057 2158 talis
1083 2110 1486 2157 excommunicari
1509 2120 1771 2170 meruerat,
1816 2121 1863 2158 et
1895 2111 1955 2158 ab
1982 2112 2191 2159 Ecclesia
2225 2112 2431 2177 expulsis
2458 2113 2659 2161 vinculis

539 2194 848 2242 anathematis
867 2193 1026 2240 adhuc
1048 2191 1268 2255 religatus
1295 2201 1395 2238 erat
1419 2208 1508 2256 pro
1536 2201 1633 2238 tam
1660 2192 1917 2239 manifestis
1945 2192 2224 2240 criminibus
2252 2193 2371 2252 suis,
2397 2194 2658 2259 procedere

540 2276 710 2323 dicitur
739 2275 906 2339 ligatus
935 2272 1082 2339 pedes
1112 2282 1158 2319 et
1183 2288 1375 2332 manus,
1406 2281 1453 2319 et
1481 2271 1673 2319 sudario
1705 2272 1874 2319 faciem
1909 2272 2167 2320 involutus.
2211 2273 2444 2331 Quislibet
2468 2292 2658 2323 excom-

541 2357 807 2404 municatus
824 2371 853 2401 a
877 2353 1102 2420 praelatis,
1142 2353 1225 2416 qui
1247 2353 1347 2415 jam
1379 2368 1465 2416 per
1489 2353 1818 2417 poenitentiam
1840 2362 1886 2399 et
1908 2353 2258 2400 confessionem
2282 2357 2385 2402 Deo
2409 2355 2469 2402 sit
2491 2372 2660 2403 recon-

540 2438 742 2496 ciliatus,
765 2446 923 2483 tamen
949 2434 1009 2481 ab
1034 2434 1145 2498 ipsis
1164 2433 1381 2502 Ecclesiae
1405 2433 1632 2480 ministris
1656 2433 1969 2481 anathematis
1994 2433 2194 2481 vinculis
2216 2444 2287 2481 est
2308 2434 2655 2496 absolvendus3

540 2531 592 2566 ut
615 2518 928 2566 satisfactione
947 2524 1161 2580 peracta,
1183 2514 1479 2561 consortium
1505 2515 1547 2561 ei
1573 2513 1802 2561 reddatur
1821 2513 2035 2562 fidelium
2053 2514 2115 2562 ab
2131 2515 2244 2580 ipsis
2260 2533 2348 2580 per
2364 2533 2486 2581 quos
2510 2517 2660 2566 fuerat

541 2599 772 2647 exclusus.
804 2597 955 2644 Pedes
974 2606 1020 2643 et
1044 2612 1214 2642 manus
1232 2594 1399 2659 ligatos
1416 2593 1562 2641 habet
1575 2631 1587 2654 ,
1608 2595 1687 2641 cui
1701 2594 1859 2642 adhuc
1871 2595 2092 2642 introitus
2111 2595 2328 2644 Ecclesiae
2342 2613 2444 2644 non
2463 2607 2661 2645 estcon-

540 2697 718 2739 cessuS,
754 2688 804 2726 ut
834 2676 1160 2725 satisfactionis
1194 2691 1342 2740 opera
1368 2675 1462 2722 sint
1497 2674 1737 2739 injuncta,
1770 2692 1874 2739 quae
1912 2692 2002 2741 pro
2038 2675 2263 2740 qualitate
2298 2675 2373 2724 vel
2397 2678 2660 2741 quantitate

539 2771 844 2828 peccatorum
870 2775 895 2805 a
924 2756 1124 2823 praelatis
1146 2766 1271 2803 -sunt
1299 2755 1623 2820 imponenda:
1647 2765 1700 2803 ut
1725 2756 1845 2803 sicut
1875 2772 1976 2803 non
2001 2766 2071 2803 est
2103 2756 2314 2804 liber-ad
2336 2757 2659 2806 incedendum

540 2858 637 2906 quo
659 2839 890 2898 voluerit,
926 2838 992 2885 ita
1021 2852 1110 2884 nec
1134 2835 1196 2883 ad
1228 2835 1529 2901 operandum
1557 2835 1691 2900 quod
1715 2836 1816 2901 ipse
1840 2835 2118 2884 decreverit.
2148 2837 2243 2895 Qui
2273 2838 2402 2885 enim
2427 2837 2508 2885 diu
2537 2838 2659 2886 male

538 2921 745 2971 vivendo
770 2920 945 2968 abusus
968 2926 1284 2983 estpotestate
1301 2933 1411 2976 sua,
1435 2916 1535 2980 jam
1552 2933 1652 2963 non
1670 2916 1886 2982 proprio,
1912 2916 1997 2964 sed
2015 2917 2171 2965 alieno
2187 2917 2320 2982 quod
2337 2917 2536 2983 deliquit
2553 2935 2658 2966 cor-

540 3007 688 3070 rigere
707 3003 849 3051 debet
871 3001 1088 3059 arbitrio,
1116 3015 1207 3047 nec
1219 2999 1318 3063 jam
1337 2999 1410 3045 sui
1426 2998 1546 3062 juris
1570 3008 1640 3045 est
1665 2999 1712 3046 in
1738 2998 1910 3046 talibus
1927 2999 2148 3063 agendis,
2178 2998 2263 3047 sed
2284 2999 2442 3047 alieni.
2467 3000 2661 3048 Faciem

541 3102 732 3151 quoque
750 3083 1012 3132 involutam
1026 3080 1193 3141 habet,
1209 3080 1320 3145 quia
1331 3088 1443 3126 ante
1462 3079 1790 3127 satisfactionis
1808 3079 2137 3144 impletionem
2152 3079 2346 3127 devotio
2362 3080 2656 3145 poenitentis,

543 3177 591 3214 et
613 3164 1059 3231 verus2poenitentiae
1084 3162 1284 3227 gemitus
1300 3177 1400 3208 non
1422 3170 1581 3225 potest
1606 3161 1845 3224 cognosci.
1877 3164 1967 3208 Per
1989 3161 2157 3209 faciem
2180 3161 2384 3226 quippe,
2420 3177 2515 3225 qua
2535 3161 2663 3225 quis-

543 3263 637 3311 que
653 3246 971 3310 cognoscitur,
993 3243 1160 3291 notitia
1175 3242 1462 3307 designatur.
1480 3241 1666 3288 Faciem
1682 3241 1841 3306 itaque
1853 3242 2126 3307 poenitentis
2144 3240 2407 3289 involutam
2421 3241 2658 3306 aperiunt,

544 3328 623 3389 qui
662 3326 761 3388 ejus
787 3325 998 3371 instituta
1032 3323 1370 3383 satisfactione,
1410 3321 1557 3388 ipsius
1571 3356 1583 3380 ,
1635 3330 1687 3368 ut
1729 3320 1913 3369 dictum
1952 3331 2023 3369 est
2044 3357 2056 3382 ,
2100 3321 2408 3369 devotionem
2436 3323 2660 3386 cognosci

591 3512 597 3526 ¹
626 3508 752 3545 Manli„
775 3517 848 3549 cap.
869 3516 945 3545 xxv,
963 3516 993 3537 v.
1010 3506 1115 3536 12.-
1132 3502 1145 3519 ²
1159 3504 1268 3544 Joan„
1286 3513 1360 3547 cap.
1379 3514 1434 3536 viu
1447 3529 1456 3545 ,
1477 3514 1507 3535 v.
1530 3505 1580 3536 11.
1603 3520 1644 3528 —-
1662 3503 1674 3519 ³
1691 3502 1786 3537 Amb.
1804 3504 1985 3545 Cataplam.
