2970 4152
519 403 614 450 492
1319 404 1489 449 PETRI
1524 404 1834 451 ABAELARDI

521 497 700 544 faciunt
728 496 971 560 discipuli,
1006 497 1089 560 qui
1119 513 1169 543 se
1201 496 1372 559 dignos
1399 509 1691 563 praeparant,
1731 515 1842 546 eum
1867 497 2167 545 confidenter
2202 498 2498 562 expectando
2511 535 2521 555 ,
2556 508 2631 554 ut,

520 578 640 624 sicut
662 576 969 641 promiserat,
997 576 1058 623 ad
1081 593 1163 623 eos
1181 578 1484 625 resuscitatus
1505 578 1686 625 redeat.

586 657 728 716 Quod
750 667 909 704 autem
937 657 1016 703 hic
1039 657 1212 704 dicitur
1237 677 1246 704 :
1273 678 1295 703 «
1318 659 1412 716 Qui
1440 644 1653 706 ascendit
1680 658 1741 706 ad
1767 659 2026 717 orientem,
2043 676 2066 702 »
2093 667 2252 722 potest
2269 657 2514 705 Psalmista
2535 675 2634 706 non

521 743 782 802 incongrue
804 738 961 785 dicere
989 740 1255 786 secundum
1281 740 1373 787 loci
1404 741 1710 806 positionem.
1738 744 1842 805 Ipse
1864 740 2042 804 quippe
2067 755 2207 786 mons
2230 738 2426 798 Oliveti,
2455 740 2516 786 de
2539 756 2637 804 quo

520 821 754 866 Dominus
779 819 992 867 ascendit
1010 820 1059 867 in
1079 820 1253 867 coelum
1265 858 1276 880 ,
1295 821 1473 868 civitati
1492 815 1751 868 Jerusalem
1773 820 1988 867 assistere
2011 819 2186 866 dicitur
2200 836 2363 866 versus
2383 820 2634 867 orientem.

523 902 681 946 Potest
702 916 894 963 quoque
917 900 1112 963 intelligi
1135 901 1286 965 quod,
1310 901 1586 965 ubicunque
1608 918 1750 948 mons
1771 900 1850 947 ille
1877 900 2040 959 fuerit,
2062 900 2298 947 Dominus
2320 899 2382 947 ad
2405 900 2638 948 orientem

522 980 804 1039 ascenderit,
821 981 860 1027 si
874 980 990 1029 facie
1004 998 1089 1028 sua
1102 981 1212 1028 illuc
1227 998 1382 1041 versa,
1398 982 1493 1029 hoc
1513 982 1676 1045 egerit.
1691 981 1786 1038 Qui
1798 981 1928 1028 enim
1942 980 2003 1028 ad
2017 994 2241 1028 occasum
2260 980 2459 1028 dorsum
2473 980 2636 1038 habet,

523 1061 691 1109 faciem
704 1061 766 1109 ad
779 1062 1013 1109 orientem
1026 1062 1248 1109 intendit.
1262 1063 1316 1109 Ei
1331 1072 1490 1109 autem
1503 1072 1613 1127 post
1626 1061 1844 1120 dorsum,
1857 1061 1958 1125 jam
1971 1062 2172 1108 omnino
2187 1070 2288 1108 erat
2297 1077 2511 1120 occasus,
2527 1061 2640 1126 quia

522 1157 770 1205 resurgens
783 1157 809 1188 a
822 1141 1040 1200 mortuis,
1063 1141 1188 1189 ultra
1201 1159 1301 1189 non
1318 1142 1539 1202 moritur,
1560 1158 1649 1188 nec
1668 1141 1872 1207 amplius
1889 1141 1951 1189 ad
1966 1141 2101 1189 illum
2117 1157 2263 1205 quem
2272 1142 2496 1188 sustinuit
2510 1157 2643 1189 occa—

522 1238 628 1268 sum
645 1231 717 1268 est
737 1221 991 1269 rediturus.
1011 1223 1161 1287 Super
1186 1221 1360 1269 coelum
1383 1221 1488 1269 coeli
1511 1221 1793 1269 conscendit
1813 1222 1927 1287 quia
1950 1221 2282 1270 celsitudinem
2298 1221 2489 1270 aetherei
2507 1259 2518 1282 ,
2538 1238 2642 1287 quae

523 1302 651 1349 aerio
674 1303 921 1367 praeminet
942 1302 1252 1350 transcendit.
1284 1302 1415 1360 Quid·
1442 1312 1603 1350 autem
1623 1312 1734 1368 post
1756 1303 2085 1350 ascensionem
2112 1319 2272 1359 suam,
2298 1303 2444 1350 misso
2467 1302 2643 1368 Spiritu

523 1393 707 1443 sancto,
724 1382 967 1449 discipulis
983 1385 1043 1431 sit
1055 1383 1280 1442 facturus,
1301 1393 1650 1448 consequenter
1666 1382 1940 1446 adjungitur
1959 1401 1969 1429 :
1993 1402 2016 1428 «
2028 1386 2150 1430 Ecce
2166 1382 2300 1430 dabit
2315 1383 2423 1430 voci
2443 1399 2539 1430 suae
2555 1399 2643 1430 vo—

524 1483 629 1514 cem
643 1466 847 1513 virtutis.
863 1485 886 1510 »
906 1469 1088 1513 Vocem
1107 1463 1260 1524 suam,
1276 1465 1372 1511 hoc
1391 1475 1462 1512 est
1478 1465 1726 1530 propriam
1740 1463 1828 1511 Dei
1846 1464 2142 1511 locutionem
2154 1464 2270 1511 dicit
2287 1466 2528 1512 internam
2545 1464 2645 1527 ejus

525 1546 903 1611 inspirationem,
923 1563 1028 1610 quae
1046 1545 1193 1592 hodie
1212 1562 1298 1611 per
1317 1546 1546 1610 Spiritum
1565 1545 1753 1610 plenior
1773 1544 1896 1592 facta
1915 1554 2002 1604 est,
2025 1562 2176 1609 quum
2192 1546 2294 1591 sine
2309 1561 2432 1592 sono
2449 1545 2646 1592 interius

525 1642 719 1673 omnem
739 1642 821 1673 eos
834 1626 1084 1673 veritatem
1097 1625 1331 1672 docuerit.
1349 1625 1469 1671 Huic
1489 1634 1650 1687 autem
1662 1624 1878 1671 interiori
1895 1623 2128 1671 locutioni
2147 1642 2298 1689 quum
2316 1641 2402 1690 per
2421 1624 2647 1672 eumdem

523 1706 751 1772 Spiritum
770 1706 1015 1753 exterioris
1037 1705 1294 1765 locutionis
1313 1705 1501 1752 diversa
1521 1704 1616 1751 sint
1639 1720 1813 1768 genera
1827 1704 2014 1764 addita,
2036 1705 2173 1769 quasi
2198 1704 2371 1751 divinae
2388 1705 2520 1765 voci,
2541 1721 2647 1770 quae

523 1789 720 1836 interius
735 1786 805 1846 fit,
822 1804 915 1834 vox
935 1787 1148 1835 humana
1165 1797 1236 1834 est
1252 1787 1477 1851 adjuncta
1498 1805 1508 1833 z
1529 1795 1582 1833 ut
1595 1785 1818 1833 videlicet
1830 1785 2032 1834 verbum
2043 1796 2204 1834 mente
2217 1796 2506 1851 conceptum
2523 1787 2645 1834 inte-

523 1870 619 1917 rius
631 1907 642 1929 ,
673 1887 760 1935 per
779 1869 989 1917 audibile
1010 1869 1213 1917 verbum
1231 1869 1501 1935 proferatur
1517 1878 1599 1916 aut
1618 1867 1948 1915 manifestetur
1962 1868 2191 1928 exterius,
2209 1867 2335 1914 etita
2350 1868 2461 1915 voci
2475 1867 2648 1915 divinae

523 1968 617 1998 vox
628 1950 843 1998 humana
862 1941 1007 1998 datur
1015 1970 1026 2010 ;
1048 1961 1102 1998 ut
1117 1950 1251 2015 quod
1265 1953 1393 1998 Deus
1406 1949 1720 2015 inspiratione
1738 1965 1824 1999 sua
1841 1949 1970 1996 intus
1984 1948 2126 1996 nobis
2139 1948 2370 2013 loquitur,
2386 1965 2477 1996 nos
2486 1948 2648 2014 prola-

524 2033 655 2079 tione
672 2042 836 2080 nostra
851 2033 1073 2080 homines
1089 2032 1366 2079 doceamus.
1385 2022 1512 2078 Bene
1528 2032 1689 2095 itaque
1705 2029 1822 2078 dicit
1838 2049 1849 2077 ε
1866 2031 2078 2078 Domino
2092 2029 2398 2090 ascendente,
2414 2030 2528 2095 quia
2541 2031 2650 2078 voci

525 2130 619 2161 suae
633 2130 720 2179 per
738 2114 966 2178 Spiritum
978 2150 989 2172 ,
1006 2123 1058 2160 ut
1072 2113 1256 2160 dictum
1269 2122 1339 2159 est
1350 2149 1362 2172 ,
1382 2112 1432 2159 in
1452 2112 1681 2177 apostolis
1694 2112 1828 2160 factae
1839 2149 1851 2171 ,
1872 2111 2007 2159 dabit
2024 2112 2169 2160 etiam
2184 2128 2355 2159 vocem
2367 2110 2651 2176 prolationis

524 2194 770 2253 humanae;
786 2204 841 2241 ut
854 2193 988 2258 quod
1005 2203 1133 2241 recte
1152 2203 1427 2252 senserunt,
1446 2209 1657 2257 congrue
1673 2192 1966 2258 quibuslibet
1977 2192 2192 2259 proferre
2214 2208 2270 2240 ac
2286 2189 2517 2240 disserere
2534 2209 2648 2257 pos-

524 2275 815 2333 sint.·Quam
833 2275 1028 2339 insuper
1037 2290 1208 2321 vocem
1220 2275 1407 2321 virtutis
1420 2274 1536 2321 dicit
1548 2311 1559 2333 ,
1576 2291 1682 2338 quae
1693 2272 1841 2320 hodie
1854 2289 1998 2338 super
2013 2272 2258 2338 apostolos
2269 2282 2416 2319 vento
2431 2270 2649 2336 praefigu-

525 2364 625 2408 rata
646 2364 717 2401 est
737 2354 1034 2413 vehementi,
1059 2355 1182 2401 sicut
1202 2354 1252 2400 in
1274 2353 1501 2401 hesterno
1524 2369 1746 2400 sermone
1768 2352 2091 2399 meminimus.
2118 2352 2356 2399 Virtutem
2376 2352 2651 2417 praedicatio

525 2434 689 2494 habet,
703 2444 750 2481 et
762 2434 921 2482 valida
933 2444 1021 2494 est,
1038 2451 1190 2498 quum
1203 2434 1309 2498 quis
1321 2433 1455 2498 quod
1469 2433 1586 2480 dicit
1599 2433 1829 2480 disserere
1845 2431 2036 2492 sufficit,
2052 2442 2107 2479 ut
2118 2432 2355 2481 cont'utari
2365 2449 2467 2480 non
2481 2434 2649 2498 possit,
2689 2470 2693 2474 .

526 2515 601 2562 vel
616 2531 768 2580 quum
787 2516 951 2563 animo
967 2515 1209 2580 praestanti
1231 2514 1457 2579 praedicat
1472 2551 1483 2573 ,
1506 2530 1595 2560 nec
1614 2513 1789 2560 timore
1807 2511 1969 2577 aliquo
1981 2550 1994 2572 ,
2019 2513 2293 2572 veritatem;
2311 2513 2388 2560 vel
2404 2529 2556 2578 quum
2571 2528 2627 2560 ea
2638 2549 2649 2571 ,

525 2614 631 2662 quae
648 2597 898 2664 praedicat,
917 2596 1135 2644 moribus
1159 2613 1260 2643 non
1281 2605 1553 2661 oppugnat,
1581 2611 1671 2642 nec
1693 2595 1986 2642 conscientia
2006 2594 2224 2660 reprobae
2243 2595 2351 2642 vitae
2376 2594 2655 2642 erubescen-

524 2678 641 2725 tiam
669 2677 808 2725 timet
835 2677 896 2725 de
918 2677 1274 2742 praedicatione.
1301 2679 1418 2734 Quae
1443 2676 1606 2723 omnia
1631 2676 1680 2722 in
1707 2675 1936 2740 apostolis
1962 2675 2146 2722 clarum
2171 2685 2241 2723 est
2268 2675 2573 2740 praeminere,
2602 2683 2654 2720 ut

526 2774 695 2805 eorum
724 2757 1000 2823 praedicatio
1035 2774 1130 2804 vox
1160 2757 1348 2804 virtutis
1378 2757 1551 2804 merito
1580 2756 1787 2804 dicenda
1812 2756 1888 2802 sit.
1920 2756 2038 2820 Ipsis
2065 2756 2243 2820 quippe
2271 2755 2507 2801 Dominus
2538 2770 2653 2819 pro-

526 2840 737 2887 miserat¹
764 2859 775 2886 :
811 2859 835 2884 «
871 2842 972 2903 Ego
1013 2839 1142 2886 dabo
1173 2838 1312 2886 vobis
1342 2855 1397 2886 os
1428 2848 1476 2885 et
1506 2838 1788 2903 sapientiam
1800 2874 1812 2896 ‚
1854 2838 1932 2884 cui
1964 2854 2064 2884 non
2099 2846 2328 2903 poterunt
2359 2837 2576 2884 resistere
2607 2846 2655 2883 et
2686 2863 2692 2868 -

526 2919 856 2968 contradicere
879 2936 1048 2967 omnes
1070 2919 1345 2967 adversarii.
1363 2937 1385 2963 »
1406 2920 1472 2966 Os
1484 2918 1662 2965 scilicet
1678 2918 1740 2966 ad
1754 2917 2054 2981 loquendum
2066 2955 2077 2977 ,
2097 2918 2379 2982 sapientiam
2395 2916 2458 2964 ad
2480 2915 2653 2964 intelli·
2697 2915 2700 2919 ’

529 2999 763 3062 gendum,
787 3000 863 3047 vel
885 3000 1003 3065 quid
1026 3000 1104 3046 cui
1128 2999 1338 3059 dicatur,
1365 2998 1562 3063 quando
1594 3008 1641 3045 et
1662 2997 1912 3062 quomodo
1935 2997 2323 3045 discernendum.
2349 2996 2589 3062 Scriptum
2608 3005 2656 3041 et

530 3080 590 3126 de
611 3081 724 3145 ipsis
745 3091 838 3140 est,
864 3081 998 3146 quod
1027 3098 1138 3128 cum
1166 3080 1342 3128 fiducia
1362 3079 1566 3127 verbum
1595 3080 1684 3126 Dei
1711 3079 2042 3144 praedicarent.
2077 3079 2170 3136 Qui
2202 3079 2347 3125 etiam
2373 3094 2519 3142 quam
2543 3075 2652 3123 reli—

531 3160 672 3222 giosae
693 3162 799 3208 vitae
825 3172 1004 3222 essent,
1031 3162 1104 3209 vel
1126 3171 1308 3227 quanta
1327 3160 1647 3208 sollicitudine
1668 3159 2002 3225 providerent,
2027 3176 2089 3207 ne
2111 3159 2408 3224 turpitudine
2429 3174 2525 3205 suae
2546 3158 2653 3204 vitae

533 3238 870 3301 adulterarent,
888 3252 969 3289 aut
984 3242 1274 3290 infamarent
1291 3240 1494 3289 verbum
1509 3241 1616 3300 Dei,
1637 3257 1762 3287 unus
1779 3257 1948 3287 eorum
1964 3250 2179 3299 testatur,
2199 3240 2382 3286 dicens²
2399 3257 2409 3284 ε
2430 3258 2453 3283 (ι
2466 3237 2654 3300 Castigo

531 3335 708 3384 corpus
736 3337 921 3379 meum,
951 3331 999 3368 et
1020 3322 1069 3368 in
1092 3323 1370 3370 servitutem
1395 3320 1584 3385 redigo,
1613 3337 1675 3367 ne
1700 3320 1822 3368 forte
1846 3337 1999 3385 quum
2025 3320 2127 3368 aliis
2148 3318 2528 3385 praedicaverim,
2554 3318 2654 3382 ipse

585 3485 594 3503 ‘
617 3486 713 3526 Luc.‚
733 3496 807 3529 cap.
826 3497 900 3525 xxi,
916 3498 947 3519 v.
967 3488 1018 3519 15.
1032 3505 1075 3511 --
1088 3486 1101 3504 ‘
1120 3488 1262 3522 Corinth.
1284 3489 1319 3528 1,
1337 3499 1411 3532 cap.
1429 3499 1482 3529 ix,
1497 3498 1528 3521 v.
1549 3489 1603 3520 27.
