2970 4152
544 414 606 461 ,44
1263 412 1524 460 ANDREAE
1557 392 1925 472 QUERCETANI

545 507 734 544 defecisset
753 507 982 543 subsannans
1003 504 1176 541 Israelem
1188 531 1198 548 ‚
1224 505 1384 541 contrita
1403 513 1497 543 esset
1516 507 1742 545 malleatoris
1761 509 1867 544 incus
1885 514 1924 544 et
1940 505 2301 542 malleusmendacia
2319 505 2555 551 fabricantes,
2585 505 2651 542 de-

545 576 683 606 structa
699 568 859 617 denique
875 574 968 602 essct
987 565 1158 602 machina
1175 565 1364 607 salsitatis.
1380 575 1418 604 et
1434 568 1508 604 hoe
1527 581 1602 606 non
1621 570 1660 605 in
1680 569 1920 606 multitudine
1938 568 2055 617 gravi,
2075 579 2149 603 non
2166 566 2312 603 auxiliis
2328 567 2529 603 forinsecus
2546 579 2652 604 men-

544 631 695 677 dicatis,
714 641 786 665 non
807 628 1074 675 sophismatum
1098 627 1350 675 praemetltit‘ata
1372 630 1552 675 versutia,
1578 643 1653 666 non
1674 630 1968 667 extraordinaria
1991 629 2260 676 comprimente
2286 628 2503 665 auctoritate
2528 639 2653 676 perso-

545 693 638 736 nali3
665 691 728 727 sed
758 690 803 725 ab
826 687 984 732 humili,
1016 690 1223 734 constanti,
1254 690 1404 727 erudito
1433 698 1471 727 et
1498 691 1619 728 valido
1646 692 1812 728 veritatis
1839 698 2034 727 assertore.
2058 705 2074 724 n
2101 690 2179 735 (Cf.
2205 690 2368 727 Histoire
2397 690 2576 726 littei-aire
2605 688 2654 724 de

543 755 705 794 France,
728 759 756 788 t.
781 751 877 796 XII,
899 752 934 799 p'.
956 753 1021 795 903
1039 751 1235 798 Abe'lard,
1255 759 1356 790 auct.
1372 753 1571 799 Remusat,
1586 761 1616 793 t.
1636 755 1673 799 I,
1692 767 1728 802 p.
1749 755 1795 792 24
1814 760 1852 790 et
1869 753 1987 802 seq.)]

1391 845 1488 882 Nota
1513 845 1621 890 XIV,
1649 858 1735 894 pag.
1763 847 1799 883 7.

592 927 794 963 Cam'ssIma
809 925 902 962 mihi
921 932 1041 963 mater
1058 939 1138 962 mea
1156 927 1334 967 Lucia....
1354 947 1402 955 —
1417 926 1681 971 Calendarium
1699 927 1948 975 paracletense
1967 942 1974 961 ε
2000 941 2017 960 «
2038 938 2098 963 xiv
2114 926 2187 962 kal.
2207 927 2418 964 novembris
2431 927 2525 964 obiit
2540 928 2649 964 Lucia

542 997 658 1024 mater
678 989 843 1038 magistri
864 989 980 1026 nostri
999 990 1113 1026 Petri.
1131 1004 1150 1023 η
1700 1003 1713 1016 ι

1401 1052 1498 1088 Nota
1523 1051 1612 1097 XV,
1640 1063 1725 1101 pag.
1752 1053 1786 1089 7-

589 1133 810 1169 Guillelmus
827 1134 865 1170 ἰιι
884 1135 1099 1181 episcopatu
1115 1133 1437 1170 catalaunensi....
1448 1154 1494 1161 —
1506 1134 1562 1170 De
1576 1134 1783 1171 Guilletmo
1803 1134 1876 1170 hoc
1900 1135 1977 1169 sive
1991 1133 2196 1171 Vuillelmo
2211 1134 2288 1181 jam
2307 1133 2556 1170 catalaunensi
2573 1133 2654 1181 epi-

538 1205 648 1243 scopo
667 1192 808 1231 mentio
822 1194 862 1231 fit
879 1195 978 1243 apud
991 1195 1142 1231 Ivonem
1159 1202 1430 1239 carnotensem,
1445 1196 1556 1244 epist.
1568 1207 1722 1231 cctxvm
1735 1210 1744 1240 3
1757 1195 1857 1243 apud
1867 1202 2036 1231 sanctum
2051 1195 2296 1240 Bernardum,
2311 1195 2420 1243 epist.
2437 1205 2488 1239 ιιι,
2502 1201 2541 1230 et
2557 1194 2656 1242 apud

540 1256 733 1293 Othonem
747 1256 1023 1305 Frisingensem
1038 1256 1105 1293 lib.
1122 1257 1159 1304 1,
1176 1256 1223 1293 de
1237 1257 1364 1293 Rebus
1383 1259 1499 1306 gestis
1515 1256 1735 1293 b'ridericil
1743 1286 1751 1299 ,
1768 1270 1849 1306 cap.
1868 1269 1977 1292 xcvn.
1994 1257 2083 1293 Fuit
2100 1264 2225 1293 autem
2246 1269 2289 1292 ex
2302 1257 2482 1292 canonico
2492 1255 2654 1305 regulari

538 1319 661 1354 Sancti
681 1318 847 1356 Victoris
870 1322 1084 1367 assumptus
1099 1318 1146 1355 ad
1167 1319 1421 1368 episcopatum
1441 1331 1539 1355 anno
1555 1319 1699 1355 Christi
1720 1321 1831 1364 4442,
1851 1325 1895 1354 ut
1912 1318 2098 1366 conjicere
2127 1325 2183 1354 est
2209 1330 2254 1354 ex
2273 1318 2454 1354 electione
2480 1316 2654 1355 Gilduini

538 1381 710 1429 discipuli
735 1381 815 1428 ejus
843 1381 881 1417 in
902 1381 1073 1418 abbatem
1102 1382 1267 1430 primum
1296 1382 1455 1418 ecclesiae
1483 1382 1608 1419 Sancti
1636 1382 1824 1426 Victoris,
1847 1393 1928 1430 quae
1949 1381 2132 1417 celebrata
2154 1388 2213 1418 'est
2243 1394 2340 1417 anno
2365 1384 2478 1424 4443,
2498 1388 2537 1417 et
2561 1391 2655 1416 onus
2682 1425 2690 1428 β

536 1444 743 1492 episcopale
762 1441 939 1480 sustinuit
957 1445 1064 1480 annis
1084 1451 1225 1492 septem
1242 1457 1283 1480 ac
1300 1444 1491 1481 mensibus
1509 1457 1583 1481 sex.
1603 1444 1664 1481 Sic
1682 1444 1783 1480 enim
1805 1444 1936 1480 tabulae
1962 1444 2222 1492 manuscriptae
2239 1443 2553 1479 catalaunensium
2575 1443 2656 1490 epi-

535 1498 733 1554 scoporum
754 1521 760 1540 :
784 1520 800 1537 «
818 1505 1048 1542 Guillelmus
1075 1506 1295 1542 venerabilis
1324 1507 1417 1543 rexit
1448 1507 1640 1542 ecclesiam
1670 1518 1784 1542 annos
1806 1512 1968 1554 septem,
2000 1516 2143 1541 menses
2172 1517 2246 1541 sex.
2266 1519 2284 1538 »ι
2307 1504 2455 1551 Quibus
2476 1503 2653 1552 expletis,

535 1566 685 1603 demum
714 1568 789 1604 sato
816 1568 924 1604 cessit
951 1580 1049 1604 anno
1073 1571 1166 1606 4449
1199 1567 1260 1604 die
1293 1570 1340 1607 25
1364 1568 1552 1616 januarii,
1585 1569 1682 1604 sicut
1706 1581 1751 1604 ex
1777 1568 1838 1603 his
1866 1566 2066 1603 calendarii
2091 1567 2284 1602 victoriani
2314 1565 2433 1602 verbis
2460 1565 2619 1601 discitur
2643 1581 2650 1599 :

537 1644 553 1661 «
575 1642 645 1664 vm
664 1629 736 1665 kal.
756 1629 851 1666 febr.
872 1630 1167 1666 anniversarium
1179 1629 1375 1668 Vuillelmi
1395 1629 1663 1666 catalaunensis
1684 1629 1870 1677 episcopi,
1885 1635 1924 1664 et
1943 1628 2060 1664 nostri
2079 1628 2260 1664 canonici.
2278 1644 2294 1660 υ
2312 1627 2388 1674 [Cf.
2409 1627 2510 1662 Gall.
2525 1626 2651 1666 christ.

534 1704 629 1736 nov„
650 1699 675 1727 t.
698 1691 771 1736 lX,
791 1704 827 1739 p.
847 1693 941 1735 877·;
959 1692 1061 1728 Hist.
1088 1693 1202 1729 lilte'r.
1218 1692 1266 1728 de
1283 1692 1321 1728 la
1339 1692 1504 1738 Frauoe,
1525 1698 1554 1730 t.
1577 1690 1634 1737 X,
1656 1703 1692 1739 p.
1707 1692 1777 1729 307
1793 1698 1831 1727 et
1850 1690 1948 1740 seq.]

1394 1798 1490 1835 Nota
1510 1798 1606 1838 XVI
1619 1826 1628 1844 ,
1647 1809 1733 1847 pag.
1751 1799 1788 1836 7.

579 1880 798 1928 Magister..
807 1907 815 1916 .
824 1906 832 1916 .
851 1883 890 1918 A
895 1880 1061 1917 nselmus
1074 1879 1334 1917 laudunensis.
1343 1881 1570 1918 ...-—Plures
1580 1882 1710 1918 eodem
1723 1893 1839 1929 prope
1852 1888 2022 1928 tempore
2032 1879 2198 1917 Anselmi
2216 1879 2476 1916 Laudunenses
2491 1880 2656 1917 fuerunt.

536 1939 697 1977 Historia
713 1949 875 1991 namque
898 1942 1197 1978 Restaurationis
1218 1942 1387 1978 Ecclesiae
1404 1941 1645 1979 laudunensis
1663 1956 1683 1979 a
1702 1943 1881 1979 canonico
1898 1942 2062 1992 quodam
2078 1942 2246 1990 ejusdem
2263 1942 2422 1978 ecclesiae
2437 1942 2658 1991 conscripta,

535 2003 705 2039 meminit
721 2000 891 2051 Anselmi
906 2004 1032 2041 Sancti
1049 2004 1243 2043 Vincentii
1262 2004 1502 2040 laudunensis
1513 2004 1676 2051 abbatis,
1691 2006 1757 2054 qui
1776 2019 1794 2038 «
1810 2017 1928 2054 quum
1944 2005 2113 2041 coenobio
2133 2017 2201 2041 suo
2222 2005 2301 2040 fere
2318 2004 2474 2040 decimis
2490 2010 2529 2040 et
2546 2004 2662 2052 septi·

534 2063 604 2100 mis
620 2065 726 2101 annis
745 2066 966 2114 praefuisset,
986 2073 1024 2102 et
1046 2079 1115 2115 pro
1135 2066 1298 2103 utilitate
1316 2066 1486 2115 ejusdem
1511 2067 1671 2104 coenobii
1689 2067 1847 2103 Romam
1870 2059 2059 2116 profectus
2076 2067 2227 2111 fuisset,
2249 2079 2270 2102 a
2292 2066 2436 2102 clericis
2459 2072 2660 2102 tornacen—

534 2126 635 2163 sibus
649 2156 660 2175 ,
680 2128 744 2177 qui
761 2118 839 2176 jam
857 2129 1144 2178 quadringentis
1170 2129 1275 2165 annis
1298 2129 1453 2178 proprio
1478 2131 1652 2178 episcopo
1671 2137 1888 2175 caruerant,
1915 2129 2077 2166 mirabili
2094 2136 2251 2174 eventu,
2271 2129 2349 2164 Deo
2370 2127 2589 2172 ordinante,
2609 2127 2660 2163 ibi

533 2196 702 2238 repertus
726 2191 764 2226 in
786 2192 1002 2240 episcopum
1020 2191 1158 2227 electus
1176 2198 1253 2238 est,
1270 2197 1308 2227 et
1325 2204 1344 2226 a
1362 2191 1517 2227 domino
1536 2205 1629 2240 papa
1649 2192 1819 2241 Eugenio
1836 2191 1979 2229 invitus
1999 2197 2036 2227 et
2059 2190 2247 2226 reluctans
2268 2189 2489 2226 obedientiae
2509 2188 2657 2225 vinculo

534 2251 756 2287 constrictus
769 2253 936 2301 pontifex
950 2259 1186 2289 consecratus
1199 2259 1278 2297 est,
1299 2252 1426 2301 sicque
1441 2265 1507 2300 per
1524 2265 1608 2288 eum
1627 2253 1837 2289 tornacensi
1853 2252 2013 2288 ecclesiae
2027 2252 2180 2300 antiqua
2195 2251 2357 2299 dignitas
2374 2250 2545 2286 restituta
2560 2260 2658 2285 anno

534 2312 579 2348 ab
611 2313 866 2350 incarnatione
891 2314 1046 2350 Domini
1080 2306 1185 2352 4445.
1205 2329 1222 2347 ι)
1246 2313 1371 2361 [Vide
1399 2314 1535 2363 Script.
1564 2327 1635 2350 rer.
1663 2315 1804 2362 gallic„
1826 2321 1856 2350 t.
1876 2314 1992 2358 XIV,
2011 2306 2050 2361 'p.
2069 2312 2182 2360 347]
2214 2311 2388 2347 Meminit
2421 2318 2459 2347 et
2491 2309 2658 2347 Anselmi

535 2375 686 2411 alterius
711 2377 952 2426 antiquioris,
975 2384 1225 2426 cognomento
1241 2377 1383 2422 Beessi,
1403 2393 1419 2410 α
1438 2378 1503 2426 qui
1521 2389 1559 2413 se
1573 2376 1783 2413 simulando
1797 2376 2014 2425 religiosum
2034 2387 2108 2412 non
2130 2387 2262 2424 parum
2279 2374 2327 2410 ab
2343 2368 2658 2410 omnibuslauda-

536 2437 644 2472 batur
661 2445 698 2473 ct
716 2428 984 2475 honorabatur.
1008 2439 1119 2475 Unde
1137 2446 1175 2476 et
1198 2451 1267 2488 pro
1284 2439 1466 2490 religione
1485 2451 1550 2475 sua
1574 2439 1770 2475 thesaurus
1793 2437 1952 2474 ecclesiae
1969 2437 2211 2474 laudunensis
2227 2438 2260 2472 ei
2283 2435 2484 2472 servandus
2500 2434 2660 2471 traditus

535 2506 589 2535 est
606 2512 689 2534 cum
709 2499 788 2535 aliis
807 2501 1044 2549 custodibus,
1071 2501 1249 2550 quoniam
1276 2502 1428 2550 antiqua
1453 2500 1684 2537 consuetudo
1701 2507 1782 2536 erat
1805 2499 1974 2548 ejusdem
2001 2499 2161 2535 ecclesiae
2176 2527 2185 2544 ,
2206 2506 2249 2534 ut
2275 2505 2416 2547 septem
2443 2496 2661 2534 custodibus

535 2563 543 2597 i
549 2573 612 2610 pse
625 2562 823 2598 thesaurus
836 2562 1152 2611 committeretur,
1168 2576 1330 2614 quorum
1345 2571 1507 2612 quatuor
1519 2562 1756 2599 ecclesiastici
1766 2590 1775 2607 ,
1790 2569 1865 2598 tres
1876 2574 1964 2598 vcro
1977 2569 2099 2598 esseut
2113 2561 2210 2598 laici.
2227 2562 2313 2607 Sed,
2326 2568 2369 2598 ut
2383 2573 2426 2597 ex
2439 2560 2512 2596 fine
2525 2560 2659 2609 patuit,

535 2623 646 2673 longe
668 2625 762 2661 alius
781 2633 860 2662 erat
878 2627 917 2662 in
936 2622 1049 2672 corde.
1066 2639 1177 2676 quam
1197 2627 1368 2663 homines
1389 2626 1558 2662 viderent
1575 2626 1613 2661 in
1629 2626 1732 2662 facie.
1757 2625 1902 2663 Videns
1919 2626 2020 2661 enim
2038 2624 2199 2661 multum
2219 2625 2291 2660 sibi
2309 2624 2356 2659 ab
2368 2623 2544 2660 omnibus
2560 2621 2663 2658 credi

534 2699 575 2722 ex
592 2695 683 2723 auro
703 2694 740 2723 et
758 2680 946 2737 lapidibus
963 2686 1142 2737 preciosis
1161 2689 1301 2739 quibus
1320 2701 1449 2725 cruces
1463 2717 1472 2734 ,
1492 2689 1596 2725 festis
1613 2688 1745 2724 diebus
1764 2699 1878 2737 super
1893 2688 2007 2724 altare
2023 2687 2203 2736 ponendae
2218 2714 2227 2731 ,
2247 2687 2395 2722 fueraut
2410 2691 2565 2734 opertae,
2587 2695 2661 2720 non

534 2751 704 2799 «exiguam
734 2758 879 2799 partem
913 2751 1044 2787 furtim
1070 2751 1283 2801 discerpens
1313 2750 1456 2787 aurifici
1485 2751 1635 2786 cuidam
1664 2750 1850 2786 vendendi
1877 2762 1983 2786 causa
2012 2749 2182 2785 tradidit.
2203 2763 2219 2781 υ
2251 2748 2420 2797 Denique
2445 2754 2482 2783 et
2507 2746 2659 2782 tertium

537 2805 756 2849 Anselmum
773 2801 1042 2859 laudunensem
1064 2821 1269 2859 memorat,
1291 2814 1356 2863 qui
1373 2825 1485 2861 super
1502 2813 1575 2849 hoc
1599 2812 1766 2848 thesauri
1790 2811 1891 2848 furto
1908 2812 1987 2859 jam
2012 2811 2160 2847 detecto
2185 2810 2376 2846 consultus
2398 2817 2453 2845 est
2469 2822 2488 2845 a
2507 2808 2660 2857 reliquis

537 2873 695 2911 ecclesiae
711 2874 954 2912 laudunensis
971 2869 1182 2921 canonicis,
1202 2883 1240 2912 et
1257 2889 1277 2912 a
1295 2875 1458 2921 civibus,
1490 2881 1668 2924 tanquam
1689 2874 1794 2910 urhis
1817 2874 1935 2910 totius
1958 2873 2111 2910 lucerna
2127 2880 2165 2909 ct
2189 2873 2330 2909 lumen.
2355 2871 2416 2909 Sic
2437 2872 2538 2908 enim
2557 2869 2657 2907 idem

536 2942 665 2971 auctor
683 2936 728 2972 de
747 2950 791 2972 eo
807 2932 1124 2986 loquitu‘r'[Vide‘
1138 2938 1275 2986 δἐι-ἱρῷ.
1295 2950 1370 2974 rer.
1385 2937 1527 2986 gallic„
1544 2942 1571 2971 t.
1589 2935 1666 2971 XII
1679 2963 1688 2980 ‚
1706 2948 1745 2984 p.
1759 2935 1862 2984 sta]
1884 2951 1891 2970 :
1912 2950 1928 2967 «
1945 2935 2122 2971 Protinus
2138 2946 2242 2983 ergo,
2260 2949 2278 2968 υ
2298 2934 2423 2983 inquit
2441 2947 2459 2965 e<
2478 2930 2658 2983 generalis

536 3005 739 3034 conventus
756 3000 1023 3036 canonicorum
1040 3007 1077 3036 et
1097 3000 1233 3036 civium
1252 3006 1490 3044 convocatur,
1508 2997 1599 3048 quid
1616 3010 1710 3047 opus
1727 2999 1775 3035 sit
1793 2998 1889 3034 sacto
1907 2998 2129 3042 discutitur,
2150 3005 2187 3034 et
2204 3011 2278 3047 prae
2294 2998 2469 3034 omnibus
2484 2996 2661 3044 magister

533 3059 729 3095 Anselmus
742 3086 751 3103 ,
772 3067 859 3096 tunc
878 3062 1058 3110 temporis
1072 3063 1189 3099 totius
1204 3062 1311 3098 urbis
1326 3061 1497 3106 lucerna,
1519 3061 1741 3099 consulitur.
1760 3060 1847 3106 Ille,
1867 3067 1910 3096 ut
1930 3060 2063 3096 divinae
2083 3061 2175 3109 legis
2191 3060 2459 3109 peritissimus,
2478 3058 2657 3094 continuo

533 3122 652 3157 Josuae
672 3122 827 3171 replicat
847 3118 1064 3170 historiam,
1091 3124 1282 3175 quomodo
1304 3124 1446 3161 scilicet
1464 3123 1609 3159 furtum
1627 3124 1666 3159 in
1689 3124 1862 3168 Hierico,
1889 3123 1994 3160 nullo
2018 3124 2180 3169 sciente,
2199 3124 2337 3159 factum
2352 3121 2534 3158 Dominus
2549 3119 2660 3168 jussit

535 3191 633 3220 sorte
656 3186 848 3234 perquiri,
876 3187 999 3234 primo
1025 3200 1092 3235 per
1113 3188 1257 3233 tribus,
1277 3186 1413 3224 deinde
1430 3199 1498 3236 per
1521 3185 1679 3222 familias
1703 3198 1744 3222 ac
1771 3186 1924 3232 domos,
1957 3185 2002 3222 ad
2022 3186 2198 3222 ultimum
2225 3183 2442 3233 singillatim
2461 3195 2528 3232 per
2544 3182 2655 3218 viros.

534 3247 656 3283 Instar
668 3247 782 3295 hujus
803 3255 877 3284 tam
891 3248 1038 3285 subtilis
1056 3250 1340 3299 perquisitionis
1359 3249 1522 3286 consulit
1543 3250 1723 3298 magister
1740 3249 1960 3293 Anselmus,
1983 3256 2026 3285 ut
2041 3249 2135 3285 tanti
2158 3248 2332 3284 facinoris
2361 3253 2491 3283 auctor
2513 3244 2660 3293 judicio

536 3321 637 3359 aquae
655 3310 950 3359 perquireretur,
963 3323 1005 3347 ac
1017 3311 1064 3347 de
1077 3312 1234 3361 singulis
1250 3312 1355 3349 urbis
1367 3312 1576 3362 parrochiis
1590 3323 1686 3348 unus
1701 3311 1822 3347 infans
1839 3312 2018 3348 innocens
2034 3312 2072 3348 in
2089 3323 2170 3348 vase
2186 3323 2288 3360 aquae
2302 3310 2506 3347 benedictae
2519 3308 2660 3357 repleto

539 3378 743 3418 poneretur
755 3400 764 3417 ‚
783 3379 821 3408 et
837 3385 1068 3423 quaecunque
1085 3375 1283 3422 parrochia
1300 3381 1400 3412 sorte
1418 3373 1614 3423 culpabilis
1631 3374 1880 3422 reperiretur,
1900 3373 1947 3409 de
1975 3373 2133 3423 singulis
2150 3373 2324 3409 domibus
2341 3371 2507 3420 ejusdem
2530 3381 2659 3419 parro-

538 3432 630 3468 chiae
647 3445 744 3469 unus
762 3434 882 3470 infans
901 3434 942 3471 in
960 3447 1054 3484 aqua
1072 3443 1276 3484 poneretur
1290 3465 1300 3483 ,
1320 3444 1358 3473 et
1377 3448 1607 3486 quaecunque
1625 3435 1760 3472 domus
1778 3434 2010 3484 deprehensa
2026 3435 2174 3480 fuisset,
2196 3447 2324 3471 omnes
2344 3435 2412 3470 viri
2439 3433 2495 3470 vel
2514 3431 2658 3469 feminae

534 3494 580 3530 ad
601 3507 678 3530 eam
699 3496 928 3543 pertinentes
942 3497 1088 3544 judicio
1106 3510 1208 3547 aquae
1220 3511 1257 3535 se
1274 3511 1437 3548 purgare
1455 3505 1693 3549 cogerentur.
1710 3513 1728 3532 υ
1747 3497 1859 3534 Unde
1875 3505 1912 3534 et
1930 3505 2031 3546 patet
2047 3499 2148 3534 hunc.
2160 3497 2403 3551 posteriorem
2424 3490 2671 3539 Anselmum,'
