2970 4152
519 418 612 465 578
1317 413 1488 461 PETRI
1524 413 1837 462 ABAELARDI

579 515 739 571 Quum
768 527 881 574 ergo
903 510 952 557 id
975 525 1074 555 non
1098 524 1189 573 pro
1216 508 1351 555 lucro
1374 509 1679 567 animarum,
1697 506 1784 554 sed
1813 521 2124 555 nummorum
2153 506 2330 568 geritur
2346 506 2480 569 juxta
2501 508 2632 572 quod

513 610 599 658 per
626 593 878 639 Jeremiam
911 589 1147 636 Dominus
1162 589 1516 654 conqueritur,
1547 588 1763 636 dicens':
1787 585 2107 633 «Sacerdotes
2134 585 2235 633 mei
2254 602 2356 637 non
2379 586 2630 637 dixerunt:

515 671 606 719 Ubi
633 682 703 719 est
730 670 1029 717 Dominusi'»
1062 674 1127 716 Ac
1155 670 1195 716 si
1224 669 1426 728 diceret,
1452 668 1537 716 sed
1558 668 1642 715 ubi
1664 677 1735 715 est
1756 667 2009 714 nummus?
2031 682 2131 712 non
2154 666 2325 720 tamid
2345 665 2634 723 beneficium

511 769 655 817 quam
677 752 880 810 lucrum,
904 767 1004 797 non
1026 759 1127 797 tam
1142 750 1348 798 charitas
1366 765 1513 814 quam
1534 748 1769 813 cupiditas
1786 757 1857 794 est
1878 745 2239 811 appellandum.
2267 748 2300 793 Α
2320 763 2418 810 quo
2435 746 2630 811 quidem
2651 764 2654 771 ¹

510 832 635 895 turpi
669 840 850 895 quaestu
879 839 1172 877 memoratus
1200 829 1444 894 apostolus
1471 838 1570 876 tam
1600 827 1800 892 proprio
1829 842 1976 891 quam
2009 825 2256 881 dominico
2283 825 2503 890 exemplo
2542 842 2633 874 nos

506 912 815 959 vehementer
850 910 1135 971 dehortans,
1171 921 1218 957 et
1250 910 1602 975 impudentiam
1636 918 1853 956 nostram
1881 908 2168 973 reprimens,
2200 908 2330 954 Luca
2360 907 2410 953 in
2443 905 2634 963 Acribus

504 992 838 1056 Apostolorum
869 992 1126 1051 referente,
1162 991 1250 1038 ait²
1270 1009 1280 1037 :
1304 993 1625 1054 «Argentum,
1650 999 1697 1036 et
1719 1005 1914 1049 aurum,
1941 999 2024 1036 aut
2042 998 2225 1036 vestem
2251 987 2428 1036 nullius
2449 1004 2629 1037 concu-

503 1072 600 1136 pivi
614 1109 625 1131 ,
651 1073 742 1137 ipsi
766 1073 916 1131 scitis,
942 1072 1173 1136 quoniam
1196 1087 1250 1118 ea
1273 1087 1378 1135 quae
1400 1070 1519 1117 mihi
1541 1086 1662 1134 opus
1686 1079 1846 1129 erant,
1874 1079 1920 1117 et
1947 1069 2022 1116 his
2045 1069 2129 1134 qui
2149 1084 2342 1116 mecum
2357 1063 2470 1125 sunt
2491 1067 2632 1115 mini·¹

502 1162 774 1199 straverunt
803 1169 975 1199 manus
1002 1153 1118 1199 istae.
1139 1152 1325 1198 Omnia
1360 1150 1549 1198 ostendi
1577 1150 1739 1210 vobis,
1771 1151 2004 1215 quoniam
2029 1150 2096 1197 sic
2116 1149 2400 1198 «laborantes
2431 1155 2630 1214 ¹oportet

501 1233 739 1296 suscipere
762 1231 997 1291 infirmos,
1024 1249 1079 1279 ac
1103 1232 1375 1279 meminisse
1397 1231 1533 1278 verbi
1555 1231 1752 1278 Domini
1772 1234 1900 1291 Jesu,
1926 1231 2159 1296 quoniam
2179 1231 2281 1296 ipse
2303 1229 2421 1277 dixit
2439 1248 2448 1276 :
2470 1249 2494 1275 «
2511 1232 2630 1279 Rea·
2675 1279 2679 1284 ,

505 1333 528 1356 «
554 1312 646 1359 tius
681 1323 752 1360 est
787 1313 936 1376 magis
971 1313 1086 1359 dare
1119 1330 1266 1377 quam
1294 1312 1570 1377 accipere.»
1605 1315 1659 1358 In
1694 1321 1932 1376 quantum
1962 1322 2123 1360 autem
2152 1311 2214 1359 ad
2239 1311 2456 1358 dandum
2477 1311 2628 1375 magis

499 1409 644 1456 quam
680 1393 742 1440 ad
773 1393 1106 1458 accipiendum
1138 1393 1351 1440 Christus
1380 1409 1579 1440 manum
1613 1383 1859 1440 extensam
1884 1381 2109 1451 liaberet,
2140 1392 2241 1457 ipse
2263 1401 2483 1458 patenter
2510 1391 2625 1438 insi-

498 1482 631 1532 nuat,
649 1490 801 1536 quum
822 1473 959 1519 diviti
980 1472 1040 1519 de
1063 1472 1354 1537 perfectione
1367 1472 1557 1536 justitiae
1579 1472 1849 1521 consulenti
1866 1471 2169 1537 respondit²³=
2190 1490 2213 1516 «
2231 1471 2280 1517 Si
2295 1471 2366 1518 vis
2387 1470 2624 1535 perfectus

496 1570 614 1612 esse,
641 1554 780 1613 vade,
805 1553 962 1601 vende
985 1555 1149 1601 omnia
1172 1570 1277 1617 quae
1298 1553 1465 1612 habeS‚
1489 1563 1536 1600 et
1558 1553 1621 1600 da
1641 1548 1951 1617 pauperibus,
1972 1563 2019 1599 et
2041 1553 2170 1611 veni,
2190 1562 2238 1599 et
2260 1559 2622 1618 sequerefflge.»

495 1637 602 1680 Non
625 1635 790 1698 utique
813 1636 906 1682 ait:
927 1634 1062 1693 Veni,
1089 1644 1136 1680 et
1158 1633 1275 1680 affer
1297 1650 1401 1697 quae
1424 1633 1573 1680 habes
1598 1633 1660 1680 ad
1681 1650 1789 1693 nos,
1815 1632 1899 1680 sed
1923 1633 2025 1691 aliis
2040 1633 2173 1698 prius
2196 1648 2341 1695 eroga
2364 1641 2464 1691 tua,
2488 1630 2639 1691 etjsic⁶

494 1724 602 1779 post
630 1714 848 1774 modum,
874 1716 1060 1779 suscipe
1079 1724 1260 1761 nostra.
1298 1717 1393 1761 Nos
1406 1715 1532 1761 'vero
1562 1731 1588 1761 e
1610 1715 1854 1762 contrario
1879 1713 2143 1779 quemlihet
2171 1712 2233 1760 ad
2254 1699 2622 1769 conversion‘ei‘ii

492 1797 782 1855 venientem,
808 1813 912 1843 non
932 1806 1031 1844 tam
1050 1796 1238 1843 lucrum
1261 1796 1429 1843 animae
1453 1812 1599 1859 quam
1621 1791 1837 1861 pecuniae
1851 1806 2133 1861 quaerentes,
2150 1805 2203 1842 ut
2220 1810 2325 1859 quae
2346 1794 2493 1842 habet
2514 1792 2650 1857 affe-«j

491 1888 563 1925 rat
585 1877 911 1937 exhortamur,
938 1894 1028 1924 nec
1050 1887 1149 1925 tam
1173 1878 1217 1924 ei
1235 1887 1402 1925 nostra
1422 1877 1651 1942 largimur
1674 1895 1822 1942 quam
1841 1878 2113 1926 vendimus.
2140 1881 2197 1924 In
2218 1894 2316 1942 quo
2335 1877 2379 1923 ei
2401 1875 2620 1941 profecto

491 1974 590 2004 non
619 1957 916 2004 mediocrem
936 1957 1214 2004 tentationis
1244 1957 1548 2005 occasionem
1571 1958 1758 2006 damus.
1786 1958 1938 2006 Facile
1958 1958 2137 2023 quippe
2161 1956 2221 2004 de
2244 1956 2317 2003 his
2336 1972 2442 2020 quae
2465 1954 2620 2002 attulit

2716 1874 2770 1909 Aa*

490 2037 835 2095 intumescens,
862 2054 1014 2101 quum
1041 2036 1159 2100 quid
1182 2037 1226 2083 ei
1255 2037 1458 2085 defuerit
1480 2038 1756 2102 indignatur
1778 2049 1825 2086 et
1852 2048 2148 2096 murmurat;
2175 2047 2221 2084 et
2243 2054 2293 2084 se
2314 2037 2545 2083 miserum
2565 2051 2621 2083 30
2691 2059 2693 2062 ·
2717 2056 2721 2068 ·⁴

491 2114 738 2179 proditum
765 2115 974 2174 clamat,
994 2133 1144 2179 quum
1175 2133 1226 2163 se
1259 2116 1333 2163 his
1369 2118 1607 2181 coaequari
1636 2118 1832 2177 viderit,
1859 2119 1943 2182 qui
1965 2119 2148 2177 minus,
2172 2127 2254 2173 aut
2276 2117 2478 2164 omnino
2500 2115 2640 2169 nihil·

491 2194 752 2242 attulerint.
778 2198 874 2242 Has
897 2195 1039 2259 igitur
1058 2208 1227 2242 omnes
1249 2197 1526 2244 occasiones
1549 2197 1763 2244 Christus
1788 2208 2066 2262 amputans,
2091 2197 2279 2244 nudum
2301 2197 2450 2259 magis
2471 2211 2620 2260 (1113111

490 2276 849 2324 suffarcinatum
865 2277 1078 2324 decrevit
1099 2293 1357 2324 assumere.
1385 2279 1478 2334 Qui
1497 2279 1626 2325 enim
1643 2279 1887 2343 discipulis
1903 2281 2216 2343 praeceperat*
2234 2297 2244 2324 :
2276 2277 2470 2324 «Gratis
2490 2293 2620 2325 acce-

489 2359 644 2423 pistis,
677 2358 819 2421 gratis
845 2357 979 2416 date,
1004 2377 1026 2402 υ
1060 2358 1156 2404 hoc
1178 2359 1229 2404 in
1252 2359 1409 2423 seipso
1432 2360 1645 2423 primum
1667 2359 1818 2406 voluit
1841 2359 2066 2406 exhibere
2094 2376 2195 2405 non
2225 2369 2326 2406 tam
2347 2357 2498 2405 verbo
2527 2358 2616 2405 suo

488 2455 633 2502 quam
654 2438 873 2502 exemplo
896 2455 986 2484 nos
1017 2438 1077 2485 ad
1106 2438 1201 2484 hoc
1229 2438 1428 2502 cupiens
1451 2439 1666 2485 incitare.
1699 2439 1793 2495 Qui
1823 2439 1952 2486 enim
1980 2448 2179 2503 propter
2207 2442 2363 2485 Deum
2391 2438 2615 2504 relinquit

488 2518 704 2582 propria,
731 2517 1036 2582 impudenter
1055 2518 1196 2580 exigit
1218 2517 1390 2565 aliena.
1418 2520 1481 2564 Ac
1503 2518 1646 2581 longe
1669 2518 1838 2565 melius
1857 2518 1934 2565 vel
1955 2518 2202 2565 honestius
2224 2528 2347 2565 esset
2365 2519 2409 2565 ei
2430 2535 2518 2566 sua
2537 2535 2621 2588 reg,

486 2598 699 2655 tinuisse,
725 2607 778 2643 ut
798 2596 998 2644 haberet
1021 2597 1081 2644 de
1103 2597 1302 2662 proprio
1323 2597 1532 2644 fructum
1555 2598 1890 2662 eleemosynae,
1916 2614 2063 2662 quam
2086 2598 2148 2645 ad
2170 2597 2323 2646 aliena
2341 2589 2616 2649 mendican-

487 2690 583 2725 tem
613 2678 748 2725 famae
775 2694 870 2724 suae
898 2677 1241 2725 detrimentum
1270 2679 1537 2738 incurrere,
1564 2689 1612 2726 et
1634 2697 1733 2727 non
1763 2679 2071 2728 mediocriter
2092 2679 2334 2744 religionis
2354 2680 2612 2744 propositae

486 2759 764 2821 dignitatem
786 2757 973 2804 laedere.
1000 2759 1094 2814 Qui
1116 2758 1234 2805 dum
1256 2760 1498 2824 marsupia
1519 2760 1748 2808 hauriunt
1771 2760 1942 2820 aliena,
1968 2776 2025 2807 ea
2042 2759 2385 2824 proculdubio
2408 2776 2610 2824 congre-

487 2848 615 2900 gant,
634 2854 739 2902 quae
757 2837 975 2900 religioni
990 2838 1194 2885 maxime
1216 2838 1311 2885 sint
1332 2841 1590 2899 contraria,
1611 2850 1658 2887 et
1671 2841 1806 2904 juxta
1819 2840 2113 2890 dominicam
2133 2839 2430 2905 parabolam,
2449 2840 2610 2904 spinas

487 2917 704 2981 plantant
717 2933 921 2964 messem
943 2917 1139 2963 Domini
1157 2917 1487 2966 suffocaturas.
1514 2920 1642 2977 Quid
1659 2921 1788 2968 enim
1804 2930 1904 2968 tam
1919 2937 2187 2984 congruum
2207 2920 2442 2983 religioni,
2462 2936 2607 2984 quam

487 2996 743 3059 frugalitas,
769 3012 916 3060 quam
938 2996 1235 3044 ³voluntaria
1250 3000 1532 3062 paupertas?
1554 3000 1683 3057 Quid
1704 3011 1804 3048 tam
1825 3001 2023 3048 noxium
2045 3017 2192 3065 quam
2216 3000 2513 3055 abundantia
2535 3007 2609 3047 re-

486 3076 619 3121 rum?
634 3076 771 3123 Unde
786 3085 833 3123 et
847 3075 1125 3141 philosophi
1136 3077 1351 3140 gentium
1363 3094 1668 3143 nequaquam
1679 3081 1876 3129 virtutes
1889 3098 2001 3130 cum
2013 3081 2189 3130 divitiis
2200 3081 2395 3128 retineri
2406 3094 2605 3129 censue·

486 3164 615 3200 runt.
643 3158 861 3211 Quorum
890 3173 1037 3215 unus,
1059 3166 1116 3204 ut
1137 3167 1332 3205 caeteros
1355 3159 1599 3219 omittam,
1626 3160 1704 3207 ille
1726 3161 1837 3220 fuit,
1863 3179 2010 3226 quem
2036 3162 2098 3209 de
2125 3170 2405 3225 contemptu
2433 3158 2604 3213 mundi

488 3233 628 3280 nobis
649 3235 918 3298 exemplum
931 3235 1158 3300 praedicto
1178 3236 1356 3284 Contra
1371 3240 1674 3286 Iovinianum
1689 3239 1813 3288 libro
1832 3242 2152 3306 Hieronymus
2168 3256 2467 3306 proponenS,
2482 3239 2547 3287 ait
2560 3241 2572 3263 ⁶
2589 3257 2598 3286 ε

529 3429 537 3444 ¹
561 3428 695 3469 Jerem„
709 3438 782 3472 cap.
803 3439 843 3469 11,
865 3440 894 3461 v.
913 3430 942 3460 8.
962 3447 1004 3452 —
1022 3429 1034 3446 ¹
1051 3432 1121 3464 Act.
1136 3433 1259 3472 Apost„
1277 3442 1349 3475 cap.
1366 3444 1423 3474 xx,
1443 3444 1475 3467 v.
1494 3435 1547 3467 33.
1563 3452 1608 3461 —-
1622 3434 1634 3452 ⁸
1650 3434 1777 3477 Matzh„
1798 3446 1872 3479 cap.
1890 3447 1944 3470 xix
1957 3461 1967 3478 ‚
1982 3447 2011 3468 v.
2030 3438 2085 3469 21.
2104 3454 2141 3461 --
2158 3435 2171 3453 ⁴
2185 3435 2314 3476 Matth„
2329 3446 2400 3480 cap.
2415 3446 2455 3475 x,
2473 3446 2502 3469 v,
2523 3436 2598 3467 8.-

486 3487 496 3503 ¹¹
512 3487 585 3517 Jam
603 3485 696 3519 Amb.
714 3503 755 3510 -
775 3485 787 3504 ⁰
803 3485 873 3521 Lib.
888 3487 936 3528 ll,
958 3487 1039 3528 opp.
1057 3495 1079 3521 t.
1101 3488 1156 3530 lv,
1174 3497 1259 3531 part.
1278 3491 1326 3532 ll,
1348 3491 1413 3525 col.
1435 3492 1513 3526 203.
1584 3516 1585 3519 =

2744 2336 2782 2360 O
