2970 4152
863 445 981 493 CUM
1015 444 1183 492 rma}
1225 431 1532 491 AnAEnAam
1567 442 1995 491 sumrioNiBUs.
2029 456 2032 459 ‚
2389 446 2485 493 277

378 557 428 588 se
447 556 534 605 per
550 539 881 587 humilitatem.
910 538 1205 586 Profundum
1221 537 1399 602 quippe
1415 538 1567 584 imum
1580 536 1694 584 dicit
1707 537 1783 584 vel
1801 537 1996 584 humile.
2020 538 2175 594 Quam
2196 538 2354 600 magni
2373 554 2486 585 vero

378 621 470 667 sint
491 636 548 668 ac
573 619 799 668 sublimes
822 623 951 679 Deo,
977 619 1024 665 in
1046 618 1427 666 remuneratione
1446 622 1530 664 sua
1557 617 1874 682 experientur,
1903 617 1980 664 ubi
2005 627 2136 664 tanto
2163 616 2365 682 amplius
2390 634 2487 665 me·

379 709 544 747 rentur
566 700 758 748 exaltari
772 736 784 760 ,
811 708 990 764 quanto
1014 698 1094 746 hic
1116 690 1394 750 humiliores
1421 698 1681 754 extiterint3
1704 707 1752 744 et
1769 707 1900 744 tanto
1926 697 2032 762 plus
2063 713 2091 744 a
2114 700 2215 744 Deo
2240 699 2450 763 recipere
2470 734 2482 756 ‚

378 790 559 844 quanto
587 781 741 827 minus
759 780 837 827 hic
855 796 912 827 ex
929 795 980 826 se
1002 787 1354 842 recognoscunt
1370 777 1563 825 habere.
1587 781 1696 824 Haec
1719 787 1879 825 autem
1903 777 2373 841 quatuor,latitudo¹
2398 779 2484 824 sci-

378 858 488 906 licet
518 869 808 918 sanctorum,
832 858 905 906 vel
925 857 1156 918 Ecclesiae,
1179 874 1284 922 quae
1307 874 1482 922 corpus
1498 857 1668 904 Christi
1692 866 1784 916 est,
1804 857 1854 903 in
1872 857 1973 921 ipsa
1993 857 2093 920 ejus
2110 873 2272 916 cruce,
2290 858 2367 904 cui
2386 858 2487 921 ejus

379 954 554 1004 corpus
577 938 770 986 affixum
795 948 865 986 est
880 974 893 998 ,
921 937 1272 1004 praefiguratum
1296 953 1396 985 esse
1419 936 1701 1000 intelligunt.
1730 940 1785 983 ln
1806 936 2053 984 latitudine
2081 937 2276 1000 quidem
2301 939 2453 984 crucis
2471 975 2482 997 ‚

332 1042 336 1047 ·
378 1016 439 1063 ad
469 1017 712 1065 dexteram
731 1028 778 1065 et
806 1019 855 1064 in
880 1017 1144 1076 sinistram,
1173 1016 1255 1063 ubi
1278 1016 1498 1063 manibus
1522 1015 1670 1063 affixis
1694 1026 1914 1063 extensus
1937 1026 2032 1074 est,
2061 1015 2262 1063 latitudo
2283 1018 2486 1064 caritatis

378 1097 595 1146 inimicos
613 1099 755 1146 etiam
781 1098 1132 1163 amplectentis,
1155 1098 1237 1162 qui
1262 1097 1400 1144 nobis
1422 1107 1649 1162 tanquam
1667 1098 1714 1143 in
1737 1097 1924 1143 sinistra
1942 1106 2073 1156 sunt,
2102 1097 2195 1143 hoc
2220 1108 2314 1158 est,
2337 1099 2383 1143 in
2407 1098 2487 1145 ad-

379 1178 618 1238 versitate,
640 1180 760 1227 sicut
789 1180 929 1226 amici
953 1180 1002 1226 in
1022 1179 1210 1226 dextera
1230 1214 1242 1237 ‚
1270 1177 1558 1242 designatur.
1585 1180 1753 1226 Manus
1776 1177 1925 1225 affixae
1943 1178 1990 1224 in
2016 1177 2209 1225 dextera
2232 1189 2277 1225 et
2302 1180 2487 1226 sinistra

378 1258 532 1305 crucis
561 1269 695 1324 parte
722 1275 869 1325 opera
892 1269 1003 1306 sunt
1026 1259 1257 1319 caritatiS,
1285 1259 1346 1305 ad
1375 1259 1593 1306 inimicos
1617 1260 1792 1323 pariter
1814 1268 1861 1305 et
1884 1259 2068 1305 amicos·
2086 1259 2135 1305 in
2160 1258 2400 1306 beneficiis
2419 1259 2487 1305 di-

377 1336 532 1385 latata.
560 1341 714 1396 Quam
734 1340 954 1404 'profecto
987 1339 1286 1387 latitudinem
1315 1340 1521 1386 caritatis
1550 1339 1612 1386 de
1634 1340 1734 1404 ipsa
1765 1355 1906 1386 cruce
1930 1339 2163 1385 Dominus
2196 1338 2333 1386 uobis
2361 1339 2488 1386 exhi·

377 1417 504 1478 buit,
528 1437 677 1483 quum
703 1431 750 1467 et
766 1437 929 1467 curam
950 1421 1111 1467 matris
1135 1437 1325 1485 gerens,
1348 1437 1454 1468 eam
1473 1419 1707 1486 discipulo
1733 1419 2106 1480 commendavit,
2130 1429 2177 1468 et
2195 1437 2282 1485 pro
2307 1422 2488 1467 crucifi-

377 1492 595 1562 gentibus
623 1501 848 1547 exoravit.
884 1502 1015 1548 Sicut
1041 1510 1199 1549 autem
1235 1500 1437 1548 latitudo
1461 1500 1762 1548 dextrorsum
1788 1511 1834 1548 et
1863 1501 2185 1548 sinistrorsum
2218 1501 2394 1559 tendit,
2427 1503 2490 1549 ita

377 1578 627 1643 longitudo
651 1597 838 1627 sursum
864 1591 910 1628 et
932 1581 1157 1628 deorsum
1184 1582 1398 1646 respicit,
1432 1582 1478 1628 in
1504 1597 1598 1646 qua
1622 1582 1723 1646 ipse
1749 1582 1983 1628 Dominus
2013 1598 2040 1629 a
2068 1582 2219 1647 capite
2249 1599 2397 1647 usque
2428 1583 2487 1630 ad

377 1658 524 1723 pedes
542 1660 590 1706 in
610 1677 751 1709 cruce
774 1662 900 1708 stetit
921 1672 1122 1709 erectus.
1151 1665 1217 1709 Ex
1248 1678 1344 1726 qua
1370 1662 1565 1726 quidem
1590 1661 1885 1726 longitudine
1914 1661 1992 1709 illa
2016 1662 2116 1726 ejus
2142 1664 2488 1728 perseverantia

377 1740 614 1802 patientiae
639 1741 883 1805 figuratur,
918 1759 1068 1807 usque
1099 1742 1159 1790 ad
1186 1743 1649 1790 consummationem
1680 1743 1786 1790 vitae
1819 1744 1988 1808 ipsius,
2017 1744 2115 1791 sive
2150 1745 2490 1810 redemptionis

379 1829 565 1867 nostrae.
595 1823 666 1868 De
685 1838 779 1885 qua
808 1823 1009 1887 ipsemet
1032 1822 1120 1869 ait²
1140 1840 1150 1868 :
1178 1843 1200 1867 «
1221 1825 1617 1869 Consummatum
1641 1832 1726 1869 est.
1753 1841 1775 1866 υ
1799 1826 1855 1870 Et
1873 1823 2147 1888 Apostolus³
2168 1842 2178 1871 t
2203 1844 2226 1869 α
2248 1829 2415 1872 Factus
2431 1862 2442 1884 ‚
2464 1845 2485 1869 »

378 1897 557 1962 inquit,
611 1918 634 1944 «
670 1900 900 1948 obediens
927 1918 1076 1966 usque
1106 1901 1168 1948 ad
1190 1911 1409 1948 mortem.
1442 1921 1465 1945 »
1494 1900 1766 1948 Sublimitas
1804 1904 1978 1961 crucis,
2008 1903 2186 1952 additio
2210 1904 2287 1951 illa
2318 1915 2410 1964 est,
2441 1908 2487 1953 in

378 1994 472 2042 qua
491 1979 655 2028 titulus
676 1982 878 2046 scriptus
894 1992 964 2029 est
978 1998 1121 2047 super
1144 1991 1287 2047 caput
1311 1983 1521 2029 Domini.
1552 1985 1605 2028 ln
1624 1998 1722 2046 quo
1738 1992 1865 2030 certe
1888 1983 2023 2031 titulo
2047 2000 2225 2040 nomen
2244 1978 2349 2049 ejus*
2370 2003 2488 2051 prae-

377 2059 603 2125 scriptum
621 2096 633 2120 ‚
655 2061 789 2125 quod
809 2071 900 2118 est,
923 2065 1057 2109 Jesus
1073 2097 1085 2121 ,
1123 2061 1241 2109 illud
1265 2071 1336 2109 est
1365 2061 1807 2109 excellentissimum
1821 2099 1833 2122 ‚
1867 2062 1927 2110 de
1950 2079 2051 2127 quo
2080 2063 2207 2112 idem
2239 2065 2489 2130 Apostolus

377 2138 604 2203 adjecit‘:
631 2160 655 2187 «
691 2144 891 2207 Propter
913 2142 1047 2208 quod
1072 2153 1142 2190 est
1167 2145 1296 2190 Deus
1325 2141 1543 2190 exaltavit
1572 2142 1729 2202 illum,
1760 2152 1804 2190 et
1828 2142 2024 2191 donavit
2059 2143 2124 2190 illi
2149 2161 2328 2193 nomen
2359 2146 2488 2210 quod

376 2230 446 2268 est
473 2238 616 2288 super
638 2240 782 2271 omne
813 2241 1008 2272 nomen.
1045 2244 1069 2269 »
1098 2227 1150 2271 ln
1187 2224 1348 2273 electis
1373 2241 1567 2290 quoque
1586 2225 1664 2272 illa
1698 2226 1914 2290 superior
1937 2241 2047 2292 pars
2071 2226 2231 2274 addita
2260 2227 2487 2291 significat

376 2300 494 2348 illud
510 2302 558 2350 in
578 2305 962 2352 remuneratione
981 2315 1273 2365 sanctorum,
1289 2305 1424 2370 quod
1447 2322 1591 2371 supra
1610 2306 1776 2353 merita
1788 2306 1898 2371 ipsis
1917 2316 1986 2354 est
2003 2306 2228 2355 collatum
2252 2325 2306 2355 ex
2325 2309 2484 2372 gratia,

372 2381 505 2443 juxta
523 2382 641 2430 illud
668 2383 879 2447 ejusdem
904 2385 1138 2449 Apostoli⁸
1159 2404 1169 2431 ε
1197 2405 1220 2429 «
1239 2388 1344 2432 Non
1373 2395 1484 2433 sunt
1502 2385 1750 2450 condignae
1766 2387 2009 2451 passiones
2024 2386 2165 2450 hujus
2186 2389 2412 2453 temporis
2428 2389 2489 2435 ad

377 2462 583 2510 futuram
600 2460 797 2527 ¹gloriam
814 2500 826 2524 ,
847 2481 952 2528 quae
978 2464 1262 2513 revelabitur
1282 2466 1331 2512 in
1360 2466 1516 2513 nobis.
1539 2485 1562 2511 »
1585 2466 1907 2525 Profundum,
1937 2466 2032 2514 hoc
2050 2477 2141 2526 est,
2165 2468 2357 2515 inferior
2382 2484 2489 2533 pars

378 2542 551 2602 crucis,
586 2560 672 2608 per
701 2560 846 2608 quam
884 2554 1020 2593 terrae
1043 2545 1183 2594 affixa
1209 2556 1326 2605 stat,
1360 2546 1542 2593 humile
1566 2556 1637 2593 est
1663 2556 1710 2593 et
1740 2546 1977 2610 abjectum
2008 2548 2159 2594 crucis
2195 2548 2456 2612 patibulum
2474 2584 2485 2606 ‚

378 2624 474 2671 sive
500 2641 648 2688 genus
665 2626 831 2683 mortis
856 2626 1253 2691 ignominiosum,
1277 2644 1374 2692 quo
1403 2629 1607 2675 maxima
1634 2627 1806 2675 Christi
1830 2628 2069 2675 humilitas
2098 2630 2485 2689 commendatur,

380 2714 427 2751 et
450 2704 550 2769 ipse
569 2705 771 2771 amplius
796 2706 987 2754 exaltari
1015 2708 1212 2768 meruit,
1247 2708 1367 2755 sicut
1396 2725 1539 2774 supra
1559 2708 1862 2755 meminimus
1891 2708 1993 2768 ibi⁰‚
2023 2728 2046 2754 «
2077 2720 2271 2775 propter
2289 2710 2419 2774 quod
2445 2721 2491 2758 et
2546 2722 2549 2725 ’

379 2786 508 2833 Deus
526 2786 743 2834 exaltavit
766 2786 897 2835 illum
917 2824 928 2848 ,
952 2798 1042 2836 etc.
1069 2808 1091 2833 υ
1119 2791 1190 2836 De
1214 2789 1308 2836 hoc
1333 2789 1506 2853 gene're
1539 2774 1704 2836 mortis
1732 2789 2009 2854 praedictum
2033 2789 2183 2837 fuerat
2207 2807 2261 2837 ex
2289 2807 2491 2855 persona

381 2864 641 2931 impiorum
655 2868 668 2891 ⁷
688 2884 697 2913 ε
715 2886 737 2911 «
759 2869 910 2914 Morte
930 2868 1197 2933 turpissima
1215 2868 1593 2916 condemnemus
1607 2886 1734 2916 eum.
1763 2888 1786 2913 »
1804 2871 1855 2915 ln
1876 2869 2034 2916 electis
2056 2870 2195 2916 etiam
2208 2869 2283 2916 illa
2297 2887 2404 2935 pars
2423 2871 2491 2917 in·

382 2944 525 2994 ferior
541 2947 718 3006 crucis,
746 2964 841 3012 qua
867 2958 999 2995 terrae
1022 2948 1166 2997 infixa
1189 2959 1403 3009 tenetur,
1434 2949 1658 2997 virtutem
1689 2949 1908 3015 exprimit
1934 2950 2233 3009 humilitatis,
2271 2967 2366 3015 qua
2403 2951 2490 3016 ipsi

379 3042 428 3072 se
447 3026 631 3091 pulveri
657 3037 702 3075 et
722 3037 855 3075 terrae
879 3038 1210 3094 comparantes
1231 3038 1412 3094 quanto
1437 3046 1488 3077 se
1506 3028 1708 3095 amplius
1729 3028 1808 3076 hic
1828 3029 2082 3077 humiliant
2113 3039 2159 3077 et
2183 3030 2392 3077 minores
2420 3047 2492 3077 re-

379 3117 571 3170 putant,
607 3118 739 3155 tanto
769 3108 1078 3174 postmodum
1108 3109 1301 3157 exaltari
1321 3119 1580 3158 merentur.
1616 3113 1674 3157 Et
1706 3109 1807 3158 haec
1824 3110 2019 3174 quidem
2038 3110 2280 3158 humilitas
2297 3128 2488 3171 eorum,

381 3186 546 3235 firmos
563 3198 609 3236 et
624 3198 806 3236 erectos
826 3204 909 3236 eos
925 3198 1054 3236 tenet
1068 3189 1117 3236 in
1143 3190 1351 3245 culmine
1368 3191 1595 3238 virtutum
1618 3209 1628 3237 :
1656 3191 1775 3238 sicut
1794 3190 1871 3237 illa
1889 3207 1998 3256 pars
2017 3193 2187 3240 crucis⁸
2207 3202 2339 3240 terrae
2354 3192 2492 3240 affixa

381 3266 569 3315 firmam
604 3284 710 3316 eam
742 3279 789 3316 et
814 3278 1018 3316 erectam
1053 3279 1195 3318 tenet.
1231 3273 1341 3318 Post
1369 3271 1612 3319 caritatem
1638 3281 1934 3331 sanctorum,
1970 3273 2132 3320 transit
2162 3272 2224 3320 ad
2254 3266 2490 3321 summam

428 3397 436 3414 ⁶
453 3397 507 3430 Sic
522 3398 581 3431 Ed.
598 3397 725 3432 -F'orte
737 3397 908 3442 legendum
927 3399 1160 3434 :Latitudinem
1181 3408 1259 3440 etc„
1279 3403 1411 3441 scilicet,
1459 3418 1500 3424 —
1516 3400 1529 3418 ⁸
1547 3400 1708 3442 Philipp„
1727 3410 1798 3443 cap.
1825 3411 1866 3440 ιι,
1883 3410 1913 3433 v.
1934 3402 1968 3434 8.
1991 3418 2028 3424 -
2046 3400 2060 3418 ⁴
2075 3400 2171 3441 lbid..
2189 3411 2219 3435 v.
2242 3404 2275 3435 9.
2293 3420 2329 3426 -
2345 3402 2357 3419 ⁸
2376 3404 2484 3438 Rom,

384 3457 624 3498 longitudinem,
634 3458 872 3497 ειιὸιὶνηὶιαιεηι,
881 3458 1078 3499 profundum
1091 3466 1289 3498 sanctorum,
1303 3466 1410 3492 eta...
1451 3463 1531 3503 Ὅτῳ.
1547 3470 1601 3492 vni
1613 3484 1620 3497 ,
1639 3469 1671 3491 v.
1692 3459 1742 3491 18.
1756 3475 1798 3482 -
1810 3457 1824 3476 ⁸
1835 3459 1994 3500 Philipp„
2011 3469 2083 3502 cap.
2102 3469 2137 3499 ιι,
2153 3469 2184 3492 v.
2203 3461 2233 3493 9.
2254 3478 2291 3483 -
2308 3459 2318 3476 '¹
2330 3460 2490 3501 sapient„

383 3513 593 3553 praefigurata
610 3523 677 3546 esse
692 3516 883 3556 intelliqum.
902 3533 939 3539 -
966 3513 1096 3556 uuam,
1116 3525 1190 3559 cap.
1210 3526 1280 3557 xix,
1304 3526 1335 3548 v.
1356 3516 1408 3548 30.
1458 3525 1530 3560 cap.
1549 3527 1584 3557 ιι,
1596 3527 1626 3548 v.
1640 3517 1745 3548 20.--
1761 3514 1773 3533 ⁸
1785 3514 1839 3550 Sic
1849 3515 1931 3550 Cod.
1942 3514 2162 3550 vicu-Crucis
2175 3515 2266 3549 deest
2279 3515 2312 3549 in
2323 3515 2383 3549 Ed.
2396 3513 2492 3548 Δηὼ.
