2970 4152
536 408 630 456 524
1333 409 1504 456 PETRI
1537 410 1851 459 ABAELARDI

533 501 595 549 de
626 500 846 566 paradiso
874 499 1008 547 illum
1035 516 1175 547 suum
1208 510 1309 548 tam
1336 503 1494 550 virum
1523 519 1670 568 quam
1692 515 1941 570 parentem
1968 503 2146 569 expulit
2172 522 2182 550 ε
2208 503 2334 551 hanc
2361 503 2508 552 hodie
2535 521 2649 552 suus

532 592 632 629 tarn
652 597 855 646 sponsus
876 595 1022 644 quam
1039 579 1162 628 filius
1178 580 1241 628 ad
1260 580 1519 631 feliciorem
1540 584 1815 649 paradisum
1836 584 2104 649 assumpsit.
2125 584 2219 641 Qui
2240 583 2650 648 quemadmodum

533 660 678 707 coelos
717 659 1003 720 ascendens,
1044 676 1072 709 a
1102 660 1279 710 dextris
1308 663 1396 710 Dei
1422 644 1599 712 sedisse
1632 664 1934 724 describitur,
1958 665 2024 711 ita
2055 663 2203 711 hodie
2233 673 2435 711 matrem
2467 679 2649 711 assum-

532 752 664 806 ptam
680 757 708 788 a
724 741 899 788 dextris
917 741 1012 789 suis
1026 741 1283 790 collocasse
1302 760 1402 791 non
1425 744 1670 804 dubitant,
1692 745 1770 792 cui
1792 744 1908 792 olim
1928 761 2015 810 per
2034 744 2323 810 Prophetam
2345 743 2527 791 dictum
2548 743 2650 791 fue·

532 824 657 869 rat¹:
687 842 709 867 «
737 822 892 870 Astitit
918 822 1083 886 regina
1113 839 1141 872 a
1176 824 1352 873 dextris
1379 826 1495 885 tuis,
1526 826 1577 873 in
1598 826 1772 873 vestitu
1799 825 2053 885 deaurato,
2083 844 2106 871 »
2137 824 2232 873 hoc
2260 835 2332 873 est
2360 825 2409 872 in
2446 841 2651 890 corpore

531 920 719 969 semper
749 903 1074 964 immaculato,
1101 905 1246 953 etiam
1268 906 1527 954 immortali
1549 916 1596 954 et
1617 905 1969 971 incorruptibili
1990 906 2134 954 facto.
2160 908 2340 954 Aurum
2361 905 2539 971 quippe
2560 920 2650 952 cae-

532 983 643 1031 teris
673 982 875 1030 metallis
901 982 1198 1048 splendidius
1235 994 1282 1034 et
1314 984 1537 1045 solidius,
1573 1001 1665 1033 nec
1697 985 1808 1050 igne
1840 986 2081 1043 consumi,
2122 1002 2212 1033 nec
2244 984 2462 1049 rubigine
2494 993 2652 1049 potest

530 1062 791 1127 corrumpi.

596 1144 728 1191 Sicut
754 1160 868 1208 ergo
896 1146 1133 1194 Dominus
1164 1147 1216 1194 in
1249 1148 1405 1212 seipso
1432 1147 1569 1207 viris,
1595 1147 1697 1211 jam
1725 1145 1777 1195 in
1810 1155 1963 1195 matre
1995 1146 2184 1194 feminis
2212 1144 2413 1209 gloriam
2439 1151 2651 1192 resurre-

533 1224 704 1271 ctionis
726 1223 940 1272 exhibuit
965 1242 977 1271 z
1002 1234 1100 1290 quo
1121 1225 1343 1274 videlicet
1362 1226 1610 1292 utriusque
1636 1242 1774 1274 sexus
1795 1225 2032 1274 desideria
2051 1242 2134 1291 spe
2157 1225 2324 1272 futurae
2344 1221 2652 1273 beatitudinis

533 1302 736 1368 amplius
757 1303 807 1351 in
836 1321 887 1351 se
909 1305 1188 1353 concitaret.
1215 1306 1286 1354 Ad
1309 1305 1436 1354 hanc
1464 1305 1731 1371 specialiter
1759 1305 1840 1354 illa
1860 1322 1954 1354 vox
1974 1305 2148 1371 Sponsi
2176 1303 2411 1368 dirigitur,
2436 1318 2534 1368 qua
2553 1311 2655 1349 tam

533 1382 735 1431 dulciter
755 1384 1033 1433 invitatur’:
1058 1405 1083 1431 «
1102 1388 1267 1451 Surge,
1285 1403 1511 1452 propera,
1531 1387 1685 1435 amica
1697 1402 1822 1447 mea,
1842 1396 1889 1435 et
1903 1387 2032 1434 veni.
2051 1388 2156 1433 Jam
2171 1386 2302 1433 enim
2321 1384 2476 1432 hiems
2496 1393 2652 1431 trans·

534 1463 587 1510 iit
602 1500 614 1522 ,
636 1462 792 1511 imber
812 1463 954 1524 abiit,
976 1474 1024 1512 et
1042 1467 1284 1514 recessit.»
1305 1466 1519 1514 Amicam
1536 1466 1678 1514 simul
1693 1475 1741 1514 et
1755 1466 2017 1514 formosam
2033 1481 2140 1513 eam
2155 1464 2379 1530 appellat,
2400 1479 2506 1528 quae
2520 1472 2654 1511 tanta

534 1552 605 1590 est
634 1543 830 1591 caritate
856 1544 945 1591 Dei
972 1545 1245 1606 vulnerata,
1270 1556 1323 1594 ut
1343 1545 1464 1593 nulli
1484 1546 1667 1593 inimici
1687 1545 1784 1593 telo
1809 1546 1860 1593 in
1889 1560 1948 1593 ea
1965 1544 2100 1592 locus
2121 1553 2298 1609 pateat.
2323 1546 2378 1590 In
2406 1543 2540 1607 cujus
2560 1542 2656 1590 sin-

533 1623 684 1687 gulari
719 1623 860 1671 laude
874 1661 887 1684 ,
919 1633 967 1672 et
998 1624 1061 1673 ab
1094 1626 1199 1691 ipso
1228 1626 1273 1673 ei
1306 1625 1481 1674 dicitur
1499 1627 1514 1651 ⁸
1539 1644 1551 1672 ι
1581 1645 1605 1671 «
1633 1625 1943 1673 Immaculata
1977 1641 2110 1684 mea,
2151 1634 2199 1672 et
2226 1622 2414 1671 macula
2449 1639 2551 1671 non
2584 1631 2655 1670 est

533 1705 583 1752 in
605 1715 668 1752 te.
697 1724 720 1749 »
746 1705 845 1752 Etsi
865 1705 995 1753 enim
1026 1706 1165 1754 multi
1197 1707 1339 1754 amici
1363 1707 1453 1754 Dei
1479 1706 1718 1765 dicantur,
1745 1707 1881 1768 juxta
1901 1705 2036 1769 quod
2062 1706 2163 1770 ipse
2188 1706 2402 1769 Sponsus
2429 1702 2656 1770 apostolis

535 1785 624 1832 ait⁴
648 1804 658 1831 :
690 1804 713 1829 «
738 1787 837 1832 Vos
859 1792 1020 1831 autem
1041 1784 1140 1832 dixi
1161 1786 1365 1844 amicos,
1394 1803 1419 1829 »
1444 1784 1805 1849 comparatione
1832 1793 1994 1831 tamen
2017 1783 2270 1831 dominicae
2290 1782 2478 1842 matris,
2495 1783 2574 1830 cui
2593 1782 2655 1830 ab

535 1866 704 1930 angelo
718 1865 935 1914 dicitur⁴:
959 1886 983 1912 «
1000 1868 1114 1926 Ave,
1134 1866 1285 1930 gratia
1303 1865 1465 1932 plena,
1482 1885 1507 1911 υ
1525 1865 1657 1913 nulla
1670 1875 1742 1913 est
1756 1864 1971 1913 fidelium
1986 1865 2148 1913 anima
2161 1864 2389 1912 immunis
2404 1879 2434 1911 a
2447 1863 2651 1913 macula.

538 1967 561 1992 «
587 1949 759 2012 Surge,
784 1964 1015 2014 propera,
1044 1966 1068 1992 »
1097 1946 1195 1995 hoc
1223 1956 1295 1995 est
1317 1965 1328 1994 z
1354 1949 1540 1995 Matura
1572 1946 1997 2005 resurrectionem,
2038 1944 2100 1994 ad
2131 1960 2210 1992 me
2238 1944 2390 1992 filium
2421 1954 2577 1992 mater
2606 1962 2657 1993 es

534 2026 860 2092 perducenda.
887 2030 976 2075 Per
1001 2025 1213 2074 hiemem
1245 2035 1294 2074 et
1322 2025 1555 2086 imbrem,
1579 2025 1676 2073 hoc
1697 2035 1769 2073 est
1795 2024 1902 2090 gelu
1932 2035 1980 2073 et
2005 2023 2243 2091 pluviam,
2266 2033 2420 2072 totam
2440 2022 2658 2072 hiemalis

534 2106 764 2171 temporis
791 2105 1161 2171 comprehendit
1192 2105 1490 2171 gravitatem.
1521 2107 1674 2153 Tanto
1703 2114 1865 2152 autem
1891 2104 2093 2169 quisque
2127 2102 2330 2168 amplius
2358 2102 2407 2150 in
2441 2102 2534 2151 hac
2560 2104 2659 2151 vita

536 2197 776 2252 gravatur,
800 2197 849 2235 et
869 2187 1046 2235 invitus
1067 2196 1274 2245 tenetur,
1299 2196 1481 2251 quanto
1506 2186 1720 2233 securior
1740 2185 1801 2233 de
1822 2185 1997 2244 futura,
2015 2184 2187 2248 majori
2207 2183 2445 2232 desiderio
2467 2183 2529 2231 ad
2550 2200 2658 2232 eam

535 2267 742 2316 festinat.
770 2268 889 2326 Quis
916 2277 1077 2316 autem
1103 2266 1320 2316 fidelium
1353 2268 1420 2315 sic
1448 2265 1511 2314 ad
1531 2267 1820 2326 Dominum,
1845 2266 1968 2314 sicut
1988 2276 2142 2313 mater
2162 2264 2413 2330 pervenire
2435 2264 2658 2329 cupiebat

541 2335 597 2402 ad
619 2347 796 2396 filium?
816 2352 967 2396 Tanto
990 2364 1104 2413 ergo
1126 2347 1254 2396 hanc
1275 2348 1424 2396 vitam
1445 2347 1596 2413 magis
1616 2364 1707 2414 pro
1728 2337 1887 2396 hieme
1908 2345 2119 2395 habebat
2134 2383 2147 2407 ,
2173 2355 2222 2394 et
2242 2345 2431 2410 gravius
2451 2346 2654 2393 sustine-

540 2416 643 2502 bat,
661 2439 841 2495 quanto
860 2428 921 2478 ad
943 2439 1153 2478 aestatem
1174 2445 1390 2495 supernae
1410 2428 1676 2477 serenitatis
1699 2428 1901 2493 amplius
1922 2426 2195 2475 anhelabat.
2219 2424 2357 2473 Unde
2378 2435 2506 2472 recte
2526 2442 2657 2473 nunc

541 2507 709 2563 dicitur
731 2511 774 2558 ei
803 2511 905 2574 jam
925 2510 1080 2558 hiems
1101 2510 1366 2571 transiisse,
1390 2519 1439 2557 et
1459 2508 1616 2557 imber
1636 2508 1809 2557 abiisse
1823 2545 1835 2569 ,
1860 2524 1965 2573 quae
1987 2506 2132 2554 finitis
2154 2505 2380 2554 omnibus
2401 2504 2653 2564 molestiis,

540 2605 640 2636 non
662 2577 719 2653 ad
748 2590 883 2639 illum
911 2590 1112 2639 Abrahae
1137 2590 1299 2638 sinum
1319 2600 1367 2638 et
1393 2590 1693 2655 refrigerium
1713 2589 1951 2649 fidelium,
1988 2605 2086 2653 quo
2120 2604 2302 2653 pauper
2322 2589 2525 2634 Lazarus
2547 2603 2656 2652 per-

540 2669 710 2717 ductus
728 2682 800 2721 est
819 2675 850 2732 ⁵,
875 2671 960 2721 sed
982 2671 1045 2720 ad
1065 2670 1256 2720 aetherei
1283 2671 1448 2719 throni
1478 2671 1670 2720 culmen
1692 2680 1764 2719 est
1784 2669 2086 2719 assumenda.
2112 2672 2219 2716 Non
2241 2669 2518 2732 ignoramus
2542 2667 2657 2716 bea-

540 2759 641 2796 tum
668 2737 1014 2816 Hieronymum
1033 2753 1063 2811 ⁶,
1094 2768 1246 2816 quum
1271 2751 1414 2815 hujus
1442 2751 1791 2817 Assumptionis
1818 2766 2093 2799 sermonem
2114 2747 2368 2808 scriberet,
2397 2748 2447 2794 in
2469 2757 2659 2795 tantum

538 2828 778 2877 dubitasse
798 2831 859 2879 de
881 2832 1231 2879 resurrectione
1252 2831 1343 2879 hac
1360 2868 1372 2889 ,
1403 2847 1551 2897 quam
1573 2832 1778 2879 diximus
1800 2832 1850 2878 in
1873 2840 2026 2878 matre
2047 2829 2244 2877 Domini
2265 2826 2579 2893 completam,
2605 2837 2658 2873 ut

540 2909 716 2958 diceret
738 2911 856 2959 nihil
888 2929 978 2978 pro
1011 2922 1144 2960 certo
1171 2912 1287 2960 hinc
1313 2912 1506 2973 haberi,
1535 2932 1558 2959 «
1587 2906 1680 2961 nisi
1703 2912 1838 2978 quod
1865 2911 2105 2960 hodierna
2124 2910 2203 2958 die
2225 2909 2446 2973 migravit
2466 2908 2528 2956 de
2547 2924 2656 2956 cor-

542 3006 674 3054 pore.
705 3011 728 3036 »
754 2991 847 3039 Sed
871 3009 1022 3058 quum
1045 2993 1096 3040 in
1119 2993 1316 3041 Daniele
1339 2994 1571 3059 scriptum
1593 2995 1653 3042 sit
1672 2996 1686 3019 '¹
1713 3012 1723 3041 ε
1754 3014 1776 3039 «
1801 2992 2164 3041 Pertransibunt
2183 2991 2399 3057 plurimi,
2426 2999 2473 3038 et
2495 2989 2657 3036 multi·

541 3068 649 3133 plex
670 3071 755 3118 erit
777 3072 998 3131 scientia;
1021 3090 1045 3117 »
1071 3082 1119 3119 et
1134 3071 1302 3120 beatus
1325 3072 1606 3120 Benedictus
1619 3074 1668 3120 in
1692 3073 1892 3138 Regala⁸
1910 3072 2059 3132 dicat,
2072 3071 2184 3136 quia
2201 3069 2379 3118 revelat
2392 3072 2522 3116 Deus
2535 3084 2658 3133 saepe

537 3149 715 3212 juniori
748 3152 880 3217 quod
913 3170 1013 3200 non
1042 3153 1221 3201 revelat
1242 3154 1413 3217 majori
1439 3172 1450 3201 :
1478 3155 1637 3220 potuit
1658 3155 1962 3219 contingere,
1988 3164 2042 3201 ut
2071 3151 2205 3218 quod
2237 3161 2456 3216 tempore
2489 3150 2658 3197 Hiero-

543 3230 674 3292 nymi
702 3230 836 3279 latuit
863 3233 1123 3294 incertum,
1149 3233 1461 3300 postmodum
1489 3234 1728 3283 revelante
1751 3235 1928 3300 Spiritu
1950 3233 2085 3281 fieret
2105 3230 2426 3279 manifestum.
2453 3228 2598 3287 Quod
2620 3229 2661 3276 si

590 3381 598 3398 ¹
626 3381 742 3415 Psalm.
770 3394 855 3425 xuv,
879 3395 908 3417 v.
940 3386 992 3419 10.
1004 3404 1048 3412 -
1063 3386 1076 3404 ²⁸
1096 3387 1205 3427 Cant„
1222 3398 1297 3431 cap.
1327 3398 1349 3420 n
1361 3412 1370 3428 ,
1396 3397 1428 3420 v.
1458 3388 1512 3420 10.
1525 3404 1568 3411 -
1623 3397 1697 3420 uem
1711 3387 1805 3420 istum
1822 3386 1874 3420 vel
1887 3386 1995 3429 potius
2008 3387 2053 3418 ad
2063 3385 2272 3417 Eustochium
2285 3380 2468 3425 epistolam,
2480 3379 2570 3414 dom.
2582 3379 2659 3414 Joh-

545 3437 557 3453 ³
576 3438 684 3476 Cane„
711 3448 785 3482 cap.
812 3450 843 3479 ν,
873 3450 905 3473 v.
936 3443 967 3474 2.
985 3459 1028 3466 ——
1042 3441 1056 3460 ⁴
1069 3443 1180 3484 Joan.,
1209 3452 1284 3487 cap.
1309 3453 1366 3483 xv,
1394 3453 1427 3477 v.
1453 3444 1505 3475 15.
1526 3461 1568 3467 —-
1622 3442 1799 3486 Martianay
1815 3442 2012 3485 Hieronymo
2027 3440 2203 3483 abjudicat.
2215 3438 2276 3464 -'
2291 3438 2389 3479 Dan„
2405 3446 2480 3482 cap.
2497 3446 2563 3478 ιιι,
2577 3445 2610 3470 ν.
2625 3435 2659 3469 4.

544 3492 557 3510 ⁸
578 3493 671 3535 Luc„
690 3505 765 3540 cap.
780 3507 853 3539 xvi,
873 3509 905 3531 v.
922 3499 974 3531 23.
989 3516 1033 3527 —-
1046 3498 1059 3517 ⁶
1081 3501 1163 3543 opp.
1179 3507 1203 3534 t.
1221 3500 1261 3542 V,
1277 3501 1341 3534 col.
1361 3502 1414 3534 83.
1433 3500 1568 3534 Sermo·
1626 3518 1661 3525 —
1681 3498 1694 3517 ⁸
1714 3498 1795 3542 Cap.
1818 3509 1867 3533 ιιι.
