<?xml version="1.0" encoding="UTF-8"?>
<!DOCTYPE html PUBLIC "-//W3C//DTD XHTML 1.0 Transitional//EN"
    "http://www.w3.org/TR/xhtml1/DTD/xhtml1-transitional.dtd">
<html xmlns="http://www.w3.org/1999/xhtml" xml:lang="en" lang="en">
 <head>
  <title>
</title>
<meta http-equiv="Content-Type" content="text/html;charset=utf-8" />
  <meta name='ocr-system' content='tesseract 3.04.00' />
  <meta name='ocr-capabilities' content='ocr_page ocr_carea ocr_par ocr_line ocrx_word'/>
</head>
<body>
  <div class='ocr_page' id='page_1' title='image "./operahactenusseo01abeluoft_0501.png"; bbox 0 0 2970 4152; ppageno 0'>
   <div class='ocr_carea' id='block_1_1' title="bbox 1007 411 2494 467">
    <p class='ocr_par' dir='ltr' id='par_1_1' title="bbox 1007 411 2494 467">
     <span class='ocr_line' id='line_1_1' title="bbox 1007 411 2494 467; baseline -0.003 -6"><span class='ocrx_word' id='word_1_1' title='bbox 1007 413 1066 461; x_wconf 86' lang='grc' dir='ltr'><strong>ΙΝ</strong></span> <span class='ocrx_word' id='word_1_2' title='bbox 1098 413 1197 458; x_wconf 85' lang='lat' dir='ltr'><strong>DIE</strong></span> <span class='ocrx_word' id='word_1_3' title='bbox 1232 411 1608 459; x_wconf 88' lang='lat' dir='ltr'><strong>PENTECOTES</strong></span> <span class='ocrx_word' id='word_1_4' title='bbox 1641 411 1857 467; x_wconf 85' lang='lat' dir='ltr'><strong>SERMO.</strong></span> <span class='ocrx_word' id='word_1_5' title='bbox 2401 411 2494 458; x_wconf 75' lang='lat'><strong>487</strong></span> 
     </span>
    </p>
   </div>
   <div class='ocr_carea' id='block_1_2' title="bbox 337 504 2502 3306">
    <p class='ocr_par' dir='ltr' id='par_1_2' title="bbox 337 504 2502 3306">
     <span class='ocr_line' id='line_1_2' title="bbox 375 504 2497 573; baseline -0.002 -18"><span class='ocrx_word' id='word_1_6' title='bbox 375 518 486 556; x_wconf 90' lang='lat' dir='ltr'><strong>ante</strong></span> <span class='ocrx_word' id='word_1_7' title='bbox 510 508 662 555; x_wconf 89' lang='lat' dir='ltr'><strong>sancti</strong></span> <span class='ocrx_word' id='word_1_8' title='bbox 690 508 889 573; x_wconf 85' lang='lat' dir='ltr'>Spiritus</span> <span class='ocrx_word' id='word_1_9' title='bbox 918 507 1179 554; x_wconf 89' lang='lat' dir='ltr'><strong>adventum</strong></span> <span class='ocrx_word' id='word_1_10' title='bbox 1201 506 1410 565; x_wconf 91' lang='lat' dir='ltr'><strong>fuerant,</strong></span> <span class='ocrx_word' id='word_1_11' title='bbox 1443 506 1534 552; x_wconf 92' lang='lat' dir='ltr'><strong>nisi</strong></span> <span class='ocrx_word' id='word_1_12' title='bbox 1555 505 1798 569; x_wconf 83' lang='lat' dir='ltr'><strong>quaedam,</strong></span> <span class='ocrx_word' id='word_1_13' title='bbox 1825 515 1877 551; x_wconf 93' lang='lat' dir='ltr'><strong>ut</strong></span> <span class='ocrx_word' id='word_1_14' title='bbox 1902 505 1968 552; x_wconf 90' lang='lat' dir='ltr'><strong>ita</strong></span> <span class='ocrx_word' id='word_1_15' title='bbox 1995 504 2177 563; x_wconf 88' lang='lat' dir='ltr'><strong>dicam,</strong></span> <span class='ocrx_word' id='word_1_16' title='bbox 2211 504 2338 551; x_wconf 90' lang='lat' dir='ltr'><strong>lutea</strong></span> <span class='ocrx_word' id='word_1_17' title='bbox 2368 504 2497 568; x_wconf 86' lang='lat' dir='ltr'><strong>figuli</strong></span> 
     </span>
     <span class='ocr_line' id='line_1_3' title="bbox 375 585 2497 652; baseline -0.001 -17"><span class='ocrx_word' id='word_1_18' title='bbox 375 605 486 635; x_wconf 92' lang='lat' dir='ltr'><strong>vasa</strong></span> <span class='ocrx_word' id='word_1_19' title='bbox 505 589 725 636; x_wconf 91' lang='lat' dir='ltr'><strong>nondum</strong></span> <span class='ocrx_word' id='word_1_20' title='bbox 747 589 867 652; x_wconf 86' lang='lat' dir='ltr'><strong>ignis</strong></span> <span class='ocrx_word' id='word_1_21' title='bbox 888 588 1108 635; x_wconf 87' lang='lat' dir='ltr'>coctione</span> <span class='ocrx_word' id='word_1_22' title='bbox 1135 587 1361 645; x_wconf 89' lang='lat' dir='ltr'><strong>solidata,</strong></span> <span class='ocrx_word' id='word_1_23' title='bbox 1387 595 1442 632; x_wconf 93' lang='lat' dir='ltr'><strong>ut</strong></span> <span class='ocrx_word' id='word_1_24' title='bbox 1464 585 1604 632; x_wconf 87' lang='lat' dir='ltr'><strong>alicui</strong></span> <span class='ocrx_word' id='word_1_25' title='bbox 1624 586 1732 632; x_wconf 93' lang='lat' dir='ltr'><strong>usui</strong></span> <span class='ocrx_word' id='word_1_26' title='bbox 1755 585 1924 632; x_wconf 89' lang='lat' dir='ltr'><strong>fierent</strong></span> <span class='ocrx_word' id='word_1_27' title='bbox 1953 586 2091 651; x_wconf 80' lang='lat' dir='ltr'><strong>apta?</strong></span> <span class='ocrx_word' id='word_1_28' title='bbox 2119 588 2228 631; x_wconf 85' lang='lat' dir='ltr'><strong>Haec</strong></span> <span class='ocrx_word' id='word_1_29' title='bbox 2248 601 2361 632; x_wconf 82' lang='lat' dir='ltr'><strong>vasa</strong></span> <span class='ocrx_word' id='word_1_30' title='bbox 2392 596 2497 632; x_wconf 90' lang='lat' dir='ltr'><strong>tan-</strong></span> 
     </span>
     <span class='ocr_line' id='line_1_4' title="bbox 374 656 2499 734; baseline -0.002 -17"><span class='ocrx_word' id='word_1_31' title='bbox 374 687 522 734; x_wconf 86' lang='lat' dir='ltr'>quam</span> <span class='ocrx_word' id='word_1_32' title='bbox 545 669 714 733; x_wconf 88' lang='lat' dir='ltr'><strong>figulus</strong></span> <span class='ocrx_word' id='word_1_33' title='bbox 737 679 878 716; x_wconf 91' lang='lat' dir='ltr'><strong>antea</strong></span> <span class='ocrx_word' id='word_1_34' title='bbox 904 668 1119 716; x_wconf 91' lang='lat' dir='ltr'><strong>Christus</strong></span> <span class='ocrx_word' id='word_1_35' title='bbox 1141 667 1202 715; x_wconf 80' lang='lat' dir='ltr'><strong>de</strong></span> <span class='ocrx_word' id='word_1_36' title='bbox 1227 656 1358 714; x_wconf 34' lang='lat' dir='ltr'><strong>&#39;terra</strong></span> <span class='ocrx_word' id='word_1_37' title='bbox 1381 667 1723 732; x_wconf 80' lang='lat' dir='ltr'><strong>plasmaverat,</strong></span> <span class='ocrx_word' id='word_1_38' title='bbox 1749 684 1900 731; x_wconf 92' lang='lat' dir='ltr'><strong>quum</strong></span> <span class='ocrx_word' id='word_1_39' title='bbox 1921 683 2003 713; x_wconf 91' lang='lat' dir='ltr'><strong>eos</strong></span> <span class='ocrx_word' id='word_1_40' title='bbox 2033 683 2061 713; x_wconf 89' lang='lat' dir='ltr'><strong>a</strong></span> <span class='ocrx_word' id='word_1_41' title='bbox 2086 676 2274 713; x_wconf 89' lang='lat' dir='ltr'><strong>terrena</strong></span> <span class='ocrx_word' id='word_1_42' title='bbox 2296 666 2499 713; x_wconf 87' lang='lat' dir='ltr'><strong>carnalis</strong></span> 
     </span>
     <span class='ocr_line' id='line_1_5' title="bbox 375 745 2498 815; baseline -0.001 -20"><span class='ocrx_word' id='word_1_43' title='bbox 375 749 542 815; x_wconf 91' lang='lat' dir='ltr'><strong>populi</strong></span> <span class='ocrx_word' id='word_1_44' title='bbox 564 749 928 796; x_wconf 88' lang='lat' dir='ltr'><strong>conversatione</strong></span> <span class='ocrx_word' id='word_1_45' title='bbox 959 758 1227 813; x_wconf 90' lang='lat' dir='ltr'><strong>assumptos</strong></span> <span class='ocrx_word' id='word_1_46' title='bbox 1252 747 1348 794; x_wconf 90' lang='lat' dir='ltr'><strong>fide</strong></span> <span class='ocrx_word' id='word_1_47' title='bbox 1370 747 1673 793; x_wconf 86' lang='lat' dir='ltr'><strong>instruxerat.</strong></span> <span class='ocrx_word' id='word_1_48' title='bbox 1698 749 1832 803; x_wconf 88' lang='lat' dir='ltr'><strong>Quos</strong></span> <span class='ocrx_word' id='word_1_49' title='bbox 1851 746 2164 811; x_wconf 88' lang='lat' dir='ltr'><strong>postmodum</strong></span> <span class='ocrx_word' id='word_1_50' title='bbox 2183 746 2384 812; x_wconf 89' lang='lat' dir='ltr'><strong>Spiritus</strong></span> <span class='ocrx_word' id='word_1_51' title='bbox 2414 745 2498 793; x_wconf 90' lang='lat' dir='ltr'><strong>ad-</strong></span> 
     </span>
     <span class='ocr_line' id='line_1_6' title="bbox 374 826 2501 892; baseline -0.001 -16"><span class='ocrx_word' id='word_1_52' title='bbox 374 830 571 877; x_wconf 91' lang='lat' dir='ltr'><strong>veniens</strong></span> <span class='ocrx_word' id='word_1_53' title='bbox 592 829 695 876; x_wconf 90' lang='lat' dir='ltr'><strong>zelo</strong></span> <span class='ocrx_word' id='word_1_54' title='bbox 723 829 875 876; x_wconf 86' lang='lat' dir='ltr'><strong>divini</strong></span> <span class='ocrx_word' id='word_1_55' title='bbox 902 829 1080 876; x_wconf 91' lang='lat' dir='ltr'><strong>amoris</strong></span> <span class='ocrx_word' id='word_1_56' title='bbox 1111 845 1359 887; x_wconf 89' lang='lat' dir='ltr'><strong>aocensos,</strong></span> <span class='ocrx_word' id='word_1_57' title='bbox 1392 827 1528 892; x_wconf 84' lang='lat' dir='ltr'><strong>quasi</strong></span> <span class='ocrx_word' id='word_1_58' title='bbox 1556 826 1776 891; x_wconf 82' lang='lat' dir='ltr'><strong>quaedam</strong></span> <span class='ocrx_word' id='word_1_59' title='bbox 1805 826 1933 874; x_wconf 88' lang='lat' dir='ltr'><strong>lutea</strong></span> <span class='ocrx_word' id='word_1_60' title='bbox 1961 837 2007 873; x_wconf 91' lang='lat' dir='ltr'><strong>et</strong></span> <span class='ocrx_word' id='word_1_61' title='bbox 2035 826 2194 874; x_wconf 91' lang='lat' dir='ltr'><strong>adhuc</strong></span> <span class='ocrx_word' id='word_1_62' title='bbox 2219 827 2367 874; x_wconf 90' lang='lat' dir='ltr'><strong>cruda</strong></span> <span class='ocrx_word' id='word_1_63' title='bbox 2388 844 2501 874; x_wconf 86' lang='lat' dir='ltr'><strong>vasa</strong></span> 
     </span>
     <span class='ocr_line' id='line_1_7' title="bbox 374 906 2501 973; baseline -0.001 -17"><span class='ocrx_word' id='word_1_64' title='bbox 374 909 469 956; x_wconf 91' lang='lat' dir='ltr'><strong>hoc</strong></span> <span class='ocrx_word' id='word_1_65' title='bbox 490 910 599 973; x_wconf 84' lang='lat' dir='ltr'><strong>igne</strong></span> <span class='ocrx_word' id='word_1_66' title='bbox 621 908 843 956; x_wconf 88' lang='lat' dir='ltr'><strong>solidavit</strong></span> <span class='ocrx_word' id='word_1_67' title='bbox 865 918 913 956; x_wconf 91' lang='lat' dir='ltr'><strong>et</strong></span> <span class='ocrx_word' id='word_1_68' title='bbox 935 909 1086 968; x_wconf 84' lang='lat' dir='ltr'><strong>coxit,</strong></span> <span class='ocrx_word' id='word_1_69' title='bbox 1115 918 1170 955; x_wconf 93' lang='lat' dir='ltr'><strong>ut</strong></span> <span class='ocrx_word' id='word_1_70' title='bbox 1191 925 1303 955; x_wconf 90' lang='lat' dir='ltr'><strong>cum</strong></span> <span class='ocrx_word' id='word_1_71' title='bbox 1324 907 1502 955; x_wconf 88' lang='lat' dir='ltr'><strong>fiducia</strong></span> <span class='ocrx_word' id='word_1_72' title='bbox 1522 906 1726 954; x_wconf 87' lang='lat' dir='ltr'><strong>verbum</strong></span> <span class='ocrx_word' id='word_1_73' title='bbox 1758 908 1846 954; x_wconf 91' lang='lat' dir='ltr'><strong>Dei</strong></span> <span class='ocrx_word' id='word_1_74' title='bbox 1870 907 2096 971; x_wconf 84' lang='lat' dir='ltr'><strong>deinceps</strong></span> <span class='ocrx_word' id='word_1_75' title='bbox 2124 906 2302 971; x_wconf 90' lang='lat' dir='ltr'><strong>ubique</strong></span> <span class='ocrx_word' id='word_1_76' title='bbox 2332 907 2501 972; x_wconf 89' lang='lat' dir='ltr'><strong>praedi-</strong></span> 
     </span>
     <span class='ocr_line' id='line_1_8' title="bbox 374 987 2501 1054; baseline -0 -19"><span class='ocrx_word' id='word_1_77' title='bbox 374 999 555 1037; x_wconf 90' lang='lat' dir='ltr'><strong>carent.</strong></span> <span class='ocrx_word' id='word_1_78' title='bbox 581 988 721 1036; x_wconf 85' lang='lat' dir='ltr'><strong>Unde</strong></span> <span class='ocrx_word' id='word_1_79' title='bbox 744 988 922 1036; x_wconf 91' lang='lat' dir='ltr'><strong>factum</strong></span> <span class='ocrx_word' id='word_1_80' title='bbox 945 998 1038 1047; x_wconf 91' lang='lat' dir='ltr'><strong>est,</strong></span> <span class='ocrx_word' id='word_1_81' title='bbox 1070 998 1123 1035; x_wconf 94' lang='lat' dir='ltr'><strong>ut</strong></span> <span class='ocrx_word' id='word_1_82' title='bbox 1150 989 1252 1053; x_wconf 92' lang='lat' dir='ltr'><strong>ipse</strong></span> <span class='ocrx_word' id='word_1_83' title='bbox 1274 988 1605 1054; x_wconf 89' lang='lat' dir='ltr'><strong>apostolorum</strong></span> <span class='ocrx_word' id='word_1_84' title='bbox 1624 988 1870 1054; x_wconf 89' lang='lat' dir='ltr'><strong>princeps,</strong></span> <span class='ocrx_word' id='word_1_85' title='bbox 1897 987 1980 1051; x_wconf 90' lang='lat' dir='ltr'><strong>qui</strong></span> <span class='ocrx_word' id='word_1_86' title='bbox 2001 987 2133 1052; x_wconf 91' lang='lat' dir='ltr'><strong>prius</strong></span> <span class='ocrx_word' id='word_1_87' title='bbox 2155 988 2295 1034; x_wconf 88' lang='lat' dir='ltr'><strong>unius</strong></span> <span class='ocrx_word' id='word_1_88' title='bbox 2321 987 2501 1035; x_wconf 75' lang='lat' dir='ltr'><strong>ancillae</strong></span> 
     </span>
     <span class='ocr_line' id='line_1_9' title="bbox 373 1063 2501 1132; baseline -0.001 -16"><span class='ocrx_word' id='word_1_89' title='bbox 373 1085 494 1116; x_wconf 86' lang='lat' dir='ltr'><strong>voce</strong></span> <span class='ocrx_word' id='word_1_90' title='bbox 520 1069 728 1127; x_wconf 84' lang='lat' dir='ltr'><strong>territus,</strong></span> <span class='ocrx_word' id='word_1_91' title='bbox 762 1068 1005 1115; x_wconf 91' lang='lat' dir='ltr'><strong>Christum</strong></span> <span class='ocrx_word' id='word_1_92' title='bbox 1036 1078 1290 1132; x_wconf 83' lang='lat' dir='ltr'><strong>negaverat</strong></span> <span class='ocrx_word' id='word_1_93' title='bbox 1305 1106 1316 1128; x_wconf 94' lang='lat'><strong>,</strong></span> <span class='ocrx_word' id='word_1_94' title='bbox 1349 1086 1440 1115; x_wconf 91' lang='lat' dir='ltr'><strong>nec</strong></span> <span class='ocrx_word' id='word_1_95' title='bbox 1469 1068 1615 1116; x_wconf 90' lang='lat' dir='ltr'><strong>semel</strong></span> <span class='ocrx_word' id='word_1_96' title='bbox 1644 1068 1720 1129; x_wconf 92' lang='lat' dir='ltr'><strong>id,</strong></span> <span class='ocrx_word' id='word_1_97' title='bbox 1756 1067 1840 1115; x_wconf 91' lang='lat' dir='ltr'><strong>sed</strong></span> <span class='ocrx_word' id='word_1_98' title='bbox 1870 1063 1941 1115; x_wconf 81' lang='lat' dir='ltr'><strong>ter</strong></span> <span class='ocrx_word' id='word_1_99' title='bbox 1970 1077 2357 1132; x_wconf 78' lang='lat' dir='ltr'><strong>praesumpserat‚</strong></span> <span class='ocrx_word' id='word_1_100' title='bbox 2391 1077 2501 1114; x_wconf 91' lang='lat' dir='ltr'><strong>ante</strong></span> 
     </span>
     <span class='ocr_line' id='line_1_10' title="bbox 337 1147 2501 1214; baseline -0.001 -18"><span class='ocrx_word' id='word_1_101' title='bbox 337 1159 344 1166; x_wconf 96' lang='grc'><em>“</em></span> <span class='ocrx_word' id='word_1_102' title='bbox 375 1148 557 1213; x_wconf 85' lang='lat' dir='ltr'><strong>gladios</strong></span> <span class='ocrx_word' id='word_1_103' title='bbox 579 1149 802 1207; x_wconf 90' lang='lat' dir='ltr'><strong>Neronis,</strong></span> <span class='ocrx_word' id='word_1_104' title='bbox 829 1158 877 1195; x_wconf 92' lang='lat' dir='ltr'><strong>et</strong></span> <span class='ocrx_word' id='word_1_105' title='bbox 899 1158 1112 1195; x_wconf 89' lang='lat' dir='ltr'><strong>erectum</strong></span> <span class='ocrx_word' id='word_1_106' title='bbox 1134 1148 1226 1195; x_wconf 87' lang='lat' dir='ltr'><strong>sibi</strong></span> <span class='ocrx_word' id='word_1_107' title='bbox 1245 1149 1398 1195; x_wconf 90' lang='lat' dir='ltr'><strong>crucis</strong></span> <span class='ocrx_word' id='word_1_108' title='bbox 1416 1149 1686 1214; x_wconf 81' lang='lat' dir='ltr'><strong>patibulum</strong></span> <span class='ocrx_word' id='word_1_109' title='bbox 1706 1149 1754 1194; x_wconf 93' lang='lat' dir='ltr'><strong>in</strong></span> <span class='ocrx_word' id='word_1_110' title='bbox 1775 1147 2077 1194; x_wconf 90' lang='lat' dir='ltr'><strong>confessione</strong></span> <span class='ocrx_word' id='word_1_111' title='bbox 2097 1158 2143 1194; x_wconf 91' lang='lat' dir='ltr'><strong>et</strong></span> <span class='ocrx_word' id='word_1_112' title='bbox 2164 1147 2501 1213; x_wconf 81' lang='lat' dir='ltr'><strong>praedicatione</strong></span> 
     </span>
     <span class='ocr_line' id='line_1_11' title="bbox 374 1227 2502 1293; baseline -0 -18"><span class='ocrx_word' id='word_1_113' title='bbox 374 1228 549 1276; x_wconf 90' lang='lat' dir='ltr'><strong>Christi</strong></span> <span class='ocrx_word' id='word_1_114' title='bbox 570 1228 836 1293; x_wconf 90' lang='lat' dir='ltr'><strong>intrepidus</strong></span> <span class='ocrx_word' id='word_1_115' title='bbox 858 1237 1019 1275; x_wconf 92' lang='lat' dir='ltr'><strong>staret.</strong></span> <span class='ocrx_word' id='word_1_116' title='bbox 1042 1231 1114 1274; x_wconf 93' lang='lat' dir='ltr'><strong>De</strong></span> <span class='ocrx_word' id='word_1_117' title='bbox 1135 1228 1231 1275; x_wconf 91' lang='lat' dir='ltr'><strong>hoc</strong></span> <span class='ocrx_word' id='word_1_118' title='bbox 1253 1229 1362 1291; x_wconf 87' lang='lat' dir='ltr'><strong>igne</strong></span> <span class='ocrx_word' id='word_1_119' title='bbox 1387 1229 1678 1287; x_wconf 85' lang='lat' dir='ltr'><strong>dilectionis,</strong></span> <span class='ocrx_word' id='word_1_120' title='bbox 1706 1238 1753 1275; x_wconf 91' lang='lat' dir='ltr'><strong>et</strong></span> <span class='ocrx_word' id='word_1_121' title='bbox 1782 1227 1976 1275; x_wconf 80' lang='lat' dir='ltr'><strong>flamma</strong></span> <span class='ocrx_word' id='word_1_122' title='bbox 2004 1228 2235 1286; x_wconf 82' lang='lat' dir='ltr'><strong>caritatis,</strong></span> <span class='ocrx_word' id='word_1_123' title='bbox 2261 1228 2361 1293; x_wconf 92' lang='lat' dir='ltr'><strong>ipse</strong></span> <span class='ocrx_word' id='word_1_124' title='bbox 2386 1227 2502 1274; x_wconf 89' lang='lat' dir='ltr'><strong>olim</strong></span> 
     </span>
     <span class='ocr_line' id='line_1_12' title="bbox 374 1308 2497 1377; baseline -0.002 -21"><span class='ocrx_word' id='word_1_125' title='bbox 374 1309 516 1356; x_wconf 91' lang='lat' dir='ltr'><strong>Filius</strong></span> <span class='ocrx_word' id='word_1_126' title='bbox 538 1309 740 1356; x_wconf 88' lang='lat' dir='ltr'><strong>dixerat¹</strong></span> <span class='ocrx_word' id='word_1_127' title='bbox 768 1327 778 1355; x_wconf 72' lang='grc' dir='ltr'>ε</span> <span class='ocrx_word' id='word_1_128' title='bbox 818 1312 1023 1373; x_wconf 87' lang='lat' dir='ltr'><strong>«Ignem</strong></span> <span class='ocrx_word' id='word_1_129' title='bbox 1056 1309 1167 1356; x_wconf 89' lang='lat' dir='ltr'><strong>veni</strong></span> <span class='ocrx_word' id='word_1_130' title='bbox 1196 1310 1385 1356; x_wconf 91' lang='lat' dir='ltr'><strong>mittere</strong></span> <span class='ocrx_word' id='word_1_131' title='bbox 1408 1310 1456 1356; x_wconf 93' lang='lat' dir='ltr'><strong>in</strong></span> <span class='ocrx_word' id='word_1_132' title='bbox 1481 1319 1681 1368; x_wconf 89' lang='lat' dir='ltr'><strong>terram,</strong></span> <span class='ocrx_word' id='word_1_133' title='bbox 1714 1309 1900 1377; x_wconf 40' lang='lat' dir='ltr'><strong>etoquid</strong></span> <span class='ocrx_word' id='word_1_134' title='bbox 1929 1309 2041 1356; x_wconf 88' lang='lat' dir='ltr'><strong>volo</strong></span> <span class='ocrx_word' id='word_1_135' title='bbox 2070 1309 2159 1355; x_wconf 88' lang='lat' dir='ltr'><strong>nisi</strong></span> <span class='ocrx_word' id='word_1_136' title='bbox 2183 1319 2236 1355; x_wconf 93' lang='lat' dir='ltr'><strong>ut</strong></span> <span class='ocrx_word' id='word_1_137' title='bbox 2266 1308 2457 1356; x_wconf 78' lang='lat' dir='ltr'><strong>ardeat?</strong></span> <span class='ocrx_word' id='word_1_138' title='bbox 2475 1329 2497 1352; x_wconf 86' lang='lat'>»</span> 
     </span>
     <span class='ocr_line' id='line_1_13' title="bbox 374 1389 2501 1456; baseline 0 -20"><span class='ocrx_word' id='word_1_139' title='bbox 374 1392 439 1437; x_wconf 88' lang='lat' dir='ltr'><strong>Ac</strong></span> <span class='ocrx_word' id='word_1_140' title='bbox 474 1391 514 1437; x_wconf 92' lang='lat' dir='ltr'><strong>si</strong></span> <span class='ocrx_word' id='word_1_141' title='bbox 542 1399 705 1456; x_wconf 88' lang='lat' dir='ltr'><strong>aperte</strong></span> <span class='ocrx_word' id='word_1_142' title='bbox 733 1389 862 1437; x_wconf 91' lang='lat' dir='ltr'><strong>dicat</strong></span> <span class='ocrx_word' id='word_1_143' title='bbox 891 1408 901 1436; x_wconf 92' lang='lat'><strong>:</strong></span> <span class='ocrx_word' id='word_1_144' title='bbox 930 1390 1104 1436; x_wconf 92' lang='lat' dir='ltr'><strong>Omnia</strong></span> <span class='ocrx_word' id='word_1_145' title='bbox 1140 1407 1246 1454; x_wconf 88' lang='lat' dir='ltr'><strong>quae</strong></span> <span class='ocrx_word' id='word_1_146' title='bbox 1270 1390 1318 1436; x_wconf 93' lang='lat' dir='ltr'><strong>in</strong></span> <span class='ocrx_word' id='word_1_147' title='bbox 1344 1390 1581 1437; x_wconf 88' lang='lat' dir='ltr'><strong>mundum</strong></span> <span class='ocrx_word' id='word_1_148' title='bbox 1612 1390 1810 1437; x_wconf 85' lang='lat' dir='ltr'><strong>veniens</strong></span> <span class='ocrx_word' id='word_1_149' title='bbox 1839 1390 1912 1453; x_wconf 88' lang='lat' dir='ltr'><strong>egi</strong></span> <span class='ocrx_word' id='word_1_150' title='bbox 1946 1400 2045 1436; x_wconf 90' lang='lat' dir='ltr'><strong>tam</strong></span> <span class='ocrx_word' id='word_1_151' title='bbox 2077 1389 2321 1437; x_wconf 90' lang='lat' dir='ltr'><strong>nascendo</strong></span> <span class='ocrx_word' id='word_1_152' title='bbox 2356 1406 2501 1454; x_wconf 90' lang='lat' dir='ltr'><strong>quam</strong></span> 
     </span>
     <span class='ocr_line' id='line_1_14' title="bbox 373 1469 2502 1537; baseline -0 -20"><span class='ocrx_word' id='word_1_153' title='bbox 373 1469 680 1537; x_wconf 67' lang='lat' dir='ltr'><strong>praedicando</strong></span> <span class='ocrx_word' id='word_1_154' title='bbox 700 1507 711 1529; x_wconf 92' lang='lat'><strong>,</strong></span> <span class='ocrx_word' id='word_1_155' title='bbox 739 1481 839 1518; x_wconf 90' lang='lat' dir='ltr'><strong>tam</strong></span> <span class='ocrx_word' id='word_1_156' title='bbox 859 1469 1115 1517; x_wconf 89' lang='lat' dir='ltr'><strong>moriendo</strong></span> <span class='ocrx_word' id='word_1_157' title='bbox 1139 1486 1286 1534; x_wconf 89' lang='lat' dir='ltr'><strong>quam</strong></span> <span class='ocrx_word' id='word_1_158' title='bbox 1308 1470 1601 1534; x_wconf 91' lang='lat' dir='ltr'><strong>resurgendo</strong></span> <span class='ocrx_word' id='word_1_159' title='bbox 1616 1507 1627 1529; x_wconf 87' lang='lat'><strong>,</strong></span> <span class='ocrx_word' id='word_1_160' title='bbox 1654 1487 1737 1517; x_wconf 92' lang='lat' dir='ltr'><strong>seu</strong></span> <span class='ocrx_word' id='word_1_161' title='bbox 1760 1470 1904 1516; x_wconf 90' lang='lat' dir='ltr'><strong>etiam</strong></span> <span class='ocrx_word' id='word_1_162' title='bbox 1933 1469 2262 1528; x_wconf 90' lang='lat' dir='ltr'><strong>ascendendo,</strong></span> <span class='ocrx_word' id='word_1_163' title='bbox 2289 1470 2350 1516; x_wconf 91' lang='lat' dir='ltr'><strong>ad</strong></span> <span class='ocrx_word' id='word_1_164' title='bbox 2371 1470 2502 1516; x_wconf 92' lang='lat' dir='ltr'><strong>hunc</strong></span> 
     </span>
     <span class='ocr_line' id='line_1_15' title="bbox 355 1546 2501 1616; baseline -0.001 -17"><span class='ocrx_word' id='word_1_165' title='bbox 355 1546 527 1599; x_wconf 65' lang='lat' dir='ltr'><strong>&#39;unum</strong></span> <span class='ocrx_word' id='word_1_166' title='bbox 561 1552 822 1599; x_wconf 87' lang='lat' dir='ltr'><strong>terminum</strong></span> <span class='ocrx_word' id='word_1_167' title='bbox 858 1560 905 1598; x_wconf 87' lang='lat' dir='ltr'><strong>et</strong></span> <span class='ocrx_word' id='word_1_168' title='bbox 943 1567 1222 1616; x_wconf 88' lang='lat' dir='ltr'><strong>supremum</strong></span> <span class='ocrx_word' id='word_1_169' title='bbox 1257 1550 1404 1598; x_wconf 89' lang='lat' dir='ltr'><strong>finem</strong></span> <span class='ocrx_word' id='word_1_170' title='bbox 1433 1550 1737 1616; x_wconf 85' lang='lat' dir='ltr'><strong>spectabant,</strong></span> <span class='ocrx_word' id='word_1_171' title='bbox 1776 1560 1830 1596; x_wconf 94' lang='lat' dir='ltr'><strong>ut</strong></span> <span class='ocrx_word' id='word_1_172' title='bbox 1870 1549 1965 1596; x_wconf 91' lang='lat' dir='ltr'><strong>hoc</strong></span> <span class='ocrx_word' id='word_1_173' title='bbox 2000 1551 2107 1613; x_wconf 87' lang='lat' dir='ltr'><strong>igne</strong></span> <span class='ocrx_word' id='word_1_174' title='bbox 2145 1549 2295 1597; x_wconf 88' lang='lat' dir='ltr'><strong>silicet</strong></span> <span class='ocrx_word' id='word_1_175' title='bbox 2326 1559 2501 1596; x_wconf 89' lang='lat' dir='ltr'><strong>terram</strong></span> 
     </span>
     <span class='ocr_line' id='line_1_16' title="bbox 374 1630 2501 1705; baseline -0.001 -26"><span class='ocrx_word' id='word_1_176' title='bbox 374 1648 757 1692; x_wconf 88' lang='lat' dir='ltr'><strong>concremarem,</strong></span> <span class='ocrx_word' id='word_1_177' title='bbox 785 1631 881 1679; x_wconf 90' lang='lat' dir='ltr'><strong>hoc</strong></span> <span class='ocrx_word' id='word_1_178' title='bbox 909 1641 987 1705; x_wconf 62' lang='lat' dir='ltr'><strong>est</strong></span> <span class='ocrx_word' id='word_1_179' title='bbox 1006 1632 1182 1696; x_wconf 87' lang='lat' dir='ltr'><strong>Spiritu</strong></span> <span class='ocrx_word' id='word_1_180' title='bbox 1205 1640 1397 1689; x_wconf 90' lang='lat' dir='ltr'><strong>sancto,</strong></span> <span class='ocrx_word' id='word_1_181' title='bbox 1423 1631 1506 1695; x_wconf 92' lang='lat' dir='ltr'><strong>qui</strong></span> <span class='ocrx_word' id='word_1_182' title='bbox 1537 1630 1688 1677; x_wconf 88' lang='lat' dir='ltr'><strong>divini</strong></span> <span class='ocrx_word' id='word_1_183' title='bbox 1725 1630 1902 1677; x_wconf 86' lang='lat' dir='ltr'><strong>amoris</strong></span> <span class='ocrx_word' id='word_1_184' title='bbox 1934 1630 2109 1677; x_wconf 87' lang='lat' dir='ltr'><strong>dicitur</strong></span> <span class='ocrx_word' id='word_1_185' title='bbox 2134 1630 2277 1693; x_wconf 81' lang='lat' dir='ltr'><strong>ignis,</strong></span> <span class='ocrx_word' id='word_1_186' title='bbox 2313 1640 2501 1676; x_wconf 88' lang='lat' dir='ltr'><strong>terrena</strong></span> 
     </span>
     <span class='ocr_line' id='line_1_17' title="bbox 374 1710 2501 1778; baseline -0.001 -19"><span class='ocrx_word' id='word_1_187' title='bbox 374 1713 519 1778; x_wconf 90' lang='lat' dir='ltr'><strong>ipsius</strong></span> <span class='ocrx_word' id='word_1_188' title='bbox 542 1722 590 1759; x_wconf 90' lang='lat' dir='ltr'><strong>et</strong></span> <span class='ocrx_word' id='word_1_189' title='bbox 618 1711 788 1776; x_wconf 90' lang='lat' dir='ltr'><strong>frigida</strong></span> <span class='ocrx_word' id='word_1_190' title='bbox 817 1711 967 1759; x_wconf 91' lang='lat' dir='ltr'><strong>corda</strong></span> <span class='ocrx_word' id='word_1_191' title='bbox 995 1711 1252 1758; x_wconf 90' lang='lat' dir='ltr'><strong>hominum</strong></span> <span class='ocrx_word' id='word_1_192' title='bbox 1281 1711 1648 1758; x_wconf 88' lang='lat' dir='ltr'><strong>inflammarem.</strong></span> <span class='ocrx_word' id='word_1_193' title='bbox 1675 1710 1899 1757; x_wconf 90' lang='lat' dir='ltr'><strong>Ascendit</strong></span> <span class='ocrx_word' id='word_1_194' title='bbox 1921 1710 2087 1769; x_wconf 87' lang='lat' dir='ltr'><strong>Filius,</strong></span> <span class='ocrx_word' id='word_1_195' title='bbox 2114 1720 2166 1757; x_wconf 94' lang='lat' dir='ltr'><strong>ut</strong></span> <span class='ocrx_word' id='word_1_196' title='bbox 2189 1710 2501 1757; x_wconf 86' lang='lat' dir='ltr'><strong>descenderet</strong></span> 
     </span>
     <span class='ocr_line' id='line_1_18' title="bbox 371 1790 2495 1856; baseline 0 -19"><span class='ocrx_word' id='word_1_197' title='bbox 371 1791 572 1856; x_wconf 88' lang='lat' dir='ltr'><strong>Spiritus</strong></span> <span class='ocrx_word' id='word_1_198' title='bbox 587 1801 801 1854; x_wconf 82' lang='lat' dir='ltr'><strong>sanctus,</strong></span> <span class='ocrx_word' id='word_1_199' title='bbox 824 1792 946 1838; x_wconf 92' lang='lat' dir='ltr'><strong>sicut</strong></span> <span class='ocrx_word' id='word_1_200' title='bbox 963 1791 1165 1856; x_wconf 91' lang='lat' dir='ltr'><strong>ipsemet</strong></span> <span class='ocrx_word' id='word_1_201' title='bbox 1182 1801 1381 1838; x_wconf 90' lang='lat' dir='ltr'><strong>testatur</strong></span> <span class='ocrx_word' id='word_1_202' title='bbox 1394 1828 1405 1850; x_wconf 96' lang='lat'><strong>,</strong></span> <span class='ocrx_word' id='word_1_203' title='bbox 1426 1790 1610 1838; x_wconf 82' lang='lat' dir='ltr'><strong>dicens’</strong></span> <span class='ocrx_word' id='word_1_204' title='bbox 1633 1809 1643 1837; x_wconf 95' lang='lat'><strong>:</strong></span> <span class='ocrx_word' id='word_1_205' title='bbox 1669 1810 1693 1835; x_wconf 87' lang='lat'>«</span> <span class='ocrx_word' id='word_1_206' title='bbox 1712 1790 1914 1855; x_wconf 86' lang='lat' dir='ltr'><strong>Expedit</strong></span> <span class='ocrx_word' id='word_1_207' title='bbox 1934 1790 2096 1849; x_wconf 88' lang='lat' dir='ltr'><strong>vobis,</strong></span> <span class='ocrx_word' id='word_1_208' title='bbox 2119 1800 2172 1837; x_wconf 93' lang='lat' dir='ltr'><strong>ut</strong></span> <span class='ocrx_word' id='word_1_209' title='bbox 2194 1807 2282 1854; x_wconf 89' lang='lat' dir='ltr'><strong>ego</strong></span> <span class='ocrx_word' id='word_1_210' title='bbox 2303 1791 2495 1838; x_wconf 87' lang='lat' dir='ltr'><strong>vadam.</strong></span> 
     </span>
     <span class='ocr_line' id='line_1_19' title="bbox 375 1870 2500 1935; baseline 0 -18"><span class='ocrx_word' id='word_1_211' title='bbox 375 1871 472 1918; x_wconf 75' lang='lat' dir='ltr'><strong>Nisi·</strong></span> <span class='ocrx_word' id='word_1_212' title='bbox 493 1888 582 1935; x_wconf 87' lang='lat' dir='ltr'><strong>ego</strong></span> <span class='ocrx_word' id='word_1_213' title='bbox 604 1871 802 1931; x_wconf 90' lang='lat' dir='ltr'><strong>vadam,</strong></span> <span class='ocrx_word' id='word_1_214' title='bbox 833 1871 1088 1919; x_wconf 88' lang='lat' dir='ltr'><strong>Paraclitus</strong></span> <span class='ocrx_word' id='word_1_215' title='bbox 1118 1888 1218 1918; x_wconf 91' lang='lat' dir='ltr'><strong>non</strong></span> <span class='ocrx_word' id='word_1_216' title='bbox 1246 1872 1429 1929; x_wconf 88' lang='lat' dir='ltr'><strong>veniet,</strong></span> <span class='ocrx_word' id='word_1_217' title='bbox 1459 1880 1550 1918; x_wconf 87' lang='lat' dir='ltr'><strong>etc.</strong></span> <span class='ocrx_word' id='word_1_218' title='bbox 1573 1890 1597 1915; x_wconf 90' lang='lat'>»</span> <span class='ocrx_word' id='word_1_219' title='bbox 1625 1872 1667 1916; x_wconf 94' lang='lat' dir='ltr'>O</span> <span class='ocrx_word' id='word_1_220' title='bbox 1689 1887 1836 1935; x_wconf 92' lang='lat' dir='ltr'><strong>quam</strong></span> <span class='ocrx_word' id='word_1_221' title='bbox 1865 1870 2121 1934; x_wconf 90' lang='lat' dir='ltr'><strong>gloriosus,</strong></span> <span class='ocrx_word' id='word_1_222' title='bbox 2154 1888 2301 1935; x_wconf 91' lang='lat' dir='ltr'><strong>quam</strong></span> <span class='ocrx_word' id='word_1_223' title='bbox 2328 1871 2500 1934; x_wconf 86' lang='lat' dir='ltr'><strong>dignus</strong></span> 
     </span>
     <span class='ocr_line' id='line_1_20' title="bbox 374 1950 2500 2017; baseline 0 -19"><span class='ocrx_word' id='word_1_224' title='bbox 374 1951 460 1999; x_wconf 91' lang='lat' dir='ltr'><strong>iste</strong></span> <span class='ocrx_word' id='word_1_225' title='bbox 482 1952 634 1999; x_wconf 91' lang='lat' dir='ltr'><strong>sancti</strong></span> <span class='ocrx_word' id='word_1_226' title='bbox 652 1952 853 2017; x_wconf 88' lang='lat' dir='ltr'><strong>Spiritus</strong></span> <span class='ocrx_word' id='word_1_227' title='bbox 871 1962 942 1999; x_wconf 91' lang='lat' dir='ltr'><strong>est</strong></span> <span class='ocrx_word' id='word_1_228' title='bbox 963 1952 1243 2011; x_wconf 90' lang='lat' dir='ltr'><strong>descensus,</strong></span> <span class='ocrx_word' id='word_1_229' title='bbox 1270 1952 1354 2017; x_wconf 92' lang='lat' dir='ltr'><strong>qui</strong></span> <span class='ocrx_word' id='word_1_230' title='bbox 1375 1968 1681 2016; x_wconf 86' lang='lat' dir='ltr'><strong>nequaquam</strong></span> <span class='ocrx_word' id='word_1_231' title='bbox 1703 1952 1861 2017; x_wconf 90' lang='lat' dir='ltr'><strong>potuit</strong></span> <span class='ocrx_word' id='word_1_232' title='bbox 1883 1950 2008 2010; x_wconf 89' lang='lat' dir='ltr'><strong>fieri,</strong></span> <span class='ocrx_word' id='word_1_233' title='bbox 2031 1952 2121 1998; x_wconf 90' lang='lat' dir='ltr'><strong>nisi</strong></span> <span class='ocrx_word' id='word_1_234' title='bbox 2143 1968 2230 2017; x_wconf 93' lang='lat' dir='ltr'><strong>per</strong></span> <span class='ocrx_word' id='word_1_235' title='bbox 2251 1968 2500 1999; x_wconf 90' lang='lat' dir='ltr'><strong>ascensum</strong></span> 
     </span>
     <span class='ocr_line' id='line_1_21' title="bbox 375 2032 2501 2099; baseline 0 -20"><span class='ocrx_word' id='word_1_236' title='bbox 375 2032 492 2092; x_wconf 87' lang='lat' dir='ltr'><strong>Filii,</strong></span> <span class='ocrx_word' id='word_1_237' title='bbox 514 2050 604 2080; x_wconf 91' lang='lat' dir='ltr'><strong>nec</strong></span> <span class='ocrx_word' id='word_1_238' title='bbox 619 2033 684 2080; x_wconf 90' lang='lat' dir='ltr'><strong>ita</strong></span> <span class='ocrx_word' id='word_1_239' title='bbox 707 2033 830 2081; x_wconf 88' lang='lat' dir='ltr'><strong>mitti</strong></span> <span class='ocrx_word' id='word_1_240' title='bbox 853 2034 1010 2099; x_wconf 93' lang='lat' dir='ltr'><strong>potuit</strong></span> <span class='ocrx_word' id='word_1_241' title='bbox 1031 2034 1251 2099; x_wconf 87' lang='lat' dir='ltr'><strong>Spiritus,</strong></span> <span class='ocrx_word' id='word_1_242' title='bbox 1272 2034 1362 2080; x_wconf 89' lang='lat' dir='ltr'><strong>nisi</strong></span> <span class='ocrx_word' id='word_1_243' title='bbox 1385 2033 1446 2080; x_wconf 89' lang='lat' dir='ltr'><strong>ad</strong></span> <span class='ocrx_word' id='word_1_244' title='bbox 1469 2050 1580 2080; x_wconf 91' lang='lat' dir='ltr'><strong>eum</strong></span> <span class='ocrx_word' id='word_1_245' title='bbox 1602 2032 1891 2079; x_wconf 90' lang='lat' dir='ltr'><strong>mittendum</strong></span> <span class='ocrx_word' id='word_1_246' title='bbox 1915 2033 2192 2080; x_wconf 90' lang='lat' dir='ltr'><strong>ascenderet</strong></span> <span class='ocrx_word' id='word_1_247' title='bbox 2208 2032 2366 2079; x_wconf 88' lang='lat' dir='ltr'><strong>Filius.</strong></span> <span class='ocrx_word' id='word_1_248' title='bbox 2396 2036 2501 2097; x_wconf 90' lang='lat' dir='ltr'><strong>Ipsa</strong></span> 
     </span>
     <span class='ocr_line' id='line_1_22' title="bbox 373 2113 2498 2180; baseline 0 -20"><span class='ocrx_word' id='word_1_249' title='bbox 373 2115 533 2178; x_wconf 87' lang='lat' dir='ltr'><strong>itaque</strong></span> <span class='ocrx_word' id='word_1_250' title='bbox 555 2113 729 2161; x_wconf 87' lang='lat' dir='ltr'><strong>Christi</strong></span> <span class='ocrx_word' id='word_1_251' title='bbox 753 2115 968 2161; x_wconf 90' lang='lat' dir='ltr'><strong>ascensio</strong></span> <span class='ocrx_word' id='word_1_252' title='bbox 993 2115 1128 2179; x_wconf 91' lang='lat' dir='ltr'><strong>quasi</strong></span> <span class='ocrx_word' id='word_1_253' title='bbox 1151 2131 1407 2180; x_wconf 88' lang='lat' dir='ltr'><strong>parasceve</strong></span> <span class='ocrx_word' id='word_1_254' title='bbox 1428 2114 1675 2161; x_wconf 82' lang='lat' dir='ltr'><strong>hodiernae</strong></span> <span class='ocrx_word' id='word_1_255' title='bbox 1700 2113 1928 2161; x_wconf 88' lang='lat' dir='ltr'><strong>festivatis</strong></span> <span class='ocrx_word' id='word_1_256' title='bbox 1950 2123 2043 2172; x_wconf 90' lang='lat' dir='ltr'><strong>est,</strong></span> <span class='ocrx_word' id='word_1_257' title='bbox 2066 2123 2113 2160; x_wconf 90' lang='lat' dir='ltr'><strong>et</strong></span> <span class='ocrx_word' id='word_1_258' title='bbox 2137 2113 2358 2178; x_wconf 80' lang='lat' dir='ltr'><strong>quaedam</strong></span> <span class='ocrx_word' id='word_1_259' title='bbox 2380 2130 2498 2178; x_wconf 82' lang='lat' dir='ltr'><strong>prae-</strong></span> 
     </span>
     <span class='ocr_line' id='line_1_23' title="bbox 372 2193 2496 2260; baseline -0 -19"><span class='ocrx_word' id='word_1_260' title='bbox 372 2194 575 2258; x_wconf 88' lang='lat' dir='ltr'><strong>paratio.</strong></span> <span class='ocrx_word' id='word_1_261' title='bbox 607 2194 765 2260; x_wconf 88' lang='lat' dir='ltr'><strong>Passio</strong></span> <span class='ocrx_word' id='word_1_262' title='bbox 788 2211 983 2259; x_wconf 91' lang='lat' dir='ltr'><strong>quoque</strong></span> <span class='ocrx_word' id='word_1_263' title='bbox 999 2194 1174 2242; x_wconf 91' lang='lat' dir='ltr'><strong>Christi</strong></span> <span class='ocrx_word' id='word_1_264' title='bbox 1196 2205 1432 2259; x_wconf 89' lang='lat' dir='ltr'><strong>quantum</strong></span> <span class='ocrx_word' id='word_1_265' title='bbox 1456 2194 1516 2242; x_wconf 91' lang='lat' dir='ltr'><strong>ad</strong></span> <span class='ocrx_word' id='word_1_266' title='bbox 1539 2194 1634 2241; x_wconf 91' lang='lat' dir='ltr'><strong>hoc</strong></span> <span class='ocrx_word' id='word_1_267' title='bbox 1657 2194 1807 2241; x_wconf 84' lang='lat' dir='ltr'><strong>divini</strong></span> <span class='ocrx_word' id='word_1_268' title='bbox 1831 2194 2007 2241; x_wconf 91' lang='lat' dir='ltr'><strong>amoris</strong></span> <span class='ocrx_word' id='word_1_269' title='bbox 2031 2193 2218 2241; x_wconf 91' lang='lat' dir='ltr'><strong>donum</strong></span> <span class='ocrx_word' id='word_1_270' title='bbox 2240 2194 2496 2259; x_wconf 78' lang='lat' dir='ltr'><strong>pertineat,</strong></span> 
     </span>
     <span class='ocr_line' id='line_1_24' title="bbox 372 2274 2500 2342; baseline 0 -22"><span class='ocrx_word' id='word_1_271' title='bbox 372 2274 626 2339; x_wconf 81' lang='lat' dir='ltr'><strong>Apostolus</strong></span> <span class='ocrx_word' id='word_1_272' title='bbox 648 2275 899 2339; x_wconf 89' lang='lat' dir='ltr'><strong>diligenter</strong></span> <span class='ocrx_word' id='word_1_273' title='bbox 920 2276 1147 2324; x_wconf 89' lang='lat' dir='ltr'><strong>declarat.</strong></span> <span class='ocrx_word' id='word_1_274' title='bbox 1175 2279 1338 2335; x_wconf 91' lang='lat' dir='ltr'><strong>Quum</strong></span> <span class='ocrx_word' id='word_1_275' title='bbox 1363 2277 1491 2324; x_wconf 90' lang='lat' dir='ltr'><strong>enim</strong></span> <span class='ocrx_word' id='word_1_276' title='bbox 1514 2276 1834 2342; x_wconf 79' lang='lat' dir='ltr'><strong>praemisisset³</strong></span> <span class='ocrx_word' id='word_1_277' title='bbox 1855 2295 1864 2323; x_wconf 91' lang='lat'>:</span> <span class='ocrx_word' id='word_1_278' title='bbox 1897 2276 2114 2323; x_wconf 88' lang='lat' dir='ltr'><strong>«Caritas</strong></span> <span class='ocrx_word' id='word_1_279' title='bbox 2136 2276 2222 2322; x_wconf 92' lang='lat' dir='ltr'><strong>Dei</strong></span> <span class='ocrx_word' id='word_1_280' title='bbox 2242 2275 2414 2323; x_wconf 90' lang='lat' dir='ltr'><strong>diffusa</strong></span> <span class='ocrx_word' id='word_1_281' title='bbox 2431 2286 2500 2322; x_wconf 89' lang='lat' dir='ltr'><strong>est</strong></span> 
     </span>
     <span class='ocr_line' id='line_1_25' title="bbox 374 2355 2500 2422; baseline 0 -21"><span class='ocrx_word' id='word_1_282' title='bbox 374 2356 420 2401; x_wconf 91' lang='lat' dir='ltr'><strong>in</strong></span> <span class='ocrx_word' id='word_1_283' title='bbox 451 2355 679 2403; x_wconf 90' lang='lat' dir='ltr'><strong>cordibus</strong></span> <span class='ocrx_word' id='word_1_284' title='bbox 708 2357 883 2404; x_wconf 90' lang='lat' dir='ltr'><strong>nostris</strong></span> <span class='ocrx_word' id='word_1_285' title='bbox 917 2374 1002 2422; x_wconf 90' lang='lat' dir='ltr'><strong>per</strong></span> <span class='ocrx_word' id='word_1_286' title='bbox 1030 2358 1260 2422; x_wconf 90' lang='lat' dir='ltr'><strong>Spiritum</strong></span> <span class='ocrx_word' id='word_1_287' title='bbox 1292 2368 1513 2405; x_wconf 90' lang='lat' dir='ltr'><strong>sanctum</strong></span> <span class='ocrx_word' id='word_1_288' title='bbox 1542 2358 1625 2422; x_wconf 91' lang='lat' dir='ltr'><strong>qui</strong></span> <span class='ocrx_word' id='word_1_289' title='bbox 1656 2357 1795 2404; x_wconf 90' lang='lat' dir='ltr'><strong>datus</strong></span> <span class='ocrx_word' id='word_1_290' title='bbox 1818 2367 1889 2404; x_wconf 89' lang='lat' dir='ltr'><strong>est</strong></span> <span class='ocrx_word' id='word_1_291' title='bbox 1916 2356 2080 2415; x_wconf 92' lang='lat' dir='ltr'><strong>nobis,</strong></span> <span class='ocrx_word' id='word_1_292' title='bbox 2101 2375 2124 2400; x_wconf 71' lang='lat'><strong>&gt;2</strong></span> <span class='ocrx_word' id='word_1_293' title='bbox 2151 2366 2500 2420; x_wconf 84' lang='lat' dir='ltr'><strong>consequenter</strong></span> 
     </span>
     <span class='ocr_line' id='line_1_26' title="bbox 373 2434 2499 2501; baseline -0 -19"><span class='ocrx_word' id='word_1_294' title='bbox 373 2434 544 2498; x_wconf 90' lang='lat' dir='ltr'><strong>adjecit</strong></span> <span class='ocrx_word' id='word_1_295' title='bbox 571 2454 581 2482; x_wconf 93' lang='lat'><strong>:</strong></span> <span class='ocrx_word' id='word_1_296' title='bbox 611 2439 715 2482; x_wconf 89' lang='lat' dir='ltr'><strong>«Ut</strong></span> <span class='ocrx_word' id='word_1_297' title='bbox 738 2436 855 2500; x_wconf 94' lang='lat' dir='ltr'><strong>quid</strong></span> <span class='ocrx_word' id='word_1_298' title='bbox 878 2436 1008 2484; x_wconf 92' lang='lat' dir='ltr'><strong>enim</strong></span> <span class='ocrx_word' id='word_1_299' title='bbox 1030 2436 1245 2484; x_wconf 90' lang='lat' dir='ltr'><strong>Christus</strong></span> <span class='ocrx_word' id='word_1_300' title='bbox 1267 2454 1419 2501; x_wconf 91' lang='lat' dir='ltr'><strong>quum</strong></span> <span class='ocrx_word' id='word_1_301' title='bbox 1442 2436 1601 2484; x_wconf 88' lang='lat' dir='ltr'><strong>adhuc</strong></span> <span class='ocrx_word' id='word_1_302' title='bbox 1625 2435 1803 2483; x_wconf 90' lang='lat' dir='ltr'><strong>infirmi</strong></span> <span class='ocrx_word' id='word_1_303' title='bbox 1828 2453 2061 2493; x_wconf 88' lang='lat' dir='ltr'><strong>essemus,</strong></span> <span class='ocrx_word' id='word_1_304' title='bbox 2087 2435 2353 2482; x_wconf 90' lang='lat' dir='ltr'><strong>secundum</strong></span> <span class='ocrx_word' id='word_1_305' title='bbox 2381 2445 2499 2481; x_wconf 84' lang='lat' dir='ltr'><strong>tem—</strong></span> 
     </span>
     <span class='ocr_line' id='line_1_27' title="bbox 372 2515 2501 2581; baseline -0.001 -19"><span class='ocrx_word' id='word_1_306' title='bbox 372 2530 462 2579; x_wconf 88' lang='lat' dir='ltr'><strong>pus</strong></span> <span class='ocrx_word' id='word_1_307' title='bbox 486 2532 575 2580; x_wconf 90' lang='lat' dir='ltr'><strong>pro</strong></span> <span class='ocrx_word' id='word_1_308' title='bbox 599 2515 757 2580; x_wconf 87' lang='lat' dir='ltr'><strong>impiis</strong></span> <span class='ocrx_word' id='word_1_309' title='bbox 788 2525 1006 2563; x_wconf 91' lang='lat' dir='ltr'><strong>mortuus</strong></span> <span class='ocrx_word' id='word_1_310' title='bbox 1040 2518 1137 2564; x_wconf 78' lang='lat' dir='ltr'><strong>est?</strong></span> <span class='ocrx_word' id='word_1_311' title='bbox 1158 2535 1181 2560; x_wconf 89' lang='lat'>»</span> <span class='ocrx_word' id='word_1_312' title='bbox 1208 2519 1273 2563; x_wconf 90' lang='lat' dir='ltr'><strong>Ac</strong></span> <span class='ocrx_word' id='word_1_313' title='bbox 1304 2518 1344 2564; x_wconf 93' lang='lat' dir='ltr'><strong>si</strong></span> <span class='ocrx_word' id='word_1_314' title='bbox 1366 2517 1545 2564; x_wconf 89' lang='lat' dir='ltr'><strong>diceret</strong></span> <span class='ocrx_word' id='word_1_315' title='bbox 1570 2535 1580 2563; x_wconf 89' lang='lat'>:</span> <span class='ocrx_word' id='word_1_316' title='bbox 1617 2519 1817 2581; x_wconf 90' lang='lat' dir='ltr'><strong>Propter</strong></span> <span class='ocrx_word' id='word_1_317' title='bbox 1846 2516 1961 2580; x_wconf 89' lang='lat' dir='ltr'><strong>quid</strong></span> <span class='ocrx_word' id='word_1_318' title='bbox 1998 2515 2151 2573; x_wconf 86' lang='lat' dir='ltr'><strong>aliud,</strong></span> <span class='ocrx_word' id='word_1_319' title='bbox 2187 2516 2278 2562; x_wconf 92' lang='lat' dir='ltr'><strong>nisi</strong></span> <span class='ocrx_word' id='word_1_320' title='bbox 2304 2525 2501 2580; x_wconf 85' lang='lat' dir='ltr'><strong>propter</strong></span> 
     </span>
     <span class='ocr_line' id='line_1_28' title="bbox 347 2594 2496 2663; baseline 0.001 -23"><span class='ocrx_word' id='word_1_321' title='bbox 347 2659 352 2663; x_wconf 20' lang='grc' dir='ltr'><em>η</em></span> <span class='ocrx_word' id='word_1_322' title='bbox 373 2594 499 2642; x_wconf 91' lang='lat' dir='ltr'><strong>hanc</strong></span> <span class='ocrx_word' id='word_1_323' title='bbox 521 2595 728 2643; x_wconf 85' lang='lat' dir='ltr'><strong>caritatis</strong></span> <span class='ocrx_word' id='word_1_324' title='bbox 750 2595 1033 2643; x_wconf 83' lang='lat' dir='ltr'><strong>effusionem</strong></span> <span class='ocrx_word' id='word_1_325' title='bbox 1054 2596 1102 2643; x_wconf 92' lang='lat' dir='ltr'><strong>in</strong></span> <span class='ocrx_word' id='word_1_326' title='bbox 1126 2597 1353 2644; x_wconf 92' lang='lat' dir='ltr'><strong>cordibus</strong></span> <span class='ocrx_word' id='word_1_327' title='bbox 1377 2597 1553 2644; x_wconf 90' lang='lat' dir='ltr'><strong>nostris</strong></span> <span class='ocrx_word' id='word_1_328' title='bbox 1570 2596 1856 2654; x_wconf 89' lang='lat' dir='ltr'><strong>faciendam,</strong></span> <span class='ocrx_word' id='word_1_329' title='bbox 1878 2606 2095 2643; x_wconf 90' lang='lat' dir='ltr'><strong>mortuus</strong></span> <span class='ocrx_word' id='word_1_330' title='bbox 2117 2606 2187 2642; x_wconf 91' lang='lat' dir='ltr'><strong>est</strong></span> <span class='ocrx_word' id='word_1_331' title='bbox 2207 2595 2267 2642; x_wconf 91' lang='lat' dir='ltr'><strong>ad</strong></span> <span class='ocrx_word' id='word_1_332' title='bbox 2291 2605 2496 2659; x_wconf 88' lang='lat' dir='ltr'><strong>tempus,</strong></span> 
     </span>
     <span class='ocr_line' id='line_1_29' title="bbox 374 2675 2498 2741; baseline 0 -19"><span class='ocrx_word' id='word_1_333' title='bbox 374 2675 422 2722; x_wconf 92' lang='lat' dir='ltr'><strong>id</strong></span> <span class='ocrx_word' id='word_1_334' title='bbox 453 2685 524 2722; x_wconf 92' lang='lat' dir='ltr'><strong>est</strong></span> <span class='ocrx_word' id='word_1_335' title='bbox 556 2676 880 2723; x_wconf 90' lang='lat' dir='ltr'><strong>transitoriam</strong></span> <span class='ocrx_word' id='word_1_336' title='bbox 905 2686 952 2723; x_wconf 90' lang='lat' dir='ltr'><strong>et</strong></span> <span class='ocrx_word' id='word_1_337' title='bbox 983 2677 1117 2741; x_wconf 90' lang='lat' dir='ltr'><strong>quasi</strong></span> <span class='ocrx_word' id='word_1_338' title='bbox 1149 2676 1390 2724; x_wconf 88' lang='lat' dir='ltr'><strong>horariam</strong></span> <span class='ocrx_word' id='word_1_339' title='bbox 1420 2677 1644 2724; x_wconf 88' lang='lat' dir='ltr'><strong>sustinuit</strong></span> <span class='ocrx_word' id='word_1_340' title='bbox 1680 2687 1910 2734; x_wconf 89' lang='lat' dir='ltr'><strong>mortem,</strong></span> <span class='ocrx_word' id='word_1_341' title='bbox 1949 2693 2098 2741; x_wconf 89' lang='lat' dir='ltr'><strong>quum</strong></span> <span class='ocrx_word' id='word_1_342' title='bbox 2130 2676 2289 2723; x_wconf 91' lang='lat' dir='ltr'><strong>adhuc</strong></span> <span class='ocrx_word' id='word_1_343' title='bbox 2322 2676 2498 2723; x_wconf 87' lang='lat' dir='ltr'><strong>infirmi</strong></span> 
     </span>
     <span class='ocr_line' id='line_1_30' title="bbox 373 2755 2500 2823; baseline 0 -21"><span class='ocrx_word' id='word_1_344' title='bbox 373 2772 581 2803; x_wconf 90' lang='lat' dir='ltr'><strong>essemus</strong></span> <span class='ocrx_word' id='word_1_345' title='bbox 597 2793 608 2815; x_wconf 96' lang='lat'><strong>,</strong></span> <span class='ocrx_word' id='word_1_346' title='bbox 634 2755 729 2803; x_wconf 89' lang='lat' dir='ltr'><strong>hoc</strong></span> <span class='ocrx_word' id='word_1_347' title='bbox 751 2766 822 2804; x_wconf 93' lang='lat' dir='ltr'><strong>est</strong></span> <span class='ocrx_word' id='word_1_348' title='bbox 850 2756 1031 2804; x_wconf 90' lang='lat' dir='ltr'><strong>debiles</strong></span> <span class='ocrx_word' id='word_1_349' title='bbox 1054 2757 1103 2804; x_wconf 92' lang='lat' dir='ltr'><strong>in</strong></span> <span class='ocrx_word' id='word_1_350' title='bbox 1136 2757 1255 2817; x_wconf 84' lang='lat' dir='ltr'><strong>fide,</strong></span> <span class='ocrx_word' id='word_1_351' title='bbox 1281 2758 1357 2805; x_wconf 87' lang='lat' dir='ltr'><strong>vel</strong></span> <span class='ocrx_word' id='word_1_352' title='bbox 1380 2758 1429 2804; x_wconf 92' lang='lat' dir='ltr'><strong>in</strong></span> <span class='ocrx_word' id='word_1_353' title='bbox 1458 2757 1708 2805; x_wconf 89' lang='lat' dir='ltr'><strong>toleranda</strong></span> <span class='ocrx_word' id='word_1_354' title='bbox 1736 2758 2095 2823; x_wconf 75' lang='lat' dir='ltr'><strong>persecutione?</strong></span> <span class='ocrx_word' id='word_1_355' title='bbox 2117 2757 2298 2804; x_wconf 81' lang='lat' dir='ltr'><strong>Diffusa</strong></span> <span class='ocrx_word' id='word_1_356' title='bbox 2329 2757 2500 2804; x_wconf 88' lang='lat' dir='ltr'><strong>caritas</strong></span> 
     </span>
     <span class='ocr_line' id='line_1_31' title="bbox 373 2835 2499 2903; baseline 0.001 -21"><span class='ocrx_word' id='word_1_357' title='bbox 373 2845 460 2895; x_wconf 90' lang='lat' dir='ltr'><strong>est,</strong></span> <span class='ocrx_word' id='word_1_358' title='bbox 479 2835 625 2883; x_wconf 90' lang='lat' dir='ltr'><strong>dilata</strong></span> <span class='ocrx_word' id='word_1_359' title='bbox 637 2846 685 2883; x_wconf 89' lang='lat' dir='ltr'><strong>et</strong></span> <span class='ocrx_word' id='word_1_360' title='bbox 697 2836 857 2902; x_wconf 88' lang='lat' dir='ltr'><strong>ampla</strong></span> <span class='ocrx_word' id='word_1_361' title='bbox 874 2837 924 2884; x_wconf 90' lang='lat' dir='ltr'><strong>in</strong></span> <span class='ocrx_word' id='word_1_362' title='bbox 947 2837 1174 2885; x_wconf 87' lang='lat' dir='ltr'><strong>cordibus</strong></span> <span class='ocrx_word' id='word_1_363' title='bbox 1198 2838 1338 2897; x_wconf 89' lang='lat' dir='ltr'><strong>facta,</strong></span> <span class='ocrx_word' id='word_1_364' title='bbox 1356 2848 1403 2885; x_wconf 92' lang='lat' dir='ltr'><strong>et</strong></span> <span class='ocrx_word' id='word_1_365' title='bbox 1416 2855 1567 2903; x_wconf 90' lang='lat' dir='ltr'><strong>usque</strong></span> <span class='ocrx_word' id='word_1_366' title='bbox 1587 2838 1648 2885; x_wconf 88' lang='lat' dir='ltr'><strong>ad</strong></span> <span class='ocrx_word' id='word_1_367' title='bbox 1669 2838 1888 2885; x_wconf 88' lang='lat' dir='ltr'><strong>inimicos</strong></span> <span class='ocrx_word' id='word_1_368' title='bbox 1910 2839 2055 2885; x_wconf 90' lang='lat' dir='ltr'><strong>etiam</strong></span> <span class='ocrx_word' id='word_1_369' title='bbox 2077 2847 2293 2895; x_wconf 72' lang='lat' dir='ltr'><strong>extensa,</strong></span> <span class='ocrx_word' id='word_1_370' title='bbox 2321 2837 2381 2884; x_wconf 86' lang='lat' dir='ltr'><strong>de</strong></span> <span class='ocrx_word' id='word_1_371' title='bbox 2404 2853 2499 2901; x_wconf 92' lang='lat' dir='ltr'><strong>qua</strong></span> 
     </span>
     <span class='ocr_line' id='line_1_32' title="bbox 373 2916 2498 2982; baseline 0 -20"><span class='ocrx_word' id='word_1_372' title='bbox 373 2926 419 2963; x_wconf 91' lang='lat' dir='ltr'><strong>et</strong></span> <span class='ocrx_word' id='word_1_373' title='bbox 447 2933 533 2981; x_wconf 91' lang='lat' dir='ltr'><strong>per</strong></span> <span class='ocrx_word' id='word_1_374' title='bbox 554 2916 850 2965; x_wconf 79' lang='lat' dir='ltr'><strong>psalmistam</strong></span> <span class='ocrx_word' id='word_1_375' title='bbox 882 2917 1296 2979; x_wconf 72' lang='lat' dir='ltr'><strong>Christo,dicitur&#39;&#39;</strong></span> <span class='ocrx_word' id='word_1_376' title='bbox 1319 2937 1329 2965; x_wconf 92' lang='lat'><strong>:</strong></span> <span class='ocrx_word' id='word_1_377' title='bbox 1365 2918 1586 2966; x_wconf 77' lang='lat' dir='ltr'><strong>«Diffusa</strong></span> <span class='ocrx_word' id='word_1_378' title='bbox 1614 2929 1685 2966; x_wconf 90' lang='lat' dir='ltr'><strong>est</strong></span> <span class='ocrx_word' id='word_1_379' title='bbox 1707 2919 1856 2982; x_wconf 88' lang='lat' dir='ltr'><strong>gratia</strong></span> <span class='ocrx_word' id='word_1_380' title='bbox 1888 2919 1935 2965; x_wconf 90' lang='lat' dir='ltr'><strong>in</strong></span> <span class='ocrx_word' id='word_1_381' title='bbox 1959 2918 2096 2966; x_wconf 89' lang='lat' dir='ltr'><strong>labiis</strong></span> <span class='ocrx_word' id='word_1_382' title='bbox 2125 2919 2241 2976; x_wconf 90' lang='lat' dir='ltr'><strong>tuis,</strong></span> <span class='ocrx_word' id='word_1_383' title='bbox 2261 2937 2285 2962; x_wconf 72' lang='grc' dir='ltr'>υ</span> <span class='ocrx_word' id='word_1_384' title='bbox 2312 2917 2406 2964; x_wconf 92' lang='lat' dir='ltr'><strong>hoc</strong></span> <span class='ocrx_word' id='word_1_385' title='bbox 2429 2928 2498 2964; x_wconf 87' lang='lat' dir='ltr'><strong>est</strong></span> 
     </span>
     <span class='ocr_line' id='line_1_33' title="bbox 365 2998 2498 3066; baseline 0.001 -22"><span class='ocrx_word' id='word_1_386' title='bbox 365 3007 473 3045; x_wconf 78' lang='lat' dir='ltr'><strong>tota</strong></span> <span class='ocrx_word' id='word_1_387' title='bbox 497 2998 771 3063; x_wconf 79' lang='lat' dir='ltr'><strong>praedicatio</strong></span> <span class='ocrx_word' id='word_1_388' title='bbox 793 3009 876 3046; x_wconf 88' lang='lat' dir='ltr'><strong>tua</strong></span> <span class='ocrx_word' id='word_1_389' title='bbox 896 2999 1016 3046; x_wconf 91' lang='lat' dir='ltr'><strong>nihil</strong></span> <span class='ocrx_word' id='word_1_390' title='bbox 1045 3000 1174 3048; x_wconf 87' lang='lat' dir='ltr'><strong>aliud</strong></span> <span class='ocrx_word' id='word_1_391' title='bbox 1202 3017 1349 3065; x_wconf 87' lang='lat' dir='ltr'><strong>quam</strong></span> <span class='ocrx_word' id='word_1_392' title='bbox 1380 3000 1724 3066; x_wconf 88' lang='lat' dir='ltr'><strong>perfectionem</strong></span> <span class='ocrx_word' id='word_1_393' title='bbox 1755 3010 1948 3047; x_wconf 90' lang='lat' dir='ltr'><strong>resonat</strong></span> <span class='ocrx_word' id='word_1_394' title='bbox 1976 3001 2199 3047; x_wconf 86' lang='lat' dir='ltr'><strong>caritatis.</strong></span> <span class='ocrx_word' id='word_1_395' title='bbox 2236 3003 2306 3046; x_wconf 91' lang='lat' dir='ltr'><strong>De</strong></span> <span class='ocrx_word' id='word_1_396' title='bbox 2334 3017 2428 3064; x_wconf 89' lang='lat' dir='ltr'><strong>qua</strong></span> <span class='ocrx_word' id='word_1_397' title='bbox 2453 3009 2498 3045; x_wconf 85' lang='lat' dir='ltr'><strong>et</strong></span> 
     </span>
     <span class='ocr_line' id='line_1_34' title="bbox 374 3078 2448 3147; baseline 0 -23"><span class='ocrx_word' id='word_1_398' title='bbox 374 3078 646 3143; x_wconf 77' lang='lat' dir='ltr'><strong>Apostolus⁸</strong></span> <span class='ocrx_word' id='word_1_399' title='bbox 672 3097 682 3125; x_wconf 73' lang='grc' dir='ltr'><strong><em>ε</em></strong></span> <span class='ocrx_word' id='word_1_400' title='bbox 714 3098 738 3123; x_wconf 89' lang='lat'><strong><em>«</em></strong></span> <span class='ocrx_word' id='word_1_401' title='bbox 753 3079 880 3126; x_wconf 90' lang='lat' dir='ltr'><strong>Finis</strong></span> <span class='ocrx_word' id='word_1_402' title='bbox 903 3080 1126 3145; x_wconf 85' lang='lat' dir='ltr'><strong>praecepti</strong></span> <span class='ocrx_word' id='word_1_403' title='bbox 1147 3081 1341 3139; x_wconf 90' lang='lat' dir='ltr'><strong>caritas,</strong></span> <span class='ocrx_word' id='word_1_404' title='bbox 1369 3080 1431 3127; x_wconf 91' lang='lat' dir='ltr'><strong>de</strong></span> <span class='ocrx_word' id='word_1_405' title='bbox 1453 3080 1601 3128; x_wconf 90' lang='lat' dir='ltr'><strong>corde</strong></span> <span class='ocrx_word' id='word_1_406' title='bbox 1622 3098 1745 3147; x_wconf 91' lang='lat' dir='ltr'><strong>puro</strong></span> <span class='ocrx_word' id='word_1_407' title='bbox 1769 3090 1815 3128; x_wconf 92' lang='lat' dir='ltr'><strong>et</strong></span> <span class='ocrx_word' id='word_1_408' title='bbox 1837 3081 2130 3127; x_wconf 90' lang='lat' dir='ltr'><strong>conscientia</strong></span> <span class='ocrx_word' id='word_1_409' title='bbox 2153 3097 2251 3127; x_wconf 92' lang='lat' dir='ltr'><strong>non</strong></span> <span class='ocrx_word' id='word_1_410' title='bbox 2277 3079 2403 3127; x_wconf 90' lang='lat' dir='ltr'><strong>ficta.</strong></span> <span class='ocrx_word' id='word_1_411' title='bbox 2428 3101 2448 3123; x_wconf 82' lang='grc' dir='ltr'><strong>υ</strong></span> 
     </span>
     <span class='ocr_line' id='line_1_35' title="bbox 437 3159 2497 3227; baseline 0 -22"><span class='ocrx_word' id='word_1_412' title='bbox 437 3159 567 3206; x_wconf 91' lang='lat' dir='ltr'><strong>Sicut</strong></span> <span class='ocrx_word' id='word_1_413' title='bbox 599 3176 712 3223; x_wconf 89' lang='lat' dir='ltr'><strong>ergo</strong></span> <span class='ocrx_word' id='word_1_414' title='bbox 741 3169 976 3225; x_wconf 86' lang='lat' dir='ltr'><strong>praecepta</strong></span> <span class='ocrx_word' id='word_1_415' title='bbox 1003 3161 1114 3219; x_wconf 90' lang='lat' dir='ltr'><strong>Dei,</strong></span> <span class='ocrx_word' id='word_1_416' title='bbox 1141 3162 1208 3208; x_wconf 91' lang='lat' dir='ltr'><strong>sic</strong></span> <span class='ocrx_word' id='word_1_417' title='bbox 1231 3171 1278 3208; x_wconf 89' lang='lat' dir='ltr'><strong>et</strong></span> <span class='ocrx_word' id='word_1_418' title='bbox 1306 3171 1542 3227; x_wconf 85' lang='lat' dir='ltr'><strong>praecepta</strong></span> <span class='ocrx_word' id='word_1_419' title='bbox 1573 3161 1748 3208; x_wconf 90' lang='lat' dir='ltr'><strong>Christi</strong></span> <span class='ocrx_word' id='word_1_420' title='bbox 1776 3161 1837 3208; x_wconf 87' lang='lat' dir='ltr'><strong>ad</strong></span> <span class='ocrx_word' id='word_1_421' title='bbox 1863 3160 1992 3207; x_wconf 91' lang='lat' dir='ltr'><strong>hunc</strong></span> <span class='ocrx_word' id='word_1_422' title='bbox 2017 3161 2214 3207; x_wconf 91' lang='lat' dir='ltr'><strong>unicum</strong></span> <span class='ocrx_word' id='word_1_423' title='bbox 2246 3160 2415 3217; x_wconf 90' lang='lat' dir='ltr'><strong>finem,</strong></span> <span class='ocrx_word' id='word_1_424' title='bbox 2450 3160 2497 3206; x_wconf 89' lang='lat' dir='ltr'><strong>id</strong></span> 
     </span>
     <span class='ocr_line' id='line_1_36' title="bbox 374 3238 2496 3306; baseline 0.001 -22"><span class='ocrx_word' id='word_1_425' title='bbox 374 3248 443 3285; x_wconf 91' lang='lat' dir='ltr'><strong>est</strong></span> <span class='ocrx_word' id='word_1_426' title='bbox 464 3238 794 3288; x_wconf 76' lang='lat' dir='ltr'><strong>aedificandam</strong></span> <span class='ocrx_word' id='word_1_427' title='bbox 818 3241 865 3287; x_wconf 91' lang='lat' dir='ltr'><strong>in</strong></span> <span class='ocrx_word' id='word_1_428' title='bbox 887 3240 1027 3288; x_wconf 91' lang='lat' dir='ltr'><strong>nobis</strong></span> <span class='ocrx_word' id='word_1_429' title='bbox 1049 3241 1318 3301; x_wconf 90' lang='lat' dir='ltr'><strong>caritatem,</strong></span> <span class='ocrx_word' id='word_1_430' title='bbox 1346 3252 1446 3290; x_wconf 89' lang='lat' dir='ltr'><strong>tota</strong></span> <span class='ocrx_word' id='word_1_431' title='bbox 1467 3242 1688 3290; x_wconf 89' lang='lat' dir='ltr'><strong>intendit.</strong></span> <span class='ocrx_word' id='word_1_432' title='bbox 1711 3242 1855 3305; x_wconf 90' lang='lat' dir='ltr'><strong>Cujus</strong></span> <span class='ocrx_word' id='word_1_433' title='bbox 1876 3242 2073 3306; x_wconf 90' lang='lat' dir='ltr'><strong>quidem</strong></span> <span class='ocrx_word' id='word_1_434' title='bbox 2090 3241 2369 3289; x_wconf 88' lang='lat' dir='ltr'><strong>intentionis</strong></span> <span class='ocrx_word' id='word_1_435' title='bbox 2388 3257 2496 3305; x_wconf 88' lang='lat' dir='ltr'><strong>per-</strong></span> 
     </span>
    </p>
   </div>
   <div class='ocr_carea' id='block_1_3' title="bbox 376 3442 2496 3544">
    <p class='ocr_par' dir='ltr' id='par_1_3' title="bbox 376 3442 2496 3544">
     <span class='ocr_line' id='line_1_37' title="bbox 420 3442 2496 3493; baseline -0.001 -17"><span class='ocrx_word' id='word_1_436' title='bbox 420 3442 429 3459; x_wconf 85' lang='lat'>¹</span> <span class='ocrx_word' id='word_1_437' title='bbox 454 3442 549 3482; x_wconf 71' lang='lat' dir='ltr'><strong>Luc„</strong></span> <span class='ocrx_word' id='word_1_438' title='bbox 574 3453 647 3491; x_wconf 84' lang='lat' dir='ltr'><strong>cap.</strong></span> <span class='ocrx_word' id='word_1_439' title='bbox 675 3455 739 3485; x_wconf 85' lang='lat' dir='ltr'><strong>xn,</strong></span> <span class='ocrx_word' id='word_1_440' title='bbox 765 3456 794 3477; x_wconf 88' lang='lat' dir='ltr'><strong>v.</strong></span> <span class='ocrx_word' id='word_1_441' title='bbox 815 3446 869 3477; x_wconf 76' lang='lat'><strong>49.</strong></span> <span class='ocrx_word' id='word_1_442' title='bbox 892 3463 925 3469; x_wconf 71' lang='lat'><strong>-·</strong></span> <span class='ocrx_word' id='word_1_443' title='bbox 941 3444 954 3462; x_wconf 75' lang='lat'>⁸</span> <span class='ocrx_word' id='word_1_444' title='bbox 971 3445 1080 3484; x_wconf 66' lang='lat' dir='ltr'><strong>Joan„</strong></span> <span class='ocrx_word' id='word_1_445' title='bbox 1106 3455 1180 3489; x_wconf 86' lang='lat' dir='ltr'><strong>cap.</strong></span> <span class='ocrx_word' id='word_1_446' title='bbox 1200 3457 1254 3483; x_wconf 80' lang='lat' dir='ltr'><strong>xv.</strong></span> <span class='ocrx_word' id='word_1_447' title='bbox 1280 3457 1311 3479; x_wconf 90' lang='lat' dir='ltr'><strong>v.</strong></span> <span class='ocrx_word' id='word_1_448' title='bbox 1331 3448 1363 3478; x_wconf 88' lang='lat'><strong>7.</strong></span> <span class='ocrx_word' id='word_1_449' title='bbox 1378 3463 1422 3471; x_wconf 95' lang='lat'>—</span> <span class='ocrx_word' id='word_1_450' title='bbox 1439 3445 1452 3463; x_wconf 81' lang='lat'><strong>³</strong></span> <span class='ocrx_word' id='word_1_451' title='bbox 1472 3447 1580 3483; x_wconf 72' lang='lat' dir='ltr'><strong>Rom„</strong></span> <span class='ocrx_word' id='word_1_452' title='bbox 1605 3455 1677 3488; x_wconf 86' lang='lat' dir='ltr'><strong>cap.</strong></span> <span class='ocrx_word' id='word_1_453' title='bbox 1698 3455 1729 3483; x_wconf 91' lang='lat' dir='ltr'><strong>v,</strong></span> <span class='ocrx_word' id='word_1_454' title='bbox 1746 3454 1777 3477; x_wconf 88' lang='lat' dir='ltr'><strong>v.</strong></span> <span class='ocrx_word' id='word_1_455' title='bbox 1797 3445 1829 3477; x_wconf 82' lang='lat'><strong>5.</strong></span> <span class='ocrx_word' id='word_1_456' title='bbox 1847 3444 1919 3493; x_wconf 53' lang='lat' dir='ltr'><strong>-f</strong></span> <span class='ocrx_word' id='word_1_457' title='bbox 1939 3443 2054 3477; x_wconf 79' lang='lat' dir='ltr'><strong>Psalm.</strong></span> <span class='ocrx_word' id='word_1_458' title='bbox 2074 3454 2159 3483; x_wconf 76' lang='lat' dir='ltr'><strong>xuv,</strong></span> <span class='ocrx_word' id='word_1_459' title='bbox 2177 3454 2205 3476; x_wconf 92' lang='lat' dir='ltr'><strong>v.</strong></span> <span class='ocrx_word' id='word_1_460' title='bbox 2224 3445 2255 3475; x_wconf 87' lang='lat'><strong>3.</strong></span> <span class='ocrx_word' id='word_1_461' title='bbox 2271 3460 2313 3467; x_wconf 88' lang='lat'>-</span> <span class='ocrx_word' id='word_1_462' title='bbox 2330 3442 2342 3459; x_wconf 79' lang='lat'>⁸</span> <span class='ocrx_word' id='word_1_463' title='bbox 2361 3442 2439 3474; x_wconf 82' lang='lat' dir='ltr'><strong>Tim.</strong></span> <span class='ocrx_word' id='word_1_464' title='bbox 2464 3443 2496 3473; x_wconf 91' lang='grc' dir='ltr'><strong>Ι.</strong></span> 
     </span>
     <span class='ocr_line' id='line_1_38' title="bbox 376 3502 600 3544; baseline 0.004 -11"><span class='ocrx_word' id='word_1_465' title='bbox 376 3511 447 3544; x_wconf 82' lang='lat' dir='ltr'><strong>cap.</strong></span> <span class='ocrx_word' id='word_1_466' title='bbox 473 3512 499 3537; x_wconf 87' lang='grc' dir='ltr'><strong>ι,</strong></span> <span class='ocrx_word' id='word_1_467' title='bbox 518 3512 547 3533; x_wconf 87' lang='lat' dir='ltr'><strong>v.</strong></span> <span class='ocrx_word' id='word_1_468' title='bbox 568 3502 600 3534; x_wconf 90' lang='lat'><strong>5.</strong></span> 
     </span>
    </p>
   </div>
  </div>
 </body>
</html>
