2840 4178
1161 401 1476 447 EPlSTOLAE.
1785 416 1788 419 ·
2348 401 2373 443 5

267 498 442 545 factum
462 507 554 556 est,
580 507 630 544 ut
654 497 714 543 de
732 513 809 549 me
826 496 1153 560 ampliuslipse
1177 509 1497 560 praesumens,
1520 492 1581 549 ad
1605 503 1815 547 castrum,
1827 491 2037 539 Corbolii
2048 494 2076 550 ¹,
2099 492 2237 555 quod,
2251 495 2374 557 pari—

265 578 399 627 sienae
422 576 529 623 urbi
545 577 857 634 viciniusfest,
877 568 1160 639 quantocius
1179 574 1366 629 scholas
1392 582 1578 628 nostras
1601 572 1902 619 transferrem
1926 591 1935 618 :
1960 582 2012 618 ut
2031 571 2143 618 inde
2160 571 2378 618 videlicet

264 657 547 706 crebriore&
573 656 913 722 disputationis
928 654 1129 707 assultus
1154 664 1317 700 nostra
1338 653 1474 700 daret
1500 653 1870 716 importunitas³.
1906 655 2011 698 Non
2039 651 2194 698 multo·
2221 662 2378 698 autem

263 735 750 799 interjectotempore
767 751 825 781 ex
843 734 1158 789 immoderata
1176 732 1319 780 studii
1343 732 1867 795 afflictionecorreptus
1891 730 2163 778 infirmitate
2189 741 2379 778 coactus

254 814 643 878 *summepatriare
655 815 686 872 ⁶,
708 823 756 865 et
770 830 857 878 per
875 829 1029 861 annos
1045 813 1226 876 aliquot
1246 829 1274 859 a
1291 811 1486 858 Francia
1509 811 1667 874 quasi⁵
1693 820 1904 858 remotus
1918 846 1930 870 ,
1955 809 2197 875 quaerebar
2213 810 2381 856 arden—

261 892 452 948 tiussah
482 893 561 951 iis,
594 909 718 956 quos
751 892 997 940 dialectica
1029 891 1311 943 sollicitabat
1344 890 1577 938 doctrina.
1617 890 1797 954 Elapsis
1828 895 1986 937 autem
2019 890 2182 953 paucis
2216 891 2375 948 annis,

264 987 486 1036 quum-ex
503 971 776 1034 infirmitate
788 972 1075 1041 jamdudum
1094 971 1393 1019 convalerem
1407 1006 1419 1029 ,
1436 980 1698 1036 praeceptor
1715 986 1850 1016 meus
1867 969 1944 1016 ille
1962 966 2240 1015 Guillelmus
2258 970 2380 1032 pari-

263 1050 426 1106 siensis
442 1049 850 1108 “archidiaconus
867 1089 879 1111 ,
915 1050 1080 1106 habitu
1117 1051 1316 1115 pristino
1351 1059 1646 1096 commutato
1682 1049 1742 1095 ad
1782 1048 2067 1112 regularium
2100 1048 2380 1095 clericorum

264 1130 483 1187 ordinem
497 1147 547 1178 se
562 1132 838 1190 convertit&
861 1147 934 1191 ea,
951 1141 1003 1178 ut
1018 1131 1285 1185 referebant
1297 1165 1311 1190 ,
1330 1130 1633 1185 intentione⁸‚
1656 1138 1707 1175 ut
1722 1146 1819 1192 quo
1836 1128 2098 1192 religiosior
2111 1128 2381 1175 crederetur

263 1209 601 1273 admajorem⁹
622 1211 914 1276 'praelation-is
942 1211 1144 1276 gradum
1175 1221 1557 1276 promoveretur,
1593 1210 1714 1256 sicut
1743 1210 1792 1255 in
1822 1210 2040 1274 proximo
2069 1210 2285 1273 contigit,
2321 1226 2378 1255 eo

262 1290 581 1338 catalaunensi
599 1292 826 1357 episcopo
851 1293 1114 1344 factonNec
1137 1302 1294 1339 tamen
1320 1293 1369 1337 in
1393 1307 1491 1338 suae
1516 1290 1840 1337 conversionis
1864 1289 2052 1336 habitus
2078 1300 2159 1335 aut
2177 1289 2238 1335 ab
2264 1291 2380 1336 urbe

262 1371 489 1435 parisiaca
499 1374 539 1431 ¹⁰,
563 1382 645 1419 aut
668 1389 696 1419 a
720 1383 949 1420 consueto
968 1372 1280 1438 philosophiae
1304 1371 1461 1419 studio
1481 1387 1592 1418 eum
1607 1371 1631 1395 ¹¹
1656 1370 1893 1417 revocavit
1917 1388 1925 1415 :
1951 1369 2034 1416 sed
2059 1370 2106 1416 in
2135 1370 2239 1435 ipso
2259 1387 2377 1433 quo·

262 1465 361 1513 que,
371 1452 660 1510 monasterio
672 1486 685 1512 ,
709 1452 924 1517 adquod
942 1469 992 1499 se
1015 1468 1157 1499 causa
1175 1451 1415 1515 religionis
1432 1450 1719 1508 contulerat,
1741 1450 1897 1497 statim
1916 1466 2051 1496 more
2070 1449 2207 1496 solito
2227 1449 2379 1513 publi-

261 1545 340 1577 cas
365 1533 572 1579 exercuit
589 1532 792 1580 scholas.
818 1536 939 1580 Tum
963 1547 1051 1596 ego
1072 1532 1135 1580 ad
1158 1549 1270 1580 eum
1298 1548 1514 1579 reversus
1539 1541 1591 1577 ut
1610 1530 1670 1578 ab
1700 1531 1803 1596 ipso
1831 1529 2116 1576 rhetoricam
2139 1529 2375 1589 audirem,

263 1609 385 1656 inter
404 1621 571 1658 coetera
590 1612 969 1680 disputationum
986 1622 1265 1660 nostrarum
1275 1612 1552 1671 conamina,
1576 1611 1821 1675 antiquam
1842 1610 1943 1674 ejus
1961 1609 2022 1658 de
2041 1610 2382 1658 universalibus

262 1691 540 1737 sententiam
558 1693 926 1756 patentissimis¹²
941 1702 1334 1756 argumentorum
1351 1691 1752 1756 disputationibus
1777 1692 1933 1755 ipsum
1953 1701 2264 1748 commutare,
2286 1693 2381 1738 imo

261 1767 502 1816 destruere
532 1771 760 1836 compuli.
797 1775 920 1824 Erat„
941 1783 1099 1819 autem
1132 1773 1263 1819 inea
1291 1773 1524 1819 sententia
1555 1771 1615 1819 de
1646 1771 1987 1818 communitate
2020 1771 2355 1818 universalium
2370 1809 2381 1830 ,

264 1857 313 1893 ut
344 1849 562 1896 eamdem
597 1849 904 1897 essentialiter
938 1867 1040 1897 rem
1075 1860 1225 1898 totam
1258 1850 1399 1897 simul
1441 1850 1636 1913 singulis
1667 1851 1762 1896 suis
1795 1850 1950 1896 inesse
1984 1860 2214 1897 astrueret
2255 1851 2385 1897 indi-

42 1927 145 2013 ,Α
180 1915 250 1992 J
261 1927 450 1987 viduis;.
465 1946 689 1993 *quorum
714 1930 910 1994 quidem
932 1930 1216 1997 nullatesset
1243 1931 1291 1977 in
1323 1930 1526 1977 essentia
1554 1929 1819 1987 diversitaS,
1850 1929 1934 1976 sed
1959 1929 2060 1976 sola
2082 1930 2385 1977 multitudine

118 3218 191 3257 ,Α

260 2004 575 2055 accidentium
612 2010 826 2057 varietas.
883 2010 957 2057 Sic
990 2020 1150 2058 autem
1199 2011 1334 2057 istam
1372 2020 1486 2057 tunc
1507 2011 1531 2034 ¹³
1564 2026 1699 2057 suam
1737 2010 1939 2056 correxit
1980 2011 2261 2057 sententiam
2277 2047 2289 2069 ,
2337 2025 2386 2059 ut

261 2085 486 2153 deinceps
505 2106 606 2136 rem
623 2090 841 2138 eamdem
860 2107 959 2137 non
980 2090 1302 2149 essentialiter,
1320 2089 1406 2137 sed
1427 2089 1748 2137 indifferenter
1762 2091 1786 2114 ¹⁸
1804 2089 1996 2136 diceret.
2013 2093 2070 2136 Et
2086 2092 2313 2154 quoniam
2326 2093 2385 2139 de

262 2168 602 2216 universalibus
626 2170 676 2216 in
700 2170 795 2218 hoc
813 2171 917 2236 ipso
937 2172 1174 2236 praecipua
1194 2186 1383 2235 semper
1401 2181 1470 2217 est
1489 2170 1617 2236 apud
1646 2170 1918 2218 dialecticos
1940 2171 2159 2234 quaestiO,
2182 2188 2237 2218 ac
2257 2182 2384 2219 tanta

262 2257 314 2294 ut
322 2264 427 2295 eam
439 2249 728 2314 Porphyrius
747 2267 942 2316 quoque
962 2252 1011 2298 in
1027 2253 1235 2317 Isagogis
1250 2251 1345 2299 suis
1359 2288 1370 2310 ,
1395 2268 1544 2315 quum
1561 2251 1622 2298 de
1641 2251 1982 2299 universalibus
2000 2251 2241 2311 scriberet,
2264 2253 2385 2299 diffi-

261 2329 365 2375 nire
375 2331 399 2354 ¹¹⁵
412 2346 509 2376 non
520 2341 846 2395 praesumeret,
858 2331 1045 2395 dicens:
1060 2351 1085 2378 «
1101 2331 1390 2379 Altissimum
1400 2332 1527 2379 enim
1541 2341 1610 2379 est
1624 2331 1896 2395 hujusmodi
1917 2333 2159 2396 negotium
2171 2351 2182 2390 3
2200 2351 2222 2376 »
2236 2350 2384 2396 quum

260 2406 384 2455 hanc
416 2408 492 2456 ille
519 2412 798 2472 correxisset
810 2413 850 2472 ¹⁰,
874 2411 1195 2460 imocoactus
1212 2412 1464 2459 dimisisset
1476 2414 1500 2436 ¹⁷
1522 2412 1827 2472 sententiam,
1850 2412 1896 2458 in
1917 2421 2096 2459 tantam
2121 2412 2260 2459 lectio
2286 2414 2385 2476 ejus

262 2485 484 2535 devoluta
513 2499 583 2536 est
611 2490 970 2555 negligentiam,
998 2501 1051 2539 ut
1081 2492 1181 2555 jam
1217 2491 1279 2539 ad
1312 2491 1566 2540 dialecticae
1594 2492 1851 2540 lectionem
1863 2494 1887 2516 ¹⁸
1910 2492 1986 2538 vix
2012 2492 2340 2540 admitteretur
2370 2512 2377 2537 :

261 2568 391 2630 quasi
407 2568 456 2614 in
475 2568 566 2616 hac
579 2569 755 2618 scilicet
769 2571 830 2619 de
850 2571 1193 2619 universalibus
1212 2573 1445 2619 sententia
1459 2582 1557 2618 tota
1576 2572 1717 2635 hujus
1742 2573 1854 2618 artis
1877 2572 2154 2618 consisteret
2178 2589 2378 2618 summa.

262 2646 381 2693 Hinc
410 2657 594 2695 tantum
625 2649 812 2697 roboris
836 2661 882 2698 et
906 2651 1195 2699 auctoritatis
1220 2661 1382 2698 nostra
1410 2651 1614 2716 suscepit
1646 2650 1917 2716 disciplina,
1954 2660 2005 2696 ut
2040 2651 2093 2710 ii,
2131 2652 2212 2715 qui
2246 2663 2382 2698 antea

262 2725 589 2774 vehementius
626 2730 849 2793 magistro
884 2730 950 2777 illi
981 2740 1146 2777 nostro
1180 2730 1511 2789 adhaerebant,
1546 2740 1592 2778 et
1619 2731 1823 2778 maxime
1852 2740 2062 2777 nostram
2102 2731 2382 2778 infestabant

261 2804 551 2867 doctrinam,
580 2808 640 2855 ad
660 2819 845 2857 nostras
865 2810 1178 2858 convolarent
1195 2810 1403 2870 scholas3
1429 2821 1476 2858 et
1492 2811 1594 2875 ipse
1606 2845 1618 2867 ,
1643 2811 1726 2874 qui
1744 2811 1792 2857 in
1812 2810 1986 2858 scholis
2004 2812 2243 2876 parisiacae
2259 2812 2381 2858 sedis

307 2965 316 2981 ¹
336 2966 416 2998 vide
430 2974 496 3000 not.
515 2978 605 3000 xt.-—
618 2968 630 2985 ²
645 2970 884 3013 frequentiores
894 2970 1032 3005 RMS.-
1042 2971 1055 2988 ³
1071 2973 1298 3014 opportunitas

261 3022 327 3056 MS.
338 3022 479 3055 Amb.—
489 3022 503 3040 ⁴
516 3024 553 3056 In
568 3029 707 3065 patriam
718 3035 871 3060 revertere
880 3027 971 3060 RMS.
982 3045 1013 3050 —
1022 3028 1034 3045 ⁶
1053 3029 1151 3068 Quasi
1165 3028 1256 3062 deest
1267 3029 1297 3061 in

262 3078 443 3111 ABCD.-⁰
458 3080 694 3114 Parisiacensis
707 3081 772 3115 CD.
786 3101 815 3106 -
834 3082 845 3099 '¹
861 3082 943 3116 Vide
957 3091 1026 3116 not.
1042 3095 1100 3117 xn-
1111 3101 1155 3108 —
1168 3083 1181 3101 ⁸
1196 3085 1300 3118 Heme

260 3133 354 3168 RMS.
374 3153 410 3158 --
425 3134 437 3152 ⁰
454 3136 588 3181 Majoris
602 3136 639 3169 D.
656 3156 690 3161 —-
706 3137 735 3154 ¹⁰
752 3140 899 3172 Parisius
914 3139 1004 3172 D.—
1015 3140 1039 3157 ¹⁴
1059 3142 1143 3174 Eum
1158 3141 1250 3174 deest
1265 3142 1297 3175 in

261 3191 427 3225 Ancu-
439 3192 467 3210 ¹¹
482 3194 660 3236 Manifestis
674 3202 704 3227 et
719 3198 857 3228 maxime
870 3200 1045 3238 perspicuis
1057 3197 1152 3231 RMS.
1165 3198 1231 3222 —-¹³
1246 3198 1298 3231 Sic

262 3247 467 3282 Bou-Tunc
476 3249 568 3283 deest
580 3250 612 3283 in
627 3250 653 3283 A
665 3258 696 3283 et
710 3251 796 3284 Edit.
809 3251 982 3286 Attin—¹⁴
996 3253 1050 3286 Sic
1064 3253 1171 3286 ABCD
1184 3262 1217 3287 et
1231 3255 1296 3288 MS.

190 3312 225 3333 s
261 3302 357 3337 Amb.
370 3321 393 3328 -
408 3304 534 3339 Transl-
553 3306 685 3350 gallica,
703 3307 759 3355 sul.
779 3310 797 3341 3
818 3321 826 3341 ε
852 3320 867 3338 α
893 3308 919 3343 11
935 3310 1031 3343 estoit
1047 3319 1086 3342 en
1113 3318 1200 3343 ceste
1219 3321 1297 3343 sen·-

263 3371 279 3387 «
296 3366 389 3393 tence
411 3360 452 3394 de
470 3361 503 3395 la
518 3363 713 3396 communite
729 3362 786 3397 des
806 3364 992 3398 universeus
1004 3391 1013 3406 ,
1031 3376 1093 3410 que
1109 3366 1130 3398 il
1148 3364 1299 3400 affirmoit

264 3429 277 3444 α
298 3427 360 3460 que
374 3427 437 3450 une
456 3427 578 3452 mesme
594 3418 693 3452 chose
709 3430 768 3464 par
783 3431 917 3455 essenee
934 3421 1030 3456 estoit
1045 3429 1112 3456 tout
1131 3421 1297 3456 eusemble

264 3486 279 3501 κ
296 3482 335 3505 en
348 3480 419 3507 tous
431 3483 483 3507 scs
495 3473 695 3518 particuliers
706 3475 836 3519 subgez,
848 3477 872 3510 si
888 3487 951 3521 que
962 3476 984 3510 11
996 3478 1100 3511 n’eust
1113 3488 1152 3511 en
1164 3487 1296 3511 essence

1347 2985 1364 3001 α
1382 2972 1470 3006 nulle
1485 2972 1636 3006 divertite
1649 2979 1682 3006 et
1697 2982 1760 3016 que
1777 2978 1863 3005 toute
1880 2972 1909 3004 la
1923 2970 2073 3005 diversite
2088 2972 2185 3004 estoit
2201 2971 2380 3004 seulement

1349 3042 1364 3058 ι
1381 3040 1421 3061 en
1444 3029 1473 3061 la
1498 3029 1669 3062 multitude
1700 3029 1758 3062 des
1786 3027 1955 3067 accidens;
1985 3027 2064 3061 mais
2084 3028 2106 3061 il
2125 3028 2262 3070 amenda
2292 3035 2379 3060 ceste

1349 3098 1364 3115 «ι
1380 3092 1535 3119 sentence
1556 3086 1633 3130 qu’il
1655 3085 1756 3119 tenoit
1776 3085 1842 3117 lors
1856 3095 1897 3117 en
1913 3092 2001 3118 ceste
2017 3085 2159 3118 maniere
2174 3095 2235 3128 que
2250 3084 2271 3117 il
2285 3084 2379 3116 disoit

1349 3155 1363 3170 ι
1382 3152 1445 3186 que
1459 3142 1586 3175 c'estoit
1597 3153 1660 3175 une
1675 3151 1795 3174 mesme
1808 3140 1920 3181 chose,
1930 3151 1995 3173 non
2005 3151 2063 3184 pas
2077 3151 2151 3173 sans
2162 3139 2349 3173 disserence.
2363 3154 2376 3168 n

1346 3198 1571 3232 -Amboesius
1591 3200 1828 3231 individualiter
1853 3197 1936 3231 male
1962 3197 2060 3240 legit,
2087 3204 2123 3230 ut
2148 3203 2237 3240 patet
2263 3208 2280 3227 e
2303 3197 2376 3228 cod.

1346 3255 1606 3297 sangermanensi
1621 3280 1629 3294 ‚
1650 3254 1691 3287 de
1704 3264 1767 3298 quo
1788 3253 1860 3286 vide
1877 3254 2039 3295 cunr-oyes
2054 3255 2168 3286 inedita
2184 3253 2356 3285 d'Abelarcl
2372 3278 2378 3287 ,

1347 3310 1446 3345 in-40.
1471 3310 1607 3350 introd.,
1624 3322 1656 3353 p.
1676 3319 1747 3342 cxvi
1765 3317 1797 3342 et
1818 3321 1867 3354 sq.
1888 3328 1925 3333 -
1944 3309 1974 3326 ¹⁵
1990 3310 2126 3350 Definire
2140 3307 2178 3342 C.
2201 3327 2234 3332 —
2252 3308 2280 3325 ’θ
2298 3309 2378 3341 Cor-

1346 3370 1464 3399 rexerie
1476 3366 1529 3399 CD
1545 3374 1578 3400 et
1589 3365 1656 3399 MS.
1676 3365 1850 3400 Ama—¹⁷
1866 3366 2025 3399 Dimiserie
2043 3365 2095 3398 ‹31›
2112 3372 2144 3398 et
2156 3365 2220 3399 MS.
2238 3365 2378 3399 Ami).-

1347 3421 1375 3439 ¹'
1390 3423 1441 3454 Ad
1458 3430 1576 3455 caeeera
1593 3423 1772 3457 dialecticae
1785 3422 1838 3456 CD
1852 3429 1884 3456 et
1901 3421 1965 3456 MS.
1982 3421 2074 3455 Amb.

2434 511 2477 543 De
2506 513 2646 543 rectione

2413 554 2497 597 apud
2544 555 2669 587 Corin,-

2499 598 2586 630 lium.

2436 1546 2478 1577 Dc
2492 1545 2655 1588 impugna-

2418 1590 2502 1621 tione
2535 1590 2673 1632 magistri

2482 1645 2528 1665 stu
2545 1659 2552 1671 ,
2579 1642 2610 1666 ct

2416 1678 2559 1710 rectione
2592 1680 2677 1720 apud

2465 1722 2626 1754 varisium.
