2970 4152
480 403 575 451 216
1065 405 1235 451 PETssl
1274 406 1582 454 ABAELARm
1616 410 1691 456 ET
1723 401 2025 460 HELoissAE

477 504 730 550 sectionem
748 538 760 561 ,
789 501 947 548 statim
970 516 1115 546 nona.
1144 503 1256 547 Post
1275 517 1480 562 nonam,
1507 502 1686 568 aliquid
1708 508 1961 572 exponitur
1983 507 2044 554 ad
2066 505 2450 570 aedificationem,
2480 510 2599 559 s'icut

476 586 691 651 superius
717 583 897 630 dictum
922 591 1007 628 est.
1037 585 1148 629 Post
1170 598 1412 647 vesperas,
1442 582 1494 631 fit
1510 600 1676 645 coena;
1700 597 1746 634 et
1762 604 1819 634 eo
1840 587 1988 634 modo
2013 604 2102 634 nos
2123 587 2356 636 habemus
2374 590 2600 656 deinceps

474 684 571 732 quo
598 666 813 729 superius
840 664 1022 710 dictum
1050 673 1135 710 est.
1168 664 1360 712 Privatis
1382 665 1551 713 diebus
1567 654 1582 726 ⁷.
1609 684 1798 715 summo
1825 685 1966 716 mane
1992 679 2208 716 cantatur
2222 670 2404 734 prima,
2436 683 2604 736 postea·

473 749 693 805 sedemus
729 747 777 792 in
809 745 1014 791 claustro
1051 761 1201 808 usque
1235 744 1296 791 ad
1332 747 1550 807 tertiam,
1593 747 1830 811 legentes,
1870 758 1916 795 et
1941 759 2211 809 cantantes,
2245 760 2292 796 et
2325 762 2592 815 operantes.

473 828 698 875 Praecedit
726 826 879 874 oratio
901 826 1024 872 inter
1046 825 1222 872 formas
1236 862 1248 886 ,
1272 837 1318 873 et
1336 828 1549 891 sequitur
1574 828 1724 875 tertia.
1755 832 1865 876 Post
1884 830 2068 876 tertiam
2085 866 2097 889 ,
2130 831 2271 877 missa
2287 832 2592 880 matutinalis.

471 910 586 956 lnde
623 909 717 955 itur
753 909 804 955 in
835 907 1112 972 capitulum.
1149 910 1356 971 Egressae
1387 907 1447 955 de
1483 909 1715 973 capitulo,
1745 909 1966 957 sedemus
1993 911 2043 957 in
2068 910 2291 959 claustro.
2332 912 2597 962 Debiliores

469 1000 665 1037 sumunt
683 990 884 1036 mixtum
898 1025 910 1047 ,
939 988 1204 1036 secundum
1230 988 1634 1054 dispensationem
1654 980 1921 1037 abbatissae.
1946 991 2072 1037 Nulli
2094 991 2203 1039 licet
2225 978 2390 1040 seder-c
2409 994 2458 1040 in
2475 993 2598 1041 clau·

468 1084 565 1119 stro
590 1072 691 1119 sine
714 1088 860 1137 opere
881 1070 956 1117 vel
984 1070 1203 1117 lectione.
1237 1073 1347 1116 Post
1369 1081 1574 1130 sextam,
1601 1072 1815 1135 sequitur
1837 1072 1990 1136 major
2012 1073 2154 1120 missa
2169 1109 2181 1131 ,
2204 1084 2251 1120 et
2269 1075 2429 1136 statim
2446 1091 2591 1123 nona.

470 1158 581 1201 Post
592 1169 787 1210 nonam,
810 1150 1106 1215 ingredimur
1122 1149 1439 1197 refectorium.
1459 1153 1635 1198 Caetera
1653 1153 1989 1217 prosequimur
2006 1163 2058 1200 ut
2073 1154 2290 1219 superius
2309 1154 2490 1201 dictum
2507 1166 2590 1203 est.

533 1239 606 1281 De
633 1245 839 1298 tempore
861 1234 1035 1279 oescivo.
1054 1257 1122 1268 -—·
1136 1234 1172 1276 A
1199 1229 1377 1276 Pascha
1401 1246 1515 1277 vero
1543 1248 1694 1295 usque
1721 1232 1782 1279 ad
1805 1232 2098 1298 supradictas
2114 1233 2341 1282 kalendas
2364 1235 2591 1296 octobris,

466 1325 576 1380 post
597 1314 785 1373 laudes,
815 1312 1098 1360 revertimur
1123 1309 1185 1356 ad
1211 1308 1411 1356 lectulos
1442 1321 1652 1371 nostros,
1682 1322 1729 1359 et
1759 1312 1919 1377 aliquo
1952 1314 2226 1374 intervallo,
2263 1314 2316 1363 fit
2340 1317 2522 1364 sonitus
2545 1318 2594 1365 in

466 1396 774 1455 dormitorio,
809 1404 856 1441 et
880 1401 1123 1456 surgentes
1148 1391 1367 1437 venimus
1391 1391 1440 1437 in
1466 1391 1754 1454 claustrum,
1791 1404 1838 1444 et
1866 1394 2066 1458 legimus
2095 1405 2142 1442 et
2168 1406 2415 1444 cantamus
2443 1415 2593 1463 usque

464 1480 526 1526 ad
549 1479 769 1543 primam.
801 1479 918 1523 Ante
942 1474 1169 1539 primam,
1209 1482 1307 1519 tam
1331 1472 1505 1520 festivis
1533 1473 1702 1521 diebus
1721 1492 1866 1539 quam
1882 1476 2075 1540 privatis
2091 1512 2103 1535 ,
2132 1486 2338 1540 aguntur
2355 1479 2596 1526 orationes

462 1560 585 1606 inter
610 1558 800 1604 formas.
832 1559 944 1603 Post
966 1553 1171 1618 primam
1188 1588 1200 1612 ,
1227 1553 1440 1617 sequitur
1464 1554 1606 1600 missa
1636 1555 1941 1602 matutinalis.
1978 1555 2095 1602 Inde
2120 1556 2215 1602 itur
2238 1557 2286 1602 in
2312 1558 2588 1622 capitulum.

465 1644 669 1705 Egressae
687 1637 970 1704 capitulum,
994 1635 1213 1682 sedemus
1232 1635 1280 1680 in
1300 1635 1506 1682 claustro
1523 1671 1535 1695 ,
1557 1635 1767 1700 legentes
1792 1647 1838 1683 et
1860 1647 2112 1701 operantes
2130 1654 2282 1702 usque
2299 1638 2361 1685 ad
2386 1640 2589 1689 tertiam.

464 1727 575 1769 Post
599 1722 786 1768 tertiam
802 1756 814 1779 ,
846 1719 997 1782 major
1023 1718 1165 1764 missa
1189 1717 1367 1781 agitur,
1391 1726 1546 1777 sexta,
1574 1728 1621 1764 et
1645 1717 1739 1764 itur
1763 1718 1812 1764 in
1840 1717 2158 1765 refectorium.
2191 1721 2304 1766 Post
2338 1721 2592 1784 gratiarum

460 1804 722 1860 actionem,
751 1802 876 1847 imus
895 1801 943 1846 in
970 1798 1332 1858 dormitorium,
1362 1809 1409 1845 et
1432 1798 1541 1846 licet
1559 1799 1796 1859 dormire,
1819 1799 1996 1863 legere,
2020 1800 2207 1864 operari
2226 1790 2282 1846 in*
2294 1800 2475 1849 lectulis
2492 1803 2592 1851 sine

459 1879 654 1947 alicujus
685 1881 1044 1946 inquietatione.
1067 1880 1240 1927 Audito
1260 1880 1418 1945 primo
1437 1880 1572 1944 signo
1591 1896 1753 1940 nonae,
1777 1880 2038 1944 surgimus,
2061 1890 2107 1927 et
2123 1897 2445 1946 praeparamus
2471 1900 2586 1943 nos,

457 1977 510 2013 ut
533 1966 650 2012 dum
669 1963 934 2011 secundum
952 1962 1141 2026 signum
1159 1961 1437 2026 pulsaverit,
1462 1961 1525 2008 ad
1549 1962 1738 2025 signum
1761 1961 2007 2008 abbatissae
2025 1961 2099 2008 vel
2117 1961 2350 2026 priorissae
2374 1963 2592 2012 ordinate

456 2046 781 2111 ingrediamur
807 2043 1068 2091 ecclesiam.
1094 2045 1207 2088 Post
1232 2058 1437 2101 nonam,
1461 2042 1642 2109 agimus
1658 2059 1747 2107 pro
1767 2041 2017 2089 defunctis.
2042 2041 2160 2089 Inde
2189 2042 2484 2106 ingredimur
2510 2061 2591 2091 re-

456 2128 732 2185 fectorium,
771 2135 816 2172 et
853 2124 1062 2171 bibimus
1093 2138 1283 2186 aquam.
1309 2121 1545 2186 Deinceps
1573 2122 1622 2168 in
1655 2122 1861 2169 claustro
1896 2121 2142 2182 sedemus,
2171 2122 2379 2187 legentes
2403 2133 2450 2170 et
2473 2140 2589 2189 ope-

456 2219 629 2256 rantes.
670 2206 951 2271 Egredimur
986 2204 1128 2251 etiam
1164 2202 1226 2249 ad
1262 2202 1504 2262 laborem,
1534 2202 1744 2266 qualibet
1776 2202 1895 2250 hora
1927 2202 2021 2249 diei
2055 2204 2322 2250 necessario
2348 2204 2588 2255 advocatae

456 2291 698 2337 fuerimus.
730 2291 843 2334 Post
874 2301 1122 2350 vesperas,
1159 2284 1313 2347 agitur
1346 2300 1498 2330 coena.
1536 2284 1775 2348 Deinceps
1815 2299 1904 2330 nos
1943 2282 2176 2330 habemus
2215 2284 2337 2330 sicut
2371 2287 2588 2350 superius

455 2371 636 2418 dictum
662 2379 747 2417 est.
778 2371 832 2414 In
866 2367 1040 2414 letania
1075 2365 1281 2428 majore,
1318 2363 1469 2411 tribus
1502 2363 1670 2411 diebus
1706 2365 2047 2428 Rogationum,
2087 2374 2216 2411 sexta
2247 2364 2384 2426 feria,
2413 2377 2459 2414 et
2484 2368 2587 2415 sab-

453 2452 567 2499 bato
585 2485 598 2510 ,
634 2450 790 2514 vigilia
823 2448 972 2496 sancti
1005 2446 1199 2493 Joannis
1222 2445 1462 2511 Baptistae,
1492 2445 1647 2509 vigilia
1674 2435 2151 2510 apostoloruanetri
2174 2455 2220 2492 et
2247 2446 2402 2503 Pauli,
2433 2448 2587 2512 vigilia

454 2532 604 2580 sancti
627 2529 892 2588 Laurentii,
928 2527 1086 2592 vigilia
1110 2525 1484 2590 Assumptionis,
1516 2535 1563 2572 et
1585 2524 1645 2572 ab
1669 2524 1826 2572 idibus
1846 2524 2127 2590 septembris
2151 2542 2302 2590 usque
2326 2526 2387 2573 ad
2411 2528 2586 2576 Pascha

448 2616 734 2679 J'ejunamus.

519 2699 595 2742 Eae
618 2694 815 2742 concilio
837 2691 1127 2748 triburiensi,
1159 2707 1264 2754 cap.
1295 2707 1343 2735 x.
1364 2717 1429 2724 —
1445 2679 1661 2752 Virgines
1691 2704 1796 2752 quae
1830 2698 1940 2735 ante
1965 2687 2222 2734 duodecim
2246 2703 2401 2734 annos
2425 2688 2584 2737 insciis

452 2775 788 2824 mundiburdis
807 2774 903 2821 suis
925 2788 1113 2820 sacrum
1136 2770 1352 2818 velamen
1375 2769 1519 2835 capiti
1542 2785 1631 2815 suo
1647 2769 1979 2834 imposuerint,
2006 2778 2054 2815 et
2077 2767 2144 2814 illi
2166 2767 2480 2815 mundiburdi
2498 2785 2583 2816 an-

451 2875 568 2904 num
597 2867 644 2905 et
669 2857 796 2904 diem
826 2854 921 2901 hoc
946 2851 1151 2900 tacendo
1185 2851 1541 2909 consenserint,
1568 2850 1616 2896 in
1642 2859 1806 2896 sancto
1832 2849 2081 2914 proposito
2104 2859 2434 2912 permaneant.
2469 2852 2524 2897 Et
2543 2851 2582 2897 si

450 2938 500 2983 in
522 2937 749 3002 praedicto
775 2951 904 2984 anno
930 2944 977 2982 et
1001 2933 1080 2980 die
1104 2948 1194 2997 pro
1214 2931 1303 2978 illis
1327 2930 1756 2996 proclamaverint,
1782 2930 2002 2994 petitioni
2026 2946 2195 2977 eorum
2220 2946 2437 2977 assensus
2462 2948 2582 2996 prae-

452 3019 648 3066 beatur:
672 3020 762 3065 nisi
798 3018 920 3065 forte
960 3015 1048 3063 Dei
1085 3015 1257 3061 timore
1297 3023 1605 3072 tactae,-cum
1647 3028 1814 3059 eorum
1846 3011 2035 3059 licentia
2070 3012 2119 3058 in
2153 3011 2391 3076 religionis
2415 3011 2579 3060 habitu

452 3109 770 3159 perseverent.

516 3182 590 3224 De
624 3180 970 3224 consecratione
1006 3174 1461 3232 sanctimonialium,
1504 3191 1564 3220 ea·
1601 3168 1799 3220 concilio
1840 3173 2205 3238 carthaginensi.
2234 3199 2300 3208 —·
2318 3173 2580 3219 Sanctimo-

450 3258 585 3305 nialis
617 3258 750 3321 virgo
778 3274 930 3321 quum
954 3257 1016 3304 ad
1048 3256 1458 3304 consecrationem
1496 3270 1583 3301 suo
1618 3253 1846 3318 episcopo
1869 3252 2083 3312 offertur,
2107 3252 2156 3298 in
2176 3250 2347 3298 talibus
2371 3250 2580 3299 vestibus

451 3338 730 3403 applicetur,
755 3338 983 3402 qualibet¹
1007 3355 1195 3403 semper
1219 3353 1364 3385 usura
1387 3345 1482 3396 est,
1508 3334 1793 3401 professioni
1814 3343 1860 3382 et
1885 3333 2207 3382 sanctimoniae
2234 3333 2372 3398 aptis.

495 3523 505 3538 ¹
532 3521 636 3555 Aliter
659 3522 823 3562 Qualibus.
