2970 4152
536 381 595 429 42
1110 383 1278 428 PETRI
1317 381 1628 428 ABAELARDI
1664 382 1737 427 ET
1771 382 2069 428 HELOlSSAE

533 473 744 528 fabula²s
762 480 864 523 Non
897 477 1046 522 multo
1073 486 1229 522 autem
1255 483 1364 538 post
1387 473 1543 539 puella
1565 491 1614 521 se
1644 476 1917 540 concepisse
1948 475 2179 539 comperit
2195 510 2207 532 ,
2243 483 2289 520 et
2321 490 2431 520 cum
2455 488 2639 520 summa

533 554 817 602 exultatione
838 555 952 600 mihi
977 571 1118 619 super
1139 554 1234 600 hoc
1259 553 1384 600 illico
1410 555 1615 620 scripsit,
1637 555 1889 602 consulens
1913 553 2029 618 quid
2047 553 2107 600 de
2128 553 2223 600 hoc
2243 553 2344 617 ipse
2373 552 2639 600 faciendum

531 623 857 681 deliberarem.
889 633 1106 691 Quadam
1132 634 1288 698 itaque
1313 644 1453 682 nocte
1483 635 1720 682 avunculo
1748 635 1846 697 ejus
1868 635 2083 693 absente,
2110 634 2229 681 sicut
2255 649 2343 679 nos
2367 632 2640 679 condixera-

532 730 660 771 muS,
702 730 805 760 eam
844 713 904 759 de
935 713 1082 760 domo
1116 713 1337 761 avunculi
1371 713 1532 761 furtim
1561 714 1748 774 sustuli,
1787 724 1832 761 et
1868 715 1915 760 in
1947 714 2147 779 patriam
2178 729 2333 760 meam
2371 712 2471 758 sine
2507 727 2640 758 mora

531 793 759 839 transmisi
775 794 812 851 ²,
845 792 923 839 ubi
956 793 1084 858 apud
1115 810 1328 840 sororem
1356 810 1509 841 meam
1535 793 1699 841 tandiu
1727 803 2002 841 conversata
2025 795 2134 853 est³,
2158 793 2313 840 donec
2337 801 2523 857 pareret
2547 807 2642 837 ma·

529 872 709 917 sculum
730 889 873 936 quem
888 873 1200 920 Astralabium
1212 875 1226 898 ⁴
1244 875 1522 921 nominavit.
1541 874 1808 921 Avunculus
1824 884 1982 921 autem
1999 874 2099 937 ejus
2118 883 2225 938 post
2244 873 2390 937 ipsius
2404 888 2651 921 recessum.

528 952 658 1014 quasi
674 953 722 998 in
740 952 970 999 insaniam
991 956 1287 1013 conversus⁵,
1311 964 1490 1018 quanto
1508 964 1723 1001 aestuaret
1740 954 1924 1014 dolore,
1953 964 2133 1018 quanto
2152 952 2416 1000 afficeretur
2435 951 2637 1016 pudore,

529 1047 670 1078 nemo
691 1032 780 1078 nisi
799 1033 1085 1097 experiendo
1105 1044 1428 1097 cognosceret.
1459 1033 1586 1091 Quid
1608 1044 1766 1081 autem
1790 1035 1836 1080 in
1858 1051 1934 1080 me
1959 1043 2133 1097 ageret,
2156 1049 2273 1096 quas
2293 1031 2408 1078 mihi
2427 1030 2643 1077 tenderet

531 1111 744 1170 insidias,
774 1112 1036 1176 ignorabat.
1069 1114 1115 1159 Si
1147 1131 1223 1161 me
1254 1113 1559 1173 interficeret,
1596 1130 1679 1160 seu
1702 1115 1750 1159 in
1777 1114 1936 1178 aliquo
1968 1130 2141 1178 corpus
2164 1129 2325 1159 meum
2351 1110 2638 1169 debilitaret,

528 1191 575 1236 id
603 1193 901 1255 potissimum
932 1193 1172 1241 metuebat
1201 1211 1261 1241 ne
1297 1193 1598 1241 dilectissima
1633 1195 1786 1258 neptis
1814 1194 1907 1240 hoc
1937 1195 1984 1240 in
2012 1194 2164 1258 patria
2200 1208 2305 1238 mea
2338 1191 2637 1256 plecteretur.
2659 1207 2687 1236 v

528 1274 706 1336 Capere
739 1290 815 1320 me
849 1284 894 1320 et
928 1275 1128 1320 invitum
1155 1274 1326 1320 alicubi
1352 1290 1572 1320 coercere
1597 1273 1865 1320 nullatenus
1896 1273 2105 1333 valebat,
2141 1273 2344 1319 maxime
2373 1287 2522 1335 quum
2553 1287 2641 1335 ego

513 1351 640 1418 mihi
660 1369 802 1417 super
826 1353 919 1400 hoc
942 1354 1200 1418 plurimum
1227 1354 1554 1418 providerem,
1584 1354 1715 1418 quod
1737 1371 1847 1401 eum
1866 1355 1903 1400 si
1929 1354 2132 1413 valeret,
2162 1353 2236 1399 vel
2261 1352 2480 1410 auderet,
2509 1352 2643 1398 citius

527 1431 716 1494 aggredi
732 1448 830 1478 non
852 1433 1136 1480 dubitarem.
1158 1434 1367 1480 Tandem
1396 1451 1483 1498 ego
1505 1435 1605 1497 ejus
1620 1434 1944 1480 immoderatae
1957 1436 1970 1458 ⁶
1987 1433 2210 1480 anxietati
2228 1431 2492 1479 admodum
2513 1447 2643 1477 com-

527 1513 730 1574 patienS,
756 1523 802 1558 et
815 1512 874 1559 de
893 1512 1006 1559 dolo
1019 1516 1031 1537 ⁷
1047 1530 1190 1576 quem
1206 1513 1379 1560 fecerat
1394 1530 1529 1560 amor
1541 1550 1552 1572 ,
1575 1524 1801 1577 tanquam
1818 1513 1879 1559 de
1893 1528 2079 1559 summa
2094 1512 2391 1576 proditione,
2409 1511 2644 1575 meipsum

531 1592 833 1639 vehementer
866 1609 1118 1651 accusans,
1154 1594 1384 1639 conveni⁸
1410 1593 1658 1639 hominem
1693 1592 2007 1656 supplicando
2046 1602 2090 1638 et
2125 1590 2449 1655 promittendo
2481 1606 2645 1654 quam-

529 1687 718 1734 cunque
748 1688 891 1735 super
915 1672 1009 1717 hoc
1039 1671 1423 1717 emendationem
1456 1672 1558 1734 ipse
1585 1671 1917 1727 constitueret,
1947 1686 2036 1717 nec
2070 1670 2150 1716 ulli
2181 1669 2394 1716 mirabile
2419 1669 2468 1715 id
2495 1668 2645 1716 videri

528 1767 762 1809 asserens,
799 1752 1071 1814 quicunque
1096 1751 1193 1796 vim
1219 1751 1395 1796 amoris
1421 1760 1640 1814 expertus
1666 1750 1849 1809 fuisset,
1880 1761 1926 1797 et
1956 1751 2035 1814 qui
2063 1760 2237 1814 quanta
2268 1751 2405 1796 ruina
2433 1765 2645 1796 summos

529 1847 722 1894 (suoque
748 1831 876 1877 viros
901 1831 960 1877 ab
984 1832 1088 1895 ipso
1123 1831 1278 1878 statim
1304 1830 1503 1877 humani
1531 1831 1713 1894 generis
1737 1830 1934 1877 exordio
1967 1830 2187 1877 mulieres
2217 1830 2503 1894 dejecerint,
2539 1847 2647 1877 me-

532 1911 681 1957 moria
700 1912 954 1957 retineret⁹.
984 1913 1135 1974 Atque
1158 1920 1208 1956 ut
1234 1910 1437 1974 amplius
1456 1927 1566 1957 eum
1593 1911 1856 1974 mitigarem
1865 1912 1889 1934 ¹⁰
1907 1926 2050 1975 supra
2069 1926 2214 1975 quam
2234 1927 2422 1975 sperare
2438 1920 2641 1975 poterat,

530 1990 681 2037 obtuli
697 2007 773 2037 me
794 1991 833 2037 ei
855 1989 1141 2049 satisfacere,
1166 2007 1271 2037 eam
1283 1992 1306 2014 ¹¹
1333 1990 1506 2037 scilicet
1526 2006 1670 2054 quam
1687 2007 1996 2055 corruperam
2005 1991 2030 2015 ¹²
2049 1990 2163 2036 mihi
2180 1991 2485 2037 matrimonio
2504 2007 2649 2056 copu-

529 2071 702 2131 land03
733 2071 999 2118 dummodo
1018 2070 1067 2117 id
1087 2081 1267 2118 secreto
1293 2070 1448 2127 fieret,
1473 2087 1534 2118 ne
1559 2071 1693 2118 famae
1705 2074 1730 2096 ¹³
1755 2071 2094 2118 detrimentum
2114 2071 2420 2119 incurrerem.
2445 2074 2647 2120 Assensit

532 2150 634 2209 ille,
665 2161 711 2197 et
735 2162 832 2198 tam
864 2168 948 2198 sua
978 2167 1121 2214 quam
1156 2167 1354 2197 suorum
1380 2150 1474 2197 fide
1497 2160 1554 2197 et
1586 2150 1757 2198 osculis
1790 2167 1893 2197 eam
1924 2167 2067 2214 quam
2094 2151 2313 2215 requisivi
2339 2152 2647 2199 concordiam

533 2248 720 2278 mecum
740 2233 859 2291 iniit,
883 2249 979 2296 quo
999 2249 1076 2278 me
1094 2231 1272 2278 facilius
1296 2232 1571 2296 proderetst.

295 2343 364 2364 w.
390 2343 439 2381 ψ,
600 2313 729 2359 Illico
755 2330 842 2377 ego
855 2316 877 2338 ¹⁵
910 2313 968 2360 ad
1002 2314 1200 2377 patriam
1229 2329 1385 2359 meam
1420 2330 1634 2360 reversus
1668 2315 1870 2361 amicam
1897 2314 2087 2372 reduxi,
2125 2324 2176 2360 ut
2203 2330 2399 2361 uxorem
2425 2315 2644 2373 facerem,

243 2376 500 2460 D‘⁷¹}‚ss[ss,¹s}³5¹f}{’a‚⁵¹¹‘
536 2393 611 2439 illa
640 2404 798 2441 tamen
829 2394 924 2440 hoc
955 2394 1150 2440 minime
1181 2393 1503 2458 approbante,
1527 2395 1627 2440 imo
1658 2395 1845 2458 penitus
1870 2393 2056 2441 duabus
2074 2394 2135 2441 de
2154 2395 2304 2441 causis
2322 2394 2647 2454 dissuadente;

287 2463 453 2540 pssffisft
536 2484 630 2519 tam
659 2474 834 2520 scilicet
849 2491 939 2539 pro
966 2474 1206 2538 periculO,
1236 2490 1379 2537 quam
1404 2491 1493 2539 pro
1516 2473 1753 2521 dedecore
1772 2489 1897 2520 meo.
1921 2473 2115 2521 Jurabat
2129 2473 2263 2520 illum
2287 2474 2417 2521 nulla
2440 2491 2653 2539 unquam

356 2541 362 2548 ⁴
537 2553 882 2600 satisfactione¹⁶
905 2570 1047 2618 super
1077 2553 1172 2600 hoc
1203 2553 1377 2618 placari
1411 2570 1579 2618 posse,
1612 2555 1732 2600 sicut
1768 2553 2078 2618 postmodum
2117 2554 2359 2618 cognitum
2392 2565 2476 2601 est.
2514 2557 2652 2612 Quae·

540 2634 669 2680 rebat
695 2635 835 2680 etiam
862 2649 1007 2697 quam
1028 2633 1089 2680 de
1114 2650 1190 2680 me
1221 2633 1419 2697 gloriam
1450 2633 1670 2680 habitura
1703 2644 1848 2695 esset,
1880 2651 2030 2698 quum
2058 2651 2134 2682 me
2164 2634 2473 2698 ingloriosum
2504 2634 2655 2681 effice-

539 2725 634 2774 ret,
678 2725 724 2760 et
760 2731 809 2760 se
845 2723 891 2760 et
929 2730 1006 2760 me
1045 2714 1219 2777 pariter
1252 2712 1538 2760 humiliaret.
1578 2716 1791 2770 Quantas
1821 2713 1882 2760 ab
1922 2730 1976 2760 ea
2018 2713 2227 2760 mundus
2264 2730 2429 2778 poenas
2470 2715 2653 2778 exigere

540 2794 757 2854 deberet,
796 2795 834 2840 si
860 2803 1039 2840 tantam
1071 2793 1113 2840 ei
1141 2792 1383 2839 lucernam
1406 2792 1610 2839 auferret
1632 2811 1642 2839 :
1670 2803 1857 2856 quantae
1876 2793 2249 2852 maledictiones,
2279 2804 2456 2858 quanta
2480 2794 2655 2842 damna

540 2874 772 2932 ecclesiae,
804 2880 992 2938 quantae
1016 2871 1417 2938 philosophorum
1451 2871 1668 2934 lacrymae
1700 2871 1794 2919 hoc
1831 2873 2188 2920 matrimonium
2223 2883 2378 2920 essent
2407 2885 2648 2923 secuturae.

542 2958 696 3011 Quam
729 2954 975 3012 indecens,
999 2969 1143 3017 quam
1169 2951 1471 2999 lamentabile
1481 2954 1504 2976 ¹⁷
1531 2963 1679 3012 esset,
1710 2962 1760 2999 ut
1784 2970 1928 3016 quem
1954 2953 2177 3001 omnibus
2203 2964 2369 3001 natura
2394 2966 2650 3015 creaverat,

591 3164 598 3179 ¹
623 3162 770 3200 Ovidius,
790 3162 917 3193 Metam.
947 3161 1004 3193 lib.
1024 3161 1079 3200 IV,
1099 3171 1130 3194 v.
1158 3163 1213 3193 171
1237 3167 1270 3194 et
1287 3171 1358 3204 sq.;
1377 3161 1447 3191 Art.
1467 3161 1576 3192 Amat.
1618 3168 1707 3201 pecus
1727 3164 1819 3193 citius
1834 3163 1979 3194 sedarem
1992 3169 2112 3202 praeter
2124 3171 2194 3203 spes
2207 3159 2390 3194 Rus—⁴¹
2409 3161 2493 3192 Eam
2506 3164 2655 3202 virqinem

546 3222 602 3254 lib.
618 3222 668 3260 11,
685 3231 714 3252 v.
731 3222 788 3251 561
806 3226 838 3251 et
853 3218 969 3262 sq.-—²
986 3219 1067 3251 Vide
1082 3227 1150 3252 not.
1168 3231 1236 3252 xix.
1252 3238 1286 3243 -
1305 3219 1317 3237 ³
1334 3219 1461 3252 Koraza
1482 3217 1574 3251 RMS.
1621 3215 1767 3249 RMS.—
1783 3216 1811 3233 ¹²
1836 3218 2029 3250 Viciaveram
2043 3217 2188 3250 RMS.—
2202 3216 2231 3234 ¹³
2246 3216 2324 3250 Haec
2340 3217 2524 3249 inseruntur
2539 3216 2652 3250 verba:

546 3295 589 3301 -
606 3276 619 3293 ⁴
639 3276 692 3310 Sic
707 3276 849 3308 ABCD.-
860 3276 1072 3307 Astrolabium
1089 3276 1122 3308 in
1135 3275 1330 3309 editionibus
1347 3274 1477 3318 legitur.
1494 3274 1578 3307 Vide
1619 3274 1696 3306 mihi
1709 3284 1779 3313 prae
1793 3274 1935 3306 omnihus
1950 3276 2125 3307 car-issima»
2139 3275 2289 3306 damnum
2302 3271 2443 3305 RMS.—
2456 3271 2486 3289 ¹⁴
2499 3273 2657 3314 Iuaquea—

549 3342 615 3367 not.
634 3338 689 3366 xx.
702 3351 746 3358 —
760 3332 772 3349 ⁸
788 3333 930 3364 Adamas
947 3331 1040 3364 RMS.
1061 3349 1097 3355 ·—-
1115 3332 1329 3379 {Immodicae
1344 3330 1438 3364 RMS.
1459 3349 1489 3353 ή-
1511 3330 1521 3346 '²
1540 3331 1582 3361 Et
1625 3336 1671 3360 ret
1689 3329 1783 3362 RMS.
1801 3348 1839 3353 -
1859 3329 1889 3346 ¹⁸
1908 3331 1997 3363 luico
2024 3333 2105 3362 enim
2122 3329 2159 3362 D.
2175 3346 2218 3354 -
2237 3329 2266 3346 Ν
2293 3330 2488 3370 Eoepiatione
2510 3329 2602 3362 RMS.
2615 3348 2654 3355 ν-

550 3394 614 3424 doli
633 3390 726 3423 RMS.
743 3407 776 3412 -—
796 3388 808 3406 ⁸
826 3389 861 3420 Ῑη
879 3396 987 3429 partes
1003 3398 1090 3420 meas
1107 3392 1193 3420 traxi
1208 3388 1301 3420 RMS.
1313 3406 1353 3412 -
1368 3387 1380 3404 ⁹
1399 3388 1435 3419 In
1452 3389 1581 3419 memori
1626 3385 1653 3402 ⁴⁷
1677 3387 1779 3419 Grave
1791 3386 1883 3429 Rhis.

551 3450 697 3479 retineret
712 3449 817 3478 animo
833 3444 927 3477 RMS.
949 3463 985 3469 -—
1002 3444 1032 3462 ¹⁰
1053 3446 1152 3484 Atque
1169 3454 1202 3476 ut
1220 3448 1389 3478 velociores
1405 3447 1503 3476 animi
1518 3446 1583 3476 im-
1879 3471 1886 3493 ὲ
