2970 4152
1256 436 1573 484 EPISTOLAE;
2044 486 2058 495 ‚
2385 449 2404 492 4
2416 448 2477 494 33

368 526 694 593 demptionem
742 529 1068 576 Hierusalem¹.
1091 548 1116 574 υ
1156 515 1298 578 Nota*
1322 531 1505 595 singula
1541 549 1646 596 quae
1687 533 1928 595 dicuntur,
1967 547 2015 584 et
2047 538 2292 603 perpende
2334 557 2478 603 quam

368 612 605 659 studiosus
628 612 677 658 in
702 609 844 675 hujus
863 611 1014 658 viduae
1037 610 1177 658 laude
1195 610 1334 659 fuerit
1351 611 1661 676 evangelista,
1693 624 1739 660 et
1760 617 1949 679 quantis
1973 619 2220 682 praeconiis
2246 620 2478 668 excellen-

367 693 479 740 tiam
492 696 507 718 ¹
529 694 629 757 ejus
654 691 886 739 extulerit.
907 692 1052 755 Cujus
1071 690 1266 756 quidem
1291 692 1601 757 prophetissae
1619 694 1816 757 gratiam
1834 713 1979 759 quam
1996 697 2172 745 habere
2194 699 2333 747 solita
2350 712 2450 748 erat
2462 739 2474 759 ,

365 783 413 820 et
435 783 684 838 parentem
716 773 838 835 ejus,
877 782 924 819 et
951 771 1154 831 tribum,
1177 782 1222 819 et
1236 782 1346 837 post
1360 782 1543 837 septem
1567 790 1741 834 annos,
1765 792 1886 838 quos
1912 794 2022 824 cum
2044 779 2147 825 viro
2167 780 2475 840 sustinuerat,

365 853 630 919 longaeVum
646 863 817 900 sanctae
835 853 1074 900 viduitatis
1090 863 1278 918 tempus
1296 869 1394 917 quo
1412 869 1462 899 se
1477 854 1687 901 Domino
1705 857 2077 921 mancipaverat,
2098 869 2145 905 et
2159 860 2478 908 assiduitatem

364 934 465 998 ejus
495 935 544 981 in
569 934 776 998 templo,
819 943 866 981 et
889 933 1181 997 jejuniorum
1211 943 1259 981 et
1290 934 1563 981 orationum
1588 935 1886 994 instantiam,
1920 938 2267 987 confessionem
2296 941 2474 997 laudis,

362 1031 480 1080 quas
510 1024 662 1079 grates
687 1014 897 1061 Domino
930 1013 1163 1061 referebat
1187 1023 1235 1061 et
1262 1012 1506 1078 publicam
1531 1014 1631 1078 ejus
1654 1015 2039 1080 praedicationem
2072 1019 2133 1066 de
2164 1021 2400 1085 promisso
2431 1033 2477 1069 et

361 1105 474 1143 nato
504 1095 747 1143 Salvator-e
771 1094 1021 1158 diligenter
1047 1094 1306 1159 expressit3
1337 1103 1384 1142 et
1406 1094 1679 1142 Simeonem
1704 1096 1900 1160 quidem
1920 1097 2022 1160 jam
2041 1100 2257 1164 superius
2275 1117 2476 1165 evange-

359 1175 462 1223 lista
486 1175 547 1224 de
565 1176 767 1240 justitia,
796 1192 896 1222 non
922 1174 983 1222 de
1005 1173 1258 1240 prophetia
1276 1174 1722 1236 commendaverat,
1745 1193 1835 1224 nec
1859 1177 1909 1223 in
1929 1194 1987 1224 eo
2012 1187 2154 1226 tantae
2173 1179 2476 1229 continentiae

358 1255 434 1303 vel
456 1255 749 1314 abstinentiae
774 1257 1024 1315 virtutem,
1058 1272 1149 1302 nec
1182 1254 1331 1302 divini
1364 1254 1732 1303 sollicitudinem
1761 1255 1978 1321 obsequii
2005 1257 2145 1306 fuisse
2170 1262 2473 1320 memoravit,

358 1353 446 1384 nec
467 1336 529 1385 de
552 1337 653 1402 ejus
676 1337 738 1385 ad
757 1338 873 1385 alios
894 1336 1230 1403 praedicatione
1250 1334 1515 1400 quidquam
1544 1336 1730 1400 adjecit.
1761 1337 1911 1401 Hujus
1935 1355 2128 1403 quoque
2153 1340 2480 1405 professionis⁸

356 1427 497 1484 atque
514 1419 750 1484 propositi
762 1418 851 1466 illae
866 1428 977 1466 sunt
994 1435 1116 1466 verae
1132 1417 1309 1478 viduae,
1332 1418 1393 1466 de
1410 1417 1583 1482 quibus
1599 1418 1662 1465 ad
1678 1418 1981 1466 Timotheum
1998 1419 2209 1468 scribens
2226 1422 2478 1487 Apostolus

356 1498 442 1563 ait-⁶
459 1517 474 1545 .·
498 1519 521 1544 «
542 1499 720 1546 Viduas
734 1499 944 1559 honora,
969 1515 1074 1564 quae
1093 1515 1215 1547 verae
1232 1497 1386 1546 viduae
1404 1507 1530 1545 sunt.
1552 1517 1576 1543 »
1609 1501 1783 1546 stem‘:
1815 1518 1840 1544 «
1858 1502 1975 1557 Quae
2005 1510 2164 1547 autem
2189 1518 2301 1549 vere
2331 1502 2476 1550 vidua

356 1587 451 1638 est,
482 1589 528 1626 et
549 1578 784 1639 desolata,
810 1589 970 1644 speret
982 1580 1032 1627 in
1050 1583 1230 1638 Deum,
1256 1588 1304 1626 et
1330 1579 1472 1626 instet
1501 1578 1908 1626 obsecrationibus
1935 1589 2078 1628 nocte
2096 1597 2151 1628 ac
2173 1580 2265 1629 die.
2298 1585 2356 1629 Et
2379 1582 2474 1630 hoc

355 1660 577 1724 praecipe‘
594 1670 647 1707 ut
661 1659 1097 1726 irreprehensibiles
1112 1660 1221 1707 sint.
1241 1678 1266 1704 »
1289 1661 1347 1705 Et
1364 1659 1585 1706 iterum⁷t
1607 1678 1630 1705 «
1648 1660 1696 1706 Si
1712 1659 1819 1723 quis
1835 1658 1999 1707 fideles
2018 1660 2163 1708 habet
2173 1661 2341 1709 viduas
2357 1663 2471 1710 sub-

355 1739 585 1787 ministret
606 1740 721 1798 illis,
744 1751 790 1788 et
808 1757 908 1788 non
928 1751 1147 1805 gravetur
1171 1739 1402 1799 Ecclesia,
1426 1749 1479 1787 ut
1502 1738 1577 1787 his
1600 1756 1705 1804 quae
1734 1756 1854 1787 verae
1880 1739 2035 1787 viduae
2062 1750 2173 1788 sunt
2201 1741 2417 1789 sufficiat.
2445 1762 2468 1786 »

355 1821 497 1866 Veras
515 1820 693 1886 quippe
716 1821 885 1868 viduas
909 1820 1022 1868 dicit
1038 1838 1143 1885 quae
1159 1820 1436 1868 viduitatem
1454 1837 1589 1867 suam
1608 1819 1829 1867 secundis
1849 1821 2026 1885 nuptiis
2041 1824 2165 1868 non⁸
2188 1822 2472 1870 dehonesta-

351 1910 546 1959 verunt,
576 1900 651 1948 vel
678 1918 783 1966 quae
813 1888 1069 1948 devotione
1088 1902 1236 1965 magis
1252 1917 1397 1965 quam
1423 1901 1698 1948 necessitate
1723 1901 1789 1947 sic
1811 1910 2167 1966 perseverantes
2184 1903 2394 1949 Domino
2421 1919 2471 1950 se

349 1978 584 2029 dicarunt.
605 1982 850 2029 Desolatas
865 1982 980 2029 dicit
994 1999 1099 2047 quae
1117 1981 1183 2029 sic
1202 1981 1427 2028 omnibus
1452 1980 1811 2040 abrenuntiant,
1841 1991 1893 2028 ut
1909 1981 2097 2028 nullum
2119 1982 2294 2029 terreni
2318 1982 2471 2030 solatii

349 2059 614 2109 subsidium
638 2063 894 2122 retineant,
922 2063 998 2111 vel
1025 2063 1108 2127 qui
1134 2079 1299 2110 earum
1328 2078 1493 2108 curam
1524 2069 1666 2125 agant
1694 2077 1795 2108 non
1819 2060 2014 2108 habent.
2043 2064 2173 2119 Quas
2196 2062 2394 2127 quidem
2425 2074 2472 2110 et

350 2140 656 2190 honorandas
683 2160 783 2191 esse
813 2144 1045 2209 praecipit,
1068 2153 1115 2190 et
1133 2142 1194 2190 de
1213 2142 1458 2207 stipendiis
1484 2141 1703 2189 Ecclesiae
1721 2151 1881 2189 censet
1900 2143 2150 2190 sustentari
2169 2153 2398 2207 tanquam
2409 2144 2470 2192 de

349 2223 553 2287 propriis
571 2223 835 2271 redditibus
862 2225 1025 2289 sponsi
1049 2240 1214 2271 earum
1238 2223 1426 2271 Christi.
1456 2225 1525 2270 Ex
1548 2222 1721 2287 quibus
1740 2223 1882 2270 etiam
1909 2222 2072 2287 quales
2099 2223 2160 2270 ad
2188 2223 2468 2271 diaconatus

350 2303 662 2352 ministerium
689 2305 783 2352 sint
814 2304 1040 2370 eligendae
1072 2304 1322 2368 diligenter
1345 2303 1596 2362 describit,
1633 2302 1823 2349 dicens’
1848 2322 1859 2349 z
1895 2322 1919 2347 (ι
1951 2302 2107 2350 Vidua
2135 2303 2333 2367 eligatur
2365 2321 2465 2351 non

349 2383 506 2431 minus
523 2385 761 2449 sexaginta
780 2402 1042 2445 annorum,
1069 2401 1174 2450 quae
1193 2369 1333 2432 fuerit
1350 2383 1491 2431 unius
1503 2383 1592 2430 viri
1612 2399 1749 2442 uxor,
1775 2382 1824 2429 in
1841 2381 2065 2448 operibus
2088 2382 2230 2430 bonis
2254 2385 2465 2431 testimo-

347 2464 481 2511 nium
499 2463 681 2512 habens
694 2501 707 2525 ,
729 2466 769 2512 si
793 2465 915 2513 filios
939 2457 1197 2526 educavit]
1213 2465 1253 2511 si
1275 2464 1485 2530 hospitio
1510 2464 1715 2529 suscepit
1728 2499 1740 2522 ,
1761 2463 1799 2509 si
1817 2472 2092 2510 sanctorum
2110 2462 2257 2527 pedes
2272 2463 2406 2522 lavit,
2428 2465 2464 2510 si

346 2544 700 2593 tribulationem
726 2546 1016 2611 patientibus
1044 2545 1438 2604 subministravit,
1473 2545 1513 2591 si
1536 2560 1682 2591 omne
1716 2542 1903 2590 bonum
1929 2559 2051 2607 opus
2077 2553 2332 2590 consecuta
2372 2554 2458 2591 est.
2514 2555 2529 2586 ς

346 2624 752 2674 Adolescentiores
770 2636 927 2673 autem
943 2625 1112 2673 viduas
1132 2625 1306 2673 devita.
1331 2644 1355 2670 »
1377 2622 1522 2682 Quod
1547 2622 1740 2687 quidem
1766 2621 1932 2669 beatus
1960 2638 2205 2686 exponens
2229 2623 2461 2686 Hierony—

339 2721 446 2752 mus
464 2724 473 2752 :
502 2725 525 2751 «
545 2707 712 2754 Devita
728 2743 740 2766 ,
767 2726 789 2751 υ
811 2707 964 2772 inquit
973 2709 1014 2767 ¹⁰,
1041 2707 1128 2753 «in
1148 2705 1408 2753 ministerio
1428 2704 1707 2751 diaconatus
1731 2718 2010 2768 praeponere
2023 2704 2072 2761 ¹²,
2092 2718 2153 2749 ne
2170 2702 2350 2749 malum
2369 2720 2458 2768 pro

338 2784 471 2833 bono
490 2786 630 2834 detur
651 2787 940 2852 exemplum,
968 2788 1007 2834 si
1027 2786 1245 2835 videlicet
1258 2786 1474 2850 juniores
1489 2784 1551 2832 ad
1574 2783 1669 2831 hoc
1694 2783 1926 2847 eligantur
1941 2799 2046 2846 quae
2066 2782 2127 2830 ad
2146 2783 2458 2830 tentationem

340 2867 590 2931 proniores
614 2878 661 2915 et
677 2878 847 2916 natura
870 2868 1071 2916 leviores
1093 2887 1103 2915 :
1133 2884 1224 2915 nec
1246 2884 1334 2932 per
1350 2866 1689 2932 experientiam
1712 2865 1936 2928 longaevae
1956 2864 2102 2911 aetatis
2121 2863 2331 2929 providae
2356 2881 2456 2911 ma-

340 2946 440 2993 lum
465 2947 736 3013 exemplum
762 2948 836 2996 his
862 2948 1131 3014 praebeant,
1160 2947 1334 3012 quibus
1358 2947 1562 2993 maxime
1591 2945 1776 2993 bonum
1810 2944 1924 2991 dare
1950 2943 2229 2990 debuerant.
2257 2961 2280 2986 n
2312 2943 2456 3001 Quod

334 3027 527 3091 quidem
546 3028 761 3076 malum¹¹
785 3029 1057 3094 exemplum
1082 3029 1130 3075 in
1148 3027 1419 3092 junioribus
1437 3026 1617 3086 viduis,
1641 3026 1752 3089 quia
1767 3026 1867 3088 jam
1886 3024 2139 3089 Apostolus
2168 3024 2307 3071 certis
2335 3023 2455 3070 didi-

335 3123 463 3161 cerat
479 3111 829 3178 experimentis,
856 3120 1018 3176 aperte
1033 3107 1301 3174 profitetur,
1321 3117 1368 3155 et
1385 3107 1638 3155 consilium
1662 3106 1856 3171 insuper
1873 3104 2127 3153 adversum
2143 3103 2238 3151 hoc
2256 3103 2448 3169 praebet.

378 3259 387 3274 ¹
410 3260 512 3292 lsrael
532 3259 596 3292 MS.
627 3258 722 3291 Amb.
739 3276 778 3282 —
794 3256 808 3274 ³
831 3258 995 3290 Summam
1023 3257 1092 3298 ejus
1115 3258 1372 3300 flaqramemque
1415 3265 1447 3289 v.
1472 3256 1512 3296 9,
1532 3257 1571 3288 10
1589 3261 1622 3287 et
1641 3257 1742 3287 11.-
1758 3252 1788 3271 ⁴⁰
1810 3253 1934 3286 comm.
1959 3252 1993 3285 in
2018 3252 2113 3296 epist.
2134 3254 2180 3285 ad
2199 3251 2350 3288 Timoth„
2371 3250 2452 3290 opp.

330 3319 479 3357 pietatem
497 3317 669 3348 celebravit
684 3314 779 3348 RMS.
793 3330 839 3340 —-
856 3313 870 3331 ⁸
886 3314 1100 3355 Perfectionis
1124 3312 1190 3346 MS.
1219 3310 1313 3345 Amb.
1333 3330 1367 3336 —
1415 3320 1440 3347 t.
1477 3312 1527 3353 V,
1565 3312 1630 3345 col.
1670 3313 1764 3345 ¹092.
1796 3309 1887 3343 nunc
1911 3308 2179 3344 commentarium
2217 3317 2302 3351 pene
2343 3315 2455 3338 omnes

333 3372 346 3389 ⁴
369 3372 504 3405 Timoth.
527 3373 561 3410 I,
584 3382 657 3415 cap.
680 3382 714 3412 v,
736 3382 767 3405 v.
795 3373 827 3404 3.
842 3389 884 3395 —-
900 3370 913 3388 ⁸
926 3369 1027 3409 lbid.‚
1040 3381 1072 3403 v.
1093 3371 1124 3403 5.
1139 3387 1182 3393 —
1196 3369 1209 3386 ⁰
1223 3369 1277 3403 Sic
1295 3369 1333 3401 1).
1347 3387 1370 3393 -
1414 3369 1611 3412 Hieronymo
1627 3366 1832 3409 abjudicant,
1855 3365 1982 3408 Pelagio
2002 3364 2158 3397 tribuunt.
2174 3379 2219 3388 —-
2236 3362 2263 3380 ¹¹
2283 3361 2336 3394 Sic
2352 3359 2419 3393 ΑΙ).
2431 3376 2454 3383 -·

332 3431 501 3471 Praecipue
527 3428 609 3462 Edd.
635 3447 671 3452 —
688 3427 699 3444 ¹
719 3429 856 3462 Timmh.
880 3429 913 3467 1,
929 3438 1003 3471 cap.
1022 3438 1054 3468 v,
1073 3437 1103 3460 v.
1125 3429 1178 3460 16.
1190 3443 1235 3453 ·-
1248 3426 1262 3444 ⁸
1276 3426 1369 3460 Inue·
1415 3428 1612 3466 Praeponere
1624 3434 1688 3455 non
1700 3422 1817 3466 legitur
1832 3422 1864 3455 in
1878 3421 1958 3455 edit.
1973 3420 2121 3454 Amb.-
2133 3419 2162 3437 ¹¹
2178 3419 2232 3452 Sic
2247 3417 2339 3453 ACD.
2350 3416 2458 3449 -Huss'

331 3487 412 3520 ritur
447 3488 525 3519 nota
557 3487 728 3527 turpiasimi
754 3486 905 3517 adulterii
934 3495 954 3517 a
985 3486 1146 3525 primaevis
1186 3485 1369 3517 christianis
1413 3479 1734 3523 ‘immun-Edd-

330 3545 425 3577 inusti
450 3553 513 3576 non
539 3546 809 3577 dedecoraverunt
827 3541 921 3575 RMS.
943 3559 980 3565 -
996 3540 1009 3558 ⁰
1028 3540 1165 3574 Timoth.
1182 3541 1202 3574 Ι
1210 3566 1218 3578 ,
1238 3550 1311 3583 cap.
1336 3551 1369 3581 v,

2527 2207 2563 2266 it·
