2970 4152
555 435 652 483 444
1350 435 1521 482 PETRI
1556 435 1868 484 ABAELARDI

554 530 648 576 cito
682 537 1043 576 resurrecturus.
1065 513 1182 585 ‘Qua
1212 527 1432 575 videlicet
1461 539 1633 590 morte,
1674 539 1900 593 tanquam
1923 525 2100 592 poculo
2125 519 2353 589 quodam,
2381 525 2670 572 desiderium

554 625 693 656 suum
726 608 785 655 de
816 616 976 654 nostra
1007 606 1362 673 redemptione,
1401 609 1536 672 quasi
1556 609 1684 656 sitim
1716 625 1851 655 suam
1882 616 1982 654 erat
2014 605 2288 652 refecturus.
2327 605 2422 652 Sed
2451 603 2670 668 nunquid

552 698 757 734 mortem
781 687 959 746 timuit,
988 685 1050 733 ad
1074 703 1221 751 quam
1249 703 1338 734 nos
1365 688 1562 745 minime
1587 687 1849 734 timendam
1870 685 2166 743 adhortatur,
2195 684 2358 731 dicens
2376 687 2388 709 ¹
2421 703 2430 730 :
2470 703 2492 728 ι(
2516 683 2671 731 Nolite

552 767 717 813 timere
740 783 822 813 eos
846 767 927 830 qui
951 765 1178 813 occidunt
1204 766 1411 832 corpus?
1430 786 1454 811 n
1479 770 1615 814 Certe
1638 766 1882 813 nemi-nem
1902 773 2164 827 martyrum
2178 799 2190 823 ,
2219 780 2368 828 quum
2387 762 2448 810 ad
2467 779 2670 827 agonem

549 849 786 907 venirent,
815 847 946 912 quod
970 848 1154 912 passuri
1178 858 1333 905 erant,
1361 864 1519 895 orasse
1545 847 1742 894 memini
1766 856 1818 893 ut
1839 844 1899 892 ab
1923 845 1989 892 eis
2013 845 2169 909 passio
2193 844 2434 904 transiret,
2457 843 2539 891 sed
2563 843 2668 891 laeto

548 929 709 975 animo
735 938 782 975 et
804 944 977 992 magno
1002 927 1239 974 desiderio
1266 944 1372 975 eam
1396 928 1656 992 suscipere,
1694 937 1922 990 tanquam
1956 924 2074 972 illud
2109 924 2364 989 implentes
2395 922 2632 988 Apostoli²
2655 942 2664 970 ε

554 1029 575 1053 «
597 1009 749 1074 Cupio
775 1007 992 1067 dissolvi,
1021 1016 1067 1054 et
1092 1024 1193 1055 esse
1219 1024 1329 1055 cum
1359 1007 1562 1055 Christo.
1588 1027 1613 1052 υ
1648 1005 1875 1071 Nunquid
1910 1006 2009 1070 ipse
2043 1005 2186 1052 morti
2219 1021 2269 1052 se
2294 1004 2499 1052 offerens
2517 1039 2530 1063 ,
2562 1003 2670 1069 plus

550 1104 655 1135 eam
689 1089 846 1136 timuit
870 1104 1014 1153 quam
1042 1088 1219 1148 caeteri,
1248 1098 1329 1135 aut
1357 1087 1503 1134 tristis
1531 1086 1595 1134 ad
1622 1103 1728 1138 eam
1758 1084 1916 1145 venit,
1952 1085 2014 1132 ad
2039 1101 2185 1149 quam
2209 1084 2287 1132 alii
2321 1100 2571 1131 occurrere
2596 1083 2671 1130 di-

550 1177 723 1215 cuntur
743 1167 865 1215 laeti?
898 1169 974 1215 Sic
997 1169 1175 1234 quippe
1194 1167 1255 1215 de
1272 1168 1375 1233 ipso
1399 1169 1586 1214 Marcus
1610 1166 1775 1226 refert,
1803 1165 1937 1230 quod
1965 1164 2106 1230 coepit
2130 1179 2304 1228 pavere
2327 1172 2374 1209 et
2396 1161 2593 1222 taedere3
2623 1172 2673 1210 et

550 1258 648 1295 tam
671 1249 771 1313 ipse
795 1250 978 1295 Marcus
1001 1264 1147 1312 quam
1171 1247 1417 1295 Matthaeus
1440 1262 1551 1294 eum
1575 1245 1789 1294 scribunt
1811 1245 1983 1293 dixisse
2007 1263 2016 1290 :
2044 1244 2243 1294 «Tristis
2279 1253 2350 1293 est
2378 1243 2537 1290 anima
2566 1259 2674 1290 mea

550 1319 700 1392 usque
724 1327 785 1375 ad
812 1338 1040 1388 mortem,
1063 1347 1085 1372 »
1114 1344 1203 1375 nec
1229 1344 1330 1374 non
1350 1338 1397 1375 et
1415 1343 1524 1374 eum
1544 1326 1782 1392 passionis.
1796 1320 2162 1373 amaritudinem
2179 1321 2394 1388 profiteri
2411 1338 2513 1369 non
2530 1319 2668 1380 velle,

548 1419 596 1456 et
613 1426 749 1456 suam
768 1409 817 1455 in
835 1408 929 1456 hoc
948 1409 1242 1457 voluntatem
1258 1425 1286 1455 a
1303 1407 1547 1455 voluntate
1566 1407 1713 1454 Patris
1729 1405 2148 1469 dissidere,*quu-m
2167 1403 2232 1450 ait
2252 1421 2261 1449 :
2289 1422 2312 1447 (ε
2331 1405 2671 1453 Verumtamen

546 1504 646 1535 non
659 1489 787 1535 sicut
808 1505 894 1552 ego
919 1488 1057 1548 volo,
1081 1487 1165 1534 sed
1190 1488 1310 1536 sicut
1333 1497 1408 1547 tu,
1433 1506 1456 1531 n
1484 1486 1562 1534 vel.
1584 1488 1649 1533 ita
1671 1504 1681 1532 ε
1710 1505 1733 1531 «
1756 1485 1850 1533 Sed
1874 1501 1973 1531 non
2000 1483 2134 1548 quod
2156 1498 2244 1546 ego
2268 1481 2407 1541 volo,
2436 1481 2519 1530 sed
2539 1481 2672 1546 quod

547 1579 614 1616 tu.
637 1589 660 1614 »
685 1573 741 1615 Et
759 1570 807 1616 in
824 1573 949 1617 Luca
967 1570 1135 1633 legitur
1158 1587 1167 1615 :
1190 1589 1212 1613 «
1232 1572 1386 1629 Pater,
1411 1569 1449 1615 si
1467 1569 1553 1627 vis,
1578 1567 1777 1615 transfer
1795 1583 1919 1630 ame
1935 1558 2309 1613 calicem'istum„
2332 1566 2669 1618 Verumtamen

547 1665 646 1695 non
672 1665 778 1696 mea
803 1649 1022 1696 voluntas
1037 1685 1049 1709 ,
1076 1648 1160 1695 sed
1187 1659 1266 1695 tua
1290 1648 1389 1695 fiat.
1411 1667 1432 1692 υ
1454 1647 1547 1694 Ubi
1565 1657 1610 1694 et
1629 1647 1848 1694 subditur
1870 1645 1893 1693 τ’
1907 1667 1932 1692 ω
1948 1647 2182 1714 ΥΑρρειι-ιιὶῐ
2204 1656 2364 1704 autem
2387 1644 2460 1692 illi.
2478 1643 2671 1708 angelus

548 1729 608 1777 de
637 1730 784 1791 coelo,
807 1730 1081 1777 confortans
1101 1747 1236 1790 eum,
1267 1740 1313 1776 et
1334 1729 1484 1776 factus
1500 1730 1551 1776 in
1575 1729 1762 1793 agonia,
1788 1728 2018 1794 prolixius
2041 1727 2229 1775 orabat.ss
2245 1729 2302 1774 Et
2322 1727 2475 1775 »factus
2502 1735 2573 1774 est
2595 1741 2672 1773 su-

547 1808 638 1856 dor
660 1809 760 1873 ejus
785 1810 903 1857 sicut
929 1820 1069 1875 guttae
1094 1809 1334 1874 sanguinis
1367 1808 1663 1856 decurrentis
1685 1809 1748 1855 'in-
1773 1799 1964 1856 terram.
1989 1827 2012 1853 »
2034 1809 2284 1856 Neminem
2300 1806 2459 1874 ‚ali-um
2488 1806 2668 1871 prm-ti·
2726 1837 2729 1842 f

546 1908 683 1938 more
708 1892 873 1939 mortis
897 1892 1176 1956 sanguinem
1195 1891 1393 1956 legimus
1414 1890 1607 1938 sudasse
1621 1926 1633 1950 ,
1655 1890 1789 1955 quod
1811 1906 1954 1954 supra
1970 1899 2188 1937 naturam
2205 1889 2468 1946 humanam
2485 1896 2671 1935 constat

546 1986 663 2018 esse.
694 1974 764 2018 An
789 1971 910 2018 forte
931 1971 1038 2036 plus
1059 1987 1204 2035 quam
1228 1970 1381 2017 caeteri
1408 1970 1587 2026 timuit,
1614 1985 1760 2035 quem
1780 1955 1925 2015 timor
1941 1968 2175 2034 passionis
2200 1968 2261 2015 ad
2279 1967 2374 2014 hoc
2397 1966 2585 2032 coegit?
2607 1983 2668 2014 an

544 2061 715 2115 sponte
733 2052 881 2115 magis
898 2068 1044 2115 quam
1056 2052 1287 2117 anxietate
1306 2050 1490 2097 timoris
1508 2048 1639 2096 hunc
1652 2049 1880 2096 sudorem
1893 2049 2079 2096 emis-it?
2097 2052 2252 2106 Quem
2272 2047 2480 2112 deniq-ue
2500 2047 2669 2095 sortem

545 2131 770 2180 athletam
791 2132 855 2178 ita
872 2129 1092 2196 periculo·
1110 2131 1276 2176 mortis
1302 2129 1566 2189 anxiatum,
1595 2139 1642 2176 et
1667 2140 1895 2193 tanquam
1917 2145 1975 2176 ex-
1999 2128 2332 2193 desperatione
2349 2127 2548 2191 legimus
2567 2142 2667 2187 esse

545 2211 873 2276 perturbatum
886 2247 898 2270 ,
922 2220 976 2257 ut
994 2209 1055 2257 de
1069 2210 1281 2257 Domino
1301 2209 1527 2274 scriptum
1543 2225 1644 2256 esse
1664 2208 1883 2256 videtur?
1913 2228 1934 2253 «
1957 2211 2095 2255 Nunc
2119 2208 2280 2254 anima
2300 2223 2428 2264 mea,
2445 2226 2468 2251 υ
2486 2206 2663 2271 inquit,

549 2292 799 2340 «turbata.
831 2295 888 2339 Et
919 2290 1036 2356 quid
1071 2289 1261 2338 dicam?
1294 2293 1448 2351 Pater,
1477 2289 1683 2338 salv-isica
1711 2305 1788 2337 me
1818 2306 1873 2336 ex
1905 2288 1996 2336 hac
2019 2287 2156 2335 hora.
2183 2307 2206 2332 »
2240 2290 2298 2334 Et
2331 2297 2440 2353 post
2471 2287 2629 2351 aliqua
2653 2306 2662 2333 :

556 2375 753 2431 «Quum
778 2372 878 2419 haec
909 2371 1101 2418 dixisset
1130 2373 1279 2430 Jesus,
1315 2369 1530 2417 turbatus
1556 2379 1627 2417 est
1654 2369 1836 2435 spiritu.
1866 2387 1889 2413 >2
1925 2371 1987 2415 Ut
2014 2377 2173 2415 autem
2201 2383 2435 2432 ponamus
2472 2367 2522 2413 in
2561 2366 2666 2431 qui·
2692 2383 2694 2386 ’

553 2451 746 2500 busdam
768 2452 957 2500 videtur
979 2452 1030 2498 in
1050 2451 1130 2498 his·
1145 2444 1338 2510 verbis³‚
1362 2450 1545 2497 timoris
1569 2449 1643 2496 vel
1665 2449 1858 2497 tristitiae
1883 2465 1994 2495 eum
2019 2447 2234 2494 membra
2258 2463 2341 2494 sua
2366 2447 2415 2493 in
2439 2463 2490 2494 se
2515 2456 2667 2494 trans·

552 2531 798 2593 formasse,
828 2542 880 2580 ut
908 2549 964 2579 ex
994 2548 1198 2598 persona
1227 2547 1425 2578 suorum
1455 2528 1784 2577 membrorum
1811 2528 1914 2575 haec
1937 2527 2209 2575 dicerentur
2227 2536 2308 2574 aut
2325 2525 2492 2573 flerent
2512 2545 2523 2572 :
2546 2542 2668 2573 nun-

552 2628 695 2678 quam
715 2624 842 2661 certe
866 2614 914 2660 in
941 2629 1110 2661 eorum
1131 2627 1336 2678 persona
1362 2610 1509 2658 sudor
1538 2611 1624 2658 iste
1649 2610 1783 2674 juxta
1810 2609 2016 2656 litteram
2049 2607 2355 2674 accipiendus
2378 2617 2463 2654 est.
2499 2609 2667 2654 Beatus

552 2705 709 2742 autem
728 2695 1000 2742 Ambrosius
1018 2694 1124 2760 plus
1142 2711 1255 2742 eum
1273 2709 1418 2759 quam
1437 2702 1630 2740 caeteros
1653 2691 1923 2757 passionem
1943 2689 2109 2738 mortis
2131 2689 2329 2737 horrere
2353 2705 2452 2736 non
2477 2697 2666 2735 veretur

551 2791 772 2824 asserere.
802 2777 876 2824 Sic
903 2777 1081 2842 quippe
1108 2776 1173 2822 ait
1201 2774 1262 2822 de
1288 2773 1384 2822 fide
1414 2773 1477 2821 ad
1509 2774 1790 2820 Gratianum
1823 2771 2063 2831 scribens,
2090 2771 2140 2817 in
2174 2770 2301 2816 libro
2329 2770 2398 2822 11⁴
2418 2787 2428 2814 :
2452 2788 2475 2812 «
2501 2771 2665 2816 Petrus

552 2855 662 2904 dicit
684 2876 694 2904 z
722 2877 744 2902 t<
768 2858 983 2905 Animam
1007 2872 1164 2904 meam
1188 2872 1319 2921 pono
1348 2872 1437 2921 pro
1462 2864 1526 2902 te.
1548 2873 1571 2898 »
1596 2853 1809 2925 Christus
1836 2851 1949 2899 dicit
1972 2870 1982 2898 ε
2011 2851 2219 2898 «Anima
2244 2851 2352 2897 'mea
2380 2848 2612 2896 turbatur.
2638 2867 2661 2892 »

552 2937 813 3001 Utrumque
843 2953 1009 2985 verum
1038 2946 1136 2996 est,
1169 2946 1215 2983 et
1240 2935 1438 3000 plenum
1463 2943 1718 2997 utrumque
1736 2932 1956 2992 rationis,
1991 2930 2125 2996 quod
2148 2929 2342 2977 inferior
2372 2945 2470 2976 non
2502 2929 2659 2987 timet,

540 3025 595 3061 ‘et
613 3018 827 3081 superior
845 3018 963 3082 gerit
977 3016 1185 3064 timentis
1199 3015 1437 3063 affectum.
1460 3014 1542 3061 Ille
1561 3014 1690 3061 enim
1707 3013 1843 3082 quasi
1864 3012 2019 3059 homo
2040 3011 2137 3058 vim
2164 3011 2329 3058 mortis
2346 3010 2556 3073 ignorat,
2578 3009 2663 3056 iste

550 3096 683 3158 quasi
707 3099 834 3145 Deus
852 3099 901 3145 in
919 3113 1120 3164 corpore
1143 3097 1446 3155 constitutus,
1478 3094 1773 3159 fragilitatem
1796 3093 1950 3140 carnis
1975 3092 2197 3158 exponit,
2222 3100 2275 3138 ut
2298 3097 2466 3138 eorum
2487 3089 2568 3153 qui
2593 3105 2663 3136 sa·

550 3186 844 3224 eramentum
884 3177 1221 3225 incarnationis
1260 3176 1566 3235 abhorrent¹⁵,
1612 3173 1941 3221 excluderetur
1977 3173 2207 3238 impietas.
2231 3190 2255 3215 »
2286 3173 2355 3216 Ex
2386 3168 2558 3234 quibus
2576 3172 2663 3234 >pa-

550 3263 702 3303 tenter
724 3257 877 3304 verbis
901 3258 1181 3315 ostenditur,
1207 3274 1259 3305 re
1282 3273 1395 3305 vera
1420 3256 1522 3322 ejus
1551 3254 1756 3303 animam
1773 3290 1789 3315 ,
1820 3270 1925 3318 quae
1949 3269 2035 3319 per
2063 3252 2291 3299 unionem
2324 3248 2469 3296 Verbi
2501 3248 2663 3295 omnia

526 3480 529 3483 .
593 3456 603 3472 ¹
629 3455 755 3496 Matth„
773 3466 847 3498 cap.
873 3469 907 3499 x,
926 3468 956 3491 v.
976 3459 1075 3490 28.-—
1090 3457 1103 3475 ¹
1117 3459 1277 3502 Philipp„
1291 3469 1364 3504 cap.
1382 3470 1404 3500 1,
1426 3469 1456 3492 v.
1477 3459 1587 3492 23.-
1603 3457 1616 3475 ³
1633 3457 1737 3491 Locus
1750 3463 1941 3500 corruptus,
1959 3462 1994 3489 ut
2010 3453 2216 3489 videtum—⁴
2231 3453 2311 3495 Cap.
2333 3463 2364 3493 v,
2385 3454 2467 3495 Opp.
2487 3459 2511 3485 θ.
2529 3453 2575 3488 lt.
2594 3452 2659 3484 cul.

549 3513 623 3545 478.
643 3531 681 3538 —
702 3513 715 3530 ¹⁵
727 3513 831 3548 Aliter
845 3516 1012 3557 abjurant.
2581 3516 2586 3520 ‚
