<?xml version="1.0" encoding="UTF-8"?>
<!DOCTYPE html PUBLIC "-//W3C//DTD XHTML 1.0 Transitional//EN"
    "http://www.w3.org/TR/xhtml1/DTD/xhtml1-transitional.dtd">
<html xmlns="http://www.w3.org/1999/xhtml" xml:lang="en" lang="en">
 <head>
  <title>
</title>
<meta http-equiv="Content-Type" content="text/html;charset=utf-8" />
  <meta name='ocr-system' content='tesseract 3.04.00' />
  <meta name='ocr-capabilities' content='ocr_page ocr_carea ocr_par ocr_line ocrx_word'/>
</head>
<body>
  <div class='ocr_page' id='page_1' title='image "./operahactenusseo01abeluoft_0718.png"; bbox 0 0 2970 4152; ppageno 0'>
   <div class='ocr_carea' id='block_1_1' title="bbox 583 405 1797 459">
    <p class='ocr_par' dir='ltr' id='par_1_1' title="bbox 583 405 1797 459">
     <span class='ocr_line' id='line_1_1' title="bbox 583 405 1797 459; baseline -0.004 -2"><span class='ocrx_word' id='word_1_1' title='bbox 583 406 681 459; x_wconf 66' lang='lat'><strong>704</strong></span> <span class='ocrx_word' id='word_1_2' title='bbox 1480 405 1797 454; x_wconf 88' lang='lat' dir='ltr'><strong>APPENDIX.</strong></span> 
     </span>
    </p>
   </div>
   <div class='ocr_carea' id='block_1_2' title="bbox 584 501 2726 3390">
    <p class='ocr_par' dir='ltr' id='par_1_2' title="bbox 584 501 2726 3390">
     <span class='ocr_line' id='line_1_2' title="bbox 584 501 2707 563; baseline -0 -12"><span class='ocrx_word' id='word_1_3' title='bbox 584 504 795 551; x_wconf 86' lang='lat' dir='ltr'><strong>labantur</strong></span> <span class='ocrx_word' id='word_1_4' title='bbox 817 505 864 551; x_wconf 89' lang='lat' dir='ltr'><strong>in</strong></span> <span class='ocrx_word' id='word_1_5' title='bbox 891 504 996 550; x_wconf 93' lang='lat' dir='ltr'><strong>suis.</strong></span> <span class='ocrx_word' id='word_1_6' title='bbox 1019 502 1208 563; x_wconf 84' lang='lat' dir='ltr'>Pictavi,</span> <span class='ocrx_word' id='word_1_7' title='bbox 1231 505 1490 550; x_wconf 90' lang='lat' dir='ltr'><strong>Vuascones</strong></span> <span class='ocrx_word' id='word_1_8' title='bbox 1512 514 1557 550; x_wconf 91' lang='lat' dir='ltr'><strong>et</strong></span> <span class='ocrx_word' id='word_1_9' title='bbox 1578 504 1735 550; x_wconf 87' lang='lat' dir='ltr'>Hiberi</span> <span class='ocrx_word' id='word_1_10' title='bbox 1757 522 1768 550; x_wconf 74' lang='grc' dir='ltr'><strong>ε</strong></span> <span class='ocrx_word' id='word_1_11' title='bbox 1789 502 2054 559; x_wconf 84' lang='lat' dir='ltr'><strong>Normania‚</strong></span> <span class='ocrx_word' id='word_1_12' title='bbox 2083 505 2118 548; x_wconf 93' lang='lat' dir='ltr'>F</span> <span class='ocrx_word' id='word_1_13' title='bbox 2120 501 2312 562; x_wconf 88' lang='lat' dir='ltr'><strong>landria,</strong></span> <span class='ocrx_word' id='word_1_14' title='bbox 2335 503 2640 550; x_wconf 90' lang='lat' dir='ltr'><strong>Theutonicus</strong></span> <span class='ocrx_word' id='word_1_15' title='bbox 2662 513 2707 550; x_wconf 90' lang='lat' dir='ltr'><strong>et</strong></span> 
     </span>
     <span class='ocr_line' id='line_1_3' title="bbox 585 581 2708 649; baseline -0.001 -16"><span class='ocrx_word' id='word_1_16' title='bbox 585 586 771 633; x_wconf 86' lang='lat' dir='ltr'><strong>Suevius</strong></span> <span class='ocrx_word' id='word_1_17' title='bbox 791 596 919 631; x_wconf 93' lang='lat' dir='ltr'><strong>tuum</strong></span> <span class='ocrx_word' id='word_1_18' title='bbox 941 583 1084 630; x_wconf 88' lang='lat' dir='ltr'><strong>calere</strong></span> <span class='ocrx_word' id='word_1_19' title='bbox 1108 583 1358 647; x_wconf 85' lang='lat' dir='ltr'>ingenium,</span> <span class='ocrx_word' id='word_1_20' title='bbox 1385 581 1567 631; x_wconf 83' lang='lat' dir='ltr'><strong>lauda&#39;re</strong></span> <span class='ocrx_word' id='word_1_21' title='bbox 1587 595 1631 631; x_wconf 89' lang='lat' dir='ltr'><strong>et</strong></span> <span class='ocrx_word' id='word_1_22' title='bbox 1649 585 1891 649; x_wconf 89' lang='lat' dir='ltr'><strong>praedicare</strong></span> <span class='ocrx_word' id='word_1_23' title='bbox 1910 583 2084 630; x_wconf 85' lang='lat' dir='ltr'><strong>assidue</strong></span> <span class='ocrx_word' id='word_1_24' title='bbox 2108 583 2331 630; x_wconf 84' lang='lat' dir='ltr'><strong>studebat.</strong></span> <span class='ocrx_word' id='word_1_25' title='bbox 2358 586 2583 630; x_wconf 87' lang='lat' dir='ltr'><strong>Praetereo</strong></span> <span class='ocrx_word' id='word_1_26' title='bbox 2597 601 2708 630; x_wconf 90' lang='lat' dir='ltr'><strong>cun-</strong></span> 
     </span>
     <span class='ocr_line' id='line_1_4' title="bbox 585 664 2708 728; baseline -0 -16"><span class='ocrx_word' id='word_1_27' title='bbox 585 676 679 712; x_wconf 88' lang='lat' dir='ltr'><strong>ctos</strong></span> <span class='ocrx_word' id='word_1_28' title='bbox 705 665 982 711; x_wconf 85' lang='lat' dir='ltr'><strong>Parisiorum</strong></span> <span class='ocrx_word' id='word_1_29' title='bbox 1008 664 1233 711; x_wconf 90' lang='lat' dir='ltr'><strong>civitatem</strong></span> <span class='ocrx_word' id='word_1_30' title='bbox 1259 665 1537 725; x_wconf 85' lang='lat' dir='ltr'><strong>habitantes,</strong></span> <span class='ocrx_word' id='word_1_31' title='bbox 1567 676 1612 711; x_wconf 88' lang='lat' dir='ltr'><strong>et</strong></span> <span class='ocrx_word' id='word_1_32' title='bbox 1640 667 1760 711; x_wconf 88' lang='lat' dir='ltr'><strong>intra</strong></span> <span class='ocrx_word' id='word_1_33' title='bbox 1789 664 2036 711; x_wconf 90' lang='lat' dir='ltr'><strong>Galliarum</strong></span> <span class='ocrx_word' id='word_1_34' title='bbox 2067 666 2293 728; x_wconf 85' lang='lat' dir='ltr'><strong>proximas</strong></span> <span class='ocrx_word' id='word_1_35' title='bbox 2316 674 2361 710; x_wconf 91' lang='lat' dir='ltr'><strong>et</strong></span> <span class='ocrx_word' id='word_1_36' title='bbox 2392 665 2708 712; x_wconf 89' lang='lat' dir='ltr'><strong>remotissimas</strong></span> 
     </span>
     <span class='ocr_line' id='line_1_5' title="bbox 584 746 2710 811; baseline 0 -19"><span class='ocrx_word' id='word_1_37' title='bbox 584 757 733 810; x_wconf 86' lang='lat' dir='ltr'><strong>partes</strong></span> <span class='ocrx_word' id='word_1_38' title='bbox 750 747 827 810; x_wconf 91' lang='lat' dir='ltr'><strong>qui</strong></span> <span class='ocrx_word' id='word_1_39' title='bbox 852 747 914 793; x_wconf 92' lang='lat' dir='ltr'><strong>sic</strong></span> <span class='ocrx_word' id='word_1_40' title='bbox 939 763 964 792; x_wconf 89' lang='lat' dir='ltr'><strong>a</strong></span> <span class='ocrx_word' id='word_1_41' title='bbox 985 756 1029 792; x_wconf 90' lang='lat' dir='ltr'><strong>te</strong></span> <span class='ocrx_word' id='word_1_42' title='bbox 1048 746 1202 792; x_wconf 86' lang='lat' dir='ltr'><strong>doceri</strong></span> <span class='ocrx_word' id='word_1_43' title='bbox 1221 747 1449 808; x_wconf 85' lang='lat' dir='ltr'><strong>sitiebant,</strong></span> <span class='ocrx_word' id='word_1_44' title='bbox 1467 763 1518 793; x_wconf 91' lang='lat' dir='ltr'><strong>ac</strong></span> <span class='ocrx_word' id='word_1_45' title='bbox 1536 748 1572 793; x_wconf 92' lang='lat' dir='ltr'><strong>si</strong></span> <span class='ocrx_word' id='word_1_46' title='bbox 1590 746 1703 792; x_wconf 91' lang='lat' dir='ltr'><strong>nihil</strong></span> <span class='ocrx_word' id='word_1_47' title='bbox 1726 746 1972 809; x_wconf 91' lang='lat' dir='ltr'><strong>disciplinae</strong></span> <span class='ocrx_word' id='word_1_48' title='bbox 1991 764 2084 793; x_wconf 91' lang='lat' dir='ltr'><strong>non</strong></span> <span class='ocrx_word' id='word_1_49' title='bbox 2109 747 2229 811; x_wconf 90' lang='lat' dir='ltr'><strong>apud</strong></span> <span class='ocrx_word' id='word_1_50' title='bbox 2246 757 2289 793; x_wconf 91' lang='lat' dir='ltr'><strong>te</strong></span> <span class='ocrx_word' id='word_1_51' title='bbox 2312 746 2506 793; x_wconf 85' lang='lat' dir='ltr'><strong>inveniri</strong></span> <span class='ocrx_word' id='word_1_52' title='bbox 2529 746 2710 808; x_wconf 90' lang='lat' dir='ltr'><strong>potuis-</strong></span> 
     </span>
     <span class='ocr_line' id='line_1_6' title="bbox 585 825 2710 890; baseline -0.001 -17"><span class='ocrx_word' id='word_1_53' title='bbox 585 838 666 873; x_wconf 90' lang='lat' dir='ltr'><strong>set.</strong></span> <span class='ocrx_word' id='word_1_54' title='bbox 700 827 878 889; x_wconf 83' lang='lat' dir='ltr'><strong>Ingenii</strong></span> <span class='ocrx_word' id='word_1_55' title='bbox 901 825 1125 885; x_wconf 90' lang='lat' dir='ltr'><strong>claritate,</strong></span> <span class='ocrx_word' id='word_1_56' title='bbox 1161 836 1206 871; x_wconf 89' lang='lat' dir='ltr'><strong>et</strong></span> <span class='ocrx_word' id='word_1_57' title='bbox 1230 827 1447 873; x_wconf 90' lang='lat' dir='ltr'><strong>suavitate</strong></span> <span class='ocrx_word' id='word_1_58' title='bbox 1472 826 1664 889; x_wconf 91' lang='lat' dir='ltr'><strong>eloquii,</strong></span> <span class='ocrx_word' id='word_1_59' title='bbox 1693 837 1738 872; x_wconf 91' lang='lat' dir='ltr'><strong>et</strong></span> <span class='ocrx_word' id='word_1_60' title='bbox 1766 826 1929 890; x_wconf 89' lang='lat' dir='ltr'><strong>linguae</strong></span> <span class='ocrx_word' id='word_1_61' title='bbox 1951 826 2237 874; x_wconf 87' lang='lat' dir='ltr'><strong>absolutioris</strong></span> <span class='ocrx_word' id='word_1_62' title='bbox 2265 825 2498 886; x_wconf 89' lang='lat' dir='ltr'><strong>facilitate,</strong></span> <span class='ocrx_word' id='word_1_63' title='bbox 2531 841 2710 871; x_wconf 83' lang='lat' dir='ltr'><strong>necnon</strong></span> 
     </span>
     <span class='ocr_line' id='line_1_7' title="bbox 585 904 2712 970; baseline -0.001 -18"><span class='ocrx_word' id='word_1_64' title='bbox 585 917 629 952; x_wconf 92' lang='lat' dir='ltr'><strong>et</strong></span> <span class='ocrx_word' id='word_1_65' title='bbox 653 906 849 953; x_wconf 84' lang='lat' dir='ltr'><strong>scientiae</strong></span> <span class='ocrx_word' id='word_1_66' title='bbox 875 904 1124 951; x_wconf 88' lang='lat' dir='ltr'><strong>subtilitate</strong></span> <span class='ocrx_word' id='word_1_67' title='bbox 1146 907 1364 969; x_wconf 90' lang='lat' dir='ltr'><strong>permoti,</strong></span> <span class='ocrx_word' id='word_1_68' title='bbox 1394 907 1519 969; x_wconf 87' lang='lat' dir='ltr'><strong>quasi</strong></span> <span class='ocrx_word' id='word_1_69' title='bbox 1545 906 1601 952; x_wconf 90' lang='lat' dir='ltr'><strong>ad</strong></span> <span class='ocrx_word' id='word_1_70' title='bbox 1624 906 1987 969; x_wconf 82' lang='lat' dir='ltr'><strong>limpidissimum</strong></span> <span class='ocrx_word' id='word_1_71' title='bbox 2009 906 2306 970; x_wconf 84' lang='lat' dir='ltr'><strong>philosophiae</strong></span> <span class='ocrx_word' id='word_1_72' title='bbox 2330 906 2503 952; x_wconf 90' lang='lat' dir='ltr'><strong>fontem</strong></span> <span class='ocrx_word' id='word_1_73' title='bbox 2529 905 2615 951; x_wconf 89' lang='lat' dir='ltr'><strong>iter</strong></span> <span class='ocrx_word' id='word_1_74' title='bbox 2639 921 2712 951; x_wconf 83' lang='lat' dir='ltr'><strong>ac·</strong></span> 
     </span>
     <span class='ocr_line' id='line_1_8' title="bbox 585 986 2713 1051; baseline -0 -18"><span class='ocrx_word' id='word_1_75' title='bbox 585 988 857 1034; x_wconf 89' lang='lat' dir='ltr'><strong>celerabant.</strong></span> <span class='ocrx_word' id='word_1_76' title='bbox 884 989 999 1034; x_wconf 91' lang='lat' dir='ltr'><strong>Nam</strong></span> <span class='ocrx_word' id='word_1_77' title='bbox 1023 987 1134 1033; x_wconf 91' lang='lat' dir='ltr'><strong>illud</strong></span> <span class='ocrx_word' id='word_1_78' title='bbox 1149 1023 1161 1047; x_wconf 91' lang='lat'><strong>,</strong></span> <span class='ocrx_word' id='word_1_79' title='bbox 1192 988 1315 1050; x_wconf 92' lang='lat' dir='ltr'><strong>quod</strong></span> <span class='ocrx_word' id='word_1_80' title='bbox 1336 988 1398 1034; x_wconf 93' lang='lat' dir='ltr'><strong>sic</strong></span> <span class='ocrx_word' id='word_1_81' title='bbox 1420 998 1489 1047; x_wconf 90' lang='lat' dir='ltr'><strong>te,</strong></span> <span class='ocrx_word' id='word_1_82' title='bbox 1510 998 1562 1033; x_wconf 95' lang='lat' dir='ltr'><strong>ut</strong></span> <span class='ocrx_word' id='word_1_83' title='bbox 1586 988 1713 1034; x_wconf 91' lang='lat' dir='ltr'><strong>aiunt</strong></span> <span class='ocrx_word' id='word_1_84' title='bbox 1727 1024 1739 1046; x_wconf 90' lang='lat'><strong>,</strong></span> <span class='ocrx_word' id='word_1_85' title='bbox 1769 989 2046 1051; x_wconf 88' lang='lat' dir='ltr'><strong>praecipitem</strong></span> <span class='ocrx_word' id='word_1_86' title='bbox 2068 988 2217 1048; x_wconf 91' lang='lat' dir='ltr'><strong>dedit,</strong></span> <span class='ocrx_word' id='word_1_87' title='bbox 2245 987 2521 1051; x_wconf 90' lang='lat' dir='ltr'><strong>singularum</strong></span> <span class='ocrx_word' id='word_1_88' title='bbox 2544 986 2713 1033; x_wconf 88' lang='lat' dir='ltr'><strong>scilicet</strong></span> 
     </span>
     <span class='ocr_line' id='line_1_9' title="bbox 585 1067 2710 1131; baseline -0.001 -17"><span class='ocrx_word' id='word_1_89' title='bbox 585 1069 854 1114; x_wconf 88' lang='lat' dir='ltr'><strong>feminarum</strong></span> <span class='ocrx_word' id='word_1_90' title='bbox 877 1085 1094 1127; x_wconf 90' lang='lat' dir='ltr'><strong>amorem,</strong></span> <span class='ocrx_word' id='word_1_91' title='bbox 1121 1079 1167 1114; x_wconf 86' lang='lat' dir='ltr'><strong>et</strong></span> <span class='ocrx_word' id='word_1_92' title='bbox 1189 1067 1370 1131; x_wconf 91' lang='lat' dir='ltr'><strong>laqueos</strong></span> <span class='ocrx_word' id='word_1_93' title='bbox 1386 1067 1587 1113; x_wconf 90' lang='lat' dir='ltr'><strong>libidinis</strong></span> <span class='ocrx_word' id='word_1_94' title='bbox 1611 1085 1783 1127; x_wconf 91' lang='lat' dir='ltr'><strong>earum,</strong></span> <span class='ocrx_word' id='word_1_95' title='bbox 1802 1069 1964 1131; x_wconf 91' lang='lat' dir='ltr'><strong>quibus</strong></span> <span class='ocrx_word' id='word_1_96' title='bbox 1981 1085 2084 1115; x_wconf 92' lang='lat' dir='ltr'><strong>suos</strong></span> <span class='ocrx_word' id='word_1_97' title='bbox 2107 1069 2290 1131; x_wconf 89' lang='lat' dir='ltr'><strong>capiunt</strong></span> <span class='ocrx_word' id='word_1_98' title='bbox 2310 1077 2595 1126; x_wconf 88' lang='lat' dir='ltr'><strong>scortatores,</strong></span> <span class='ocrx_word' id='word_1_99' title='bbox 2614 1083 2710 1112; x_wconf 88' lang='lat' dir='ltr'><strong>me-</strong></span> 
     </span>
     <span class='ocr_line' id='line_1_10' title="bbox 585 1147 2711 1212; baseline -0 -18"><span class='ocrx_word' id='word_1_100' title='bbox 585 1148 669 1195; x_wconf 91' lang='lat' dir='ltr'><strong>lius</strong></span> <span class='ocrx_word' id='word_1_101' title='bbox 692 1150 803 1194; x_wconf 91' lang='lat' dir='ltr'><strong>mihi</strong></span> <span class='ocrx_word' id='word_1_102' title='bbox 820 1149 979 1194; x_wconf 90' lang='lat' dir='ltr'><strong>videor</strong></span> <span class='ocrx_word' id='word_1_103' title='bbox 995 1149 1243 1212; x_wconf 90' lang='lat' dir='ltr'><strong>praeterire,</strong></span> <span class='ocrx_word' id='word_1_104' title='bbox 1261 1165 1396 1211; x_wconf 91' lang='lat' dir='ltr'><strong>quam</strong></span> <span class='ocrx_word' id='word_1_105' title='bbox 1413 1148 1582 1211; x_wconf 88' lang='lat' dir='ltr'><strong>aliquid</strong></span> <span class='ocrx_word' id='word_1_106' title='bbox 1608 1149 1757 1195; x_wconf 90' lang='lat' dir='ltr'><strong>dicere</strong></span> <span class='ocrx_word' id='word_1_107' title='bbox 1780 1149 1903 1211; x_wconf 90' lang='lat' dir='ltr'><strong>quod</strong></span> <span class='ocrx_word' id='word_1_108' title='bbox 1929 1149 2079 1194; x_wconf 92' lang='lat' dir='ltr'><strong>ordini</strong></span> <span class='ocrx_word' id='word_1_109' title='bbox 2099 1159 2274 1208; x_wconf 89' lang='lat' dir='ltr'><strong>nostro,</strong></span> <span class='ocrx_word' id='word_1_110' title='bbox 2296 1159 2341 1194; x_wconf 92' lang='lat' dir='ltr'><strong>et</strong></span> <span class='ocrx_word' id='word_1_111' title='bbox 2367 1147 2530 1211; x_wconf 87' lang='lat' dir='ltr'><strong>regulae</strong></span> <span class='ocrx_word' id='word_1_112' title='bbox 2547 1157 2711 1194; x_wconf 82' lang='lat' dir='ltr'><strong>nostrae</strong></span> 
     </span>
     <span class='ocr_line' id='line_1_11' title="bbox 584 1228 2713 1293; baseline -0.001 -18"><span class='ocrx_word' id='word_1_113' title='bbox 584 1229 814 1293; x_wconf 81' lang='lat' dir='ltr'><strong>religionis</strong></span> <span class='ocrx_word' id='word_1_114' title='bbox 837 1247 931 1275; x_wconf 94' lang='lat' dir='ltr'><strong>non</strong></span> <span class='ocrx_word' id='word_1_115' title='bbox 954 1229 1228 1275; x_wconf 90' lang='lat' dir='ltr'><strong>concordet:</strong></span> <span class='ocrx_word' id='word_1_116' title='bbox 1254 1229 1623 1292; x_wconf 90' lang='lat' dir='ltr'><strong>quandoquidem</strong></span> <span class='ocrx_word' id='word_1_117' title='bbox 1647 1246 1795 1275; x_wconf 92' lang='lat' dir='ltr'><strong>sermo</strong></span> <span class='ocrx_word' id='word_1_118' title='bbox 1818 1229 1874 1275; x_wconf 94' lang='lat' dir='ltr'><strong>de</strong></span> <span class='ocrx_word' id='word_1_119' title='bbox 1898 1228 2060 1275; x_wconf 87' lang='lat' dir='ltr'><strong>talibus</strong></span> <span class='ocrx_word' id='word_1_120' title='bbox 2083 1246 2199 1293; x_wconf 88' lang='lat' dir='ltr'><strong>saepe</strong></span> <span class='ocrx_word' id='word_1_121' title='bbox 2225 1229 2363 1292; x_wconf 89' lang='lat' dir='ltr'><strong>magis</strong></span> <span class='ocrx_word' id='word_1_122' title='bbox 2386 1228 2525 1274; x_wconf 87' lang='lat' dir='ltr'><strong>soleat</strong></span> <span class='ocrx_word' id='word_1_123' title='bbox 2550 1244 2713 1275; x_wconf 89' lang='lat' dir='ltr'><strong>nocere</strong></span> 
     </span>
     <span class='ocr_line' id='line_1_12' title="bbox 585 1309 2714 1373; baseline -0.001 -18"><span class='ocrx_word' id='word_1_124' title='bbox 585 1311 735 1370; x_wconf 90' lang='lat' dir='ltr'><strong>bonis,</strong></span> <span class='ocrx_word' id='word_1_125' title='bbox 763 1327 897 1373; x_wconf 90' lang='lat' dir='ltr'><strong>quam</strong></span> <span class='ocrx_word' id='word_1_126' title='bbox 923 1309 1153 1373; x_wconf 85' lang='lat' dir='ltr'><strong>prodesse.</strong></span> <span class='ocrx_word' id='word_1_127' title='bbox 1181 1312 1278 1356; x_wconf 91' lang='lat' dir='ltr'><strong>Hac</strong></span> <span class='ocrx_word' id='word_1_128' title='bbox 1301 1310 1499 1355; x_wconf 87' lang='lat' dir='ltr'><strong>fortassis</strong></span> <span class='ocrx_word' id='word_1_129' title='bbox 1523 1310 1571 1354; x_wconf 91' lang='lat' dir='ltr'><strong>in</strong></span> <span class='ocrx_word' id='word_1_130' title='bbox 1597 1320 1640 1355; x_wconf 92' lang='lat' dir='ltr'><strong>te</strong></span> <span class='ocrx_word' id='word_1_131' title='bbox 1669 1309 1897 1356; x_wconf 90' lang='lat' dir='ltr'><strong>bonorum</strong></span> <span class='ocrx_word' id='word_1_132' title='bbox 1920 1310 2268 1373; x_wconf 87' lang='lat' dir='ltr'><strong>congregatione</strong></span> <span class='ocrx_word' id='word_1_133' title='bbox 2297 1310 2344 1354; x_wconf 91' lang='lat' dir='ltr'><strong>in</strong></span> <span class='ocrx_word' id='word_1_134' title='bbox 2367 1320 2410 1355; x_wconf 90' lang='lat' dir='ltr'><strong>te</strong></span> <span class='ocrx_word' id='word_1_135' title='bbox 2435 1319 2479 1355; x_wconf 90' lang='lat' dir='ltr'><strong>et</strong></span> <span class='ocrx_word' id='word_1_136' title='bbox 2507 1324 2643 1371; x_wconf 87' lang='lat' dir='ltr'><strong>super</strong></span> <span class='ocrx_word' id='word_1_137' title='bbox 2670 1317 2714 1353; x_wconf 87' lang='lat' dir='ltr'><strong>te</strong></span> 
     </span>
     <span class='ocr_line' id='line_1_13' title="bbox 585 1388 2715 1454; baseline -0 -19"><span class='ocrx_word' id='word_1_138' title='bbox 585 1391 726 1437; x_wconf 89' lang='lat' dir='ltr'><strong>elatus</strong></span> <span class='ocrx_word' id='word_1_139' title='bbox 755 1390 984 1454; x_wconf 87' lang='lat' dir='ltr'><strong>(quamvis</strong></span> <span class='ocrx_word' id='word_1_140' title='bbox 1009 1391 1208 1452; x_wconf 89' lang='lat' dir='ltr'><strong>sapiens,</strong></span> <span class='ocrx_word' id='word_1_141' title='bbox 1236 1391 1272 1436; x_wconf 93' lang='lat' dir='ltr'><strong>si</strong></span> <span class='ocrx_word' id='word_1_142' title='bbox 1300 1391 1433 1452; x_wconf 90' lang='lat' dir='ltr'><strong>hujus</strong></span> <span class='ocrx_word' id='word_1_143' title='bbox 1459 1391 2052 1454; x_wconf 83' lang='lat' dir='ltr'><strong>nominis&#39;significationem</strong></span> <span class='ocrx_word' id='word_1_144' title='bbox 2077 1391 2123 1436; x_wconf 93' lang='lat' dir='ltr'><strong>in</strong></span> <span class='ocrx_word' id='word_1_145' title='bbox 2152 1408 2198 1437; x_wconf 93' lang='lat' dir='ltr'><strong>se</strong></span> <span class='ocrx_word' id='word_1_146' title='bbox 2227 1408 2321 1436; x_wconf 92' lang='lat' dir='ltr'><strong>non</strong></span> <span class='ocrx_word' id='word_1_147' title='bbox 2344 1391 2618 1453; x_wconf 87' lang='lat' dir='ltr'><strong>exstinguat,</strong></span> <span class='ocrx_word' id='word_1_148' title='bbox 2645 1388 2715 1435; x_wconf 91' lang='lat' dir='ltr'><strong>his</strong></span> 
     </span>
     <span class='ocr_line' id='line_1_14' title="bbox 585 1469 2715 1534; baseline -0.001 -17"><span class='ocrx_word' id='word_1_149' title='bbox 585 1472 725 1517; x_wconf 91' lang='lat' dir='ltr'><strong>animi</strong></span> <span class='ocrx_word' id='word_1_150' title='bbox 744 1471 876 1516; x_wconf 89' lang='lat' dir='ltr'><strong>bonis</strong></span> <span class='ocrx_word' id='word_1_151' title='bbox 899 1471 1085 1516; x_wconf 91' lang='lat' dir='ltr'><strong>minime</strong></span> <span class='ocrx_word' id='word_1_152' title='bbox 1105 1469 1364 1534; x_wconf 89' lang='lat' dir='ltr'><strong>moveatur)</strong></span> <span class='ocrx_word' id='word_1_153' title='bbox 1389 1472 1437 1516; x_wconf 91' lang='lat' dir='ltr'><strong>in</strong></span> <span class='ocrx_word' id='word_1_154' title='bbox 1454 1471 1728 1534; x_wconf 86' lang='lat' dir='ltr'><strong>superbiam,</strong></span> <span class='ocrx_word' id='word_1_155' title='bbox 1750 1471 1931 1517; x_wconf 91' lang='lat' dir='ltr'><strong>initium</strong></span> <span class='ocrx_word' id='word_1_156' title='bbox 1944 1482 1990 1517; x_wconf 95' lang='lat' dir='ltr'><strong>et</strong></span> <span class='ocrx_word' id='word_1_157' title='bbox 2008 1482 2178 1534; x_wconf 91' lang='lat' dir='ltr'><strong>pestem</strong></span> <span class='ocrx_word' id='word_1_158' title='bbox 2193 1472 2397 1517; x_wconf 89' lang='lat' dir='ltr'><strong>omnium</strong></span> <span class='ocrx_word' id='word_1_159' title='bbox 2412 1470 2652 1527; x_wconf 88' lang='lat' dir='ltr'><strong>malorum,</strong></span> <span class='ocrx_word' id='word_1_160' title='bbox 2669 1479 2715 1515; x_wconf 89' lang='lat' dir='ltr'><strong>et</strong></span> 
     </span>
     <span class='ocr_line' id='line_1_15' title="bbox 585 1544 2714 1614; baseline -0 -17"><span class='ocrx_word' id='word_1_161' title='bbox 585 1552 844 1598; x_wconf 88' lang='lat' dir='ltr'><strong>inanissime</strong></span> <span class='ocrx_word' id='word_1_162' title='bbox 861 1551 1153 1610; x_wconf 88' lang='lat' dir='ltr'><strong>efferbueras,</strong></span> <span class='ocrx_word' id='word_1_163' title='bbox 1175 1562 1220 1597; x_wconf 89' lang='lat' dir='ltr'><strong>et</strong></span> <span class='ocrx_word' id='word_1_164' title='bbox 1242 1562 1285 1596; x_wconf 88' lang='lat' dir='ltr'><strong>te</strong></span> <span class='ocrx_word' id='word_1_165' title='bbox 1302 1552 1530 1614; x_wconf 88' lang='lat' dir='ltr'><strong>jactantiae</strong></span> <span class='ocrx_word' id='word_1_166' title='bbox 1554 1562 1689 1598; x_wconf 92' lang='lat' dir='ltr'><strong>vento</strong></span> <span class='ocrx_word' id='word_1_167' title='bbox 1716 1544 1993 1612; x_wconf 84' lang='lat' dir='ltr'><strong>ostentandi,</strong></span> <span class='ocrx_word' id='word_1_168' title='bbox 2015 1569 2169 1598; x_wconf 92' lang='lat' dir='ltr'><strong>omnes</strong></span> <span class='ocrx_word' id='word_1_169' title='bbox 2193 1551 2285 1597; x_wconf 91' lang='lat' dir='ltr'><strong>fere</strong></span> <span class='ocrx_word' id='word_1_170' title='bbox 2310 1551 2438 1610; x_wconf 92' lang='lat' dir='ltr'><strong>alios,</strong></span> <span class='ocrx_word' id='word_1_171' title='bbox 2459 1552 2594 1597; x_wconf 88' lang='lat' dir='ltr'><strong>etiam</strong></span> <span class='ocrx_word' id='word_1_172' title='bbox 2617 1567 2714 1597; x_wconf 89' lang='lat' dir='ltr'><strong>san-</strong></span> 
     </span>
     <span class='ocr_line' id='line_1_16' title="bbox 585 1631 2712 1695; baseline -0.001 -17"><span class='ocrx_word' id='word_1_173' title='bbox 585 1642 698 1691; x_wconf 85' lang='lat' dir='ltr'><strong>ctos,</strong></span> <span class='ocrx_word' id='word_1_174' title='bbox 725 1632 804 1694; x_wconf 91' lang='lat' dir='ltr'><strong>qui</strong></span> <span class='ocrx_word' id='word_1_175' title='bbox 831 1641 934 1676; x_wconf 90' lang='lat' dir='ltr'><strong>ante</strong></span> <span class='ocrx_word' id='word_1_176' title='bbox 955 1641 998 1676; x_wconf 91' lang='lat' dir='ltr'><strong>te</strong></span> <span class='ocrx_word' id='word_1_177' title='bbox 1021 1631 1251 1693; x_wconf 80' lang='lat' dir='ltr'><strong>sapientiae</strong></span> <span class='ocrx_word' id='word_1_178' title='bbox 1275 1648 1459 1693; x_wconf 87' lang='lat' dir='ltr'><strong>operam</strong></span> <span class='ocrx_word' id='word_1_179' title='bbox 1482 1631 1725 1692; x_wconf 86' lang='lat' dir='ltr'><strong>dederant,</strong></span> <span class='ocrx_word' id='word_1_180' title='bbox 1749 1643 1800 1678; x_wconf 92' lang='lat' dir='ltr'><strong>ut</strong></span> <span class='ocrx_word' id='word_1_181' title='bbox 1824 1633 1952 1678; x_wconf 89' lang='lat' dir='ltr'><strong>aiunt</strong></span> <span class='ocrx_word' id='word_1_182' title='bbox 1974 1633 2052 1695; x_wconf 91' lang='lat' dir='ltr'><strong>qui</strong></span> <span class='ocrx_word' id='word_1_183' title='bbox 2078 1643 2121 1678; x_wconf 93' lang='lat' dir='ltr'><strong>te</strong></span> <span class='ocrx_word' id='word_1_184' title='bbox 2144 1632 2424 1694; x_wconf 90' lang='lat' dir='ltr'><strong>frequentius</strong></span> <span class='ocrx_word' id='word_1_185' title='bbox 2449 1631 2712 1688; x_wconf 83' lang='lat' dir='ltr'><strong>audiebant,</strong></span> 
     </span>
     <span class='ocr_line' id='line_1_17' title="bbox 585 1709 2716 1775; baseline -0 -19"><span class='ocrx_word' id='word_1_186' title='bbox 585 1711 822 1757; x_wconf 88' lang='lat' dir='ltr'><strong>inferiores</strong></span> <span class='ocrx_word' id='word_1_187' title='bbox 847 1721 890 1757; x_wconf 94' lang='lat' dir='ltr'><strong>te</strong></span> <span class='ocrx_word' id='word_1_188' title='bbox 915 1711 1197 1757; x_wconf 81' lang='lat' dir='ltr'><strong>existimabas</strong></span> <span class='ocrx_word' id='word_1_189' title='bbox 1215 1714 1243 1756; x_wconf 87' lang='lat'><strong>¹.</strong></span> <span class='ocrx_word' id='word_1_190' title='bbox 1270 1712 1331 1757; x_wconf 90' lang='lat' dir='ltr'><strong>At</strong></span> <span class='ocrx_word' id='word_1_191' title='bbox 1356 1712 1645 1775; x_wconf 88' lang='lat' dir='ltr'><strong>omnipotens</strong></span> <span class='ocrx_word' id='word_1_192' title='bbox 1666 1714 1754 1758; x_wconf 91' lang='lat' dir='ltr'><strong>Dei</strong></span> <span class='ocrx_word' id='word_1_193' title='bbox 1783 1712 1985 1775; x_wconf 87' lang='lat' dir='ltr'><strong>dignatio</strong></span> <span class='ocrx_word' id='word_1_194' title='bbox 2015 1722 2060 1758; x_wconf 89' lang='lat' dir='ltr'><strong>et</strong></span> <span class='ocrx_word' id='word_1_195' title='bbox 2078 1713 2362 1775; x_wconf 73' lang='lat' dir='ltr'><strong>benignitas,</strong></span> <span class='ocrx_word' id='word_1_196' title='bbox 2388 1712 2466 1775; x_wconf 91' lang='lat' dir='ltr'><strong>qui</strong></span> <span class='ocrx_word' id='word_1_197' title='bbox 2495 1709 2716 1774; x_wconf 81' lang='lat' dir='ltr'><strong>superbiae</strong></span> 
     </span>
     <span class='ocr_line' id='line_1_18' title="bbox 585 1791 2716 1856; baseline 0 -19"><span class='ocrx_word' id='word_1_198' title='bbox 585 1792 770 1838; x_wconf 86' lang='lat' dir='ltr'><strong>ventum</strong></span> <span class='ocrx_word' id='word_1_199' title='bbox 802 1791 909 1837; x_wconf 89' lang='lat' dir='ltr'><strong>facit</strong></span> <span class='ocrx_word' id='word_1_200' title='bbox 939 1808 1226 1851; x_wconf 87' lang='lat' dir='ltr'><strong>evanescere,</strong></span> <span class='ocrx_word' id='word_1_201' title='bbox 1261 1802 1305 1837; x_wconf 92' lang='lat' dir='ltr'><strong>et</strong></span> <span class='ocrx_word' id='word_1_202' title='bbox 1334 1791 1602 1839; x_wconf 90' lang='lat' dir='ltr'><strong>humilitatis</strong></span> <span class='ocrx_word' id='word_1_203' title='bbox 1631 1794 1820 1856; x_wconf 88' lang='lat' dir='ltr'><strong>gratiam</strong></span> <span class='ocrx_word' id='word_1_204' title='bbox 1851 1792 2145 1856; x_wconf 87' lang='lat' dir='ltr'><strong>multiplicat;</strong></span> <span class='ocrx_word' id='word_1_205' title='bbox 2185 1794 2263 1856; x_wconf 91' lang='lat' dir='ltr'><strong>qui</strong></span> <span class='ocrx_word' id='word_1_206' title='bbox 2301 1792 2528 1839; x_wconf 90' lang='lat' dir='ltr'><strong>neminem</strong></span> <span class='ocrx_word' id='word_1_207' title='bbox 2554 1791 2716 1837; x_wconf 86' lang='lat' dir='ltr'><strong>morbo</strong></span> 
     </span>
     <span class='ocr_line' id='line_1_19' title="bbox 585 1869 2717 1938; baseline -0.001 -19"><span class='ocrx_word' id='word_1_208' title='bbox 585 1884 878 1937; x_wconf 82' lang='lat' dir='ltr'><strong>aegrotantem</strong></span> <span class='ocrx_word' id='word_1_209' title='bbox 916 1873 1163 1936; x_wconf 78' lang='lat' dir='ltr'><strong>superbiae,</strong></span> <span class='ocrx_word' id='word_1_210' title='bbox 1203 1872 1389 1936; x_wconf 90' lang='lat' dir='ltr'><strong>aliisque</strong></span> <span class='ocrx_word' id='word_1_211' title='bbox 1421 1875 1561 1920; x_wconf 91' lang='lat' dir='ltr'><strong>animi</strong></span> <span class='ocrx_word' id='word_1_212' title='bbox 1595 1875 1938 1938; x_wconf 84' lang='lat' dir='ltr'><strong>aegritudinibus</strong></span> <span class='ocrx_word' id='word_1_213' title='bbox 1974 1873 2257 1921; x_wconf 88' lang='lat' dir='ltr'><strong>laborantem</strong></span> <span class='ocrx_word' id='word_1_214' title='bbox 2285 1891 2377 1920; x_wconf 93' lang='lat' dir='ltr'><strong>non</strong></span> <span class='ocrx_word' id='word_1_215' title='bbox 2401 1869 2523 1936; x_wconf 87' lang='lat' dir='ltr'><strong>justo</strong></span> <span class='ocrx_word' id='word_1_216' title='bbox 2545 1871 2717 1935; x_wconf 87' lang='lat' dir='ltr'><strong>judicio</strong></span> 
     </span>
     <span class='ocr_line' id='line_1_20' title="bbox 586 1953 2719 2017; baseline -0.001 -18"><span class='ocrx_word' id='word_1_217' title='bbox 586 1953 800 2017; x_wconf 72' lang='lat' dir='ltr'><strong>despicit3</strong></span> <span class='ocrx_word' id='word_1_218' title='bbox 828 1964 915 1999; x_wconf 88' lang='lat' dir='ltr'><strong>tuae</strong></span> <span class='ocrx_word' id='word_1_219' title='bbox 939 1954 1102 2000; x_wconf 73' lang='lat' dir='ltr'><strong>mentis</strong></span> <span class='ocrx_word' id='word_1_220' title='bbox 1137 1954 1440 2011; x_wconf 88' lang='lat' dir='ltr'><strong>inflationem,</strong></span> <span class='ocrx_word' id='word_1_221' title='bbox 1472 1964 1517 2000; x_wconf 91' lang='lat' dir='ltr'><strong>et</strong></span> <span class='ocrx_word' id='word_1_222' title='bbox 1549 1954 1786 2001; x_wconf 87' lang='lat' dir='ltr'><strong>oculorum</strong></span> <span class='ocrx_word' id='word_1_223' title='bbox 1815 1954 2119 2001; x_wconf 84' lang='lat' dir='ltr'><strong>extollentiam</strong></span> <span class='ocrx_word' id='word_1_224' title='bbox 2145 1955 2233 2001; x_wconf 94' lang='lat' dir='ltr'><strong>hoc</strong></span> <span class='ocrx_word' id='word_1_225' title='bbox 2255 1953 2533 2000; x_wconf 89' lang='lat' dir='ltr'><strong>adversitatis</strong></span> <span class='ocrx_word' id='word_1_226' title='bbox 2555 1967 2719 2016; x_wconf 87' lang='lat' dir='ltr'><strong>genere</strong></span> 
     </span>
     <span class='ocr_line' id='line_1_21' title="bbox 586 2033 2718 2100; baseline -0.001 -20"><span class='ocrx_word' id='word_1_227' title='bbox 586 2036 652 2080; x_wconf 89' lang='lat' dir='ltr'><strong>tui</strong></span> <span class='ocrx_word' id='word_1_228' title='bbox 673 2035 929 2081; x_wconf 90' lang='lat' dir='ltr'><strong>miserando</strong></span> <span class='ocrx_word' id='word_1_229' title='bbox 946 2034 1234 2097; x_wconf 89' lang='lat' dir='ltr'><strong>perdomuit:</strong></span> <span class='ocrx_word' id='word_1_230' title='bbox 1263 2046 1483 2098; x_wconf 88' lang='lat' dir='ltr'><strong>quatenus</strong></span> <span class='ocrx_word' id='word_1_231' title='bbox 1506 2046 1551 2082; x_wconf 91' lang='lat' dir='ltr'><strong>et</strong></span> <span class='ocrx_word' id='word_1_232' title='bbox 1584 2037 1631 2081; x_wconf 94' lang='lat' dir='ltr'><strong>in</strong></span> <span class='ocrx_word' id='word_1_233' title='bbox 1662 2047 1705 2082; x_wconf 91' lang='lat' dir='ltr'><strong>te</strong></span> <span class='ocrx_word' id='word_1_234' title='bbox 1737 2037 1929 2100; x_wconf 88' lang='lat' dir='ltr'><strong>superbe</strong></span> <span class='ocrx_word' id='word_1_235' title='bbox 1961 2054 2054 2082; x_wconf 90' lang='lat' dir='ltr'><strong>non</strong></span> <span class='ocrx_word' id='word_1_236' title='bbox 2087 2053 2288 2099; x_wconf 87' lang='lat' dir='ltr'><strong>saperes,</strong></span> <span class='ocrx_word' id='word_1_237' title='bbox 2317 2045 2363 2081; x_wconf 91' lang='lat' dir='ltr'><strong>et</strong></span> <span class='ocrx_word' id='word_1_238' title='bbox 2385 2033 2495 2080; x_wconf 90' lang='lat' dir='ltr'><strong>alios</strong></span> <span class='ocrx_word' id='word_1_239' title='bbox 2516 2048 2718 2096; x_wconf 84' lang='lat' dir='ltr'><strong>quosque</strong></span> 
     </span>
     <span class='ocr_line' id='line_1_22' title="bbox 586 2112 2719 2180; baseline -0.001 -20"><span class='ocrx_word' id='word_1_240' title='bbox 586 2114 732 2161; x_wconf 92' lang='lat' dir='ltr'><strong>bonos</strong></span> <span class='ocrx_word' id='word_1_241' title='bbox 763 2116 1065 2177; x_wconf 86' lang='lat' dir='ltr'><strong>vituperando</strong></span> <span class='ocrx_word' id='word_1_242' title='bbox 1099 2115 1324 2178; x_wconf 88' lang='lat' dir='ltr'><strong>negligere</strong></span> <span class='ocrx_word' id='word_1_243' title='bbox 1362 2116 1620 2175; x_wconf 86' lang='lat' dir='ltr'><strong>desisteres;</strong></span> <span class='ocrx_word' id='word_1_244' title='bbox 1662 2117 2026 2180; x_wconf 89' lang='lat' dir='ltr'><strong>castimoniaeque</strong></span> <span class='ocrx_word' id='word_1_245' title='bbox 2059 2117 2318 2173; x_wconf 88' lang='lat' dir='ltr'><strong>sanctitate,</strong></span> <span class='ocrx_word' id='word_1_246' title='bbox 2356 2126 2400 2162; x_wconf 95' lang='lat' dir='ltr'><strong>et</strong></span> <span class='ocrx_word' id='word_1_247' title='bbox 2428 2112 2719 2161; x_wconf 81' lang='lat' dir='ltr'><strong>continentiae</strong></span> 
     </span>
     <span class='ocr_line' id='line_1_23' title="bbox 585 2191 2718 2260; baseline -0.001 -21"><span class='ocrx_word' id='word_1_248' title='bbox 585 2193 801 2241; x_wconf 84' lang='lat' dir='ltr'><strong>laudabili</strong></span> <span class='ocrx_word' id='word_1_249' title='bbox 828 2196 1070 2241; x_wconf 90' lang='lat' dir='ltr'><strong>devotione</strong></span> <span class='ocrx_word' id='word_1_250' title='bbox 1094 2195 1149 2240; x_wconf 90' lang='lat' dir='ltr'><strong>de</strong></span> <span class='ocrx_word' id='word_1_251' title='bbox 1178 2194 1353 2258; x_wconf 88' lang='lat' dir='ltr'><strong>reliquo</strong></span> <span class='ocrx_word' id='word_1_252' title='bbox 1374 2195 1582 2258; x_wconf 91' lang='lat' dir='ltr'><strong>polleres.</strong></span> <span class='ocrx_word' id='word_1_253' title='bbox 1615 2199 1723 2242; x_wconf 88' lang='lat' dir='ltr'><strong>Haec</strong></span> <span class='ocrx_word' id='word_1_254' title='bbox 1746 2197 1950 2259; x_wconf 78' lang='lat' dir='ltr'><strong>corporis</strong></span> <span class='ocrx_word' id='word_1_255' title='bbox 1970 2196 2212 2260; x_wconf 90' lang='lat' dir='ltr'><strong>particula,</strong></span> <span class='ocrx_word' id='word_1_256' title='bbox 2239 2213 2375 2258; x_wconf 91' lang='lat' dir='ltr'><strong>quam</strong></span> <span class='ocrx_word' id='word_1_257' title='bbox 2394 2191 2718 2256; x_wconf 90' lang='lat' dir='ltr'><strong>omnipotentis</strong></span> 
     </span>
     <span class='ocr_line' id='line_1_24' title="bbox 586 2276 2719 2340; baseline -0.002 -17"><span class='ocrx_word' id='word_1_258' title='bbox 586 2277 673 2323; x_wconf 89' lang='lat' dir='ltr'><strong>Dei</strong></span> <span class='ocrx_word' id='word_1_259' title='bbox 692 2277 884 2339; x_wconf 90' lang='lat' dir='ltr'><strong>judicio,</strong></span> <span class='ocrx_word' id='word_1_260' title='bbox 911 2276 1199 2322; x_wconf 89' lang='lat' dir='ltr'><strong>et-beneficio</strong></span> <span class='ocrx_word' id='word_1_261' title='bbox 1219 2276 1474 2339; x_wconf 88' lang='lat' dir='ltr'><strong>perdidisti,</strong></span> <span class='ocrx_word' id='word_1_262' title='bbox 1496 2288 1716 2340; x_wconf 90' lang='lat' dir='ltr'><strong>quantum</strong></span> <span class='ocrx_word' id='word_1_263' title='bbox 1741 2278 1825 2323; x_wconf 93' lang='lat' dir='ltr'><strong>tibi</strong></span> <span class='ocrx_word' id='word_1_264' title='bbox 1847 2288 2079 2338; x_wconf 90' lang='lat' dir='ltr'><strong>nocuerat,</strong></span> <span class='ocrx_word' id='word_1_265' title='bbox 2110 2295 2160 2325; x_wconf 87' lang='lat' dir='ltr'><strong>ac</strong></span> <span class='ocrx_word' id='word_1_266' title='bbox 2189 2294 2369 2336; x_wconf 89' lang='lat' dir='ltr'><strong>nocere,</strong></span> <span class='ocrx_word' id='word_1_267' title='bbox 2391 2276 2593 2339; x_wconf 90' lang='lat' dir='ltr'><strong>quandiu</strong></span> <span class='ocrx_word' id='word_1_268' title='bbox 2618 2291 2719 2338; x_wconf 90' lang='lat' dir='ltr'><strong>per-</strong></span> 
     </span>
     <span class='ocr_line' id='line_1_25' title="bbox 587 2356 2720 2420; baseline -0.001 -18"><span class='ocrx_word' id='word_1_269' title='bbox 587 2358 770 2416; x_wconf 90' lang='lat' dir='ltr'><strong>mansit,</strong></span> <span class='ocrx_word' id='word_1_270' title='bbox 789 2374 883 2402; x_wconf 92' lang='lat' dir='ltr'><strong>non</strong></span> <span class='ocrx_word' id='word_1_271' title='bbox 906 2357 1164 2416; x_wconf 87' lang='lat' dir='ltr'><strong>desistebat,</strong></span> <span class='ocrx_word' id='word_1_272' title='bbox 1191 2356 1349 2408; x_wconf 88' lang='lat' dir='ltr'><strong>melius</strong></span> <span class='ocrx_word' id='word_1_273' title='bbox 1374 2367 1553 2403; x_wconf 89' lang='lat' dir='ltr'><strong>tuarum</strong></span> <span class='ocrx_word' id='word_1_274' title='bbox 1574 2358 1817 2404; x_wconf 88' lang='lat' dir='ltr'><strong>diminutio</strong></span> <span class='ocrx_word' id='word_1_275' title='bbox 1837 2375 2007 2417; x_wconf 90' lang='lat' dir='ltr'><strong>rerum,</strong></span> <span class='ocrx_word' id='word_1_276' title='bbox 2028 2375 2164 2420; x_wconf 92' lang='lat' dir='ltr'><strong>quam</strong></span> <span class='ocrx_word' id='word_1_277' title='bbox 2186 2374 2285 2402; x_wconf 91' lang='lat' dir='ltr'><strong>mea</strong></span> <span class='ocrx_word' id='word_1_278' title='bbox 2305 2357 2445 2419; x_wconf 92' lang='lat' dir='ltr'><strong>possit</strong></span> <span class='ocrx_word' id='word_1_279' title='bbox 2468 2364 2720 2401; x_wconf 85' lang='lat' dir='ltr'><strong>monstrare</strong></span> 
     </span>
     <span class='ocr_line' id='line_1_26' title="bbox 588 2435 2719 2503; baseline -0.001 -19"><span class='ocrx_word' id='word_1_280' title='bbox 588 2439 759 2497; x_wconf 90' lang='lat' dir='ltr'><strong>oratio,</strong></span> <span class='ocrx_word' id='word_1_281' title='bbox 796 2439 944 2485; x_wconf 92' lang='lat' dir='ltr'><strong>docet.</strong></span> <span class='ocrx_word' id='word_1_282' title='bbox 973 2438 1211 2501; x_wconf 86' lang='lat' dir='ltr'><strong>Quidquid</strong></span> <span class='ocrx_word' id='word_1_283' title='bbox 1239 2456 1343 2485; x_wconf 86' lang='lat' dir='ltr'><strong>vere</strong></span> <span class='ocrx_word' id='word_1_284' title='bbox 1377 2439 1572 2485; x_wconf 91' lang='lat' dir='ltr'><strong>scientiae</strong></span> <span class='ocrx_word' id='word_1_285' title='bbox 1605 2449 1692 2485; x_wconf 87' lang='lat' dir='ltr'><strong>tuae</strong></span> <span class='ocrx_word' id='word_1_286' title='bbox 1723 2440 1986 2486; x_wconf 89' lang='lat' dir='ltr'><strong>venditione</strong></span> <span class='ocrx_word' id='word_1_287' title='bbox 2017 2439 2274 2503; x_wconf 90' lang='lat' dir='ltr'><strong>perorando</strong></span> <span class='ocrx_word' id='word_1_288' title='bbox 2304 2447 2467 2500; x_wconf 87' lang='lat' dir='ltr'><strong>praeter</strong></span> <span class='ocrx_word' id='word_1_289' title='bbox 2492 2435 2719 2500; x_wconf 85' lang='lat' dir='ltr'><strong>quotidia-</strong></span> 
     </span>
     <span class='ocr_line' id='line_1_27' title="bbox 590 2518 2720 2583; baseline -0.001 -19"><span class='ocrx_word' id='word_1_290' title='bbox 590 2537 701 2565; x_wconf 91' lang='lat' dir='ltr'><strong>num</strong></span> <span class='ocrx_word' id='word_1_291' title='bbox 722 2519 891 2565; x_wconf 91' lang='lat' dir='ltr'><strong>victum</strong></span> <span class='ocrx_word' id='word_1_292' title='bbox 915 2529 961 2564; x_wconf 91' lang='lat' dir='ltr'><strong>et</strong></span> <span class='ocrx_word' id='word_1_293' title='bbox 976 2536 1108 2564; x_wconf 92' lang='lat' dir='ltr'><strong>usum</strong></span> <span class='ocrx_word' id='word_1_294' title='bbox 1132 2520 1448 2579; x_wconf 91' lang='lat' dir='ltr'><strong>necessarium,</strong></span> <span class='ocrx_word' id='word_1_295' title='bbox 1472 2519 1587 2566; x_wconf 91' lang='lat' dir='ltr'><strong>sicut</strong></span> <span class='ocrx_word' id='word_1_296' title='bbox 1606 2519 1824 2566; x_wconf 88' lang='lat' dir='ltr'><strong>relatione</strong></span> <span class='ocrx_word' id='word_1_297' title='bbox 1842 2521 1998 2580; x_wconf 90' lang='lat' dir='ltr'><strong>didici,</strong></span> <span class='ocrx_word' id='word_1_298' title='bbox 2026 2520 2259 2583; x_wconf 88' lang='lat' dir='ltr'><strong>acquirere</strong></span> <span class='ocrx_word' id='word_1_299' title='bbox 2283 2529 2486 2582; x_wconf 86' lang='lat' dir='ltr'><strong>poteras,</strong></span> <span class='ocrx_word' id='word_1_300' title='bbox 2513 2518 2562 2563; x_wconf 91' lang='lat' dir='ltr'><strong>in</strong></span> <span class='ocrx_word' id='word_1_301' title='bbox 2585 2527 2720 2563; x_wconf 78' lang='lat' dir='ltr'><strong>vora-</strong></span> 
     </span>
     <span class='ocr_line' id='line_1_28' title="bbox 591 2596 2722 2664; baseline -0.001 -20"><span class='ocrx_word' id='word_1_302' title='bbox 591 2601 741 2661; x_wconf 88' lang='lat' dir='ltr'><strong>ginem</strong></span> <span class='ocrx_word' id='word_1_303' title='bbox 763 2599 1016 2645; x_wconf 87' lang='lat' dir='ltr'><strong>fornicariae</strong></span> <span class='ocrx_word' id='word_1_304' title='bbox 1036 2600 1398 2663; x_wconf 89' lang='lat' dir='ltr'><strong>consumptionis</strong></span> <span class='ocrx_word' id='word_1_305' title='bbox 1412 2599 1672 2664; x_wconf 89' lang='lat' dir='ltr'><strong>demergere</strong></span> <span class='ocrx_word' id='word_1_306' title='bbox 1688 2618 1781 2646; x_wconf 92' lang='lat' dir='ltr'><strong>non</strong></span> <span class='ocrx_word' id='word_1_307' title='bbox 1797 2601 2013 2647; x_wconf 89' lang='lat' dir='ltr'><strong>cessabas.</strong></span> <span class='ocrx_word' id='word_1_308' title='bbox 2034 2602 2183 2647; x_wconf 85' lang='lat' dir='ltr'><strong>Avara</strong></span> <span class='ocrx_word' id='word_1_309' title='bbox 2198 2599 2487 2646; x_wconf 89' lang='lat' dir='ltr'><strong>meretricum</strong></span> <span class='ocrx_word' id='word_1_310' title='bbox 2503 2596 2722 2660; x_wconf 85' lang='lat' dir='ltr'><strong>rapacitas</strong></span> 
     </span>
     <span class='ocr_line' id='line_1_29' title="bbox 591 2675 2722 2743; baseline -0.001 -18"><span class='ocrx_word' id='word_1_311' title='bbox 591 2690 751 2726; x_wconf 91' lang='lat' dir='ltr'><strong>cuncta</strong></span> <span class='ocrx_word' id='word_1_312' title='bbox 785 2680 868 2725; x_wconf 90' lang='lat' dir='ltr'><strong>tibi</strong></span> <span class='ocrx_word' id='word_1_313' title='bbox 906 2691 1133 2743; x_wconf 90' lang='lat' dir='ltr'><strong>rapuerat.</strong></span> <span class='ocrx_word' id='word_1_314' title='bbox 1171 2679 1305 2728; x_wconf 88' lang='lat' dir='ltr'><strong>Nulla</strong></span> <span class='ocrx_word' id='word_1_315' title='bbox 1336 2681 1580 2727; x_wconf 89' lang='lat' dir='ltr'><strong>audierunt</strong></span> <span class='ocrx_word' id='word_1_316' title='bbox 1603 2681 1764 2728; x_wconf 86' lang='lat' dir='ltr'><strong>saecula</strong></span> <span class='ocrx_word' id='word_1_317' title='bbox 1791 2682 2074 2728; x_wconf 90' lang='lat' dir='ltr'><strong>meretricem</strong></span> <span class='ocrx_word' id='word_1_318' title='bbox 2093 2680 2205 2727; x_wconf 90' lang='lat' dir='ltr'><strong>velle</strong></span> <span class='ocrx_word' id='word_1_319' title='bbox 2235 2680 2363 2727; x_wconf 89' lang='lat' dir='ltr'><strong>alteri</strong></span> <span class='ocrx_word' id='word_1_320' title='bbox 2391 2678 2623 2737; x_wconf 88' lang='lat' dir='ltr'><strong>misereri,</strong></span> <span class='ocrx_word' id='word_1_321' title='bbox 2652 2675 2722 2723; x_wconf 88' lang='lat' dir='ltr'><strong>vel</strong></span> 
     </span>
     <span class='ocr_line' id='line_1_30' title="bbox 592 2757 2724 2825; baseline -0.001 -20"><span class='ocrx_word' id='word_1_322' title='bbox 592 2761 842 2822; x_wconf 89' lang='lat' dir='ltr'><strong>pepercisse</strong></span> <span class='ocrx_word' id='word_1_323' title='bbox 864 2760 998 2806; x_wconf 88' lang='lat' dir='ltr'><strong>rebus</strong></span> <span class='ocrx_word' id='word_1_324' title='bbox 1031 2761 1362 2823; x_wconf 88' lang='lat' dir='ltr'><strong>appetitorum,</strong></span> <span class='ocrx_word' id='word_1_325' title='bbox 1393 2779 1503 2824; x_wconf 91' lang='lat' dir='ltr'><strong>quas</strong></span> <span class='ocrx_word' id='word_1_326' title='bbox 1529 2779 1713 2825; x_wconf 94' lang='lat' dir='ltr'><strong>quoquo</strong></span> <span class='ocrx_word' id='word_1_327' title='bbox 1744 2762 1883 2808; x_wconf 92' lang='lat' dir='ltr'><strong>modo</strong></span> <span class='ocrx_word' id='word_1_328' title='bbox 1915 2762 2092 2809; x_wconf 90' lang='lat' dir='ltr'><strong>auferre</strong></span> <span class='ocrx_word' id='word_1_329' title='bbox 2122 2771 2385 2825; x_wconf 91' lang='lat' dir='ltr'><strong>potuerunt.</strong></span> <span class='ocrx_word' id='word_1_330' title='bbox 2419 2759 2614 2806; x_wconf 92' lang='lat' dir='ltr'><strong>Videtur</strong></span> <span class='ocrx_word' id='word_1_331' title='bbox 2635 2757 2724 2803; x_wconf 92' lang='lat' dir='ltr'><strong>hoc</strong></span> 
     </span>
     <span class='ocr_line' id='line_1_31' title="bbox 591 2840 2723 2906; baseline -0.001 -21"><span class='ocrx_word' id='word_1_332' title='bbox 591 2841 786 2903; x_wconf 88' lang='lat' dir='ltr'><strong>probare</strong></span> <span class='ocrx_word' id='word_1_333' title='bbox 810 2850 887 2887; x_wconf 85' lang='lat' dir='ltr'><strong>tua</strong></span> <span class='ocrx_word' id='word_1_334' title='bbox 910 2840 1140 2902; x_wconf 88' lang='lat' dir='ltr'><strong>profunda</strong></span> <span class='ocrx_word' id='word_1_335' title='bbox 1157 2851 1416 2904; x_wconf 88' lang='lat' dir='ltr'><strong>paupertas,</strong></span> <span class='ocrx_word' id='word_1_336' title='bbox 1441 2843 1519 2905; x_wconf 93' lang='lat' dir='ltr'><strong>qui</strong></span> <span class='ocrx_word' id='word_1_337' title='bbox 1537 2842 1669 2902; x_wconf 88' lang='lat' dir='ltr'><strong>nihil,</strong></span> <span class='ocrx_word' id='word_1_338' title='bbox 1687 2853 1737 2888; x_wconf 94' lang='lat' dir='ltr'><strong>ut</strong></span> <span class='ocrx_word' id='word_1_339' title='bbox 1757 2843 1940 2902; x_wconf 90' lang='lat' dir='ltr'><strong>dicitur,</strong></span> <span class='ocrx_word' id='word_1_340' title='bbox 1961 2854 2126 2906; x_wconf 87' lang='lat' dir='ltr'><strong>praeter</strong></span> <span class='ocrx_word' id='word_1_341' title='bbox 2145 2858 2319 2905; x_wconf 90' lang='lat' dir='ltr'><strong>pannos</strong></span> <span class='ocrx_word' id='word_1_342' title='bbox 2335 2858 2388 2886; x_wconf 89' lang='lat' dir='ltr'><strong>ex</strong></span> <span class='ocrx_word' id='word_1_343' title='bbox 2404 2849 2532 2886; x_wconf 90' lang='lat' dir='ltr'><strong>tanto</strong></span> <span class='ocrx_word' id='word_1_344' title='bbox 2552 2847 2723 2901; x_wconf 86' lang='lat' dir='ltr'><strong>quaestu</strong></span> 
     </span>
     <span class='ocr_line' id='line_1_32' title="bbox 591 2918 2724 2984; baseline -0.001 -19"><span class='ocrx_word' id='word_1_345' title='bbox 591 2920 814 2979; x_wconf 87' lang='lat' dir='ltr'><strong>habebas,</strong></span> <span class='ocrx_word' id='word_1_346' title='bbox 849 2937 989 2982; x_wconf 90' lang='lat' dir='ltr'><strong>quum</strong></span> <span class='ocrx_word' id='word_1_347' title='bbox 1020 2921 1090 2966; x_wconf 93' lang='lat' dir='ltr'><strong>his</strong></span> <span class='ocrx_word' id='word_1_348' title='bbox 1115 2921 1320 2982; x_wconf 17' lang='lat' dir='ltr'><strong>*primum</strong></span> <span class='ocrx_word' id='word_1_349' title='bbox 1351 2922 1526 2968; x_wconf 90' lang='lat' dir='ltr'><strong>casibus</strong></span> <span class='ocrx_word' id='word_1_350' title='bbox 1555 2922 1813 2984; x_wconf 86' lang='lat' dir='ltr'><strong>subjacuisti</strong></span> <span class='ocrx_word' id='word_1_351' title='bbox 1842 2923 2053 2969; x_wconf 85' lang='lat' dir='ltr'><strong>fortunae.</strong></span> <span class='ocrx_word' id='word_1_352' title='bbox 2090 2924 2320 2968; x_wconf 89' lang='lat' dir='ltr'><strong>Damnum</strong></span> <span class='ocrx_word' id='word_1_353' title='bbox 2351 2919 2534 2984; x_wconf 84' lang='lat' dir='ltr'><strong>quidem</strong></span> <span class='ocrx_word' id='word_1_354' title='bbox 2564 2918 2724 2969; x_wconf 80' lang='lat' dir='ltr'><strong>inhoc</strong></span> 
     </span>
     <span class='ocr_line' id='line_1_33' title="bbox 593 3001 2720 3065; baseline -0.001 -18"><span class='ocrx_word' id='word_1_355' title='bbox 593 3013 797 3065; x_wconf 86' lang='lat' dir='ltr'><strong>tempore</strong></span> <span class='ocrx_word' id='word_1_356' title='bbox 830 3003 896 3047; x_wconf 91' lang='lat' dir='ltr'><strong>tui</strong></span> <span class='ocrx_word' id='word_1_357' title='bbox 922 3003 1127 3064; x_wconf 90' lang='lat' dir='ltr'><strong>corporis</strong></span> <span class='ocrx_word' id='word_1_358' title='bbox 1157 3001 1408 3064; x_wconf 85' lang='lat' dir='ltr'><strong>pertulisti,</strong></span> <span class='ocrx_word' id='word_1_359' title='bbox 1441 3013 1486 3049; x_wconf 89' lang='lat' dir='ltr'><strong>et</strong></span> <span class='ocrx_word' id='word_1_360' title='bbox 1511 3003 1757 3050; x_wconf 89' lang='lat' dir='ltr'><strong>secundum</strong></span> <span class='ocrx_word' id='word_1_361' title='bbox 1777 3003 1926 3050; x_wconf 89' lang='lat' dir='ltr'><strong>saeculi</strong></span> <span class='ocrx_word' id='word_1_362' title='bbox 1950 3005 2219 3062; x_wconf 87' lang='lat' dir='ltr'><strong>vanitatem,</strong></span> <span class='ocrx_word' id='word_1_363' title='bbox 2246 3014 2290 3049; x_wconf 93' lang='lat' dir='ltr'><strong>te</strong></span> <span class='ocrx_word' id='word_1_364' title='bbox 2314 3002 2503 3048; x_wconf 90' lang='lat' dir='ltr'><strong>forsitan</strong></span> <span class='ocrx_word' id='word_1_365' title='bbox 2522 3009 2720 3062; x_wconf 83' lang='lat' dir='ltr'><strong>reputas,</strong></span> 
     </span>
     <span class='ocr_line' id='line_1_34' title="bbox 595 3081 2725 3145; baseline -0.002 -18"><span class='ocrx_word' id='word_1_366' title='bbox 595 3092 671 3128; x_wconf 90' lang='lat' dir='ltr'><strong>aut</strong></span> <span class='ocrx_word' id='word_1_367' title='bbox 698 3082 899 3145; x_wconf 88' lang='lat' dir='ltr'><strong>reputari</strong></span> <span class='ocrx_word' id='word_1_368' title='bbox 922 3083 1122 3132; x_wconf 70' lang='lat' dir='ltr'><strong>&#39;aestimas</strong></span> <span class='ocrx_word' id='word_1_369' title='bbox 1146 3082 1387 3129; x_wconf 87' lang='lat' dir='ltr'><strong>viliorem-:</strong></span> <span class='ocrx_word' id='word_1_370' title='bbox 1415 3084 1619 3130; x_wconf 90' lang='lat' dir='ltr'><strong>omnium</strong></span> <span class='ocrx_word' id='word_1_371' title='bbox 1648 3084 1872 3130; x_wconf 87' lang='lat' dir='ltr'><strong>infelicem</strong></span> <span class='ocrx_word' id='word_1_372' title='bbox 1900 3085 2241 3131; x_wconf 73' lang='lat' dir='ltr'><strong>aestimationem</strong></span> <span class='ocrx_word' id='word_1_373' title='bbox 2258 3119 2270 3142; x_wconf 95' lang='lat'><strong>,</strong></span> <span class='ocrx_word' id='word_1_374' title='bbox 2298 3093 2343 3128; x_wconf 92' lang='lat' dir='ltr'><strong>et</strong></span> <span class='ocrx_word' id='word_1_375' title='bbox 2370 3081 2550 3145; x_wconf 90' lang='lat' dir='ltr'><strong>penitus</strong></span> <span class='ocrx_word' id='word_1_376' title='bbox 2575 3096 2600 3124; x_wconf 88' lang='lat' dir='ltr'><strong>a</strong></span> <span class='ocrx_word' id='word_1_377' title='bbox 2621 3094 2725 3124; x_wconf 82' lang='lat' dir='ltr'><strong>vera</strong></span> 
     </span>
     <span class='ocr_line' id='line_1_35' title="bbox 596 3159 2725 3228; baseline -0.002 -20"><span class='ocrx_word' id='word_1_378' title='bbox 596 3164 770 3209; x_wconf 90' lang='lat' dir='ltr'><strong>ratione</strong></span> <span class='ocrx_word' id='word_1_379' title='bbox 799 3163 1060 3209; x_wconf 91' lang='lat' dir='ltr'><strong>destitutam</strong></span> <span class='ocrx_word' id='word_1_380' title='bbox 1089 3164 1439 3227; x_wconf 88' lang='lat' dir='ltr'><strong>reputationem.</strong></span> <span class='ocrx_word' id='word_1_381' title='bbox 1470 3166 1517 3210; x_wconf 94' lang='lat' dir='ltr'><strong>Si</strong></span> <span class='ocrx_word' id='word_1_382' title='bbox 1543 3165 1691 3211; x_wconf 86' lang='lat' dir='ltr'><strong>verius</strong></span> <span class='ocrx_word' id='word_1_383' title='bbox 1718 3165 1840 3228; x_wconf 93' lang='lat' dir='ltr'><strong>quod</strong></span> <span class='ocrx_word' id='word_1_384' title='bbox 1864 3166 2035 3228; x_wconf 90' lang='lat' dir='ltr'><strong>justum</strong></span> <span class='ocrx_word' id='word_1_385' title='bbox 2069 3176 2115 3212; x_wconf 91' lang='lat' dir='ltr'><strong>et</strong></span> <span class='ocrx_word' id='word_1_386' title='bbox 2148 3166 2320 3211; x_wconf 90' lang='lat' dir='ltr'><strong>bonum</strong></span> <span class='ocrx_word' id='word_1_387' title='bbox 2354 3172 2421 3209; x_wconf 88' lang='lat' dir='ltr'><strong>est</strong></span> <span class='ocrx_word' id='word_1_388' title='bbox 2453 3159 2725 3224; x_wconf 85' lang='lat' dir='ltr'><strong>perscrutari</strong></span> 
     </span>
     <span class='ocr_line' id='line_1_36' title="bbox 600 3241 2726 3310; baseline -0.002 -21"><span class='ocrx_word' id='word_1_389' title='bbox 600 3254 750 3290; x_wconf 90' lang='lat' dir='ltr'><strong>tecum</strong></span> <span class='ocrx_word' id='word_1_390' title='bbox 772 3255 816 3289; x_wconf 93' lang='lat' dir='ltr'><strong>et</strong></span> <span class='ocrx_word' id='word_1_391' title='bbox 844 3243 965 3290; x_wconf 91' lang='lat' dir='ltr'><strong>solus</strong></span> <span class='ocrx_word' id='word_1_392' title='bbox 998 3244 1197 3290; x_wconf 86' lang='lat' dir='ltr'><strong>studiosa</strong></span> <span class='ocrx_word' id='word_1_393' title='bbox 1222 3245 1539 3308; x_wconf 85' lang='lat' dir='ltr'><strong>frequentique</strong></span> <span class='ocrx_word' id='word_1_394' title='bbox 1569 3246 1863 3293; x_wconf 90' lang='lat' dir='ltr'><strong>meditatione</strong></span> <span class='ocrx_word' id='word_1_395' title='bbox 1885 3246 2046 3306; x_wconf 88' lang='lat' dir='ltr'><strong>velles,</strong></span> <span class='ocrx_word' id='word_1_396' title='bbox 2074 3246 2322 3310; x_wconf 88' lang='lat' dir='ltr'><strong>postposita</strong></span> <span class='ocrx_word' id='word_1_397' title='bbox 2345 3243 2566 3299; x_wconf 89' lang='lat' dir='ltr'><strong>vanitate,</strong></span> <span class='ocrx_word' id='word_1_398' title='bbox 2602 3241 2726 3285; x_wconf 82' lang='lat' dir='ltr'><strong>inve—</strong></span> 
     </span>
     <span class='ocr_line' id='line_1_37' title="bbox 602 3321 2722 3390; baseline -0.001 -19"><span class='ocrx_word' id='word_1_399' title='bbox 602 3324 721 3371; x_wconf 89' lang='lat' dir='ltr'><strong>nires</strong></span> <span class='ocrx_word' id='word_1_400' title='bbox 753 3335 972 3387; x_wconf 90' lang='lat' dir='ltr'><strong>quantum</strong></span> <span class='ocrx_word' id='word_1_401' title='bbox 1001 3325 1082 3371; x_wconf 88' lang='lat' dir='ltr'><strong>tibi</strong></span> <span class='ocrx_word' id='word_1_402' title='bbox 1116 3325 1277 3372; x_wconf 86' lang='lat' dir='ltr'><strong>afferat</strong></span> <span class='ocrx_word' id='word_1_403' title='bbox 1298 3325 1505 3373; x_wconf 84' lang='lat' dir='ltr'><strong>utilitatis</strong></span> <span class='ocrx_word' id='word_1_404' title='bbox 1531 3327 1855 3390; x_wconf 87' lang='lat' dir='ltr'><strong>particularum</strong></span> <span class='ocrx_word' id='word_1_405' title='bbox 1888 3329 1973 3375; x_wconf 88' lang='lat' dir='ltr'><strong>ista</strong></span> <span class='ocrx_word' id='word_1_406' title='bbox 2002 3327 2243 3375; x_wconf 87' lang='lat' dir='ltr'><strong>mutilatio.</strong></span> <span class='ocrx_word' id='word_1_407' title='bbox 2275 3325 2481 3373; x_wconf 87' lang='lat' dir='ltr'><strong>Primum</strong></span> <span class='ocrx_word' id='word_1_408' title='bbox 2513 3321 2722 3385; x_wconf 80' lang='lat' dir='ltr'><strong>quidem,</strong></span> 
     </span>
    </p>
   </div>
   <div class='ocr_carea' id='block_1_3' title="bbox 651 3510 1569 3557">
    <p class='ocr_par' dir='ltr' id='par_1_3' title="bbox 651 3510 1569 3557">
     <span class='ocr_line' id='line_1_38' title="bbox 651 3510 1569 3557; baseline 0.004 -13"><span class='ocrx_word' id='word_1_409' title='bbox 651 3510 662 3527; x_wconf 82' lang='lat'>¹</span> <span class='ocrx_word' id='word_1_410' title='bbox 685 3510 765 3544; x_wconf 79' lang='lat' dir='ltr'><strong>Vide</strong></span> <span class='ocrx_word' id='word_1_411' title='bbox 788 3511 870 3546; x_wconf 76' lang='lat' dir='ltr'><strong>Hise.</strong></span> <span class='ocrx_word' id='word_1_412' title='bbox 895 3514 1041 3551; x_wconf 83' lang='lat' dir='ltr'><strong>calamit,</strong></span> <span class='ocrx_word' id='word_1_413' title='bbox 1058 3523 1094 3557; x_wconf 86' lang='lat' dir='ltr'><strong>p.</strong></span> <span class='ocrx_word' id='word_1_414' title='bbox 1118 3514 1138 3545; x_wconf 84' lang='grc'><strong>9</strong></span> <span class='ocrx_word' id='word_1_415' title='bbox 1153 3520 1186 3546; x_wconf 78' lang='lat' dir='ltr'><strong>et</strong></span> <span class='ocrx_word' id='word_1_416' title='bbox 1204 3524 1253 3556; x_wconf 83' lang='lat' dir='ltr'><strong>sq.</strong></span> <span class='ocrx_word' id='word_1_417' title='bbox 1278 3513 1373 3557; x_wconf 75' lang='lat' dir='ltr'><strong>hujus</strong></span> <span class='ocrx_word' id='word_1_418' title='bbox 1386 3514 1569 3548; x_wconf 70' lang='lat' dir='ltr'><strong>voluminis.</strong></span> 
     </span>
    </p>
   </div>
  </div>
 </body>
</html>
