2970 4152
1216 455 1221 466 “
1238 488 1241 493 -
1288 459 1571 509 CARMINA.

424 544 476 580 Ex
492 557 623 583 eorum
642 548 898 599 intelligentias

421 606 563 643 Cantus
582 616 729 647 nostros
745 611 875 649 condis
891 612 1102 650 dulcedine.

470 705 559 742 Tibi
576 707 625 744 sit
638 709 881 758 acceptabile,

467 763 586 802 Nobis
602 768 655 804 sic
671 768 737 806 fiet
752 769 845 807 utile

421 823 534 870 Quod
551 826 598 863 de
613 829 688 865 tuis
703 829 886 867 solvemus
904 830 1096 879 laudibus,

418 883 456 920 Si
473 886 576 934 quod
593 895 700 925 sonat
715 889 1024 928 intellexerimus.

466 982 618 1032 Triplex
636 985 884 1036 intelligentia

462 1042 615 1081 Diversa
631 1045 772 1094 praebet
783 1047 936 1084 fercula.

417 1099 569 1140 Deliciis
583 1104 748 1143 abundat
762 1108 874 1144 variis

417 1161 535 1200 Sacrae
550 1176 676 1203 mensa
693 1167 892 1217 scripturae
909 1168 1053 1205 fertilis.

458 1263 577 1302 Alunt
592 1278 723 1315 parvos
738 1267 918 1305 historica
929 1296 939 1314 ,

461 1322 623 1362 Pascunt
639 1326 787 1364 adultos
802 1329 956 1377 mystica
967 1357 977 1372 ‚

412 1381 670 1422 Perfectorum
685 1387 843 1425 ferventi
856 1391 866 1406 ¹
885 1388 1010 1426 studio

413 1441 624 1493 suscipitur
638 1446 790 1484 moralis
805 1447 928 1485 lectio.

459 1541 539 1580 Illis
555 1543 646 1582 fides
662 1546 864 1591 astruitur,

459 1602 513 1639 Ex
530 1603 602 1641 hac
616 1604 762 1642 fructus
778 1605 987 1655 colligitur,

411 1663 572 1700 Fructus
588 1664 652 1701 hic
669 1672 725 1702 est
740 1673 779 1702 et
796 1667 1087 1712 consummatio,

410 1723 535 1771 Quam
549 1723 615 1761 des
630 1725 757 1772 nobis,
777 1737 925 1763 morum
942 1727 1155 1764 instructio.

455 1823 543 1860 Haec
559 1823 666 1861 nobis
676 1852 688 1872 ,
702 1825 820 1870 Deus,
841 1825 981 1862 fercula

456 1882 538 1920 Tua
556 1884 700 1932 paravit
717 1884 833 1934 gratia
844 1913 855 1930 ‚

407 1941 461 1979 Ut
475 1942 535 1980 his
553 1951 679 1981 nostra
693 1945 947 1994 peregrinatio

406 2001 645 2041 sustentetur
660 2004 767 2054 quasi
785 2005 930 2042 viatico.

450 2101 509 2138 Sit
523 2114 656 2152 perpes
672 2104 751 2141 Deo
766 2104 883 2154 gloria
893 2133 903 2150 ‚
921 2112 990 2142 etc.

831 2229 901 2266 111.

448 2324 494 2360 In
511 2330 636 2361 ortum
653 2327 788 2364 mundi
806 2328 952 2366 sensilis

448 2383 612 2422 Mundus
629 2386 890 2437 intelligibilis,

401 2442 506 2480 Coelo
523 2444 633 2482 simul
650 2453 688 2483 et
703 2453 804 2484 terra
821 2447 974 2485 condito
989 2478 998 2494 ‚

401 2502 457 2539 De
475 2502 602 2540 divino
615 2504 694 2552 jam
710 2506 838 2554 prodit
853 2508 992 2544 animo.

449 2589 594 2626 Coelum
614 2603 700 2627 mox
715 2590 945 2640 spiritalibus

447 2648 682 2686 Redimitum
703 2658 759 2687 est
775 2650 941 2697 civibus;

399 2709 486 2746 Haec
503 2716 694 2747 auctorem
711 2722 820 2748 suum
838 2710 1026 2750 laudantia

399 2770 583 2807 Matutina
601 2777 688 2807 sunt
702 2770 767 2808 illa
782 2771 916 2809 sidera.

447 2863 575 2900 Tellus
592 2865 731 2912 inanis,
750 2877 862 2902 vacua
874 2893 885 2911 ‚

443 2923 597 2960 Latebat
613 2925 720 2974 aquis
736 2925 855 2962 obsita
871 2941 880 2971 ;

396 2983 475 3020 Hac
493 2983 605 3021 facies
619 2984 797 3032 profundi
816 2986 976 3035 gurgitis

393 3043 588 3093 Caligabat
601 3044 776 3082 obductis
790 3046 967 3083 tenebris.

439 3131 547 3181 Aqua
557 3139 570 3155 ⁸
588 3130 715 3168 fovens
730 3131 897 3169 vivificus

438 3190 523 3227 Jam
542 3190 783 3229 incumbebat
799 3193 970 3241 spiritus,

392 3249 446 3286 Ut
460 3250 552 3288 hinc
571 3263 673 3301 aquae
685 3251 764 3300 jam
781 3258 873 3290 tuno
890 3254 1131 3302 conciperent

390 3308 503 3347 Unde
518 3310 663 3359 prolem
681 3324 783 3350 nunc
802 3324 942 3351 sacram
961 3322 1150 3363 parerent.

387 3462 398 3480 ¹
424 3464 594 3500 Ferimenu
611 3466 694 3505 Cod,
726 3467 823 3501 Brux.
853 3486 892 3494 —
924 3468 937 3487 ⁸
966 3469 1020 3504 Sic
1045 3472 1129 3506 Cod.
1155 3473 1253 3508 Bmx.

347 3520 444 3556 Brux.

1552 557 1597 592 In
1612 561 1623 580 ³
1642 557 1775 594 muudi
1791 568 1940 607 quoque
1958 559 2163 606 primordia

1454 620 1457 621 ’
1494 616 1498 618 ’
1527 645 1532 651 .
1556 617 1666 652 Lucis
1683 623 1882 654 venustans
1899 618 2036 666 gratia,

1505 676 1610 712 Dixit
1625 677 1724 713 Deus
1742 693 1749 713 ε
1768 677 1824 714 Sit
1840 677 1918 723 lux,
1939 684 1978 714 et
1993 678 2086 715 facta
2101 687 2175 725 est,

1505 737 1538 772 A
1557 736 1721 773 tenebris
1740 737 1829 774 inde
1846 737 1961 775 divisa
1977 745 2047 775 est.

1544 829 1602 866 Sit
1617 842 1749 879 perpes
1764 831 1844 867 Deo
1862 831 1978 879 gloria
1988 860 1998 877 ‚
2019 838 2090 868 etc.

1935 951 2006 989 IV.

1551 1053 1597 1088 Iu
1615 1059 1797 1089 coaeterno
1812 1053 1997 1089 Dominus

1552 1112 1683 1150 Verbo
1701 1112 1797 1150 dixit
1810 1112 2010 1150 altissimus
2031 1128 2039 1148 :

1506 1172 1801 1210 Firmamentum
1818 1173 1865 1210 sit
1882 1173 2165 1221 interpositum,

1505 1233 1559 1270 Ut
1575 1234 1718 1271 dividat
1734 1246 1915 1284 aquarum
1932 1232 2113 1269 medium.

1541 1326 1694 1364 Dictum
1711 1327 1864 1364 effectus
1882 1326 2066 1376 sequitur.

1546 1375 1709 1435 Abyssus
1724 1386 1994 1430 interceditur-3

1499 1445 1715 1482 Jacentibus
1734 1445 1841 1495 aquis
1859 1444 2017 1482 inferius

1500 1504 1790 1554 Suspenduutur
1804 1516 1907 1554 aquae
1925 1504 2108 1553 superius.

1547 1604 1696 1651 Quibus
1713 1604 1781 1641 has
1796 1613 1911 1654 aquas
1929 1604 2058 1641 usibus

1546 1663 1741 1710 Reservet‚
1762 1665 1866 1701 novit
1881 1664 2077 1701 Dominus.

1499 1724 1655 1760 Constat
1670 1731 1794 1761 autem
1814 1731 1853 1761 et
1869 1724 1965 1770 haec,
1982 1731 2021 1761 et
2039 1731 2168 1761 caetera

1498 1783 1615 1821 Nobis
1632 1797 1733 1830 esse,
1753 1797 1829 1822 non
1848 1785 1939 1831 sibi,
1961 1785 2123 1822 condita.

1546 1882 1694 1919 Nostris
1716 1884 1996 1920 necessitatibus

1544 1943 1769 1980 Providetur
1786 1945 1826 1980 in
1844 1944 2019 1981 omnibus
2035 1960 2045 1990 ;

1498 2004 1572 2040 Pro
1589 2003 1746 2053 singulis
1763 2017 1784 2041 a
1801 2004 1908 2041 nobis
1925 2004 2088 2042 Domino

1497 2064 1717 2102 Gratiarum
1737 2064 1896 2102 debetur
1917 2066 2027 2102 actio.

1542 2165 1600 2202 Sit
1616 2176 1749 2213 perpes
1765 2164 1844 2202 Deo
1862 2165 1998 2213 gloria,
2016 2171 2087 2203 etc.

1863 2299 1985 2345 pv.

1542 2402 1602 2439 Ad
1616 2402 1745 2440 laudes
1762 2403 1823 2440 die
1842 2405 1952 2443 tertia

1541 2461 1618 2498 Nos
1636 2462 1716 2510 ejus
1732 2470 1888 2500 monent
1903 2476 2016 2513 opera
2032 2479 2042 2508 ;

1491 2521 1738 2570 Congregatis
1756 2521 1997 2559 inferioribus

1490 2582 1610 2630 Aquis
1626 2588 1764 2618 terram
1780 2581 1922 2618 detexit
1938 2582 2132 2618 Dominus.

1536 2688 1653 2723 Terra
1669 2686 1815 2723 detecta
1830 2686 1999 2735 pululat⁴
2014 2704 2024 2734 3

1531 2746 1695 2783 Herbam
1713 2753 1751 2783 et
1768 2747 1912 2796 lignum
1932 2748 2138 2797 germinat;

1438 2795 1442 2799 ²
1483 2808 1608 2846 Omne
1626 2819 1742 2856 genus
1757 2807 1881 2850 herbae
1898 2808 2145 2857 producitur3

1485 2867 1610 2905 Omne
1626 2867 1720 2916 ligni
1740 2879 1857 2917 genus
1869 2869 2071 2906 emittitur.

1531 2976 1575 3011 In
1592 2982 1692 3012 terra
1710 2981 1816 3012 terrae
1833 2976 2042 3025 principem

1532 3034 1793 3072 Collocaturus
1807 3035 2001 3075 homiuem
2010 3065 2021 3084 ,

1482 3096 1620 3132 Locum
1638 3095 1738 3132 Deus
1756 3096 1925 3134 ornando
1944 3106 2125 3147 praeparat

1481 3154 1578 3191 Vitae
1596 3161 1728 3191 nostrae
1743 3167 1855 3205 quem
1871 3168 1961 3193 usus
1977 3158 2158 3206 postulat.

1529 3261 1761 3299 Recusamur
1778 3263 1819 3299 in
1835 3263 2011 3301 omnibus

1530 3321 1569 3358 Si
1583 3321 1762 3360 factorem
1779 3325 2074 3371 contemnimus3

1278 3490 1323 3503 --
1350 3476 1363 3494 ⁸
1383 3477 1435 3511 Sic
1457 3478 1539 3512 Cod.
1567 3479 1662 3513 Brux.
1678 3498 1697 3504 -
1710 3481 1746 3514 [n
1765 3481 1940 3518 delendum
1959 3495 2031 3519 esse
2050 3486 2176 3521 videtur

2398 465 2494 512 299

2179 3511 2187 3519 .
2220 3506 2246 3511 =
2264 3487 2277 3505 ⁴
2301 3489 2355 3523 Sic
2380 3490 2461 3524 Cod.
