2970 4152
402 511 498 548 Solis
515 513 664 549 intuens
683 512 760 549 illic
777 512 901 549 radios

405 571 558 608 Summo
571 572 704 620 jubare
723 573 953 609 beatissimos
966 600 977 619 ,

405 632 541 669 Visum
559 633 698 678 reficit,
717 634 834 682 pascit
849 633 991 669 oculos.

402 719 454 754 Ex
473 719 678 756 substantia
695 720 781 756 solis
797 721 907 766 ignea

402 779 514 815 Calor
531 780 707 828 prodiens
724 787 762 816 et
777 780 840 816 lux
866 781 991 828 genita

403 839 663 877 oblectamina
679 841 843 889 praebent
865 841 1038 877 maxima.

401 927 538 975 Pet-pes
557 926 674 974 gloria
686 955 696 972 ,
721 933 792 962 etc.

813 1045 931 1082 LXX.

400 1137 600 1186 Quadriga?
619 1138 762 1175 Christi
793 1138 1004 1175 vehiculum

399 1197 581 1234 Torcular
599 1205 718 1247 gestat
739 1198 990 1244 dominicum,

399 1259 486 1305 Quo
506 1258 638 1295 botrus
655 1271 802 1307 pressus
824 1260 864 1295 in
882 1259 1059 1308 poculum

399 1318 535 1355 Reficit
557 1318 669 1355 corda
691 1319 854 1356 fidelium
862 1348 871 1358 .

397 1418 598 1467 Scripturae
619 1391 764 1456 t-extum
791 1419 985 1457 dominicae

397 1478 597 1528 Quadrigae
612 1491 749 1528 corpus
769 1480 955 1529 intellige,

397 1539 481 1585 Qua
497 1539 567 1575 Dei
591 1539 750 1576 verbum
767 1540 973 1577 innumerae

384 1599 569 1639 ‚Delatum
586 1607 718 1652 tenent
733 1601 906 1637 ecclesiae.

397 1687 597 1736 Quadrigae
614 1695 702 1725 rotae
724 1689 913 1725 volumina

396 1747 570 1794 Quatuor
587 1755 674 1785 sunt
691 1749 907 1798 Evangelia,

396 1808 568 1854 Quorum
593 1809 792 1856 scriptores
810 1808 1012 1846 clarissima

394 1867 640 1919 Promeruere
657 1868 846 1905 solemnia.

394 1954 526 1991 Gloria
541 1955 643 1991 Patri
661 1962 698 1991 et
717 1956 833 2002 Filio,

394 2015 627 2064 Spirituique
644 2016 822 2064 paraclito
834 2046 844 2062 ‚

394 2075 470 2111 Uni
489 2082 565 2112 tam
584 2076 663 2113 Deo
682 2089 794 2126 quam
814 2077 997 2125 Domino,

395 2136 522 2182 Quum
540 2137 616 2173 sint
632 2148 798 2185 personae
813 2144 889 2174 tres
907 2151 1078 2178 numero.

1082 2204 1198 2239 Amas.

795 2312 932 2349 LXXI.

394 2407 575 2443 Torcular
592 2420 682 2444 crux
706 2415 763 2445 est
787 2409 992 2456 dominica3

393 2467 546 2503 Botrum
566 2468 629 2504 hic
647 2468 839 2505 Christum
858 2471 1070 2518 considera;

394 2527 512 2563 Vecte
531 2539 750 2576 suspensum
773 2529 877 2566 hunc
899 2533 1051 2578 mystica

391 2586 643 2635 praefiguravit
661 2587 832 2625 historia.

391 2673 424 2708 H
431 2686 502 2709 unc
519 2672 725 2710 deferentes
749 2674 795 2710 ad
812 2675 1002 2724 populum·

389 2732 606 2769 Fertilitatis
623 2733 803 2770 indicium
817 2763 827 2780 ‚

389 2792 440 2828 Hi
457 2800 544 2829 sunt
562 2794 626 2842 qui
652 2795 774 2831 crucis
792 2798 1031 2844 mysterium,

387 2852 523 2888 Mundi
536 2853 706 2898 salutem,
722 2857 905 2903 aperiunt.

386 2939 492 2976 Prior
510 2953 585 2976 non
602 2941 730 2978 videns
746 2955 858 2992 quem
879 2944 1019 2993 bajulat

386 2999 528 3036 Christi
546 3002 748 3050 prophetas
765 3004 958 3052 significat.

384 3059 422 3095 Is
438 3060 502 3108 qui
517 3060 683 3098 succedit
698 3069 741 3099 ut
757 3063 897 3110 videat,

386 3120 478 3157 Visa
500 3129 692 3159 narrantes
709 3123 778 3160 hos
795 3124 959 3162 denotat.

384 3206 515 3244 Gloria
531 3208 654 3256 Patri,
677 3216 748 3246 etc.

776 3326 932 3365 LXXII.

383 3423 555 3469 Quatuor
571 3433 658 3463 sunt
675 3427 751 3464 haec
776 3429 947 3466 animalia

380 3483 507 3521 Variis
522 3485 652 3523 formis
676 3488 865 3527 distantia.

497 3558 511 3588 1

1270 417 1551 466 CARMINA.

1498 523 1605 560 Visio
1631 524 1746 560 refert
1769 525 1989 573 prophetica

1491 585 1805 635 Apocalypsisque
1827 585 1995 634 mystica.

1490 691 1525 726 A
1548 691 1689 727 dextris
1711 691 1826 728 homo
1843 692 2056 740 concipitur

1491 750 1612 799 Eique
1629 750 1687 787 leo
1713 752 1976 804 conjungitur,

1492 811 1625 848 Vitulo
1647 812 1732 848 laeva
1751 811 1973 848 conceditur
1991 840 2000 856 ,

1489 871 1627 920 Aquila
1644 884 1756 920 super
1774 871 1978 908 extollitur.

1489 979 1568 1016 Alis
1589 981 1781 1029 quaternis
1798 979 1875 1015 haec
1898 979 2050 1027 praedita

1490 1039 1564 1077 Vel
1580 1039 1744 1077 faciebus
1761 1047 1848 1076 sunt
1872 1039 2039 1088 singula3

1490 1099 1623 1136 Oculis
1648 1100 1757 1149 plena
1779 1107 1868 1137 sunt
1883 1111 2059 1149 corpora,

1490 1160 1544 1196 Ut
1560 1173 1628 1197 nec
1655 1161 1714 1197 his
1738 1160 1847 1197 dorsa
1867 1161 1942 1196 sint
1960 1172 2084 1196 vacua.

1490 1259 1621 1296 Gloria
1639 1260 1759 1305 Patri,
1783 1267 1855 1296 etc.

1869 1401 2046 1438 LXXIII.

1493 1510 1595 1546 Eunt
1613 1522 1699 1546 cum
1720 1509 1793 1545 illis
1810 1509 1984 1546 euntibus

1486 1570 1615 1619 Atque
1634 1576 1737 1606 stant
1752 1576 1842 1606 rotae
1859 1582 1944 1606 cum
1962 1570 2163 1615 stantibus;

1486 1631 1672 1667 Levantur
1690 1643 1776 1667 cum
1794 1631 2045 1677 elevantibus;

1484 1690 1582 1727 Cum
1599 1691 1659 1727 his
1677 1691 1758 1727 vitae
1777 1692 1824 1728 sit
1842 1692 2008 1740 spiritus.

1483 1789 1601 1826 Pedes
1617 1802 1751 1827 eorum
1771 1791 1884 1839 pedes
1902 1791 2017 1837 recti,
2067 1826 2071 1830 Α

1484 1849 1690 1900 Plantaque
1706 1851 1813 1900 pedis
1830 1858 1873 1888 ut
1889 1851 1997 1888 vituli

1487 1911 1683 1960 Tanquam
1700 1924 1745 1948 ex
1764 1924 1833 1949 aere
1849 1913 1925 1948 sint
1942 1912 2138 1957 candenti,

1486 1971 1662 2008 Scintillae
1679 1972 1763 2008 visae
1777 1979 1865 2009 sunt
1881 1972 2074 2021 progredi.

1485 2070 1703 2107 Carbonum
1720 2073 1837 2108 instar
1854 2072 2068 2110 ardentium

1486 2130 1717 2179 Lampadum
1739 2132 1883 2170 habent
1901 2133 2179 2182 splendentium

1485 2190 1531 2226 In
1549 2191 1706 2227 modum
1723 2192 1799 2229 visa
1817 2193 2036 2230 micantium

1486 2250 1546 2288 lre
1565 2251 1688 2289 redire
1709 2259 1797 2289 sunt
1816 2252 2018 2303 fulgorum.

1485 2350 1617 2388 Gloria
1635 2353 1757 2399 Patri,
1782 2361 1853 2391 etc.

1861 2505 2038 2544 LXXIV.

1624 2611 1685 2646 Ad
1702 2611 1859 2649 telestis

1624 2669 1765 2721 Qrtum
1784 2673 1903 2720 regis,

1623 2729 1703 2767 Rex
1719 2738 1889 2769 terrenus

1620 2792 1641 2828 J
1645 2804 1687 2828 us
1704 2792 1842 2830 auferri

1621 2853 1747 2890 Timet
1764 2854 1835 2890 sibi

1621 2912 1870 2962 Principatus.

1622 3020 1839 3076 Inauditum

1619 3080 1738 3118 Stellae
1759 3083 1909 3131 signum

1620 3141 1694 3178 Ubi
1713 3152 1888 3190 narrant,

1627 3204 1831 3242 Civitatem

1617 3267 1742 3314 Atque
1763 3278 1889 3314 regem

1615 3325 1716 3374 Magi
1740 3326 1904 3363 turbant.

1615 3425 1714 3461 Hinc
1732 3434 1941 3463 commotus

1615 3484 1693 3522 Rex
1710 3485 1863 3535 iniquus

2248 3563 2290 3605 41

2388 416 2473 463 324
