2970 4152
1354 524 1832 629 MAGISTRI

756 744 1306 900 PETRI
1436 758 2434 902 ABAELARD'I

934 1034 1336 1094 EXPOSITIO
1381 1033 1720 1094 ORATION
1727 1033 1793 1092 IS
1838 1032 2251 1093 DOMINICAE.

592 1564 722 1610 Inter
744 1565 906 1612 omnia
928 1581 1033 1629 quae
1055 1565 1280 1629 fragilitas
1301 1565 1515 1612 humana
1538 1563 1693 1611 facere
1715 1573 1897 1630 potest,
1923 1564 2054 1612 unde
2076 1565 2264 1630 placere
2286 1564 2554 1623 conditori,
2579 1564 2655 1612 vel

527 1660 637 1690 eum
659 1643 848 1708 placare
871 1644 1046 1703 valeat,
1072 1644 1333 1710 plurimum
1356 1644 1555 1709 prodest
1576 1645 1749 1703 oratio,
1776 1645 1814 1691 si
1837 1661 1949 1691 cum
1971 1661 2092 1710 pura
2113 1645 2407 1692 conscientia
2428 1654 2476 1691 et
2497 1643 2656 1691 cordis

525 1723 792 1771 humilitate
823 1724 920 1772 fiat.
952 1725 1066 1771 Ideo
1096 1724 1206 1772 dico
1229 1741 1341 1772 cum
1363 1742 1486 1790 pura
1508 1726 1803 1772 conscientia
1831 1735 1877 1772 et
1901 1717 2018 1773 'cum
2045 1726 2205 1773 cordis
2226 1725 2513 1784 humilitate,
2544 1724 2656 1789 quia

526 1803 564 1848 si
586 1803 880 1851 conscientia
902 1803 1042 1851 fuerit
1064 1804 1206 1851 sorde
1228 1821 1387 1869 pravae
1409 1804 1692 1864 voluntatis,
1717 1805 1793 1852 vel
1816 1806 1976 1870 operis
1998 1822 2133 1853 naevo
2156 1805 2341 1870 polluta
2359 1842 2369 1864 ,
2395 1805 2435 1851 si
2456 1820 2542 1851 cor
2573 1820 2657 1850 no-

526 1892 677 1929 strum
698 1884 830 1931 inani
853 1883 994 1930 fuerit
1016 1884 1222 1931 elatione
1239 1883 1494 1948 repletum,
1513 1885 1668 1931 oratio
1691 1894 1858 1932 nostra
1871 1885 2001 1950 apud
2014 1888 2170 1932 Deum
2183 1902 2284 1931 non
2300 1884 2545 1949 recipitur,
2565 1900 2655 1931 nec

526 1973 689 2010 noster
711 1964 898 2010 animus
922 1964 1188 2011 exauditur.
1216 1965 1310 2021 Qui
1336 1965 1507 2010 avertit
1539 1980 1706 2011 aurem
1727 1981 1864 2011 suam
1893 1981 1954 2011 ne
1978 1964 2141 2012 audiat
2167 1964 2345 2028 legem,
2372 1964 2526 2010 oratio
2556 1963 2655 2026 ejus

527 2044 615 2089 erit
637 2043 928 2090 execrabilis.
953 2044 1187 2091 Mediator
1215 2045 1375 2108 itaque
1399 2045 1487 2091 Dei
1507 2054 1562 2095 set
1590 2044 1846 2091 hominum
1874 2044 2026 2091 homo
2054 2044 2269 2091 Christus
2297 2043 2406 2091 Jesu
2434 2043 2658 2091 humanae

527 2124 665 2171 saluti
693 2125 948 2171 consulens
977 2135 1024 2171 et
1052 2125 1119 2171 illi
1154 2125 1526 2172 misericorditer
1561 2125 1845 2189 providem,
1878 2126 2003 2171 inter
2034 2134 2203 2174 caetera
2229 2124 2537 2172 sanctissimae
2566 2123 2656 2170 do-

527 2205 689 2250 ctrinae
717 2204 865 2252 verba
893 2204 1099 2252 formam
1128 2205 1358 2252 orationis
1386 2205 1611 2264 instituit,
1641 2215 1688 2252 et
1719 2205 1970 2269 quomodo
1997 2208 2187 2251 Patrem
2209 2220 2346 2251 orare
2368 2203 2654 2261 debeamus,

529 2283 721 2330 edocuit
735 2284 938 2331 dicens¹z
959 2288 1156 2342 «Quum
1167 2283 1381 2344 orabitis,
1393 2302 1493 2331 non
1509 2285 1637 2332 eritis
1651 2285 1772 2332 sicut
1779 2285 2058 2350 hypocritae,
2070 2285 2153 2349 qui
2166 2294 2331 2331 amant
2342 2284 2392 2330 in
2407 2284 2657 2348 synagogis

528 2373 574 2409 et
597 2364 645 2409 in
670 2364 853 2428 angulis
876 2364 1142 2430 platearum
1170 2376 1348 2413 stantes
1380 2382 1517 2413 orare
1542 2385 1551 2412 :
1576 2376 1768 2413 orantes
1791 2376 1952 2413 autem
1974 2364 2123 2413 nolite
2146 2364 2352 2412 multum
2382 2364 2516 2428 loqui
2537 2365 2659 2412 sicut

528 2445 722 2492 ethnici.
747 2449 921 2493 Putant
943 2447 1072 2493 enim
1094 2448 1207 2511 quia
1227 2448 1277 2493 in
1301 2447 1605 2511 multiloquio
1629 2464 1717 2494 suo
1738 2447 2070 2494 exaudiantur.
2091 2446 2167 2492 Sic
2187 2462 2301 2510 ergo
2323 2462 2410 2492 vos
2427 2444 2624 2492 orabitis
2643 2463 2654 2490 ε

532 2544 553 2569 «
573 2528 710 2572 Pater
731 2536 911 2586 noster,
935 2527 1017 2591 qui
1036 2543 1085 2573 es
1108 2527 1157 2574 in
1181 2526 1328 2587 coelis,
1348 2537 1439 2574 etc.
1460 2546 1482 2571 υ
1505 2531 1559 2574 In
1582 2527 1673 2574 hac
1697 2528 1916 2574 oratione
1939 2526 2183 2574 dominica
2200 2535 2385 2591 septem
2403 2525 2658 2591 petitiones

528 2622 627 2652 esse
645 2606 1008 2670 dignoscuntur.
1034 2608 1191 2655 Prima
1213 2608 1380 2673 petitio
1404 2617 1495 2654 est:
1521 2627 1543 2653 «
1566 2610 1705 2655 Pater
1721 2618 1900 2668 noster,
1924 2608 2007 2671 qui
2024 2624 2073 2654 es
2096 2607 2146 2653 in
2169 2606 2318 2665 coelis,
2337 2605 2658 2653 sanctificetur

529 2703 707 2733 nomen
730 2697 884 2733 tuum.
914 2706 935 2732 υ
962 2688 1204 2736 Secunda:
1233 2708 1256 2733 «
1275 2689 1508 2736 Adveniat
1531 2705 1733 2752 regnum
1754 2698 1907 2735 tuum.
1930 2707 1953 2732 »
1972 2688 2149 2734 Tertia:
2180 2705 2205 2732 «
2219 2687 2321 2735 Fiat
2342 2686 2564 2734 voluntas
2576 2696 2658 2732 tua

529 2768 649 2813 sicut
682 2769 730 2814 in
767 2767 888 2815 coelo
924 2778 971 2814 et
1004 2769 1052 2814 in
1088 2778 1275 2815 terra.»
1308 2772 1490 2826 Quarta
1515 2787 1524 2815 ε
1556 2788 1579 2813 «
1605 2772 1784 2816 Panem
1808 2778 2029 2815 nostrum
2061 2767 2399 2832 quotidianum
2427 2767 2490 2814 da
2517 2765 2658 2813 nobiS

531 2848 732 2894 hodie.»
752 2849 931 2905 Quinta
951 2866 960 2893 :
984 2868 1006 2892 «
1029 2858 1075 2895 et
1097 2848 1283 2895 dimitte
1306 2848 1447 2895 nobis
1470 2849 1633 2895 debita
1654 2858 1820 2896 nostra
1836 2850 1958 2896 sicut
1981 2858 2027 2895 et
2051 2865 2141 2895 nos
2163 2847 2446 2894 dimittimus
2469 2846 2657 2893 debito-

530 2927 662 2975 ribus
684 2929 876 2975 nostris.
899 2948 922 2972 »
939 2930 1099 2975 Sexta:
1122 2948 1144 2972 «
1163 2938 1210 2975 et
1231 2945 1293 2975 ne
1312 2946 1401 2977 nos
1417 2929 1617 2976 inducas
1636 2930 1685 2975 in
1703 2930 2036 2977 tentationem.
2059 2947 2082 2973 »
2103 2928 2315 2993 Septima
2336 2946 2346 2973 :
2368 2926 2492 2974 «sed
2509 2925 2659 2974 libera

533 3026 621 3055 nos
644 3026 671 3056 a
693 3009 838 3056 malo.
866 3012 1033 3056 Amen.
1056 3028 1079 3054 »

1411 3143 1559 3173 PRIMA
1592 3143 1771 3173 PETITIO
1779 3163 1788 3173 .

604 3259 626 3283 «
656 3242 790 3286 Pater
821 3250 1014 3300 noster,
1047 3242 1130 3305 qui
1159 3258 1208 3288 es
1236 3242 1285 3288 in
1319 3241 1471 3300 coelis,
1498 3251 1589 3288 etc.
1614 3260 1637 3286 »
1664 3245 1812 3300 Ecce,
1848 3241 2101 3299 carissimi,
2132 3239 2328 3303 singulis
2358 3238 2454 3284 fere
2488 3237 2658 3284 diebus

536 3320 687 3368 clerus
709 3331 756 3367 et
777 3321 1006 3386 populus,
1025 3323 1115 3369 viri
1136 3333 1184 3370 et
1203 3323 1446 3382 mulieres,
1467 3323 1551 3370 sed
1574 3323 1810 3387 praecipue
1833 3322 2003 3370 diebus
2026 3320 2320 3369 solemnibus
2344 3319 2574 3383 gregatim
2596 3319 2657 3366 ad

583 3486 593 3504 ¹
621 3486 749 3527 Matth„
766 3497 840 3530 cap.
858 3497 908 3529 vi,
924 3498 955 3521 v.
975 3488 1007 3521 5.
