2970 4152
1188 386 1503 435 EPISTOLAE.
2339 382 2391 428 31

290 489 628 553 pertinentem,
648 497 936 550 quocunque
954 468 1102 527 modo
1123 481 1410 544 acquireret,
1429 489 1476 526 et
1492 487 1785 527 conventum
1808 474 1921 524 inde
1944 473 2397 533 sanctimonialium,

291 566 375 616 uhi
387 565 467 615 illa
483 580 648 613 comes
661 572 824 611 nostra
840 562 1103 626 prioratum
1120 559 1348 619 habebat,
1371 558 1604 606 violenter
1621 556 1889 623 expelleret.
1914 558 2029 613 Quae
2045 570 2196 619 quum
2208 553 2404 601 diversis

289 645 409 694 locis
440 644 599 693 exules
631 642 1031 707 dispergerentur,
1060 639 1270 690 oblatam
1295 639 1413 687 mihi
1435 655 1472 685 a
1493 637 1703 684 Domino
1732 635 1941 683 intellexi
1973 634 2274 684 occasionem
2309 649 2404 697 qua

290 735 455 774 nostro
479 722 778 771 consulerem
801 720 1029 770 oratorio.
1056 719 1196 769 Illuc¹
1224 719 1408 783 itaque²
1436 733 1679 773 reversus,
1713 732 1820 763 eam
1847 731 1956 762 cum
1991 713 2280 779 quibusdam
2303 712 2404 761 aliis

291 803 352 853 de
376 804 545 854 eadem
574 801 941 865 congregatione
965 800 1055 866 ipsi
1077 798 1451 858 adhaerentibus,
1478 797 1541 845 ad
1563 795 1842 862 praedictum
1875 795 2137 842 oratorium
2163 793 2401 852 invitavi³3

291 899 446 947 eoque
468 882 558 930 illis
583 881 823 940 adductiS,
852 880 1007 945 ipsum
1034 879 1297 927 oratorium
1322 895 1433 927 cum
1451 876 1675 925 omnihus
1693 876 1736 923 ei
1755 874 2099 940 pertinentibus
2122 874 2338 922 concessi
2359 883 2406 921 et

290 961 489 1022 donavi3
526 964 774 1028 ipsamque
805 959 1117 1025 postmodum
1149 959 1460 1007 donationem
1484 967 1724 1016 nostram,
1753 972 1947 1003 assensu
1970 964 2114 1019 atque
2137 955 2403 1001 interventu

289 1040 502 1106 episcopi
519 1051 669 1101 terrae,
689 1055 814 1105 papa
830 1038 1137 1086 Innocentius
1157 1037 1396 1086 secundus
1414 1037 1528 1102 ipsis
1553 1046 1600 1084 et
1623 1052 1789 1085 earum
1814 1033 2097 1099 sequacibus
2112 1048 2197 1097 per
2219 1031 2405 1096 privile·

290 1119 421 1182 gium
452 1120 501 1167 in
532 1128 818 1185 perpetuum
845 1117 1206 1165 corroboravit'*.
1230 1120 1371 1174 ‚Quas
1400 1116 1467 1163 ibi
1491 1116 1695 1180 quidem
1719 1115 1877 1180 primo
1903 1114 2098 1178 inopem
2125 1111 2405 1163 sustinentes

289 1198 459 1259 vitam,
495 1207 543 1246 et
570 1197 633 1246 ad
667 1207 853 1262 tempus
888 1196 1150 1262 plurimum
1179 1196 1439 1257 desolatas,
1474 1196 1644 1243 divinae
1668 1192 2004 1242 misericordiae
2042 1201 2303 1256 respectus,
2330 1194 2406 1239 cui

289 1275 462 1325 devote
487 1276 776 1337 serviebant,
798 1276 850 1325 in
873 1276 1009 1325 brevi
1031 1276 1306 1325 consolatus
1330 1286 1428 1336 est,
1450 1285 1498 1324 et
1515 1292 1567 1322 se
1583 1276 1650 1322 eis
1676 1290 1870 1339 quoque
1893 1289 2061 1320 verum
2088 1270 2300 1321 exhibuit
2324 1274 2407 1318 Pa-

290 1354 519 1404 racletum
533 1391 546 1415 ‚
575 1366 622 1403 et
651 1355 1103 1419 circumadjacentes
1129 1355 1336 1420 populos
1362 1354 1693 1403 misericordes
1720 1353 1787 1400 eis
1811 1362 1954 1417 atque
1977 1351 2211 1416 propitios
2235 1350 2403 1408 effecit.

292 1435 349 1482 Et
365 1433 472 1499 plus
489 1434 631 1498 (sciat
653 1434 828 1498 Deus),
851 1444 904 1482 ut
921 1434 1142 1493 arbitror,
1166 1450 1265 1481 uno
1291 1434 1490 1482 annoin
1517 1433 1718 1481 terrenis
1741 1430 2034 1482 commodis⁵
2058 1439 2169 1476 sunt
2187 1429 2410 1494 multipli-

289 1522 427 1574 catae,
450 1530 596 1577 quam
614 1530 703 1578 ego
726 1530 813 1579 per
829 1523 1048 1574 centum,
1068 1514 1108 1563 si
1124 1513 1190 1561 ibi
1208 1513 1592 1579 permansissem.
1622 1512 1812 1576 Quippe
1830 1511 1952 1574 quo‘
1969 1509 2252 1563 feminarum
2272 1519 2409 1558 sexus

290 1601 360 1640 est
380 1592 632 1653 infirmior,
667 1603 800 1641 tanto
824 1609 991 1640 earum
1013 1594 1176 1658 inopia
1203 1592 1519 1643 miserabilior
1542 1591 1676 1638 facile
1702 1590 1942 1641 humanos
1966 1599 2242 1639 commovet
2257 1592 2270 1614 ⁷
2294 1590 2407 1638 affe-

290 1681 412 1731 ctus,
431 1682 477 1721 et
496 1688 660 1721 earum
675 1672 823 1721 virtus
841 1681 939 1721 tam
951 1675 1054 1721 Deo
1073 1688 1219 1736 quam
1229 1671 1509 1719 hominibus
1526 1680 1599 1725 est
1616 1669 1809 1734 gratior.
1824 1672 2021 1717 Tantam
2041 1678 2202 1717 autem
2209 1670 2407 1732 gratiam

289 1750 338 1800 in
363 1751 514 1801 oculis
540 1752 759 1800 omnium
783 1751 851 1799 illi
874 1753 1028 1799 sorori
1051 1760 1252 1810 nostrae,
1281 1767 1386 1814 quae
1413 1750 1592 1798 caeteris
1615 1758 1814 1815 praeerat
1823 1749 1852 1808 ⁸,
1880 1749 2117 1799 Dominus
2134 1750 2327 1808 annuit,
2357 1760 2409 1796 ut

289 1845 396 1882 eam
413 1830 626 1895 episcopi
650 1830 785 1894 quasi
803 1828 950 1877 filiam
961 1865 973 1888 ,
995 1829 1190 1877 abbates
1208 1829 1344 1892 quasi
1368 1845 1584 1877 sororem
1595 1864 1609 1888 ,
1630 1828 1738 1877 laici
1754 1828 1889 1892 quasi
1907 1837 2108 1877 matrem
2126 1828 2403 1892 diligerent3

289 1918 338 1959 et
368 1925 538 1959 omnes
561 1908 738 1974 pariter
761 1908 863 1972 ejus
891 1908 1197 1972 religionem,
1223 1907 1552 1972 prudentiam,
1581 1917 1629 1955 et
1656 1907 1708 1954 in
1738 1905 1962 1957 omnibus
1985 1907 2408 1972 incomparabilem

289 1988 523 2053 patientiae
554 1987 971 2037 mansuetudinem
1000 1987 1376 2036 admirabantur.
1419 1989 1535 2045 Quae
1570 1996 1751 2052 quanto
1781 1986 1931 2036 rarius
1957 2002 2006 2034 se
2037 1985 2186 2033 videri
2211 1988 2406 2051 permit·

289 2066 438 2127 tebat,
461 2076 514 2115 ut
542 2066 720 2117 scilicet
742 2066 905 2116 clauso
932 2066 1154 2118 cubiculo
1178 2067 1322 2115 sacris
1352 2066 1741 2118 meditationibus
1765 2075 1906 2131 atque
1931 2064 2226 2114 orationibus
2244 2066 2409 2131 purius

290 2157 505 2207 vacaret,
540 2157 674 2196 tanto
705 2147 949 2197 ardentius
982 2147 1084 2212 ejus
1113 2147 1414 2213 praesentiam
1444 2156 1587 2212 atque
1615 2145 1870 2212 spiritualis
1900 2145 2127 2211 colloquii
2153 2146 2336 2196 monita
2358 2146 2409 2193 hi

295 2226 379 2291 qui
401 2227 513 2278 foris
532 2238 643 2275 sunt
659 2227 994 2292 efflagitabant.

361 2308 523 2364 Quum
534 2316 693 2357 autem
709 2324 878 2357 omnes
894 2323 1059 2358 earum
1067 2307 1212 2356 vicini
1223 2306 1531 2356 vehementer
1547 2322 1624 2355 me
1640 2306 1889 2372 culparent
1903 2306 2037 2371 quod
2056 2323 2220 2357 earum
2238 2306 2411 2371 inopiae
2448 2318 2707 2384 Dessggmffibne

297 2385 455 2437 minus
469 2402 615 2450 quam
637 2403 828 2452 possem
851 2396 900 2435 et
919 2386 1147 2436 deberem
1173 2385 1495 2446 consulerem,
1518 2395 1566 2434 et
1589 2386 1722 2435 facile
1750 2386 1801 2434 id
1819 2396 1981 2437 nostra
2004 2386 2170 2436 saltem
2189 2385 2413 2452 praedica·
2470 2374 2706 2436 turpitudinis-l

296 2464 426 2513 tione
450 2466 681 2527 valerem3
709 2468 832 2533 coepi
858 2468 1031 2532 saepius
1051 2467 1114 2516 ad
1139 2483 1217 2514 eas
1242 2467 1436 2526 reverti,
1465 2476 1518 2514 ut
1546 2467 1613 2515 eis
1637 2466 1990 2532 quoquomodo
2008 2465 2327 2517 subvenirem.
2357 2468 2410 2513 ln

296 2561 394 2609 quo
413 2562 503 2597 nec
527 2547 715 2597 invidiae
738 2547 856 2599 mihi
871 2564 1090 2597 murmur
1107 2546 1277 2607 defuit,
1302 2556 1350 2596 et
1363 2546 1497 2611 quod
1515 2563 1594 2596 me
1611 2547 1763 2596 facere
1781 2547 1965 2597 sincera
1979 2545 2180 2595 charitas
2203 2545 2413 2610 compel—

297 2623 445 2685 lebat,
478 2625 615 2677 solita
639 2627 974 2691 derogantium·
999 2627 1204 2692 pravitas
1231 2626 1642 2692 impudentissime
1668 2625 1939 2686 accusabat3
1971 2625 2134 2674 dicens
2157 2641 2235 2672 me
2252 2624 2410 2673 adhuc

297 2704 505 2768 quadam
532 2707 732 2757 carnalis
750 2708 1171 2772 concupiscentiae⁹
1187 2706 1504 2758 oblectatione
1524 2707 1696 2767 teneri,
1721 2707 1854 2771 quasi
1867 2708 1896 2731 ¹⁰
1907 2707 2112 2771 pristinae
2131 2705 2310 2753 dilectae
2334 2722 2411 2753 su-

299 2784 470 2834 stinere
501 2785 765 2838 absentiam
786 2788 864 2839 vix
900 2797 982 2837 aut
1011 2803 1260 2852 nunquam
1283 2797 1487 2853 paterer.
1519 2787 1613 2846 Qui
1638 2787 1909 2852 frequenter
1936 2786 2064 2838 illam
2090 2786 2216 2836 beati
2243 2786 2409 2835 Hiero.-

300 2866 433 2929 nymi
465 2867 813 2930 querimoniam
837 2884 1028 2920 meeum
1052 2867 1274 2928 volvens,
1305 2868 1392 2933 qui
1411 2867 1479 2917 ad
1499 2867 1713 2917 Asellam
1745 2867 1806 2915 de
1837 2867 1956 2915 fictis
1981 2867 2148 2916 amicis
2171 2865 2405 2924 scribens,

301 2945 426 2997 ait¹¹z
452 2965 475 2993 «
505 2946 631 2998 Nihil
664 2946 782 2997 mihi
807 2947 1029 3010 objicitur
1054 2948 1145 2999 nisi
1178 2964 1316 2997 sexus
1350 2964 1508 3008 meus,
1538 2957 1586 2995 et
1614 2947 1713 2999 hoc
1742 2963 1987 3012 nunquam
2015 2946 2300 3010 objiceretur
2322 2947 2411 2994 nisi

301 3041 454 3088 quum
484 3025 851 3077 Hierosolimam
878 3027 1022 3078 Paula
1048 3026 1381 3092 proficiscitur,
1417 3046 1440 3072 »
1476 3030 1534 3079 Et
1558 3028 1730 3080 iterum
1768 3045 1777 3074 ι
1814 3047 1836 3072 α
1858 3030 2149 3091 Antequam,
2180 3045 2204 3071 »
2231 3027 2407 3091 inqui-t,

306 3123 329 3151 κ
345 3103 546 3158 domum
573 3114 749 3159 sanctae.
763 3104 917 3157 Paulae
933 3122 1123 3158 nossem
1134 3143 1150 3166 ,
1168 3107 1312 3159 totius
1330 3107 1380 3159 in
1397 3123 1475 3159 me
1491 3106 1622 3157 urbis
1644 3106 1802 3158 studia
1822 3105 2174 3165 consonabant,
2195 3105 2415 3157 omnium

302 3200 426 3247 pene
456 3183 637 3246 judicio
680 3184 851 3248 dignus
895 3201 1084 3232 summo
1127 3185 1394 3233 sacerdotio
1434 3185 1740 3234 decernebar.
1770 3184 1863 3232 Sed
1896 3185 1994 3232 scio
2028 3202 2115 3250 per
2145 3184 2325 3232 bonam
2367 3194 2412 3230 et

350 3337 359 3355 ⁰
385 3338 471 3371 Illud
494 3305 564 3428 ff.
580 3356 620 3363 —
646 3338 663 3357 ²
687 3339 741 3372 Sic
759 3339 1047 3380 Ana-Namque
1061 3339 1148 3374 Edit.
1178 3338 1274 3374 Δηὼ.
1295 3357 1330 3363 -
1379 3340 1390 3357 ’
1412 3341 1580 3373 Permanet
1608 3339 1672 3373 MS.
1701 3339 1796 3373 Amb.
1821 3357 1857 3364 —-
1887 3339 1900 3357 ⁸
1919 3339 2001 3374 Vide
2026 3346 2094 3373 not.
2125 3349 2189 3373 ιιιι.
2208 3356 2249 3366 -
2273 3339 2286 3357 ⁰
2309 3339 2414 3373 Gouus

306 3392 402 3426 *vide
420 3400 489 3427 not.
538 3393 590 3424 ἢ*
606 3395 806 3432 Condit-mavit
816 3393 1018 3428 Rus-viae
1034 3402 1101 3430 not.
1120 3395 1225 3428 m.—⁸
1238 3396 1335 3428 Prae-
1376 3398 1480 3429 illiciti
1512 3395 1607 3428 Rus.
1630 3413 1665 3419 -
1689 3394 1718 3413 ¹⁰
1739 3395 1867 3433 Sia-GT
1881 3413 1905 3423 -·
1930 3397 2001 3436 Qua
2028 3396 2120 3429 Am).
2139 3413 2164 3421 -
2180 3397 2240 3435 Qut·
2259 3394 2345 3428 Edit.
2370 3410 2414 3420 -

306 3451 364 3482 diis
383 3449 449 3483 MS.
467 3449 562 3483 Δῃὼ.
575 3466 597 3475 -
608 3443 689 3484 Vide
707 3456 775 3484 not.
794 3460 850 3484 ιιι.
865 3469 902 3475 -
920 3450 933 3467 “
952 3451 1078 3490 Quanto
1093 3451 1158 3484 MS.
1178 3450 1272 3485 Amb.
1292 3468 1333 3476 —
1380 3451 1406 3469 ¹¹
1421 3451 1524 3494 Epist.
1538 3462 1638 3485 xxvm
1649 3475 1659 3493 ,
1675 3453 1721 3485 ad
1734 3453 1888 3492 Asellam,
1908 3453 1989 3493 opp.
2003 3458 2026 3486 t.
2042 3451 2097 3493 lv,
2110 3458 2195 3495 part.
2210 3452 2259 3491 11,
2275 3451 2339 3486 col.
2357 3451 2411 3484 66.
