2970 4152
66 0 126 13 ‹rr-⁸
134 0 212 18 Ἴτ’-,Ὗ

215 0 280 17 ηιμ
304 0 349 9 --,ι

538 395 631 441 284
1230 391 1530 438 HELOISSAE
1563 391 1955 441 PROBLEMATA

537 510 558 534 «
583 493 686 537 Non
713 504 817 534 sum
836 486 1069 552 propheta
1090 503 1099 531 ε
1120 485 1269 532 homo
1287 486 1490 550 agricola
1505 503 1591 551 ego
1611 504 1739 548 sum;
1766 489 1993 553 quoniam
2010 487 2159 535 Adam
2183 492 2453 556 exemplum
2472 511 2633 544 meum

537 590 559 613 «
581 569 639 616 ab
655 566 970 615 adolescentia
989 581 1109 612 mea.
1135 584 1158 609 »
1179 568 1237 612 Et
1254 565 1438 613 dicetur
1454 567 1495 613 ei
1521 585 1530 613 ε
1559 571 1721 632 «Quae
1746 578 1856 615 sunt
1873 568 2019 633 plagae
2037 568 2133 614 istae
2156 569 2204 614 in
2225 569 2383 618 medio
2404 589 2633 623 manuum

539 669 561 693 «
584 647 802 695 tuarum?
833 663 855 689 »
878 647 935 692 Et
959 645 1084 692 dicet
1109 663 1119 691 :
1153 665 1175 690 «
1202 646 1284 692 His
1302 645 1514 711 plagatus
1539 646 1643 693 sum
1668 647 1717 693 in
1750 647 1896 694 domo
1920 651 2108 706 eorum,
2139 648 2222 711 qui
2246 648 2503 714 diligebant
2532 671 2627 703 me.

538 749 559 773 ι(
583 733 775 774 Framea
809 726 1031 773 suscitare
1057 742 1198 791 super
1222 736 1462 791 pastorem
1487 744 1672 787 meum,
1702 737 1748 774 et
1771 744 1913 792 super
1954 727 2107 774 virum
2142 728 2457 779 cohaerentem
2487 734 2627 796 mihi,

538 829 560 853 «
585 808 696 855 dicit
718 807 953 854 Dominus
967 806 1273 854 exercituum.
1295 809 1490 854 Percute
1508 817 1766 872 pastorem,
1800 817 1846 854 et
1870 807 2195 872 dispergentur
2220 825 2348 858 oves.
2377 830 2400 855 »

1344 939 1540 999 Solutio⁴
1556 938 1813 986 Aboelardc'.

593 1061 818 1119 Quamvis
838 1060 1084 1108 Zacharias
1117 1060 1234 1107 illud
1265 1077 1354 1125 pro
1382 1059 1803 1125 pseudopropheta
1833 1057 2021 1119 dixerit,
2052 1061 2286 1109 Dominus
2316 1078 2430 1109 vero
2459 1080 2548 1128 pro
2581 1081 2630 1112 se

528 1144 630 1207 ipso
657 1142 913 1202 induxerit,
946 1152 1103 1189 tamen
1122 1141 1215 1188 tale
1241 1150 1308 1187 est
1334 1140 1450 1187 illud
1467 1140 1662 1186 Domini
1687 1139 2005 1186 testimonium
2030 1157 2087 1187 ex
2111 1141 2333 1188 Zacharia
2356 1152 2598 1208 sumptum
2613 1179 2626 1204 ,

502 1222 658 1286 *quod
685 1233 781 1269 tam
812 1221 942 1269 bono
977 1222 1180 1288 pastori,
1217 1236 1360 1284 quam
1386 1219 1512 1267 malo
1542 1220 1803 1273 conveniat.
1840 1219 1946 1265 Sive
1971 1220 2099 1267 enim
2132 1220 2289 1268 bonus
2319 1232 2497 1287 pastor,
2533 1223 2630 1271 sive

526 1305 700 1364 malus,
726 1305 880 1368 aliqua
905 1303 1184 1350 adversitate
1203 1318 1451 1367 percussus
1465 1338 1477 1362 ,
1506 1318 1533 1348 a
1553 1317 1664 1348 cura
1684 1300 1756 1347 illa
1779 1300 2027 1364 pastorali,
2051 1317 2195 1365 quam
2219 1314 2488 1368 acceperat,
2514 1320 2630 1369 prae-

527 1385 769 1449 pediatur;
799 1384 858 1431 ab
883 1384 983 1447 ejus
1010 1383 1237 1446 regimine
1263 1399 1396 1445 grex,
1425 1398 1568 1445 quem
1593 1380 1904 1438 adunaverat,
1933 1378 2230 1445 dispergitur,
2270 1393 2316 1429 et
2339 1382 2629 1447 disgregatus

527 1465 575 1510 in
604 1464 785 1511 diversa
816 1473 1026 1527 vagatur,
1056 1463 1156 1508 sine
1182 1471 1370 1526 pastore
1404 1471 1451 1507 et
1483 1460 1604 1507 duce
1633 1460 1790 1514 factus.
1824 1459 1946 1515 Quia
1973 1475 2084 1524 ergo
2113 1463 2378 1524 persecutio
2412 1462 2629 1510 adversa-

526 1546 724 1604 riorum,
749 1554 843 1590 tam
862 1544 910 1589 in
928 1542 1060 1589 bono
1078 1551 1292 1607 pastore,
1321 1556 1465 1604 quam
1484 1540 1533 1586 in
1559 1539 1684 1586 malo
1696 1537 1823 1597 hanc
1842 1537 2183 1602 dispersionem
2210 1542 2359 1604 gregis
2384 1552 2623 1606 operatur,

526 1642 623 1671 non
661 1623 966 1671 incommode
1005 1623 1266 1681 Dominus,
1310 1620 1441 1684 quod
1473 1619 1747 1684 generaliter
1780 1617 1840 1664 de
1871 1617 2137 1682 pastoribus
2172 1619 2359 1681 dicitur,
2398 1621 2460 1668 ad
2493 1638 2627 1670 suam

526 1706 665 1752 etiam
684 1705 953 1769 passionem
978 1703 1227 1768 applicuit3
1258 1711 1485 1765 tanquam
1513 1701 1548 1747 si
1568 1699 1742 1747 diceret
1769 1716 1779 1744 :
1809 1697 1950 1755 Quod
1975 1699 2251 1762 generaliter
2275 1700 2336 1748 de
2357 1701 2625 1766 pastoribus

525 1802 691 1831 verum
709 1795 800 1844 est,
829 1784 924 1830 hoc
949 1784 1090 1830 etiam
1113 1783 1162 1829 in
1186 1799 1234 1828 se
1261 1780 1601 1846 complendum
1628 1796 1727 1827 esse
1742 1814 1754 1838 ,
1781 1788 1827 1825 et
1851 1778 1911 1846 sic
1934 1778 2076 1825 etiam
2095 1780 2144 1826 in
2169 1797 2219 1827 se
2243 1780 2480 1842 futurum,
2507 1782 2627 1829 sicut

524 1868 569 1913 in
596 1866 968 1931 pseudopastore
994 1865 1144 1911 fuerat
1161 1863 1479 1929 praedictum-2
1513 1872 1565 1909 ut
1583 1862 1631 1908 in
1658 1861 1752 1908 hoc
1778 1860 1912 1948 enain
1938 1859 2244 1924 cum'iniquis
2272 1863 2330 1908 sit
2355 1873 2620 1927 reputatuS,

525 1946 656 2009 quod
682 1946 747 1992 eis
772 1946 912 1992 etiam
937 1946 985 1991 in
1013 1945 1106 1991 hoc
1131 1943 1425 1991 assimilatus.
1826 1949 1874 2240 ,ί

1231 2091 1469 2122 PROBLEMA
1505 2089 1726 2121 HELOISSAE
1760 2091 1823 2120 XX
1867 2090 1910 2118 X.

591 2198 854 2255 Quaerimus
872 2197 1013 2243 etiam
1038 2195 1285 2260 quomodo
1316 2194 1433 2240 illud
1456 2193 1588 2257 quod
1606 2193 1667 2240 de
1687 2192 1795 2256 galli
1819 2209 1853 2263 c¹
1868 2201 1950 2237 ntu
1972 2193 2206 2240 Dominus
2228 2197 2365 2241 Petro
2385 2197 2616 2260 praedixit,

530 2287 621 2324 tam
658 2279 783 2325 varie
819 2277 1044 2341 scriptum
1078 2277 1135 2322 sit
1169 2275 1229 2322 ab
1258 2274 1567 2338 evangelistis.
1603 2270 1848 2320 Matthaeus
1871 2270 2040 2336 quippe
2064 2273 2127 2319 ita
2157 2273 2337 2321 scribit1
2363 2293 2372 2320 :
2407 2294 2430 2320 «
2463 2277 2534 2322 Ait
2556 2276 2622 2323 illi

530 2360 553 2402 J
557 2374 678 2406 esus:
698 2377 719 2401 «
736 2361 881 2403 Amen
899 2356 1007 2403 dico
1018 2356 1121 2416 tibi,
1136 2356 1243 2419 quia
1262 2355 1310 2401 in
1325 2355 1416 2400 hac
1430 2363 1572 2400 nocte
1588 2363 1843 2416 antequam
1853 2349 1988 2414 gallin
1998 2362 2171 2412 cantet,
2187 2362 2258 2399 ter
2274 2370 2351 2400 me
2364 2355 2573 2417 negabis.
2592 2374 2616 2399 n

528 2440 707 2485 Marcus
737 2454 876 2496 vero,
912 2438 993 2500 qui
1019 2435 1327 2499 Evangelium
1355 2450 1495 2480 suum
1520 2434 1624 2497 ipso
1657 2435 1795 2478 Petro
1830 2431 2021 2477 dictante
2050 2431 2222 2478 dicitur
2252 2433 2517 2497 scripsisse,
2554 2435 2620 2481 sic

529 2518 647 2563 ait²z
680 2539 701 2562 «
737 2522 883 2564 Amen
910 2516 1019 2563 dico
1052 2515 1163 2574 tibi,
1198 2515 1309 2579 quia
1334 2513 1479 2560 hodie
1511 2513 1561 2558 in
1594 2520 1734 2558 nocte
1765 2510 1854 2557 hac
1883 2509 2146 2574 priustuam
2173 2511 2246 2558 bis
2279 2512 2428 2576 gallus
2452 2530 2620 2561 vocem

528 2597 724 2656 dederit,
746 2609 815 2646 ter
834 2615 911 2644 me
930 2615 979 2644 es
1003 2607 1274 2660 negaturus.
1296 2614 1321 2640 »
1346 2598 1495 2640 Lucas
1522 2609 1635 2640 vero
1659 2593 1744 2638 ita³
1766 2610 1775 2637 :
1808 2610 1831 2635 «
1853 2590 1972 2636 Dico
1999 2588 2083 2652 tili,
2108 2594 2258 2652 Petre,
2288 2609 2387 2639 non
2411 2594 2620 2641 cantabit

526 2677 670 2725 hodie
687 2679 847 2741 gallus,
876 2678 1032 2724 donec
1057 2687 1128 2723 ter
1143 2675 1348 2738 abneges
1372 2690 1511 2720 nosse
1538 2689 1631 2719 me.
1664 2691 1688 2715 n
1717 2674 1923 2717 Joannes
1941 2671 2155 2717 verosic⁴
2186 2694 2195 2717 ;
2230 2690 2254 2716 «
2284 2674 2454 2731 Amen,
2478 2688 2617 2719 amen

529 2757 634 2804 dico
662 2757 773 2817 tibi,
800 2775 899 2805 non
923 2756 1130 2804 cantabit
1153 2755 1325 2819 gallus,
1355 2754 1510 2800 donec
1537 2763 1608 2799 ter
1631 2768 1708 2798 me
1732 2767 1892 2814 neges.
1928 2768 1949 2792 »
1973 2749 2080 2806 Quil
2104 2768 2217 2816 ergo
2244 2752 2332 2798 sibi
2362 2752 2464 2799 vult
2491 2763 2618 2800 tanta

528 2839 781 2885 verborum
807 2839 1073 2898 diversitas,
1110 2837 1149 2883 si
1178 2835 1321 2883 semel
1351 2851 1502 2881 unum
1539 2851 1596 2880 ex
1631 2833 1706 2879 his
1731 2831 1966 2879 Dominus
1996 2832 2114 2879 Peto
2157 2832 2361 2879 dixerit?
2387 2833 2513 2891 Quid
2548 2843 2619 2881 est

529 2919 668 2964 etiam
689 2919 822 2982 quod
840 2919 952 2965 dicit
972 2920 1156 2964 Marcus
1177 2934 1186 2962 :
1220 2935 1241 2959 «
1266 2914 1419 2961 Hodie
1443 2915 1491 2959 in
1516 2922 1656 2959 nocte
1681 2911 1788 2970 hac,
1822 2928 1845 2954 υ
1867 2926 2016 2973 quum
2039 2925 2317 2976 nquaquam
2341 2929 2434 2964 nox
2460 2913 2509 2959 in
2540 2912 2617 2960 die

530 2999 603 3057 sit,
627 2999 735 3045 etin
754 3008 896 3045 cantu
922 2997 1029 3062 galli
1051 2995 1287 3043 addiderit
1314 3014 1336 3039 «
1360 2994 1459 3052 bis,
1493 3012 1515 3036 »
1544 2991 1676 3056 quod
1700 2990 1853 3038 caeteri
1875 2988 2069 3036 tacent?

1345 3118 1524 3165 Solatl‘o
1558 3115 1815 3184 Abgelardc’.

595 3234 899 3280 Consuetudo
928 3244 997 3280 est
1027 3233 1299 3297 Scripturae,
1329 3220 1525 3276 nomine
1553 3227 1648 3274 diei
1671 3227 1846 3292 pariter
1877 3225 2004 3272 diem
2029 3234 2076 3272 et
2100 3235 2265 3273 netem
2296 3224 2614 3290 comprehen-

530 3312 643 3359 dere
667 3331 675 3358 :
700 3313 841 3359 veluti
861 3330 1009 3377 quum
1035 3313 1256 3368 dicimus,
1285 3310 1397 3375 quia
1423 3309 1500 3356 ille
1517 3308 1657 3367 vixit,
1679 3306 1754 3354 vel
1778 3305 1898 3353 sedit
1917 3315 1988 3352 tot
2007 3303 2196 3354 anniset
2223 3315 2291 3352 tot
2319 3305 2508 3366 diebus,
2536 3306 2609 3353 vel

576 3476 584 3493 ¹
610 3476 738 3518 Matth„
752 3486 823 3519 cap.
845 3486 919 3509 xxvi
932 3502 940 3518 ,
956 3487 987 3509 v.
1006 3477 1059 3509 34.
1078 3494 1116 3500 -
1132 3474 1144 3492 ⁸
1158 3475 1273 3516 Marc.¹
1289 3485 1363 3518 cap.
1380 3484 1448 3515 xiv,
1464 3484 1496 3507 ν.
1511 3473 1565 3505 30.
1583 3489 1620 3496 —-
1639 3471 1652 3489 ³
1667 3470 1762 3513 Luc„
1779 3479 1852 3514 cap.
1870 3480 1938 3502 xxn
1954 3497 1959 3508 ,
1977 3478 2007 3501 v.
2030 3467 2083 3499 34.
2098 3484 2137 3491 —
2154 3465 2266 3510 ⁴oan.,
2280 3479 2351 3512 cap.
2371 3479 2447 3508 xm,
2461 3478 2493 3500 v.
2512 3468 2566 3499 38.
