<?xml version="1.0" encoding="UTF-8"?>
<!DOCTYPE html PUBLIC "-//W3C//DTD XHTML 1.0 Transitional//EN"
    "http://www.w3.org/TR/xhtml1/DTD/xhtml1-transitional.dtd">
<html xmlns="http://www.w3.org/1999/xhtml" xml:lang="en" lang="en">
 <head>
  <title>
</title>
<meta http-equiv="Content-Type" content="text/html;charset=utf-8" />
  <meta name='ocr-system' content='tesseract 3.04.00' />
  <meta name='ocr-capabilities' content='ocr_page ocr_carea ocr_par ocr_line ocrx_word'/>
</head>
<body>
  <div class='ocr_page' id='page_1' title='image "./operahactenusseo01abeluoft_0580.png"; bbox 0 0 2970 4152; ppageno 0'>
   <div class='ocr_carea' id='block_1_1' title="bbox 554 434 1867 487">
    <p class='ocr_par' dir='ltr' id='par_1_1' title="bbox 554 434 1867 487">
     <span class='ocr_line' id='line_1_1' title="bbox 554 434 1867 487; baseline -0.003 -1"><span class='ocrx_word' id='word_1_1' title='bbox 554 438 647 487; x_wconf 82' lang='lat'><strong>566</strong></span> <span class='ocrx_word' id='word_1_2' title='bbox 1351 434 1522 480; x_wconf 87' lang='lat' dir='ltr'><strong>PETRI</strong></span> <span class='ocrx_word' id='word_1_3' title='bbox 1558 434 1867 483; x_wconf 84' lang='lat' dir='ltr'>ABAELARDI</span> 
     </span>
    </p>
   </div>
   <div class='ocr_carea' id='block_1_2' title="bbox 551 529 2674 1959">
    <p class='ocr_par' dir='ltr' id='par_1_2' title="bbox 551 529 2666 739">
     <span class='ocr_line' id='line_1_2' title="bbox 552 529 2666 599; baseline -0.002 -18"><span class='ocrx_word' id='word_1_4' title='bbox 552 550 650 581; x_wconf 90' lang='lat' dir='ltr'><strong>una</strong></span> <span class='ocrx_word' id='word_1_5' title='bbox 671 533 918 599; x_wconf 87' lang='lat' dir='ltr'><strong>provincia</strong></span> <span class='ocrx_word' id='word_1_6' title='bbox 942 531 1064 577; x_wconf 86' lang='lat' dir='ltr'><strong>facta</strong></span> <span class='ocrx_word' id='word_1_7' title='bbox 1099 529 1160 576; x_wconf 88' lang='lat' dir='ltr'><strong>ad</strong></span> <span class='ocrx_word' id='word_1_8' title='bbox 1183 529 1282 592; x_wconf 91' lang='lat' dir='ltr'><strong>ejus</strong></span> <span class='ocrx_word' id='word_1_9' title='bbox 1315 530 1537 599; x_wconf 83' lang='lat' dir='ltr'><strong>notitiam</strong></span> <span class='ocrx_word' id='word_1_10' title='bbox 1561 541 1883 596; x_wconf 88' lang='lat' dir='ltr'><strong>pervenerunt</strong></span> <span class='ocrx_word' id='word_1_11' title='bbox 1900 568 1911 590; x_wconf 87' lang='lat'><em>‚</em></span> <span class='ocrx_word' id='word_1_12' title='bbox 1947 540 2068 594; x_wconf 90' lang='lat' dir='ltr'><strong>quot</strong></span> <span class='ocrx_word' id='word_1_13' title='bbox 2096 539 2143 577; x_wconf 89' lang='lat' dir='ltr'><strong>et</strong></span> <span class='ocrx_word' id='word_1_14' title='bbox 2179 540 2361 595; x_wconf 91' lang='lat' dir='ltr'><strong>quanta</strong></span> <span class='ocrx_word' id='word_1_15' title='bbox 2392 530 2505 579; x_wconf 88' lang='lat' dir='ltr'><strong>talia</strong></span> <span class='ocrx_word' id='word_1_16' title='bbox 2534 530 2666 577; x_wconf 84' lang='lat' dir='ltr'><strong>vide-</strong></span> 
     </span>
     <span class='ocr_line' id='line_1_3' title="bbox 551 604 2665 675; baseline -0.001 -17"><span class='ocrx_word' id='word_1_17' title='bbox 551 613 660 660; x_wconf 86' lang='lat' dir='ltr'><strong>licet</strong></span> <span class='ocrx_word' id='word_1_18' title='bbox 683 613 864 674; x_wconf 90' lang='lat' dir='ltr'><strong>majora</strong></span> <span class='ocrx_word' id='word_1_19' title='bbox 886 611 936 657; x_wconf 90' lang='lat' dir='ltr'><strong>in</strong></span> <span class='ocrx_word' id='word_1_20' title='bbox 967 610 1146 656; x_wconf 87' lang='lat' dir='ltr'><strong>caeteris</strong></span> <span class='ocrx_word' id='word_1_21' title='bbox 1171 608 1338 656; x_wconf 90' lang='lat' dir='ltr'><strong>mundi</strong></span> <span class='ocrx_word' id='word_1_22' title='bbox 1371 604 1586 674; x_wconf 76' lang='lat' dir='ltr'><strong>partibus</strong></span> <span class='ocrx_word' id='word_1_23' title='bbox 1609 610 1671 658; x_wconf 92' lang='lat' dir='ltr'><strong>ad</strong></span> <span class='ocrx_word' id='word_1_24' title='bbox 1700 611 1900 674; x_wconf 87' lang='lat' dir='ltr'>gloriam</span> <span class='ocrx_word' id='word_1_25' title='bbox 1922 611 1995 657; x_wconf 92' lang='lat' dir='ltr'><strong>sui</strong></span> <span class='ocrx_word' id='word_1_26' title='bbox 2017 609 2179 657; x_wconf 92' lang='lat' dir='ltr'><strong>militis</strong></span> <span class='ocrx_word' id='word_1_27' title='bbox 2207 612 2443 658; x_wconf 88' lang='lat' dir='ltr'>Dominus</span> <span class='ocrx_word' id='word_1_28' title='bbox 2476 611 2665 675; x_wconf 86' lang='lat' dir='ltr'><strong>operari</strong></span> 
     </span>
     <span class='ocr_line' id='line_1_4' title="bbox 552 692 1089 739; baseline -0.006 0"><span class='ocrx_word' id='word_1_29' title='bbox 552 692 818 739; x_wconf 89' lang='lat' dir='ltr'><strong>credendus</strong></span> <span class='ocrx_word' id='word_1_30' title='bbox 841 692 915 738; x_wconf 87' lang='lat' dir='ltr'><strong>sit.</strong></span> <span class='ocrx_word' id='word_1_31' title='bbox 1086 696 1089 698; x_wconf 84' lang='grc'><strong>’</strong></span> 
     </span>
    </p>

    <p class='ocr_par' dir='ltr' id='par_1_3' title="bbox 551 770 2669 1318">
     <span class='ocr_line' id='line_1_5' title="bbox 617 770 2668 835; baseline 0.001 -18"><span class='ocrx_word' id='word_1_32' title='bbox 617 771 755 818; x_wconf 87' lang='lat' dir='ltr'>Unde</span> <span class='ocrx_word' id='word_1_33' title='bbox 784 781 831 817; x_wconf 91' lang='lat' dir='ltr'><strong>et</strong></span> <span class='ocrx_word' id='word_1_34' title='bbox 858 770 908 817; x_wconf 91' lang='lat' dir='ltr'><strong>id</strong></span> <span class='ocrx_word' id='word_1_35' title='bbox 931 771 1253 835; x_wconf 81' lang='lat' dir='ltr'><strong>praerogativae</strong></span> <span class='ocrx_word' id='word_1_36' title='bbox 1277 778 1562 818; x_wconf 83' lang='lat' dir='ltr'><strong>consecutus</strong></span> <span class='ocrx_word' id='word_1_37' title='bbox 1588 781 1682 830; x_wconf 92' lang='lat' dir='ltr'><strong>est,</strong></span> <span class='ocrx_word' id='word_1_38' title='bbox 1709 781 1763 818; x_wconf 91' lang='lat' dir='ltr'><strong>ut</strong></span> <span class='ocrx_word' id='word_1_39' title='bbox 1785 772 1834 817; x_wconf 94' lang='lat' dir='ltr'><strong>in</strong></span> <span class='ocrx_word' id='word_1_40' title='bbox 1859 770 1959 834; x_wconf 89' lang='lat' dir='ltr'><strong>ejus</strong></span> <span class='ocrx_word' id='word_1_41' title='bbox 1981 771 2266 817; x_wconf 87' lang='lat' dir='ltr'><strong>memoriam</strong></span> <span class='ocrx_word' id='word_1_42' title='bbox 2286 771 2492 818; x_wconf 85' lang='lat' dir='ltr'><strong>maxime</strong></span> <span class='ocrx_word' id='word_1_43' title='bbox 2512 770 2668 821; x_wconf 84' lang='lat' dir='ltr'><strong>cathe-</strong></span> 
     </span>
     <span class='ocr_line' id='line_1_6' title="bbox 551 850 2663 916; baseline 0 -18"><span class='ocrx_word' id='word_1_44' title='bbox 551 852 746 899; x_wconf 88' lang='lat' dir='ltr'><strong>drarum</strong></span> <span class='ocrx_word' id='word_1_45' title='bbox 769 851 1344 916; x_wconf 85' lang='lat' dir='ltr'><strong>episcopaliumbasilicas</strong></span> <span class='ocrx_word' id='word_1_46' title='bbox 1365 851 1612 900; x_wconf 80' lang='lat' dir='ltr'><strong>videamus</strong></span> <span class='ocrx_word' id='word_1_47' title='bbox 1629 861 1946 898; x_wconf 88' lang='lat' dir='ltr'><strong>consecratas.</strong></span> <span class='ocrx_word' id='word_1_48' title='bbox 1966 852 2059 909; x_wconf 91' lang='lat' dir='ltr'><strong>Qui</strong></span> <span class='ocrx_word' id='word_1_49' title='bbox 2081 851 2263 916; x_wconf 92' lang='lat' dir='ltr'><strong>primus</strong></span> <span class='ocrx_word' id='word_1_50' title='bbox 2279 861 2459 915; x_wconf 87' lang='lat' dir='ltr'><strong>martyr</strong></span> <span class='ocrx_word' id='word_1_51' title='bbox 2471 850 2663 910; x_wconf 89' lang='lat' dir='ltr'><strong>Christi,</strong></span> 
     </span>
     <span class='ocr_line' id='line_1_7' title="bbox 551 930 2668 997; baseline 0 -19"><span class='ocrx_word' id='word_1_52' title='bbox 551 943 780 996; x_wconf 90' lang='lat' dir='ltr'><strong>tanquam</strong></span> <span class='ocrx_word' id='word_1_53' title='bbox 797 932 914 979; x_wconf 87' lang='lat' dir='ltr'><strong>alter</strong></span> <span class='ocrx_word' id='word_1_54' title='bbox 924 931 1056 991; x_wconf 84' lang='lat' dir='ltr'><strong>Abel,</strong></span> <span class='ocrx_word' id='word_1_55' title='bbox 1079 933 1261 997; x_wconf 90' lang='lat' dir='ltr'><strong>proprii</strong></span> <span class='ocrx_word' id='word_1_56' title='bbox 1272 933 1514 996; x_wconf 89' lang='lat' dir='ltr'><strong>sanguinis</strong></span> <span class='ocrx_word' id='word_1_57' title='bbox 1529 932 1797 991; x_wconf 88' lang='lat' dir='ltr'><strong>effusione¹,</strong></span> <span class='ocrx_word' id='word_1_58' title='bbox 1815 931 2030 996; x_wconf 91' lang='lat' dir='ltr'><strong>quidam,</strong></span> <span class='ocrx_word' id='word_1_59' title='bbox 2053 942 2107 978; x_wconf 91' lang='lat' dir='ltr'><strong>ut</strong></span> <span class='ocrx_word' id='word_1_60' title='bbox 2119 932 2185 979; x_wconf 92' lang='lat' dir='ltr'><strong>ita</strong></span> <span class='ocrx_word' id='word_1_61' title='bbox 2202 931 2422 992; x_wconf 84' lang='lat' dir='ltr'><strong>dixerim,</strong></span> <span class='ocrx_word' id='word_1_62' title='bbox 2439 930 2668 979; x_wconf 86' lang='lat' dir='ltr'><strong>fundator</strong></span> 
     </span>
     <span class='ocr_line' id='line_1_8' title="bbox 552 1009 2668 1078; baseline -0 -19"><span class='ocrx_word' id='word_1_63' title='bbox 552 1013 702 1059; x_wconf 89' lang='lat' dir='ltr'><strong>extitit</strong></span> <span class='ocrx_word' id='word_1_64' title='bbox 724 1013 960 1072; x_wconf 80' lang='lat' dir='ltr'><strong>Ecclesiae,</strong></span> <span class='ocrx_word' id='word_1_65' title='bbox 985 1014 1195 1078; x_wconf 91' lang='lat' dir='ltr'><strong>seipsum</strong></span> <span class='ocrx_word' id='word_1_66' title='bbox 1217 1023 1446 1077; x_wconf 86' lang='lat' dir='ltr'><strong>tanquam</strong></span> <span class='ocrx_word' id='word_1_67' title='bbox 1471 1013 1681 1078; x_wconf 88' lang='lat' dir='ltr'><strong>lapidem</strong></span> <span class='ocrx_word' id='word_1_68' title='bbox 1707 1013 1872 1060; x_wconf 83' lang='lat' dir='ltr'><strong>vivum</strong></span> <span class='ocrx_word' id='word_1_69' title='bbox 1894 1022 1941 1059; x_wconf 90' lang='lat' dir='ltr'><strong>et</strong></span> <span class='ocrx_word' id='word_1_70' title='bbox 1969 1012 2232 1059; x_wconf 86' lang='lat' dir='ltr'><strong>multorum</strong></span> <span class='ocrx_word' id='word_1_71' title='bbox 2258 1012 2476 1078; x_wconf 89' lang='lat' dir='ltr'><strong>lapidum</strong></span> <span class='ocrx_word' id='word_1_72' title='bbox 2496 1009 2668 1058; x_wconf 89' lang='lat' dir='ltr'><strong>ictibus</strong></span> 
     </span>
     <span class='ocr_line' id='line_1_9' title="bbox 553 1090 2669 1157; baseline 0 -20"><span class='ocrx_word' id='word_1_73' title='bbox 553 1091 780 1138; x_wconf 90' lang='lat' dir='ltr'><strong>obtusum</strong></span> <span class='ocrx_word' id='word_1_74' title='bbox 815 1102 862 1139; x_wconf 90' lang='lat' dir='ltr'><strong>et</strong></span> <span class='ocrx_word' id='word_1_75' title='bbox 890 1092 1177 1157; x_wconf 87' lang='lat' dir='ltr'><strong>quadratum</strong></span> <span class='ocrx_word' id='word_1_76' title='bbox 1202 1093 1250 1139; x_wconf 93' lang='lat' dir='ltr'><strong>in</strong></span> <span class='ocrx_word' id='word_1_77' title='bbox 1281 1093 1379 1156; x_wconf 91' lang='lat' dir='ltr'><strong>ejus</strong></span> <span class='ocrx_word' id='word_1_78' title='bbox 1402 1092 1770 1139; x_wconf 90' lang='lat' dir='ltr'><strong>fundamentum</strong></span> <span class='ocrx_word' id='word_1_79' title='bbox 1806 1092 2138 1151; x_wconf 90' lang='lat' dir='ltr'><strong>substernens,</strong></span> <span class='ocrx_word' id='word_1_80' title='bbox 2163 1109 2307 1157; x_wconf 92' lang='lat' dir='ltr'><strong>super</strong></span> <span class='ocrx_word' id='word_1_81' title='bbox 2336 1108 2481 1156; x_wconf 90' lang='lat' dir='ltr'><strong>quem</strong></span> <span class='ocrx_word' id='word_1_82' title='bbox 2514 1090 2669 1138; x_wconf 84' lang='lat' dir='ltr'><strong>caeteri</strong></span> 
     </span>
     <span class='ocr_line' id='line_1_10' title="bbox 554 1169 2668 1238; baseline -0 -21"><span class='ocrx_word' id='word_1_83' title='bbox 554 1189 720 1218; x_wconf 89' lang='lat' dir='ltr'><strong>omnes</strong></span> <span class='ocrx_word' id='word_1_84' title='bbox 737 1182 970 1236; x_wconf 88' lang='lat' dir='ltr'><strong>tanquam</strong></span> <span class='ocrx_word' id='word_1_85' title='bbox 986 1173 1036 1219; x_wconf 92' lang='lat' dir='ltr'><strong>in</strong></span> <span class='ocrx_word' id='word_1_86' title='bbox 1059 1174 1164 1238; x_wconf 91' lang='lat' dir='ltr'><strong>ipso</strong></span> <span class='ocrx_word' id='word_1_87' title='bbox 1187 1172 1400 1237; x_wconf 90' lang='lat' dir='ltr'><strong>quodam</strong></span> <span class='ocrx_word' id='word_1_88' title='bbox 1422 1172 1572 1219; x_wconf 91' lang='lat' dir='ltr'><strong>modo</strong></span> <span class='ocrx_word' id='word_1_89' title='bbox 1596 1172 1780 1219; x_wconf 90' lang='lat' dir='ltr'><strong>fundati</strong></span> <span class='ocrx_word' id='word_1_90' title='bbox 1803 1188 1858 1219; x_wconf 92' lang='lat' dir='ltr'><strong>ac</strong></span> <span class='ocrx_word' id='word_1_91' title='bbox 1873 1171 2050 1218; x_wconf 91' lang='lat' dir='ltr'><strong>firmati</strong></span> <span class='ocrx_word' id='word_1_92' title='bbox 2068 1172 2352 1230; x_wconf 88' lang='lat' dir='ltr'><strong>innitantur,</strong></span> <span class='ocrx_word' id='word_1_93' title='bbox 2378 1171 2462 1236; x_wconf 93' lang='lat' dir='ltr'><strong>qui</strong></span> <span class='ocrx_word' id='word_1_94' title='bbox 2483 1180 2531 1218; x_wconf 90' lang='lat' dir='ltr'><strong>et</strong></span> <span class='ocrx_word' id='word_1_95' title='bbox 2553 1169 2668 1216; x_wconf 85' lang='lat' dir='ltr'><strong>viris</strong></span> 
     </span>
     <span class='ocr_line' id='line_1_11' title="bbox 552 1252 2094 1318; baseline 0 -20"><span class='ocrx_word' id='word_1_96' title='bbox 552 1252 764 1299; x_wconf 86' lang='lat' dir='ltr'><strong>exhibuit</strong></span> <span class='ocrx_word' id='word_1_97' title='bbox 786 1253 992 1300; x_wconf 90' lang='lat' dir='ltr'><strong>formam</strong></span> <span class='ocrx_word' id='word_1_98' title='bbox 1005 1255 1281 1301; x_wconf 84' lang='lat' dir='ltr'><strong>constantiae</strong></span> <span class='ocrx_word' id='word_1_99' title='bbox 1303 1263 1350 1300; x_wconf 91' lang='lat' dir='ltr'><strong>et</strong></span> <span class='ocrx_word' id='word_1_100' title='bbox 1373 1253 1559 1300; x_wconf 91' lang='lat' dir='ltr'><strong>seminis</strong></span> <span class='ocrx_word' id='word_1_101' title='bbox 1574 1253 1753 1318; x_wconf 88' lang='lat' dir='ltr'><strong>pariter</strong></span> <span class='ocrx_word' id='word_1_102' title='bbox 1769 1252 2094 1299; x_wconf 83' lang='lat' dir='ltr'><strong>continentiae.</strong></span> 
     </span>
    </p>

    <p class='ocr_par' dir='ltr' id='par_1_4' title="bbox 553 1328 2674 1959">
     <span class='ocr_line' id='line_1_12' title="bbox 619 1328 2671 1397; baseline -0.002 -18"><span class='ocrx_word' id='word_1_103' title='bbox 619 1333 712 1379; x_wconf 93' lang='lat' dir='ltr'><strong>Sed</strong></span> <span class='ocrx_word' id='word_1_104' title='bbox 735 1335 967 1397; x_wconf 91' lang='lat' dir='ltr'><strong>quoniam</strong></span> <span class='ocrx_word' id='word_1_105' title='bbox 989 1344 1163 1381; x_wconf 91' lang='lat' dir='ltr'><strong>cuncta</strong></span> <span class='ocrx_word' id='word_1_106' title='bbox 1183 1334 1284 1380; x_wconf 89' lang='lat' dir='ltr'><strong>haec</strong></span> <span class='ocrx_word' id='word_1_107' title='bbox 1313 1333 1374 1380; x_wconf 91' lang='lat' dir='ltr'><strong>ad</strong></span> <span class='ocrx_word' id='word_1_108' title='bbox 1396 1343 1605 1381; x_wconf 85' lang='lat' dir='ltr'><strong>vestram</strong></span> <span class='ocrx_word' id='word_1_109' title='bbox 1635 1333 1858 1396; x_wconf 86' lang='lat' dir='ltr'><strong>gloriam,</strong></span> <span class='ocrx_word' id='word_1_110' title='bbox 1879 1332 2132 1380; x_wconf 80' lang='lat' dir='ltr'><strong>carissimae</strong></span> <span class='ocrx_word' id='word_1_111' title='bbox 2162 1347 2351 1378; x_wconf 90' lang='lat' dir='ltr'><strong>sorores</strong></span> <span class='ocrx_word' id='word_1_112' title='bbox 2367 1367 2378 1389; x_wconf 92' lang='lat'><strong>,</strong></span> <span class='ocrx_word' id='word_1_113' title='bbox 2404 1328 2671 1395; x_wconf 86' lang='lat' dir='ltr'><strong>specialiter</strong></span> 
     </span>
     <span class='ocr_line' id='line_1_13' title="bbox 553 1409 2671 1479; baseline -0.001 -20"><span class='ocrx_word' id='word_1_114' title='bbox 553 1414 794 1477; x_wconf 87' lang='lat' dir='ltr'><strong>pertinent</strong></span> <span class='ocrx_word' id='word_1_115' title='bbox 819 1431 924 1478; x_wconf 90' lang='lat' dir='ltr'><strong>quae</strong></span> <span class='ocrx_word' id='word_1_116' title='bbox 957 1414 1018 1461; x_wconf 90' lang='lat' dir='ltr'><strong>de</strong></span> <span class='ocrx_word' id='word_1_117' title='bbox 1041 1416 1198 1479; x_wconf 91' lang='lat' dir='ltr'><strong>primo</strong></span> <span class='ocrx_word' id='word_1_118' title='bbox 1233 1425 1391 1461; x_wconf 83' lang='lat' dir='ltr'><strong>vestro</strong></span> <span class='ocrx_word' id='word_1_119' title='bbox 1422 1413 1744 1479; x_wconf 87' lang='lat' dir='ltr'><strong>praedicantur</strong></span> <span class='ocrx_word' id='word_1_120' title='bbox 1776 1413 2020 1472; x_wconf 89' lang='lat' dir='ltr'><strong>ministro,</strong></span> <span class='ocrx_word' id='word_1_121' title='bbox 2057 1422 2192 1460; x_wconf 88' lang='lat' dir='ltr'><strong>tanto</strong></span> <span class='ocrx_word' id='word_1_122' title='bbox 2229 1411 2431 1476; x_wconf 87' lang='lat' dir='ltr'><strong>amplius</strong></span> <span class='ocrx_word' id='word_1_123' title='bbox 2468 1427 2497 1457; x_wconf 92' lang='lat' dir='ltr'><strong>a</strong></span> <span class='ocrx_word' id='word_1_124' title='bbox 2532 1409 2671 1458; x_wconf 82' lang='lat' dir='ltr'><strong>vobis</strong></span> 
     </span>
     <span class='ocr_line' id='line_1_14' title="bbox 554 1489 2673 1558; baseline -0 -21"><span class='ocrx_word' id='word_1_125' title='bbox 554 1493 824 1556; x_wconf 87' lang='lat' dir='ltr'><strong>triumphus</strong></span> <span class='ocrx_word' id='word_1_126' title='bbox 839 1494 938 1557; x_wconf 90' lang='lat' dir='ltr'><strong>ejus</strong></span> <span class='ocrx_word' id='word_1_127' title='bbox 951 1494 1294 1540; x_wconf 91' lang='lat' dir='ltr'><strong>memorandus</strong></span> <span class='ocrx_word' id='word_1_128' title='bbox 1308 1504 1395 1553; x_wconf 89' lang='lat' dir='ltr'><strong>est,</strong></span> <span class='ocrx_word' id='word_1_129' title='bbox 1413 1503 1595 1558; x_wconf 91' lang='lat' dir='ltr'><strong>quanto</strong></span> <span class='ocrx_word' id='word_1_130' title='bbox 1608 1493 1711 1557; x_wconf 13' lang='lat' dir='ltr'><strong>»ejus</strong></span> <span class='ocrx_word' id='word_1_131' title='bbox 1726 1493 1959 1540; x_wconf 90' lang='lat' dir='ltr'><strong>memoria</strong></span> <span class='ocrx_word' id='word_1_132' title='bbox 1976 1491 2114 1539; x_wconf 86' lang='lat' dir='ltr'><strong>vobis</strong></span> <span class='ocrx_word' id='word_1_133' title='bbox 2128 1491 2411 1555; x_wconf 90' lang='lat' dir='ltr'><strong>ampliorem</strong></span> <span class='ocrx_word' id='word_1_134' title='bbox 2432 1489 2673 1551; x_wconf 83' lang='lat' dir='ltr'><strong>honorem</strong></span> 
     </span>
     <span class='ocr_line' id='line_1_15' title="bbox 555 1568 2674 1637; baseline -0.001 -20"><span class='ocrx_word' id='word_1_135' title='bbox 555 1571 628 1618; x_wconf 75' lang='lat' dir='ltr'><strong>vel</strong></span> <span class='ocrx_word' id='word_1_136' title='bbox 666 1572 899 1635; x_wconf 86' lang='lat' dir='ltr'><strong>majorem</strong></span> <span class='ocrx_word' id='word_1_137' title='bbox 929 1573 1233 1620; x_wconf 90' lang='lat' dir='ltr'><strong>securitatem</strong></span> <span class='ocrx_word' id='word_1_138' title='bbox 1267 1583 1473 1637; x_wconf 89' lang='lat' dir='ltr'><strong>praestat.</strong></span> <span class='ocrx_word' id='word_1_139' title='bbox 1499 1572 1639 1619; x_wconf 92' lang='lat' dir='ltr'><strong>Unde</strong></span> <span class='ocrx_word' id='word_1_140' title='bbox 1660 1572 1739 1637; x_wconf 90' lang='lat' dir='ltr'><strong>pia</strong></span> <span class='ocrx_word' id='word_1_141' title='bbox 1772 1571 1911 1618; x_wconf 86' lang='lat' dir='ltr'><strong>vobis</strong></span> <span class='ocrx_word' id='word_1_142' title='bbox 1942 1570 2273 1618; x_wconf 88' lang='lat' dir='ltr'><strong>exhortatione</strong></span> <span class='ocrx_word' id='word_1_143' title='bbox 2305 1568 2598 1616; x_wconf 90' lang='lat' dir='ltr'><strong>consulimus</strong></span> <span class='ocrx_word' id='word_1_144' title='bbox 2619 1577 2674 1615; x_wconf 89' lang='lat' dir='ltr'><strong>ut</strong></span> 
     </span>
     <span class='ocr_line' id='line_1_16' title="bbox 554 1648 2673 1718; baseline -0.001 -21"><span class='ocrx_word' id='word_1_145' title='bbox 554 1668 742 1716; x_wconf 88' lang='lat' dir='ltr'><strong>semper</strong></span> <span class='ocrx_word' id='word_1_146' title='bbox 767 1654 816 1699; x_wconf 93' lang='lat' dir='ltr'><strong>in</strong></span> <span class='ocrx_word' id='word_1_147' title='bbox 836 1654 1081 1700; x_wconf 90' lang='lat' dir='ltr'><strong>matutinis</strong></span> <span class='ocrx_word' id='word_1_148' title='bbox 1098 1664 1145 1700; x_wconf 92' lang='lat' dir='ltr'><strong>et</strong></span> <span class='ocrx_word' id='word_1_149' title='bbox 1161 1653 1444 1718; x_wconf 87' lang='lat' dir='ltr'><strong>vespertinis</strong></span> <span class='ocrx_word' id='word_1_150' title='bbox 1462 1652 1685 1700; x_wconf 90' lang='lat' dir='ltr'><strong>laudibus</strong></span> <span class='ocrx_word' id='word_1_151' title='bbox 1708 1654 1757 1699; x_wconf 94' lang='lat' dir='ltr'><strong>in</strong></span> <span class='ocrx_word' id='word_1_152' title='bbox 1782 1651 2050 1716; x_wconf 89' lang='lat' dir='ltr'><strong>antiphona</strong></span> <span class='ocrx_word' id='word_1_153' title='bbox 2071 1651 2267 1716; x_wconf 90' lang='lat' dir='ltr'><strong>propria</strong></span> <span class='ocrx_word' id='word_1_154' title='bbox 2291 1660 2338 1696; x_wconf 89' lang='lat' dir='ltr'><strong>et</strong></span> <span class='ocrx_word' id='word_1_155' title='bbox 2359 1649 2559 1696; x_wconf 89' lang='lat' dir='ltr'><strong>collecta</strong></span> <span class='ocrx_word' id='word_1_156' title='bbox 2573 1648 2673 1712; x_wconf 83' lang='lat' dir='ltr'><strong>ejus</strong></span> 
     </span>
     <span class='ocr_line' id='line_1_17' title="bbox 555 1717 2669 1798; baseline -0.002 -19"><span class='ocrx_word' id='word_1_157' title='bbox 555 1734 838 1780; x_wconf 89' lang='lat' dir='ltr'><strong>memoriam</strong></span> <span class='ocrx_word' id='word_1_158' title='bbox 855 1734 1028 1781; x_wconf 84' lang='lat' dir='ltr'><strong>d&#39;evote</strong></span> <span class='ocrx_word' id='word_1_159' title='bbox 1046 1734 1310 1794; x_wconf 83' lang='lat' dir='ltr'><strong>celebretis,</strong></span> <span class='ocrx_word' id='word_1_160' title='bbox 1326 1744 1380 1780; x_wconf 91' lang='lat' dir='ltr'><strong>ut</strong></span> <span class='ocrx_word' id='word_1_161' title='bbox 1396 1751 1540 1798; x_wconf 91' lang='lat' dir='ltr'><strong>quem</strong></span> <span class='ocrx_word' id='word_1_162' title='bbox 1553 1734 1682 1798; x_wconf 92' lang='lat' dir='ltr'><strong>apud</strong></span> <span class='ocrx_word' id='word_1_163' title='bbox 1694 1734 1916 1780; x_wconf 90' lang='lat' dir='ltr'><strong>homines</strong></span> <span class='ocrx_word' id='word_1_164' title='bbox 1929 1732 2122 1780; x_wconf 86' lang='lat' dir='ltr'><strong>fidelem</strong></span> <span class='ocrx_word' id='word_1_165' title='bbox 2133 1731 2365 1778; x_wconf 82' lang='lat' dir='ltr'><strong>habuistis</strong></span> <span class='ocrx_word' id='word_1_166' title='bbox 2381 1717 2669 1788; x_wconf 61' lang='lat' dir='ltr'><strong>ministrum,</strong></span> 
     </span>
     <span class='ocr_line' id='line_1_18' title="bbox 556 1811 2669 1879; baseline -0.001 -20"><span class='ocrx_word' id='word_1_167' title='bbox 556 1813 870 1861; x_wconf 90' lang='lat' dir='ltr'><strong>salubriorem</strong></span> <span class='ocrx_word' id='word_1_168' title='bbox 898 1815 1028 1879; x_wconf 90' lang='lat' dir='ltr'><strong>apud</strong></span> <span class='ocrx_word' id='word_1_169' title='bbox 1049 1818 1205 1862; x_wconf 91' lang='lat' dir='ltr'><strong>Deum</strong></span> <span class='ocrx_word' id='word_1_170' title='bbox 1228 1815 1439 1862; x_wconf 89' lang='lat' dir='ltr'><strong>sentiatis</strong></span> <span class='ocrx_word' id='word_1_171' title='bbox 1463 1814 1776 1873; x_wconf 83' lang='lat' dir='ltr'><strong>advocatum,</strong></span> <span class='ocrx_word' id='word_1_172' title='bbox 1803 1813 1909 1878; x_wconf 92' lang='lat' dir='ltr'><strong>ipso</strong></span> <span class='ocrx_word' id='word_1_173' title='bbox 1938 1813 1988 1860; x_wconf 92' lang='lat' dir='ltr'><strong>id</strong></span> <span class='ocrx_word' id='word_1_174' title='bbox 2006 1811 2145 1859; x_wconf 85' lang='lat' dir='ltr'><strong>vobis</strong></span> <span class='ocrx_word' id='word_1_175' title='bbox 2167 1811 2378 1858; x_wconf 92' lang='lat' dir='ltr'><strong>Domino</strong></span> <span class='ocrx_word' id='word_1_176' title='bbox 2391 1819 2669 1876; x_wconf 89' lang='lat' dir='ltr'><strong>praestante,</strong></span> 
     </span>
     <span class='ocr_line' id='line_1_19' title="bbox 557 1893 2151 1959; baseline -0.001 -20"><span class='ocrx_word' id='word_1_177' title='bbox 557 1893 633 1940; x_wconf 85' lang='lat' dir='ltr'><strong>cui</strong></span> <span class='ocrx_word' id='word_1_178' title='bbox 658 1904 728 1940; x_wconf 89' lang='lat' dir='ltr'><strong>est</strong></span> <span class='ocrx_word' id='word_1_179' title='bbox 743 1894 903 1941; x_wconf 91' lang='lat' dir='ltr'><strong>honor</strong></span> <span class='ocrx_word' id='word_1_180' title='bbox 920 1905 968 1940; x_wconf 88' lang='lat' dir='ltr'><strong>et</strong></span> <span class='ocrx_word' id='word_1_181' title='bbox 987 1895 1137 1958; x_wconf 88' lang='lat' dir='ltr'><strong>gloria</strong></span> <span class='ocrx_word' id='word_1_182' title='bbox 1148 1912 1234 1959; x_wconf 90' lang='lat' dir='ltr'><strong>per</strong></span> <span class='ocrx_word' id='word_1_183' title='bbox 1253 1894 1443 1941; x_wconf 88' lang='lat' dir='ltr'><strong>infinita</strong></span> <span class='ocrx_word' id='word_1_184' title='bbox 1464 1894 1748 1940; x_wconf 89' lang='lat' dir='ltr'><strong>saeculorum</strong></span> <span class='ocrx_word' id='word_1_185' title='bbox 1770 1893 1956 1941; x_wconf 91' lang='lat' dir='ltr'><strong>saecula.</strong></span> <span class='ocrx_word' id='word_1_186' title='bbox 1983 1895 2151 1939; x_wconf 82' lang='lat' dir='ltr'><strong>Amen.</strong></span> 
     </span>
    </p>
   </div>
   <div class='ocr_carea' id='block_1_3' title="bbox 1019 2412 2212 2475">
    <p class='ocr_par' dir='ltr' id='par_1_5' title="bbox 1019 2412 2212 2475">
     <span class='ocr_line' id='line_1_20' title="bbox 1019 2412 2212 2475; baseline 0.001 -5"><span class='ocrx_word' id='word_1_187' title='bbox 1019 2413 1115 2471; x_wconf 91' lang='lat' dir='ltr'><strong>DE</strong></span> <span class='ocrx_word' id='word_1_188' title='bbox 1162 2412 1443 2473; x_wconf 87' lang='lat' dir='ltr'><strong>SANCTO</strong></span> <span class='ocrx_word' id='word_1_189' title='bbox 1486 2412 1779 2474; x_wconf 84' lang='lat' dir='ltr'><strong>JOANNE</strong></span> <span class='ocrx_word' id='word_1_190' title='bbox 1828 2413 2212 2475; x_wconf 83' lang='lat' dir='ltr'>BAPTISTA.</span> 
     </span>
    </p>
   </div>
   <div class='ocr_carea' id='block_1_4' title="bbox 1449 2580 1799 2644">
    <p class='ocr_par' dir='ltr' id='par_1_6' title="bbox 1449 2580 1799 2644">
     <span class='ocr_line' id='line_1_21' title="bbox 1449 2580 1799 2644; baseline 0.006 -34"><span class='ocrx_word' id='word_1_191' title='bbox 1449 2580 1598 2644; x_wconf 58' lang='lat' dir='ltr'>SER3M0</span> <span class='ocrx_word' id='word_1_192' title='bbox 1632 2582 1781 2611; x_wconf 85' lang='lat' dir='ltr'>XXXIII</span> <span class='ocrx_word' id='word_1_193' title='bbox 1787 2600 1799 2612; x_wconf 79' lang='lat'><em>.</em></span> 
     </span>
    </p>
   </div>
   <div class='ocr_carea' id='block_1_5' title="bbox 563 2715 2681 3423">
    <p class='ocr_par' dir='ltr' id='par_1_7' title="bbox 563 2715 2681 3423">
     <span class='ocr_line' id='line_1_22' title="bbox 627 2715 2678 2785; baseline 0.001 -24"><span class='ocrx_word' id='word_1_194' title='bbox 627 2715 862 2762; x_wconf 91' lang='lat' dir='ltr'><strong>Dominus</strong></span> <span class='ocrx_word' id='word_1_195' title='bbox 899 2715 960 2763; x_wconf 92' lang='lat' dir='ltr'><strong>ad</strong></span> <span class='ocrx_word' id='word_1_196' title='bbox 990 2715 1185 2764; x_wconf 88' lang='lat' dir='ltr'><strong>beatum</strong></span> <span class='ocrx_word' id='word_1_197' title='bbox 1217 2716 1308 2764; x_wconf 90' lang='lat' dir='ltr'><strong>Job</strong></span> <span class='ocrx_word' id='word_1_198' title='bbox 1342 2719 1392 2765; x_wconf 91' lang='lat' dir='ltr'><strong>in</strong></span> <span class='ocrx_word' id='word_1_199' title='bbox 1423 2719 1664 2784; x_wconf 85' lang='lat' dir='ltr'><strong>parabolis</strong></span> <span class='ocrx_word' id='word_1_200' title='bbox 1692 2720 1924 2785; x_wconf 89' lang='lat' dir='ltr'><strong>loquens,</strong></span> <span class='ocrx_word' id='word_1_201' title='bbox 1956 2735 2108 2784; x_wconf 90' lang='lat' dir='ltr'><strong>quum</strong></span> <span class='ocrx_word' id='word_1_202' title='bbox 2147 2733 2234 2783; x_wconf 92' lang='lat' dir='ltr'><strong>per</strong></span> <span class='ocrx_word' id='word_1_203' title='bbox 2274 2716 2421 2764; x_wconf 86' lang='lat' dir='ltr'><strong>ibices</strong></span> <span class='ocrx_word' id='word_1_204' title='bbox 2449 2726 2496 2764; x_wconf 90' lang='lat' dir='ltr'><strong>et</strong></span> <span class='ocrx_word' id='word_1_205' title='bbox 2517 2727 2678 2782; x_wconf 87' lang='lat' dir='ltr'><strong>partu·-</strong></span> 
     </span>
     <span class='ocr_line' id='line_1_23' title="bbox 563 2795 2679 2865; baseline 0.001 -24"><span class='ocrx_word' id='word_1_206' title='bbox 563 2795 738 2842; x_wconf 89' lang='lat' dir='ltr'><strong>rientes</strong></span> <span class='ocrx_word' id='word_1_207' title='bbox 757 2811 918 2842; x_wconf 86' lang='lat' dir='ltr'><strong>cervas</strong></span> <span class='ocrx_word' id='word_1_208' title='bbox 941 2806 1183 2843; x_wconf 89' lang='lat' dir='ltr'><strong>rectorum</strong></span> <span class='ocrx_word' id='word_1_209' title='bbox 1202 2797 1424 2845; x_wconf 89' lang='lat' dir='ltr'><strong>ordinem</strong></span> <span class='ocrx_word' id='word_1_210' title='bbox 1441 2799 1763 2865; x_wconf 88' lang='lat' dir='ltr'><strong>descripsisset</strong></span> <span class='ocrx_word' id='word_1_211' title='bbox 1775 2838 1786 2860; x_wconf 92' lang='lat'><strong>,</strong></span> <span class='ocrx_word' id='word_1_212' title='bbox 1813 2808 2178 2864; x_wconf 87' lang='lat' dir='ltr'><strong>consequenter,</strong></span> <span class='ocrx_word' id='word_1_213' title='bbox 2204 2797 2495 2844; x_wconf 90' lang='lat' dir='ltr'><strong>dilectissimi</strong></span> <span class='ocrx_word' id='word_1_214' title='bbox 2511 2796 2679 2844; x_wconf 67' lang='lat' dir='ltr'><strong>&#39;fratres</strong></span> 
     </span>
     <span class='ocr_line' id='line_1_24' title="bbox 566 2875 2679 2945; baseline 0.001 -25"><span class='ocrx_word' id='word_1_215' title='bbox 566 2884 611 2920; x_wconf 87' lang='lat' dir='ltr'><strong>et</strong></span> <span class='ocrx_word' id='word_1_216' title='bbox 634 2875 990 2935; x_wconf 80' lang='lat' dir='ltr'><strong>commonachi,</strong></span> <span class='ocrx_word' id='word_1_217' title='bbox 1016 2875 1078 2922; x_wconf 90' lang='lat' dir='ltr'><strong>ad</strong></span> <span class='ocrx_word' id='word_1_218' title='bbox 1099 2877 1447 2925; x_wconf 89' lang='lat' dir='ltr'><strong>institutionem</strong></span> <span class='ocrx_word' id='word_1_219' title='bbox 1468 2881 1612 2926; x_wconf 89' lang='lat' dir='ltr'><strong>vestri</strong></span> <span class='ocrx_word' id='word_1_220' title='bbox 1625 2881 1860 2945; x_wconf 89' lang='lat' dir='ltr'><strong>propositi</strong></span> <span class='ocrx_word' id='word_1_221' title='bbox 1878 2879 2054 2944; x_wconf 86' lang='lat' dir='ltr'><strong>stylum</strong></span> <span class='ocrx_word' id='word_1_222' title='bbox 2075 2879 2329 2936; x_wconf 87' lang='lat' dir='ltr'><strong>convertit,</strong></span> <span class='ocrx_word' id='word_1_223' title='bbox 2346 2887 2393 2924; x_wconf 91' lang='lat' dir='ltr'><strong>et</strong></span> <span class='ocrx_word' id='word_1_224' title='bbox 2417 2877 2516 2941; x_wconf 90' lang='lat' dir='ltr'><strong>ejus</strong></span> <span class='ocrx_word' id='word_1_225' title='bbox 2537 2876 2679 2923; x_wconf 90' lang='lat' dir='ltr'><strong>liber-</strong></span> 
     </span>
     <span class='ocr_line' id='line_1_25' title="bbox 565 2956 2680 3024; baseline 0.001 -23"><span class='ocrx_word' id='word_1_226' title='bbox 565 2964 711 3002; x_wconf 89' lang='lat' dir='ltr'><strong>tatem</strong></span> <span class='ocrx_word' id='word_1_227' title='bbox 733 2956 911 3003; x_wconf 86' lang='lat' dir='ltr'><strong>caeteris</strong></span> <span class='ocrx_word' id='word_1_228' title='bbox 938 2956 1191 3021; x_wconf 89' lang='lat' dir='ltr'><strong>praeferens</strong></span> <span class='ocrx_word' id='word_1_229' title='bbox 1213 2957 1306 3004; x_wconf 80' lang='lat' dir='ltr'><strong>ait²</strong></span> <span class='ocrx_word' id='word_1_230' title='bbox 1332 2977 1342 3005; x_wconf 95' lang='lat'><strong>:</strong></span> <span class='ocrx_word' id='word_1_231' title='bbox 1373 2978 1398 3003; x_wconf 89' lang='lat'>«</span> <span class='ocrx_word' id='word_1_232' title='bbox 1420 2960 1537 3016; x_wconf 90' lang='lat' dir='ltr'><strong>Quis</strong></span> <span class='ocrx_word' id='word_1_233' title='bbox 1561 2960 1740 3008; x_wconf 91' lang='lat' dir='ltr'><strong>dimisit</strong></span> <span class='ocrx_word' id='word_1_234' title='bbox 1768 2977 2002 3024; x_wconf 75' lang='lat' dir='ltr'><strong>onagrum</strong></span> <span class='ocrx_word' id='word_1_235' title='bbox 2026 2959 2249 3017; x_wconf 89' lang='lat' dir='ltr'><strong>liberum,</strong></span> <span class='ocrx_word' id='word_1_236' title='bbox 2281 2968 2328 3005; x_wconf 92' lang='lat' dir='ltr'><strong>et</strong></span> <span class='ocrx_word' id='word_1_237' title='bbox 2354 2957 2543 3004; x_wconf 90' lang='lat' dir='ltr'><strong>vincula</strong></span> <span class='ocrx_word' id='word_1_238' title='bbox 2580 2957 2680 3020; x_wconf 87' lang='lat' dir='ltr'><strong>ejus</strong></span> 
     </span>
     <span class='ocr_line' id='line_1_26' title="bbox 566 3036 2678 3102; baseline 0 -20"><span class='ocrx_word' id='word_1_239' title='bbox 566 3036 671 3098; x_wconf 92' lang='lat' dir='ltr'><strong>quis</strong></span> <span class='ocrx_word' id='word_1_240' title='bbox 692 3036 862 3083; x_wconf 81' lang='lat' dir='ltr'><strong>solvit?</strong></span> <span class='ocrx_word' id='word_1_241' title='bbox 886 3037 974 3083; x_wconf 90' lang='lat' dir='ltr'><strong>Cui</strong></span> <span class='ocrx_word' id='word_1_242' title='bbox 1008 3036 1120 3084; x_wconf 94' lang='lat' dir='ltr'><strong>dedi</strong></span> <span class='ocrx_word' id='word_1_243' title='bbox 1149 3037 1200 3084; x_wconf 89' lang='lat' dir='ltr'><strong>in</strong></span> <span class='ocrx_word' id='word_1_244' title='bbox 1233 3037 1491 3086; x_wconf 91' lang='lat' dir='ltr'><strong>solitudine</strong></span> <span class='ocrx_word' id='word_1_245' title='bbox 1519 3040 1744 3101; x_wconf 87' lang='lat' dir='ltr'><strong>domum,</strong></span> <span class='ocrx_word' id='word_1_246' title='bbox 1770 3051 1817 3088; x_wconf 90' lang='lat' dir='ltr'><strong>et</strong></span> <span class='ocrx_word' id='word_1_247' title='bbox 1844 3039 2151 3088; x_wconf 89' lang='lat' dir='ltr'><strong>tabernacula</strong></span> <span class='ocrx_word' id='word_1_248' title='bbox 2182 3039 2282 3102; x_wconf 87' lang='lat' dir='ltr'><strong>ejus</strong></span> <span class='ocrx_word' id='word_1_249' title='bbox 2303 3039 2353 3084; x_wconf 92' lang='lat' dir='ltr'><strong>in</strong></span> <span class='ocrx_word' id='word_1_250' title='bbox 2381 3048 2508 3084; x_wconf 87' lang='lat' dir='ltr'><strong>terra</strong></span> <span class='ocrx_word' id='word_1_251' title='bbox 2529 3036 2678 3084; x_wconf 91' lang='lat' dir='ltr'><strong>salsu-</strong></span> 
     </span>
     <span class='ocr_line' id='line_1_27' title="bbox 569 3114 2679 3180; baseline 0.002 -20"><span class='ocrx_word' id='word_1_252' title='bbox 569 3114 720 3176; x_wconf 80' lang='lat' dir='ltr'><strong>ginis?</strong></span> <span class='ocrx_word' id='word_1_253' title='bbox 743 3117 1020 3164; x_wconf 88' lang='lat' dir='ltr'><strong>Contemnit</strong></span> <span class='ocrx_word' id='word_1_254' title='bbox 1041 3117 1399 3166; x_wconf 90' lang='lat' dir='ltr'><strong>multitudinem</strong></span> <span class='ocrx_word' id='word_1_255' title='bbox 1420 3120 1645 3180; x_wconf 88' lang='lat' dir='ltr'><strong>civitatis,</strong></span> <span class='ocrx_word' id='word_1_256' title='bbox 1673 3131 1721 3168; x_wconf 89' lang='lat' dir='ltr'><strong>et</strong></span> <span class='ocrx_word' id='word_1_257' title='bbox 1742 3121 2002 3169; x_wconf 90' lang='lat' dir='ltr'><strong>clamorem</strong></span> <span class='ocrx_word' id='word_1_258' title='bbox 2025 3121 2255 3168; x_wconf 87' lang='lat' dir='ltr'><strong>exactoris</strong></span> <span class='ocrx_word' id='word_1_259' title='bbox 2277 3135 2376 3165; x_wconf 92' lang='lat' dir='ltr'><strong>non</strong></span> <span class='ocrx_word' id='word_1_260' title='bbox 2401 3117 2550 3165; x_wconf 90' lang='lat' dir='ltr'><strong>audit.</strong></span> <span class='ocrx_word' id='word_1_261' title='bbox 2577 3118 2679 3164; x_wconf 90' lang='lat' dir='ltr'><strong>Cir-</strong></span> 
     </span>
     <span class='ocr_line' id='line_1_28' title="bbox 569 3196 2675 3267; baseline 0.002 -27"><span class='ocrx_word' id='word_1_262' title='bbox 569 3196 818 3259; x_wconf 90' lang='lat' dir='ltr'><strong>cumspicit</strong></span> <span class='ocrx_word' id='word_1_263' title='bbox 836 3207 1023 3244; x_wconf 89' lang='lat' dir='ltr'><strong>montes</strong></span> <span class='ocrx_word' id='word_1_264' title='bbox 1045 3215 1230 3263; x_wconf 84' lang='lat' dir='ltr'><strong>pascuae</strong></span> <span class='ocrx_word' id='word_1_265' title='bbox 1246 3216 1341 3246; x_wconf 84' lang='lat' dir='ltr'><strong>suae</strong></span> <span class='ocrx_word' id='word_1_266' title='bbox 1358 3237 1369 3259; x_wconf 93' lang='lat'>‚</span> <span class='ocrx_word' id='word_1_267' title='bbox 1394 3209 1443 3247; x_wconf 88' lang='lat' dir='ltr'><strong>et</strong></span> <span class='ocrx_word' id='word_1_268' title='bbox 1463 3201 1667 3248; x_wconf 89' lang='lat' dir='ltr'><strong>virentia</strong></span> <span class='ocrx_word' id='word_1_269' title='bbox 1687 3219 1886 3266; x_wconf 74' lang='lat' dir='ltr'><strong>quaeque</strong></span> <span class='ocrx_word' id='word_1_270' title='bbox 1902 3201 2150 3267; x_wconf 90' lang='lat' dir='ltr'><strong>perquirit.</strong></span> <span class='ocrx_word' id='word_1_271' title='bbox 2169 3219 2195 3245; x_wconf 90' lang='lat'>»</span> <span class='ocrx_word' id='word_1_272' title='bbox 2220 3202 2464 3262; x_wconf 91' lang='lat' dir='ltr'><strong>Magnum,</strong></span> <span class='ocrx_word' id='word_1_273' title='bbox 2492 3197 2675 3258; x_wconf 87' lang='lat' dir='ltr'><strong>fratres,</strong></span> 
     </span>
     <span class='ocr_line' id='line_1_29' title="bbox 570 3273 2681 3346; baseline 0.002 -28"><span class='ocrx_word' id='word_1_274' title='bbox 570 3273 619 3319; x_wconf 92' lang='lat' dir='ltr'><strong>in</strong></span> <span class='ocrx_word' id='word_1_275' title='bbox 649 3274 808 3321; x_wconf 91' lang='lat' dir='ltr'><strong>multis</strong></span> <span class='ocrx_word' id='word_1_276' title='bbox 837 3276 1091 3325; x_wconf 88' lang='lat' dir='ltr'><strong>virtutibus</strong></span> <span class='ocrx_word' id='word_1_277' title='bbox 1116 3278 1207 3325; x_wconf 85' lang='lat' dir='ltr'><strong>Job</strong></span> <span class='ocrx_word' id='word_1_278' title='bbox 1238 3278 1408 3339; x_wconf 89' lang='lat' dir='ltr'><strong>fuisse,</strong></span> <span class='ocrx_word' id='word_1_279' title='bbox 1435 3289 1534 3326; x_wconf 91' lang='lat' dir='ltr'><strong>tam</strong></span> <span class='ocrx_word' id='word_1_280' title='bbox 1567 3280 1713 3345; x_wconf 91' lang='lat' dir='ltr'><strong>ipsius</strong></span> <span class='ocrx_word' id='word_1_281' title='bbox 1742 3281 1941 3329; x_wconf 90' lang='lat' dir='ltr'><strong>historia</strong></span> <span class='ocrx_word' id='word_1_282' title='bbox 1962 3297 2109 3346; x_wconf 90' lang='lat' dir='ltr'><strong>quam</strong></span> <span class='ocrx_word' id='word_1_283' title='bbox 2130 3279 2219 3326; x_wconf 91' lang='lat' dir='ltr'><strong>Dei</strong></span> <span class='ocrx_word' id='word_1_284' title='bbox 2239 3278 2511 3325; x_wconf 90' lang='lat' dir='ltr'><strong>testimonia</strong></span> <span class='ocrx_word' id='word_1_285' title='bbox 2533 3294 2681 3324; x_wconf 89' lang='lat' dir='ltr'><strong>mon-</strong></span> 
     </span>
     <span class='ocr_line' id='line_1_30' title="bbox 570 3356 2675 3423; baseline 0.002 -24"><span class='ocrx_word' id='word_1_286' title='bbox 570 3363 849 3402; x_wconf 90' lang='lat' dir='ltr'><strong>straverant.</strong></span> <span class='ocrx_word' id='word_1_287' title='bbox 877 3359 1031 3412; x_wconf 90' lang='lat' dir='ltr'><strong>Quem</strong></span> <span class='ocrx_word' id='word_1_288' title='bbox 1052 3375 1113 3404; x_wconf 93' lang='lat' dir='ltr'><strong>ne</strong></span> <span class='ocrx_word' id='word_1_289' title='bbox 1135 3368 1377 3407; x_wconf 88' lang='lat' dir='ltr'><strong>tantarum</strong></span> <span class='ocrx_word' id='word_1_290' title='bbox 1404 3360 1684 3423; x_wconf 88' lang='lat' dir='ltr'><strong>magnitudo</strong></span> <span class='ocrx_word' id='word_1_291' title='bbox 1699 3362 1931 3409; x_wconf 84' lang='lat' dir='ltr'><strong>virtutum</strong></span> <span class='ocrx_word' id='word_1_292' title='bbox 1953 3363 2002 3408; x_wconf 91' lang='lat' dir='ltr'><strong>in</strong></span> <span class='ocrx_word' id='word_1_293' title='bbox 2026 3360 2280 3408; x_wconf 89' lang='lat' dir='ltr'><strong>elationem</strong></span> <span class='ocrx_word' id='word_1_294' title='bbox 2306 3357 2428 3405; x_wconf 84' lang='lat' dir='ltr'><strong>sorte</strong></span> <span class='ocrx_word' id='word_1_295' title='bbox 2450 3356 2675 3415; x_wconf 87' lang='lat' dir='ltr'><strong>traheret,</strong></span> 
     </span>
    </p>
   </div>
   <div class='ocr_carea' id='block_1_6' title="bbox 619 3504 1659 3554">
    <p class='ocr_par' dir='ltr' id='par_1_8' title="bbox 619 3504 1659 3554">
     <span class='ocr_line' id='line_1_31' title="bbox 619 3504 1659 3554; baseline 0.008 -17"><span class='ocrx_word' id='word_1_296' title='bbox 619 3504 627 3521; x_wconf 82' lang='lat'>‘</span> <span class='ocrx_word' id='word_1_297' title='bbox 652 3505 780 3548; x_wconf 77' lang='lat' dir='ltr'><strong>Legitur</strong></span> <span class='ocrx_word' id='word_1_298' title='bbox 797 3506 827 3539; x_wconf 88' lang='lat' dir='ltr'><strong>in</strong></span> <span class='ocrx_word' id='word_1_299' title='bbox 847 3506 926 3539; x_wconf 87' lang='lat' dir='ltr'><strong>cod.</strong></span> <span class='ocrx_word' id='word_1_300' title='bbox 946 3508 1152 3548; x_wconf 74' lang='lat' dir='ltr'><strong>Effusionem.</strong></span> <span class='ocrx_word' id='word_1_301' title='bbox 1167 3527 1207 3534; x_wconf 81' lang='lat'>—</span> <span class='ocrx_word' id='word_1_302' title='bbox 1222 3509 1235 3527; x_wconf 70' lang='lat'>³</span> <span class='ocrx_word' id='word_1_303' title='bbox 1251 3511 1333 3550; x_wconf 77' lang='lat' dir='ltr'><strong>Job,</strong></span> <span class='ocrx_word' id='word_1_304' title='bbox 1351 3521 1424 3554; x_wconf 85' lang='lat' dir='ltr'><strong>cap.</strong></span> <span class='ocrx_word' id='word_1_305' title='bbox 1442 3523 1566 3552; x_wconf 73' lang='lat' dir='ltr'><strong>xxxix,</strong></span> <span class='ocrx_word' id='word_1_306' title='bbox 1582 3523 1611 3545; x_wconf 75' lang='lat' dir='ltr'><strong>v.</strong></span> <span class='ocrx_word' id='word_1_307' title='bbox 1629 3513 1659 3545; x_wconf 82' lang='grc'><strong>5.</strong></span> 
     </span>
    </p>
   </div>
  </div>
 </body>
</html>
