2970 4152
961 386 1037 432 DE
1072 383 1295 431 SANCTA
1330 382 1592 429 SUSANNA
1627 380 1840 427 SERMO.
2368 377 2450 422 5411

349 484 575 547 Injuriam
604 499 740 530 suam
769 492 867 528 tam
899 482 1016 546 ipse,
1042 495 1189 544 quam
1216 478 1420 541 gloriosa
1451 487 1601 523 mater
1628 476 1750 538 ejus,
1779 491 1834 521 ac
1861 483 1964 520 tota
1991 472 2168 537 pariter
2196 470 2302 517 00011
2331 470 2461 516 curia

348 561 553 627 desuper
575 561 853 608 intuebitur.
871 562 987 617 Quae
1009 559 1130 609 adeo
1153 557 1426 621 impudens,
1450 555 1571 613 adeo
1590 555 1775 612 insana,
1800 563 1854 599 ut
1870 553 2002 598 hunc
2021 552 2225 598 maxime
2247 565 2346 595 non
2363 565 2464 594 eru-

348 641 527 700 bescat,
545 652 592 688 et
607 650 886 706 expavescat
907 638 1178 704 aspectum?
1196 640 1361 694 Quum
1374 635 1480 699 quis
1496 645 1543 681 te
1563 634 1667 681 falsi
1682 633 1891 680 nominis
1905 632 2191 678 christianus
2208 647 2350 694 super
2369 629 2463 675 hoc

348 723 624 781 convenire,
648 723 746 768 imo
768 720 1112 768 circumvenire
1128 718 1402 775 tentaverit,
1429 715 1602 763 sufficit
1616 714 1703 761 tibi
1719 731 1819 760 uno
1832 724 1879 760 te
1893 713 2051 759 statim
2068 727 2299 776 responso
2312 710 2463 757 absol-

347 819 459 849 vere
478 821 488 848 :
508 802 768 849 Assentiam
789 801 877 848 tibi
899 801 948 847 in
965 801 1074 859 isto,
1095 800 1133 846 si
1146 799 1307 864 peragi
1320 806 1479 862 potest
1493 796 1644 842 inscio
1661 810 1840 859 sponso
1854 809 1982 851 meo,
2002 802 2084 839 aut
2105 793 2143 838 si
2165 792 2386 838 fortiores
2405 808 2462 837 eo

347 882 592 942 fuerimus,
606 898 704 946 quo
724 881 823 944 ejus
842 881 1076 927 offensam
1092 880 1250 926 minus
1262 879 1531 925 timeamus.
1543 876 1761 938 Denique
1774 873 2060 920 instantibus
2074 872 2327 936 impudicis
2343 872 2464 918 seni-

345 961 454 1020 bus,
476 979 626 1026 quum
641 963 689 1008 vi
705 978 805 1008 non
822 970 983 1026 posset
995 977 1077 1006 eos
1092 962 1309 1006 Susanna
1324 957 1568 1022 repellere,
1587 973 1670 1002 ore
1693 971 1779 1001 usa
1791 971 1881 1018 pro
1900 953 2140 1012 manibus,
2166 953 2299 1016 quod
2313 969 2464 998 unum

344 1041 571 1100 restabat,
592 1042 826 1105 impetum
847 1057 1015 1105 eorum
1035 1039 1347 1103 compescuit,
1372 1037 1599 1083 dicens1..
1612 1072 1621 1081 .
1634 1072 1643 1082 .
1666 1034 1967 1098 Perpendite,
1989 1033 2213 1096 virgines,
2238 1032 2463 1078 virtutem

345 1121 625 1185 conjugatae,
640 1131 687 1168 01
709 1121 770 1168 (10
792 1120 1052 1184 majoribus
1066 1121 1255 1166 minora
1267 1119 1487 1181 cogitate.
1504 1119 1609 1163 Non
1626 1116 1802 1162 timetis
1812 1115 1980 1161 mortis
1989 1113 2274 1178 periculum,
2290 1114 2329 1159 si
2343 1129 2370 1159 a
2384 1130 2465 1158 vo-

344 1201 419 1248 his
434 1202 729 1248 incestuosos
742 1201 1026 1266 repuleritis,
1037 1200 1262 1256 sicutilla,
1273 1208 1326 1255 ut
1334 1199 1611 1255 dictumest,
1624 1195 1844 1242 faciebat.
1857 1197 1962 1241 Non
1977 1204 2046 1241 est
2056 1204 2189 1241 tanta
2198 1194 2267 1240 vis
2275 1209 2460 1250 eorum,

345 1290 398 1326 ut
421 1280 482 1327 ab
505 1281 618 1344 ipsis
641 1280 851 1326 clamore
868 1279 1059 1326 liberari
1075 1279 1174 1325 sitis
1188 1277 1463 1342 compulsae.
1491 1279 1582 1322 Aut
1603 1276 1641 1322 si
1654 1275 1860 1322 clamare
1884 1290 2077 1320 necesse
2090 1274 2166 1331 sit,
2184 1272 2365 1318 facilius
2378 1288 2464 1318 vos

343 1377 548 1424 sponsus
565 1377 711 1424 quam
726 1362 994 1407 Susannam
1009 1359 1228 1406 exaudiet
1250 1358 1465 1415 maritus,
1482 1367 1529 1404 et
1550 1373 1648 1420 quo
1666 1366 1825 1420 potest
1836 1355 2056 1420 amplius,
2073 1353 2295 1400 liberabit
2306 1354 2459 1400 citius.

408 1445 615 1505 Egressae
642 1443 801 1505 itaque
823 1441 885 1487 de
908 1439 1084 1487 lectulo
1107 1448 1291 1496 mente,
1320 1440 1588 1484 Susannam
1620 1438 1669 1482 in
1702 1437 1810 1482 vico
1840 1437 2091 1500 requirite3
2126 1445 2180 1481 ut
2214 1452 2332 1498 quas
2364 1451 2463 1480 non

344 1521 566 1567 invenitis
587 1522 637 1567 in
659 1521 867 1567 claustro
888 1519 1111 1576 virtutes,
1140 1518 1387 1582 reperiatis
1415 1517 1464 1562 in
1496 1515 1685 1563 saeculo.
1716 1515 1884 1562 Videte
1909 1514 2026 1578 quid
2051 1515 2101 1561 in
2132 1525 2315 1561 secreto
2338 1531 2465 1560 com-

344 1600 598 1664 prehensa,
617 1599 734 1664 quid
756 1600 805 1645 in
828 1597 1023 1663 publico
1044 1598 1238 1661 gesserit
1255 1605 1490 1643 accusata.
1515 1599 1573 1642 Et
1597 1596 1707 1659 quia
1727 1605 1914 1659 partem
1930 1595 2095 1658 agonis
2112 1595 2211 1657 ejus
2228 1594 2329 1657 jam
2352 1594 2465 1640 dixi—

344 1695 468 1738 mus,
495 1696 600 1744 quae
621 1688 801 1726 restant
820 1677 1028 1725 breviter
1049 1676 1440 1741 perstringamus.
1468 1674 1731 1721 Deducitur
1754 1674 1850 1732 illa,
1873 1684 1925 1721 ut
1947 1674 2129 1720 dictum
2153 1683 2240 1732 est,
2262 1674 2323 1720 ad
2341 1674 2464 1737 judi-

342 1760 473 1806 cium
496 1777 608 1806 cum
630 1758 908 1825 parentibus
932 1769 979 1806 et
1004 1758 1133 1818 filiis,
1164 1768 1211 1804 et
1235 1757 1466 1804 universis
1485 1757 1699 1820 cognatis
1722 1757 1834 1803 suis.
1876 1755 2116 1802 «Flebant
2138 1755 2279 1818 igitur
2300 1756 2389 1814 sui,
2417 1766 2463 1802 et

344 1857 513 1888 omnes
536 1842 620 1905 qui
642 1851 877 1888 noverant
893 1844 1040 1888 eam’.
1069 1843 1421 1904 Consurgentes
1442 1849 1603 1887 autem
1626 1838 1724 1884 duo
1748 1837 2013 1902 presbyteri
2029 1837 2077 1882 in
2096 1836 2257 1883 medio
2274 1837 2457 1901 populi,

342 1930 608 1984 posuerunt
639 1937 809 1968 manus
838 1937 946 1968 suas
973 1938 1117 1985 super
1140 1930 1284 1985 caput
1311 1922 1427 1983 ejus.
1462 1922 1578 1976 Quae
1613 1917 1755 1976 flens,
1788 1917 1997 1982 suspexit
2030 1916 2091 1965 ad
2126 1915 2316 1963 coelum.
2350 1919 2462 1963 Erat

341 2000 472 2046 enim
495 2016 579 2047 cor
601 2001 701 2063 ejus
722 2000 949 2048 fiduciam
969 2001 1154 2048 habens
1173 2002 1222 2048 in
1246 2001 1481 2059 Domino,
1508 2010 1554 2046 et
1583 2000 1804 2046 dixerunt
1826 1999 2091 2064 presbyteri
2121 2017 2130 2044 :
2150 2000 2352 2054 «Quum
2376 1998 2461 2044 (10-

346 2099 369 2124 «
389 2080 741 2128 ambularemus
766 2082 814 2128 in
844 2083 1063 2146 pomario
1087 2082 1199 2139 soli,
1226 2091 1360 2128 etc.»
1388 2084 1446 2127 Et
1466 2097 1552 2127 vos
1575 2081 1757 2144 itaque,
1785 2080 1873 2144 piae
1894 2079 2125 2142 virgines,
2154 2078 2461 2124 innocentem

342 2170 629 2221 matronam,
648 2171 694 2208 et
712 2171 895 2209 tantam
912 2163 1226 2211 sustinentem
1249 2161 1472 2224 injuriam
1489 2161 1570 2225 pio
1588 2160 1935 2225 prosequimini
1959 2159 2090 2218 fletu,
2113 2169 2166 2205 ut.
2187 2176 2285 2223 quo
2310 2159 2461 2221 major

341 2250 496 2288 vestra
522 2241 662 2288 fuerit
685 2241 978 2306 compassio,
1000 2241 1260 2305 jocundior
1284 2241 1451 2287 existat
1472 2241 1743 2287 innocentis
1766 2239 2002 2286 liberatiO.
2037 2239 2235 2286 Flebant
2258 2256 2357 2285 non
2382 2255 2460 2285 so·

341 2317 441 2366 lum
464 2321 554 2380 sui,
580 2320 664 2368 sed
681 2337 848 2368 omnes
871 2322 955 2385 qui
978 2331 1214 2369 noverant
1232 2337 1362 2380 eam3
1392 2337 1492 2367 non
1516 2320 1713 2384 quidem
1737 2337 1922 2380 omnes,
1950 2320 2033 2384 qui
2049 2320 2149 2383 ejus
2171 2319 2361 2367 laudem
2385 2336 2462 2366 au—

342 2398 551 2458 dierant,
582 2416 687 2463 quae
714 2399 870 2446 nullos
896 2410 977 2447 aut
1004 2417 1184 2464 paucos
1212 2401 1357 2447 latere
1386 2410 1598 2464 poterat,
1624 2400 1708 2446 sed
1737 2400 1820 2463 qui
1849 2401 1917 2446 rei
1939 2400 2186 2468 veritatem
2209 2399 2369 2446 multis
2392 2401 2460 2445 in-

342 2479 476 2526 diciis
499 2481 678 2544 experti
693 2480 896 2526 fuerant.
925 2484 978 2527 In
1002 2464 1215 2527 medium
1237 2491 1458 2527 matrona
1480 2481 1777 2527 sanctissima
1799 2480 2020 2539 trahitur,
2046 2490 2094 2526 et
2115 2481 2347 2526 innocens
2369 2498 2458 2545 pro

341 2576 419 2607 rea
443 2560 679 2606 statuitur.
707 2561 881 2606 Anxius
904 2560 1119 2617 maritus,
1146 2561 1273 2606 anxii
1294 2570 1394 2607 tam
1416 2570 1636 2624 parentes
1658 2576 1804 2623 quam
1827 2559 1926 2618 filii,
1953 2569 2000 2606 et
2023 2576 2190 2606 omnes
2212 2561 2295 2623 qui
2317 2577 2461 2607 nove-

342 2649 449 2686 rant
477 2655 606 2698 eam,
645 2649 827 2704 quanto
858 2639 1044 2703 pudore
1073 2639 1282 2698 confusi,
1314 2640 1504 2703 quantis
1532 2639 1752 2703 lacrymis
1786 2639 1964 2704 perfusi
1997 2639 2098 2702 ejus
2131 2640 2457 2686 innocentiam

342 2719 671 2783 deplorarent,
704 2720 807 2783 quis
840 2735 1221 2766 commemorare
1243 2719 1319 2766 vel
1341 2719 1549 2782 cogitare
1572 2736 1673 2766 non
1696 2718 1933 2783 plorando
1956 2720 2127 2782 queat?
2151 2719 2348 2766 Solitam
2371 2735 2454 2765 na-

341 2809 456 2846 turae
490 2815 637 2863 quam
669 2799 979 2846 humanitatis
1013 2799 1318 2846 immemores
1352 2816 1489 2846 senes
1518 2800 1567 2845 in
1597 2799 1697 2862 ejus
1720 2799 1979 2862 judicium,
2009 2799 2107 2845 imo
2136 2816 2275 2846 suum
2298 2800 2457 2864 potius

340 2894 627 2941 consurgere
656 2879 779 2937 ausi,
815 2888 862 2924 et
890 2878 1163 2926 immundas
1192 2895 1363 2925 manus
1390 2889 1564 2925 sanctae
1585 2879 1752 2924 vertici
1773 2878 1874 2942 ejus
1903 2879 2205 2943 imponentes
2227 2889 2456 2942 tanquam

341 2959 667 3004 testimonium
696 2958 1010 3005 accusationis
1037 2959 1087 3005 in
1116 2975 1222 3006 eam
1251 2959 1424 3005 dicturi
1452 2977 1461 3005 ε
1486 2961 1688 3016 «Quum
1710 2958 2143 3017 deambularemus,
2166 2978 2187 3003 »
2213 2960 2452 3023 inquiunt,

343 3057 366 3082 «
393 3038 443 3084 in
466 3039 684 3102 pomario
706 3038 820 3096 soli,
847 3048 938 3084 etc.
960 3056 983 3082 »
1015 3041 1164 3097 Bene,
1196 3039 1411 3102 inquam,
1437 3038 1615 3096 dicitis,
1645 3037 2117 3097 «deambularemus,
2140 3058 2163 3082 »
2189 3049 2236 3085 et
2261 3061 2281 3083 α
2302 3039 2407 3097 5011,
2430 3058 2451 3083 »

340 3117 422 3180 qui
444 3117 840 3182 concupiscentiae
861 3116 1061 3164 stimulis
1084 3118 1262 3180 agitati,
1288 3134 1315 3164 a
1337 3121 1441 3164 Deo
1463 3118 1640 3182 pariter
1662 3127 1710 3164 et
1731 3117 1832 3180 lege
1849 3118 1950 3180 jam
1972 3118 2113 3164 eratis
2136 3117 2294 3164 alieni.

406 3200 532 3244 Bene
563 3209 723 3245 autem
754 3214 905 3262 quum
940 3197 1122 3244 dictum
1143 3199 1203 3244 sit
1230 3217 1240 3245 ε
1271 3218 1294 3243 «
1311 3202 1662 3261 Consurgentes
1685 3198 1734 3244 in
1758 3198 1917 3245 medio
1944 3199 2129 3263 populi,
2155 3215 2326 3246 manus
2348 3217 2454 3246 suas

340 3292 482 3340 super
504 3287 647 3342 caput
669 3278 787 3340 ejus,
810 3295 831 3319 n
863 3276 1022 3323 statim
1045 3276 1324 3339 adjunctum
1353 3287 1440 3337 est,
1471 3297 1494 3321 «
1510 3294 1615 3341 quae
1644 3276 1762 3323 flens
1797 3278 2006 3342 suspexit
2035 3278 2096 3325 ad
2125 3278 2321 3338 coelum3
2355 3290 2453 3325 erat

386 3455 395 3472 ¹
420 3455 479 3488 nic
495 3455 621 3490 videtur
634 3457 748 3491 deesse
767 3470 774 3490 :
797 3471 810 3486 u
828 3458 859 3491 Si
875 3458 937 3492 hoc
951 3468 1063 3502 egero,
1078 3469 1165 3492 mors
1180 3458 1257 3492 mihi
1270 3467 1331 3493 est.
1347 3472 1362 3489 ι
1381 3477 1418 3485 -
1434 3458 1447 3477 ¹
1465 3459 1562 3501 Dan„
1580 3469 1655 3503 cap.
1674 3470 1753 3501 xm,
1766 3469 1797 3493 v.
1811 3461 1866 3493 33.
1880 3458 1953 3500 —J
1971 3458 2069 3499 lbid„
2086 3469 2115 3492 v.
2132 3459 2185 3490 25.
