2970 4152
470 398 566 445 240
730 406 732 409 ’
1166 398 1468 446 HELOISSAE
1488 399 1898 447 *PROBLEMATA

474 510 498 534 «
523 491 739 537 omnium
764 507 896 550 reus,
920 510 943 535 υ
971 490 1192 553 subjecit,
1221 510 1245 535 «
1264 491 1412 540 factus
1434 503 1503 541 est
1523 503 1838 559 transgressor
1857 491 1987 557 legis,
2015 509 2038 534 »
2061 491 2117 537 ex
2140 507 2198 538 eo
2221 489 2438 538 videlicet
2456 490 2588 555 quod

472 588 620 617 unum
650 571 944 635 praetermisit
968 581 1283 635 praeceptum,
1313 572 1446 638 quod
1477 590 1610 638 aeque
1627 610 1658 636 ,υ
1675 583 1727 620 ut
1753 582 1946 630 caetera,
1981 570 2132 617 fuerat
2156 570 2438 633 injunctum.
2466 569 2591 617 Alio-

472 652 587 714 quin
614 667 671 697 ex
699 667 756 698 eo
781 650 914 715 quod
939 650 1179 715 subjungit
1201 669 1211 698 :
1245 671 1267 697 «
1289 653 1384 710 Qui
1408 654 1536 701 enim
1559 651 1680 701 *dixit
1706 672 1715 699 :
1746 656 1851 699 Non
1877 650 2212 710 moechaberis,
2236 661 2325 698 etc.
2353 669 2377 694 »
2407 654 2590 715 Nequa-

471 747 615 794 quam
638 730 973 796 comprobaret
997 730 1112 778 illud
1139 733 1457 797 praemissum,
1497 753 1521 779 «
1546 734 1694 781 factus
1719 743 1789 780 est
1811 733 2028 779 omnium
2051 747 2175 778 reus.
2204 750 2227 774 »
2258 733 2420 788 Quum
2451 731 2591 794 igitur

472 812 534 857 ait
558 829 567 856 :
601 830 624 854 «
648 811 742 868 Qui
766 812 893 858 enim
913 810 1056 871 dixit,
1080 822 1192 874 etc.,
1215 832 1237 857 n
1260 813 1351 861 tale
1372 824 1465 874 est,
1495 831 1550 861 ac
1572 815 1610 861 si
1632 814 1810 861 diceret
1836 831 1845 859 :
1870 812 1980 860 ideo
2006 821 2132 859 recte
2156 811 2279 870 dixi,
2308 811 2419 875 quia
2438 827 2591 858 unum

472 890 863 954 transgrediendo
880 927 892 950 ,
923 891 1072 938 factus
1099 902 1169 939 est
1195 894 1413 940 omnium
1442 911 1549 941 reus
1584 912 1594 939 ε
1634 893 1729 940 hoc
1769 902 1867 952 est,
1909 909 1966 939 ex
1998 891 2093 938 hoc
2120 890 2450 938 damnandus¹
2485 900 2557 938 est
2574 927 2586 950 ,

472 971 582 1034 quia
609 987 708 1018 non
733 971 893 1018 omnia
921 972 1186 1032 servando,
1217 975 1373 1020 Deum
1402 974 1703 1038 contempsit.
1737 973 1859 1030 Quia
1885 973 1986 1037 ipse
2012 971 2278 1031 Dominus,
2318 971 2401 1034 qui
2437 970 2591 1035 legem

472 1050 690 1111 tradidit,
719 1061 818 1099 tam
836 1051 931 1098 hoc
950 1052 1229 1099 mandatum
1249 1089 1261 1113 ,
1290 1070 1435 1117 quam
1461 1053 1579 1100 illud
1605 1052 1846 1099 observari
1858 1053 1995 1116 jussit
2015 1070 2025 1098 z
2047 1051 2144 1098 hoc
2164 1061 2256 1111 est,
2278 1052 2466 1112 omnia,
2489 1067 2590 1099 non

471 1130 661 1194 aliquod
705 1148 857 1178 unum
893 1148 949 1179 ex
990 1131 1229 1179 omnibus.
1271 1135 1335 1179 Ac
1361 1150 1447 1197 per
1472 1133 1567 1179 hoc
1592 1133 1713 1178 sicut
1738 1142 2052 1196 transgressor
2075 1130 2127 1178 fit
2154 1130 2268 1194 legis
2286 1166 2298 1190 ,
2333 1130 2409 1177 vel
2440 1147 2590 1177 unum

470 1199 859 1274 transgrediendo
887 1221 1202 1276 praeceptum,
1241 1212 1304 1258 ita
1338 1211 1393 1258 fit
1415 1228 1523 1258 reus
1545 1212 1762 1258 omnium
1780 1247 1793 1271 ,
1832 1212 1950 1258 sicut
1987 1221 2056 1258 est
2085 1211 2378 1275 expositum,
2416 1227 2473 1257 ex
2496 1210 2591 1258 hoc

470 1291 611 1336 etiam
636 1290 964 1352 damnandus,
999 1292 1132 1355 quod
1163 1309 1261 1339 non
1294 1293 1458 1340 omnia
1486 1292 1812 1358 compleverit.

1224 1438 1467 1470 PROBLEMA
1501 1437 1724 1470 HELOISSAE
1759 1439 1827 1469 111.

532 1540 659 1597 Quid
688 1550 756 1587 est
780 1541 912 1604 quod
937 1557 1059 1606 saepe
1078 1542 1312 1588 Dominus
1331 1541 1392 1588 ab
1408 1541 1645 1606 aliquibus
1663 1543 1979 1606 interrogatus
1993 1577 2006 1601 ,
2036 1541 2334 1606 respondens
2352 1541 2445 1588 illis
2461 1541 2593 1604 sigil-

468 1619 598 1665 latim
624 1619 749 1666 dicat
770 1638 779 1666 :
812 1640 834 1664 «
859 1624 925 1667 Tu
952 1620 1132 1681 dixisti,
1158 1640 1181 1665 υ
1203 1621 1305 1668 vel:
1338 1640 1362 1666 «
1383 1625 1452 1667 Tu
1471 1621 1588 1667 dicis
1607 1658 1618 1680 ,
1644 1640 1666 1665 »
1693 1638 2044 1686 nonnunquam
2060 1622 2203 1668 etiam
2220 1620 2437 1686 pluribus
2452 1620 2592 1667 simul

468 1700 864 1764 interrogantibus
888 1701 1174 1766 respondeat
1198 1719 1207 1747 z
1240 1720 1262 1745 «
1286 1704 1383 1748 Vos
1407 1702 1584 1761 dicitis,
1609 1721 1632 1746 »
1661 1712 1891 1767 tanquam
1914 1702 2010 1749 hoc
2036 1718 2118 1749 eos
2136 1701 2308 1749 dixisse
2330 1711 2558 1749 assereret
2575 1738 2588 1762 ,

468 1779 598 1842 quod
613 1781 748 1844 quasi
770 1780 1042 1828 dubitantes
1060 1784 1074 1805 ²
1090 1780 1395 1845 quaerebant?
1417 1782 1492 1828 Sic
1511 1782 1688 1847 quippe
1704 1786 1725 1829 J
1732 1782 1835 1830 udae
1854 1783 2164 1847 interroganti
2182 1801 2191 1828 :
2219 1802 2242 1826 α
2257 1781 2484 1846 Nunquid
2503 1797 2591 1846 ego

469 1876 592 1919 sum,
621 1860 768 1907 Rabbi
783 1897 795 1919 ,
816 1862 899 1925 qui
914 1870 960 1908 te
977 1860 1152 1908 scilicet
1174 1878 1282 1908 sum
1305 1861 1597 1909 traditurus?
1620 1881 1643 1906 »
1672 1862 1933 1928 Respondit
1954 1880 1964 1909 :
1992 1866 2100 1909 «Tu
2121 1862 2295 1909 dixisti.
2323 1881 2346 1905 »
2374 1865 2428 1908 Et
2449 1862 2592 1909 inter-

472 1949 660 2002 rogatus
696 1957 723 1987 a
747 1940 996 2005 pontifice,
1027 1957 1088 1987 an
1125 1941 1185 1988 sit
1221 1941 1344 1989 filius
1368 1942 1490 2002 Dei,
1520 1942 1731 1989 similiter
1756 1942 2002 2007 respondit
2020 1945 2048 1989 ⁸.
2085 1942 2266 2007 Populo
2302 1942 2442 1989 etiam
2469 1957 2593 2006 quae-

472 2020 593 2065 renti
617 2038 626 2065 ε
661 2039 683 2064 α
705 2021 752 2067 Si
776 2030 829 2067 tu
853 2037 903 2068 es
928 2021 1164 2082 Christus,
1209 2022 1287 2068 dic
1323 2021 1463 2070 nobis
1487 2023 1672 2088 palam3
1702 2042 1723 2066 »
1752 2023 1827 2070 vel
1861 2042 1871 2069 :
1905 2026 2016 2070 «Tu
2042 2039 2155 2087 ergo
2181 2040 2231 2070 es
2261 2022 2385 2069 filius
2417 2021 2541 2068 Dei?
2566 2040 2589 2065 »

471 2099 718 2162 respondit
740 2119 750 2147 ι
782 2120 804 2145 «
828 2104 925 2147 Vos
946 2101 1122 2161 dicitis,
1145 2103 1258 2167 quia
1280 2119 1368 2166 ego
1394 2120 1500 2150 sum
1514 2104 1542 2150 ⁴.
1568 2122 1592 2147 »
1624 2103 1840 2167 Denique
1864 2114 1911 2150 et
1934 2120 1960 2150 a
1986 2103 2185 2168 praeside
2202 2139 2213 2160 ,
2243 2103 2293 2149 id
2318 2112 2387 2150 est
2413 2101 2588 2160 Pilato,

473 2179 721 2242 inquisitus
756 2197 817 2227 an
851 2181 909 2228 sit
948 2198 1029 2228 rex
1064 2181 1364 2243 Judaeorum,
1399 2183 1648 2248 respondit
1680 2201 1689 2229 ε
1737 2187 1851 2229 «Tu
1876 2183 1991 2230 dicis
2025 2184 2137 2247 quia
2159 2199 2241 2230 rex
2267 2199 2373 2229 sum
2401 2197 2489 2245 ego
2506 2184 2534 2228 ⁵.
2565 2200 2588 2224 υ

473 2261 587 2315 Quae
613 2260 823 2324 profecto
850 2264 1184 2326 responsiones
1218 2279 1319 2309 non
1343 2264 1582 2310 immerito
1609 2263 1959 2310 dubitationem
1997 2264 2199 2310 excitare
2230 2262 2466 2309 videntur.
2499 2262 2593 2318 Qui
2658 2309 2662 2310 γ

472 2342 599 2384 enim
621 2341 786 2403 quaerit
812 2350 973 2388 utrum
994 2341 1088 2388 hoc
1112 2342 1187 2402 sit,
1213 2342 1286 2389 vel
1306 2342 1442 2402 illud,
1473 2359 1778 2407 nequaquam
1802 2343 2097 2391 enuntiando
2124 2343 2236 2390 dicit
2256 2341 2390 2406 quod
2414 2341 2509 2388 hoc
2534 2340 2592 2387 sit

473 2418 540 2463 vc}
571 2418 709 2479 illud;
739 2420 823 2467 sed
848 2421 983 2485 quasi
1006 2421 1273 2469 dubitando
1298 2423 1464 2486 quaerit
1490 2433 1650 2469 utrum
1675 2423 1738 2470 ita
1761 2424 1833 2469 sit.

1296 2564 1475 2611 Solutz'o
1500 2564 1758 2612 Aboelardc'.

538 2684 716 2729 Revera
742 2681 982 2730 difficilem
1010 2683 1083 2731 vel
1107 2700 1304 2748 prorsus
1330 2685 1634 2733 insolubilem
1658 2686 1731 2733 hae
1753 2687 2090 2751 responsiones
2123 2687 2318 2734 Domini
2348 2695 2595 2734 moverent

473 2764 810 2826 quaestionem,
845 2765 883 2811 si
916 2764 1049 2828 quod
1074 2765 1310 2812 Dominus
1341 2767 1438 2813 ait:
1472 2770 1583 2814 «Tu
1621 2767 1801 2827 dixisti,
1841 2787 1863 2812 »
1894 2767 1966 2815 vel
1997 2786 2006 2813 :
2040 2770 2177 2814 «Vos
2203 2767 2386 2827 dicitis,
2423 2786 2445 2812 »
2482 2766 2586 2814 vel:

477 2863 498 2885 sc
519 2847 585 2889 Tu
612 2844 757 2904 dicis,
786 2863 808 2888 υ
836 2844 898 2892 ad
922 2844 1292 2910 praecedentium
1316 2847 1743 2911 interrogationum
1765 2847 1911 2895 verba
1933 2847 2150 2908 referret,
2174 2858 2227 2895 ut
2248 2849 2296 2895 in
2323 2849 2390 2896 eis
2419 2848 2595 2896 scilicet

472 2922 570 2969 baec
595 2924 720 2971 dicta
746 2924 885 2972 fuisse
909 2935 1165 2984 assereret,
1195 2926 1328 2990 quod
1363 2943 1667 2991 nequaquam
1691 2928 1931 2975 convenit.
1963 2931 2126 2985 Quum
2152 2945 2263 2992 ergo
2290 2928 2422 2976 Judae
2452 2928 2595 2976 inter-

475 3005 679 3064 roganti,
712 3020 773 3050 an
801 3005 900 3069 ipse
923 3005 1010 3064 sit,
1044 3005 1127 3069 qui
1150 3021 1262 3052 eum
1289 3006 1463 3066 tradat,
1490 3007 1771 3071 respondit:
1809 3010 1920 3054 «Tu
1951 3007 2137 3067 dixisti,
2171 3027 2194 3052 υ
2227 3009 2386 3073 potius
2416 3023 2589 3072 quam:

525 3085 591 3128 Tu
618 3083 758 3142 dicis,
784 3103 806 3128 »
839 3084 900 3131 ad
932 3095 1125 3150 pactum
1150 3085 1269 3132 illud
1299 3087 1530 3151 respexit,
1565 3086 1697 3150 quod
1718 3086 1818 3150 jam
1846 3086 1923 3134 ille
1949 3103 2059 3134 cum
2089 3087 2260 3135 Judaeis
2287 3088 2456 3134 inierat
2485 3103 2595 3152 pro-

477 3162 666 3208 mittens
694 3180 742 3210 se
773 3164 862 3211 illis
886 3181 996 3212 eum
1022 3165 1209 3214 tradere
1235 3166 1495 3231 cupiditate
1526 3167 1770 3231 promissae
1798 3168 2026 3232 pecuniae.
2059 3167 2211 3235 Quod¹
2241 3183 2352 3214 vero
2392 3167 2595 3232 principi

476 3242 777 3288 sacerdotum
801 3244 1109 3308 interroganti
1146 3263 1206 3293 an
1238 3246 1450 3294 Christus
1486 3247 1544 3294 sit
1580 3246 1704 3294 filius
1734 3248 1854 3307 Dei,
1890 3247 2137 3313 respondit
2164 3266 2174 3293 ε
2218 3267 2240 3292 «
2264 3251 2330 3293 Tu
2358 3247 2541 3306 dixisti,
2567 3266 2590 3290 »

520 3422 527 3435 ⁴
561 3422 735 3454 Darmnatus
750 3422 884 3455 Cod.-
901 3424 914 3441 ²
930 3426 982 3459 Sic
1001 3427 1082 3460 Cod.
1098 3427 1182 3461 vict.
1197 3446 1219 3453 -·
1238 3430 1337 3469 Quasi
1354 3439 1428 3470 ‹11⁴ae
1453 3431 1515 3461 du·
1560 3428 1618 3452 -—⁴
1636 3428 1746 3469 Joan.,
1772 3439 1846 3471 cap.
1862 3440 1902 3468 x,
1929 3440 1958 3461 v.
1986 3429 2040 3462 24.
2054 3429 2200 3469 -Mam,
2229 3439 2301 3473 cap.
2322 3440 2410 3470 xxn,
2433 3439 2464 3462 v,
2487 3429 2596 3461 70.—

476 3478 610 3508 Jzzantcs
635 3477 720 3511 Edit.
743 3478 837 3512 Amb.
855 3499 894 3506 -—
908 3480 922 3498 ³
936 3481 1063 3521 Matth.,
1091 3493 1165 3526 cap.
1193 3495 1268 3517 xxvi
1281 3509 1290 3523 ,
1318 3495 1348 3517 v.
1375 3485 1436 3523 25,
1458 3485 1514 3516 64.
1562 3484 1575 3501 ⁸
1588 3484 1698 3524 Joan„
1714 3495 1788 3527 cap.
1804 3495 1881 3519 xvm
1895 3509 1904 3525 ‚
1919 3495 1950 3518 v.
1965 3486 2020 3518 37.
