2970 4152
1169 413 1482 459 EPISTOLAE.
1504 416 1507 419 ’
2239 410 2246 416 ’
2301 415 2391 459 197

280 509 377 556 cit?
401 510 449 555 Si
473 508 778 573 pontificibus
802 508 937 573 ipsis,
967 517 1014 554 et
1037 507 1255 562 Ecclesiae
1283 508 1455 553 san‘ctae
1480 506 1765 566 rectoribus,
1798 508 1837 552 si
1865 507 2072 570 denique
2098 507 2395 553 monasteriis

279 589 561 635 clericorum
587 589 688 635 sine
715 587 895 635 offensa
912 587 1133 635 carnibus
1156 588 1296 634 etiam
1315 586 1441 633 vesci
1465 585 1593 644 licet,
1620 587 1731 649 quia
1759 586 1886 632 nulla
1910 587 2086 637 scilicet
2103 585 2395 651 professione

278 652 340 714 ab
364 670 430 715 eis
454 669 738 732 religantur3
767 669 873 731 quis
902 667 987 714 has
1014 667 1174 733 culpet
1205 667 1390 713 feminis
1415 662 1681 729 indulgeri,
1713 667 1916 713 maxime
1944 667 1981 713 si
2012 667 2060 712 in
2086 666 2262 712 caeteris
2294 681 2394 711 ma-

273 749 430 812 jorem
456 749 1046 797 tolerentdistrictionem?
1066 747 1246 795 Sufficit
1270 748 1447 813 quippe
1471 747 1703 812 discipulo
1723 757 1775 794 ut
1793 749 1850 794 sit
1868 748 1986 794 sicut
2009 747 2228 811 magister
2249 747 2349 808 ejus
2367 750 2394 804 ¹,

278 840 325 876 et
350 847 520 895 magna
546 830 734 877 videtur
766 829 1042 888 credulitas,
1082 830 1120 876 si
1149 828 1282 893 quod
1315 828 1613 874 monasteriis
1646 827 1926 875 clericorum
1962 828 2258 891 indulgetur,
2284 844 2397 873 mo-

278 911 491 958 nasteriis
520 911 803 958 feminarum
827 909 1151 975 prohibeatur.
1176 913 1271 957 Nec
1287 926 1487 975 parvum
1515 909 1656 955 etiam
1681 909 2011 956 aestimandum
2036 920 2127 968 est,
2151 910 2189 955 si
2213 909 2398 955 feminae

277 1007 425 1055 quum
453 1001 619 1038 caetera
651 991 925 1037 monasterii
946 990 1263 1050 districtione,
1294 991 1341 1036 in
1369 989 1459 1036 hac
1487 1006 1580 1036 una
1604 990 1816 1036 carnium
1849 989 2141 1053 indulgentia
2172 989 2397 1053 religione

276 1071 487 1119 fidelium
506 1072 735 1119 laicorum
754 1071 999 1119 inferiores
1016 1089 1116 1119 non
1134 1073 1227 1118 sint
1242 1091 1255 1132 3
1277 1072 1535 1137 praesertim
1549 1087 1725 1135 quum,
1745 1081 1860 1118 teste
1873 1070 2213 1134 Chrysostomo
2228 1072 2257 1129 ²,
2279 1070 2398 1117 nihil

274 1153 382 1200 licet
410 1153 719 1213 secularibus,
745 1152 879 1217 quod
900 1169 1000 1199 non
1023 1152 1160 1200 liceat
1191 1152 1462 1210 monachis,
1497 1162 1695 1217 excepto
1730 1150 2050 1198 concumbere
2075 1161 2259 1198 tantum
2285 1167 2395 1196 cum

275 1249 439 1280 uxore.
464 1237 631 1280 Beatus
655 1249 849 1297 quoque
876 1233 1193 1296 Hieronymus
1218 1231 1499 1279 clericorum
1524 1231 1802 1296 religionem
1826 1248 1924 1278 non
1953 1231 2226 1277 inferiorem
2255 1248 2399 1295 quam

276 1313 624 1360 monachorum
649 1313 868 1377 judicans
887 1349 899 1373 ‚
929 1314 1018 1360 ait³
1040 1332 1049 1359 :
1078 1332 1102 1357 «
1123 1314 1270 1370 Quasi
1296 1312 1528 1377 quidquid
1553 1313 1600 1359 in
1628 1311 1891 1359 monachos
1915 1311 2088 1359 dicitur
2106 1328 2204 1359 non
2225 1312 2399 1360 redun-

275 1393 356 1441 det
391 1395 439 1440 in
475 1394 695 1455 clericos,
739 1395 822 1459 qui
860 1404 970 1441 sunt
1006 1403 1163 1459 patres
1195 1393 1563 1441 monachorum.
1590 1413 1612 1436 »
1646 1393 1764 1450 Quis
1796 1393 1938 1439 etiam
1976 1394 2161 1456 ignoret
2200 1395 2399 1440 omnino

275 1473 548 1521 discretioni
573 1475 865 1522 contrarium
898 1491 1024 1535 esse,
1053 1474 1092 1520 si
1115 1484 1245 1521 tanta
1270 1473 1505 1521 debilibus
1533 1483 1710 1537 quanta
1735 1473 1934 1520 fortibus
1952 1473 2262 1538 imponantur
2284 1491 2403 1521 one-

275 1553 359 1600 ra?
386 1554 425 1600 si
449 1564 579 1602 tanta
606 1555 792 1602 feminis
824 1565 1002 1620 quanta
1026 1556 1138 1602 viris
1171 1554 1443 1619 injungatur
1475 1554 1792 1602 abstinentia?
1818 1557 1888 1602 De
1921 1571 2019 1619 quo
2046 1555 2187 1602 etiam
2222 1557 2260 1601 si
2295 1557 2400 1619 quis

274 1650 417 1698 supra
440 1635 597 1700 ipsum
620 1646 799 1683 naturae
823 1635 1167 1683 documentum
1194 1636 1523 1682 auctoritatem
1547 1635 1787 1699 efflagitet,
1815 1635 2007 1682 beatum
2038 1653 2230 1700 quoque
2261 1654 2403 1702 super

273 1713 368 1762 hoc
386 1716 670 1778 Gregorium
698 1716 930 1763 consulat.
959 1717 1046 1763 Hic
1074 1717 1252 1781 quippe
1279 1733 1479 1780 magnus
1511 1716 1727 1764 Ecclesiae
1752 1726 1849 1764 tam
1879 1726 2036 1763 rector
2060 1733 2205 1780 quam
2233 1717 2403 1765 doctor

274 1794 334 1841 de
358 1794 453 1841 hoc
477 1811 670 1859 quoque
693 1805 887 1842 caeteros
912 1795 1128 1843 Ecclesiae
1153 1795 1375 1843 doctores
1415 1796 1663 1860 diligenter
1699 1797 1962 1856 instruens,
2000 1797 2106 1843 libri
2138 1799 2403 1846 Pastoralis

273 1874 479 1939 capitulo
518 1877 682 1932 xxw‘,
720 1876 784 1922 ita
819 1858 1035 1922 meminit
1059 1894 1069 1921 ε
1098 1895 1120 1935 ς(
1143 1875 1285 1922 Aliter
1315 1875 1456 1939 igitur
1490 1875 1784 1922 admonendi
1812 1885 1923 1922 sunt
1948 1876 2064 1935 viri,
2096 1887 2238 1941 atque
2268 1878 2402 1925 aliter

275 1954 460 2003 feminae
483 1975 493 2003 ε
517 1957 628 2021 quia
667 1956 758 2004 illis
792 1957 978 2021 gravia,
1023 1957 1122 2004 istis
1161 1973 1275 2004 vero
1318 1967 1430 2004 sunt
1469 1956 1760 2021 injungenda
1784 1957 1991 2016 leviora;
2031 1968 2077 2005 et
2104 1958 2208 2006 illos
2232 1976 2403 2024 magna

277 2047 552 2097 exerceant,
589 2038 700 2084 istas
730 2052 844 2085 vero
878 2037 999 2085 levia
1035 2037 1357 2085 demulcendo
1391 2046 1687 2085 convertant.
1724 2040 1841 2095 Quae
1868 2039 1995 2085 enim
2028 2055 2171 2104 parva
2203 2050 2314 2086 sunt
2354 2042 2401 2086 in

275 2117 500 2179 fortibus,
529 2135 700 2184 magna
724 2129 1004 2185 reputantur
1034 2120 1080 2166 in
1114 2118 1408 2166 debilibus.»
1436 2119 1664 2176 Quamvis
1686 2118 1787 2166 haec
1809 2135 2003 2184 quoque
2029 2120 2191 2167 vilium
2217 2121 2404 2167 licentia

274 2200 490 2246 carnium
519 2201 677 2247 minus
702 2200 874 2248 habeat
898 2200 1235 2248 oblectamenti
1260 2217 1405 2265 quam
1429 2201 1540 2266 ipsae
1563 2200 1763 2265 piscium
1791 2199 1864 2247 vel
1883 2201 2042 2247 avium
2065 2217 2231 2248 carnes
2249 2239 2261 2260 ,
2290 2218 2406 2266 quas

277 2279 473 2327 minime
506 2290 663 2328 tamen
696 2280 835 2328 nobis
869 2281 1034 2329 beatus
1064 2280 1303 2329 interdicit
1340 2281 1636 2328 Benedictus.
1666 2283 1736 2328 De
1760 2280 1934 2345 quibus
1957 2282 2099 2328 etiam
2126 2281 2402 2347 Apostolus,

196 2384 205 2391 ν
272 2376 424 2424 quum
443 2361 651 2409 diversas
674 2363 853 2427 species
871 2363 1025 2410 carnis
1050 2362 1359 2427 distingueret
1382 2381 1390 2409 ε
1418 2383 1440 2407 «
1460 2365 1565 2409 Non
1586 2363 1766 2421 omnis,
1788 2381 1811 2406 »
1833 2362 1986 2427 inquit
2001 2366 2035 2422 ⁵,
2063 2382 2087 2407 α
2106 2379 2217 2409 caro
2237 2363 2403 2410 eadem

273 2456 408 2502 caro,
438 2442 521 2490 sed
546 2442 636 2494 alia
662 2443 940 2502 hominum,
976 2442 1065 2490 alia
1100 2460 1330 2509 pecorum
1347 2479 1360 2503 ‚
1397 2443 1487 2490 alia
1514 2443 1789 2503 volucrum,
1825 2442 1914 2490 alia
1950 2443 2167 2508 piscium.
2194 2462 2216 2486 »
2239 2446 2296 2489 Et
2320 2461 2406 2508 pe-

275 2538 444 2570 corum
470 2524 665 2588 quidem
689 2535 735 2572 et
761 2526 921 2572 avium
953 2542 1119 2572 carnes
1146 2527 1194 2572 in
1220 2524 1449 2573 sacrificio
1475 2525 1670 2571 Domini
1700 2524 1773 2572 lex
1799 2525 1961 2589 ponit;
1998 2525 2150 2589 pisces
2181 2541 2299 2572 vero·
2321 2542 2404 2572 ne·

274 2619 514 2668 quaquam
539 2622 548 2651 :
580 2615 631 2651 ut
660 2622 804 2652 nemo
832 2606 1035 2671 piscium
1060 2621 1195 2653 esum
1221 2605 1526 2653 mundiorem
1551 2608 1654 2652 Deo
1679 2622 1824 2670 quam
1854 2606 2070 2653 carnium
2103 2606 2279 2653 credat.
2310 2607 2404 2663 Qui

270 2683 414 2730 etiam
442 2694 574 2731 tanto
598 2694 667 2732 est
690 2685 941 2732 onerosior
965 2686 1231 2751 paupertati
1256 2685 1328 2733 vel
1358 2686 1527 2741 carior,
1556 2695 1737 2750 quanto
1764 2686 1964 2751 piscium
1991 2686 2149 2732 minor
2171 2695 2242 2732 est
2265 2686 2402 2750 copia

270 2778 415 2826 quam
455 2766 669 2811 carnium
688 2800 701 2822 ,
739 2776 784 2812 et
824 2766 982 2812 minus
1019 2765 1259 2813 infirmam
1296 2765 1576 2813 corroborat
1613 2775 1861 2825 naturam;
1900 2776 1952 2813 ut
1988 2767 2035 2812 in
2073 2766 2222 2813 altero
2254 2766 2401 2829 magis

273 2854 461 2906 gravet,
490 2845 539 2892 in
571 2845 719 2893 altero
743 2847 890 2910 magis
914 2845 1177 2894 subveniat.
1209 2849 1304 2893 Nos
1336 2847 1495 2911 itaque
1526 2846 1726 2894 fortunae
1748 2847 1925 2912 pariter
1952 2856 1998 2894 et
2028 2856 2208 2893 naturae
2239 2846 2404 2892 homi-

275 2940 391 2971 num
413 2925 737 2986 consulentes,
775 2926 893 2973 nihil
920 2927 968 2974 in
994 2926 1256 2987 alimentis,
1292 2936 1344 2974 ut
1377 2927 1610 2986 diximus,
1639 2927 1729 2974 nisi
1755 2927 2128 2993 superfluitatem
2162 2927 2403 2974 interdici-

273 3019 394 3052 mus.
428 3008 601 3070 >Ipsum
639 3007 798 3071 itaque
833 3007 1048 3054 carnium
1085 3007 1183 3054 sive
1216 3017 1496 3055 caeterorum
1534 3024 1670 3055 esum
1703 3003 2050 3072 temperamus,
2092 3016 2143 3053 ut
2179 3005 2403 3054 omnibns

271 3086 529 3146 concessis,
554 3087 707 3150 major
731 3086 790 3134 sit
814 3086 1098 3134 abstinentia
1127 3087 1432 3148 monialium,
1455 3104 1601 3153 quam
1626 3087 1915 3152 quibusdam
1939 3087 2224 3146 interdictis,
2254 3086 2402 3134 modo

271 3164 330 3211 sit
355 3165 721 3213 monachorum.
746 3167 897 3231 igitur
921 3167 1079 3232 ipsum
1097 3183 1291 3232 quoque
1315 3168 1532 3215 carnium
1555 3184 1690 3215 esum
1711 3168 1775 3214 ita
1799 3167 2053 3232 temperari
2074 3166 2323 3226 volumus,
2353 3176 2403 3213 ut

274 3260 373 3292 non
402 3246 603 3312 amplius
634 3264 780 3312 quam
812 3246 958 3295 semel
995 3248 1042 3294 in
1078 3246 1155 3295 die
1189 3257 1407 3309 sumant,
1436 3264 1526 3296 nec
1556 3247 1742 3295 diversa
1765 3246 1878 3294 inde
1902 3246 2077 3295 fercula
2106 3245 2263 3294 eidem
2298 3262 2404 3311 per⁴

318 3399 327 3415 ¹
354 3399 488 3441 Manli„
508 3409 580 3443 cap.
607 3411 627 3433 x
647 3425 655 3440 ,
681 3411 711 3433 v.
740 3401 795 3434 24.
814 3418 842 3424 —
867 3399 880 3417 ¹
895 3401 932 3433 In
950 3401 1055 3442 Epist.
1078 3403 1123 3433 ad
1141 3402 1316 3439 Hebroem,
1362 3412 1397 3445 p.
1410 3400 1474 3441 Ill,
1489 3409 1562 3444 cap.
1582 3411 1610 3442 ι,
1628 3400 1710 3442 Opp.
1727 3406 1751 3433 t.
1770 3399 1818 3441 11,
1833 3399 1898 3433 col.
1917 3398 2035 3434 35.-⁸
2050 3398 2196 3433 Corinth.
2210 3398 2332 3440 1,cap.
2345 3407 2401 3434 xv,

273 3466 349 3499 cap.
368 3467 398 3489 iv
411 3480 420 3496 ,
436 3455 525 3489 hom.
541 3466 581 3489 vu
597 3481 606 3496 ,
624 3456 706 3498 Opp.
725 3463 747 3490 t.
766 3457 843 3498 Xll,
868 3468 902 3502 p.
932 3456 1084 3490 113.--8
1100 3456 1204 3501 Epist.
1219 3467 1316 3498 nvn,
1362 3468 1393 3490 v.
1416 3458 1468 3490 39.

277 3514 322 3545 ad
346 3513 500 3551 Furiam,
522 3512 601 3553 Opp.
634 3520 657 3545 t.
687 3512 742 3553 lv,
764 3514 827 3548 eol.
851 3515 926 3547 556.
952 3532 981 3538 —·
1003 3513 1016 3531 ⁴
1033 3514 1148 3556 nequi.
1173 3522 1317 3555 pastor„
