2970 4152
538 395 630 441 542
1331 394 1502 441 PETRI
1538 395 1852 442 ABAELARDI

535 490 665 535 enirn
686 506 771 536 cor
794 489 892 552 ejus
917 487 1142 534 fiduciam
1164 486 1347 535 habens
1366 489 1415 536 in
1438 490 1667 537 Domino.
1689 509 1712 535 »
1739 489 1867 547 Quid
1890 499 1960 537 est
1981 489 2115 554 quod
2137 489 2384 555 hucusque
2406 509 2557 556 quum
2578 494 2649 540 sui

534 586 639 616 eam
663 570 909 626 deflerent,
932 585 1032 614 non
1057 577 1127 614 est
1149 579 1414 617 memorata
1437 570 1567 629 flere,
1594 571 1678 618 sed
1702 580 1816 618 tunc
1838 581 2024 618 tantum
2049 586 2199 635 quum
2215 572 2530 620 castissimum
2551 574 2650 637 ejus

533 660 676 714 caput
711 649 1044 711 contingerent
1078 665 1249 697 manus
1283 650 1561 715 impudicae?
1592 639 1819 715 Nunquid
1852 661 1967 698 tunc
2001 651 2160 716 primo
2201 651 2277 698 vel
2316 653 2553 718 praecipue
2590 653 2650 700 de

532 728 744 792 periculo
781 727 980 774 timebat
1003 729 1137 775 vitae?
1172 729 1315 786 Quod
1347 730 1543 794 quidem
1572 747 1633 777 ne
1656 731 1969 795 suspicemur,
1996 747 2108 777 mox
2131 732 2423 778 annectitur¹
2450 751 2460 778 :
2491 751 2514 776 «
2541 734 2652 779 Erat

533 811 659 855 enim
689 826 773 855 cor
795 810 894 873 ejus
921 808 1146 856 fiduciam
1169 810 1353 858 habens
1381 811 1430 857 in
1460 811 1688 858 Domino.
1711 830 1734 855 »
1768 812 1997 869 Quamvis
2026 812 2156 859 enim
2184 812 2400 877 superius
2428 811 2647 860 dixisset:

537 910 558 934 «
585 890 632 935 Si
664 899 825 936 autem
858 906 957 936 non
990 906 1155 954 egero,
1191 907 1291 937 non
1322 890 1546 954 effugiam
1575 907 1745 937 manus
1779 901 1982 949 vestras,
2010 909 2032 936 >)
2065 900 2112 938 et
2139 892 2454 956 postmodum
2481 891 2610 939 dicat
2638 910 2648 938 ε

535 992 557 1014 «
585 974 640 1016 Et
663 986 773 1017 ecce
793 971 992 1030 morior,
1010 988 1160 1035 quum
1179 971 1299 1018 nihil
1317 971 1494 1018 horum
1513 971 1729 1031 fecerim3
1751 990 1774 1015 »
1800 971 1981 1019 confisa
1997 982 2159 1019 tamen
2178 982 2225 1019 et
2240 989 2406 1020 secura
2421 972 2483 1019 de
2504 968 2654 1020 salute

530 1052 716 1110 animae,
743 1061 790 1097 et
813 1050 961 1114 gloria
987 1051 1173 1115 palmae,
1200 1069 1506 1116 nequaquam
1528 1053 1672 1099 tristis
1695 1062 1796 1100 erat
1817 1052 1878 1099 de
1900 1053 2173 1100 transitoria
2195 1063 2375 1112 morte,
2401 1069 2487 1118 per
2507 1068 2654 1117 quam

531 1147 580 1176 se
604 1131 910 1178 transituram
932 1131 1112 1178 sciebat
1140 1131 1201 1179 ad
1231 1132 1403 1195 gaudia
1425 1132 1648 1196 perennis
1664 1132 1787 1179 vitae.
1822 1132 1961 1179 Unde
1990 1142 2037 1179 et
2064 1133 2190 1180 bene
2212 1133 2451 1197 suspicere
2473 1132 2535 1180 ad
2557 1149 2653 1180 coe·

530 1210 630 1256 lum
654 1220 948 1258 memoratur
964 1227 1062 1275 quo
1080 1212 1180 1274 ejus
1203 1212 1405 1258 intentio
1429 1221 1533 1258 toto
1551 1211 1789 1258 desiderio
1814 1211 2070 1259 ferebatur.
2097 1214 2193 1258 Cur
2209 1212 2352 1275 igitur
2373 1211 2518 1259 flebat
2538 1221 2655 1258 tunc

531 1302 717 1338 tantum
742 1309 892 1355 quum
907 1292 1009 1355 ejus
1029 1293 1172 1357 capiti
1195 1309 1365 1339 manus
1388 1293 1694 1357 imponerent
1716 1292 1800 1352 illi,
1826 1309 1882 1340 ac
1903 1309 2004 1339 non
2021 1293 2182 1358 potius
2198 1309 2350 1357 quum
2366 1291 2429 1339 ad
2447 1301 2653 1339 mortem

532 1373 807 1430 duceretur3
842 1372 932 1418 nisi
960 1372 1093 1436 quod
1116 1389 1172 1419 ea
1193 1389 1298 1436 quae
1321 1382 1527 1418 mortem
1549 1389 1649 1418 non
1673 1372 1895 1430 timebat,
1923 1372 1984 1419 ab
2006 1371 2245 1419 obscoenis
2267 1371 2490 1420 manibus
2511 1381 2656 1436 caput

531 1469 670 1498 suum
693 1452 907 1514 contingi
931 1451 1143 1509 dolebat,
1165 1451 1340 1514 quibus
1363 1468 1452 1497 nec
1475 1451 1724 1497 inferiores
1746 1451 1963 1515 corporis
1985 1462 2145 1516 partes
2166 1453 2298 1514 tangi
2322 1452 2654 1498 consenserat?

533 1531 701 1577 Audite
724 1530 847 1588 haec,
879 1540 929 1591 et
955 1530 1224 1593 intelligite,
1251 1531 1457 1593 virgines
1480 1547 1646 1588 sacrae,
1673 1547 1778 1593 quae
1801 1546 2007 1594 corpora
2028 1547 2223 1594 quoque
2246 1540 2404 1577 vestra
2424 1540 2655 1594 tanquam

532 1610 727 1674 propria
748 1613 851 1656 Deo
881 1609 1059 1673 templa
1082 1610 1394 1655 consecrastis
1407 1646 1418 1667 ,
1444 1619 1497 1655 ut
1519 1608 1652 1655 nullo
1674 1609 1876 1655 lasciviae
1897 1619 2028 1655 tactu
2049 1609 2151 1656 haec
2172 1608 2323 1674 pollui
2345 1610 2652 1674 permittatis,

532 1690 664 1736 nullo
687 1690 1002 1736 immunditiae
1031 1689 1277 1752 sacrilegio
1300 1688 1485 1736 violari.
1516 1690 1603 1735 «Si
1629 1690 1898 1754 peccaverit
1918 1689 1992 1735 vir
2019 1689 2069 1736 in
2092 1690 2269 1748 virum,
2288 1707 2310 1733 »
2337 1689 2527 1737 Samuel
2549 1690 2652 1747 ait²‚

535 1790 557 1814 «
584 1770 761 1834 placari
784 1771 827 1817 ei
858 1773 986 1817 Deus
1014 1779 1189 1834 potest.
1229 1770 1278 1815 Si
1307 1779 1468 1816 autem
1499 1770 1548 1816 in
1578 1772 1734 1815 Deum
1761 1770 2052 1834 peccaverit,
2085 1771 2191 1834 quis
2222 1769 2379 1816 orabit
2406 1785 2497 1834 pro
2525 1770 2652 1816 eo?»

533 1855 584 1896 ln
611 1853 768 1897 virum
792 1867 932 1897 suum
954 1858 1153 1915 peccare
1183 1852 1401 1897 Susanna
1423 1850 1671 1908 timuerat,
1698 1851 1737 1897 si
1761 1849 1922 1914 aliquo
1944 1849 2146 1897 lasciviae
2167 1860 2297 1897 tactu
2318 1866 2494 1915 corpus
2515 1866 2657 1897 suum

531 1932 573 1976 ei
597 1931 810 1978 dicatum
831 1931 1046 1993 contingi
1070 1916 1383 1995 permitteret.
1411 1929 1540 1987 Quid
1561 1930 1704 1993 igitur
1719 1946 1906 1994 sponsae
1926 1929 2100 1977 Christi
2115 1929 2388 1977 faciendum
2401 1934 2490 1988 est,
2505 1945 2657 1993 quum

532 2011 637 2073 quis
672 2011 878 2057 incestus
913 2010 975 2056 ad
1010 2026 1117 2056 eam
1152 2010 1424 2069 accesserit,
1457 2025 1697 2056 summam
1724 2009 1949 2072 injuriam
1975 2012 2079 2056 Deo
2111 2008 2347 2068 facturus,
2373 2009 2413 2055 si
2438 2008 2534 2055 hoc
2557 2008 2657 2071 ejus

532 2090 783 2154 proprium
818 2089 1051 2153 templum
1086 2089 1282 2153 aliquod
1315 2089 1518 2135 laseiviae
1545 2090 1822 2152 contagium
1854 2085 2235 2153 praesumpserit?
2270 2089 2356 2136 Cui
2384 2087 2536 2151 judici
2566 2088 2657 2135 nisi

533 2186 722 2216 summo
757 2169 858 2216 haec
887 2185 1075 2215 summa
1102 2169 1298 2232 injuria3
1331 2169 1408 2215 cui
1439 2169 1529 2214 nisi
1551 2169 1685 2231 cujus
1708 2178 1778 2215 est
1807 2170 2004 2233 propria
2025 2168 2318 2219 vindicanda
2338 2167 2579 2215 servatur?
2600 2167 2657 2214 Ei

533 2251 697 2314 utique
720 2250 802 2313 qui
826 2248 887 2296 ad
908 2250 1133 2296 timorem
1156 2249 1229 2296 sui
1252 2250 1456 2296 maxime
1478 2265 1568 2295 nos
1585 2248 1865 2307 adhortans,
1894 2249 1984 2295 ait³
2011 2267 2021 2294 ε
2053 2267 2075 2292 «
2103 2247 2258 2295 Nolite
2279 2248 2447 2295 timere
2469 2264 2551 2295 eos
2573 2248 2657 2311 qui

534 2330 761 2376 occidunt
780 2346 983 2394 corpus,
1011 2330 1180 2376 animae
1198 2346 1313 2376 vero
1338 2346 1437 2376 non
1466 2328 1649 2376 habent
1676 2328 1795 2393 quid
1823 2328 2022 2387 faciant3
2049 2328 2134 2375 sed
2155 2329 2315 2393 potius
2337 2345 2449 2375 eum
2465 2328 2652 2386 timete,

533 2412 613 2473 qui
647 2410 794 2457 habet
826 2420 1114 2475 potestatem
1143 2427 1318 2475 corpus
1350 2420 1397 2456 et
1431 2410 1643 2457 animam
1670 2409 1872 2474 perdere
1900 2410 1950 2456 in
1980 2409 2313 2473 gehennam.»
2346 2410 2410 2455 Ac
2432 2409 2472 2456 si
2495 2411 2657 2473 aperte

534 2491 661 2537 dicat
689 2510 698 2537 :
721 2494 825 2537 Non
844 2500 915 2537 est
929 2507 1095 2538 eorum
1121 2507 1291 2554 guerra
1312 2490 1575 2554 plurimum
1597 2489 1854 2536 metuenda
1870 2527 1881 2548 ,
1901 2505 2007 2554 quae
2029 2490 2079 2536 in
2098 2505 2195 2536 una
2215 2498 2405 2536 tantum
2426 2488 2579 2535 nostri
2601 2504 2657 2535 ac

534 2571 709 2617 minori
731 2580 866 2635 parte
889 2580 982 2628 est,
1016 2570 1110 2616 hoc
1134 2579 1205 2616 est
1226 2570 1275 2616 in
1299 2586 1527 2635 corpore,
1553 2579 1601 2616 et
1623 2569 1719 2616 cito
1741 2570 1975 2634 praeterit;
2001 2568 2086 2615 sed
2116 2584 2170 2615 ea
2193 2569 2454 2633 praecipue,
2479 2583 2584 2632 quae
2605 2567 2677 2618 in,

535 2661 734 2714 utraque
756 2660 891 2715 parte
917 2651 1192 2714 perenniter
1213 2650 1359 2697 saevit.
1387 2652 1545 2707 Quam
1568 2659 1615 2696 et
1636 2648 1890 2714 Apostolus
1913 2648 2241 2707 considerans,
2263 2647 2529 2712 ingemiscit
2545 2683 2557 2705 ‚
2585 2646 2657 2693 di-

534 2733 668 2776 cens4
693 2749 701 2775 ε
734 2750 756 2775 «
783 2730 1091 2777 Horrendum
1124 2740 1195 2776 est
1225 2730 1436 2777 incidere
1470 2731 1520 2777 in
1552 2746 1723 2777 manus
1757 2729 1846 2776 Dei
1867 2729 2088 2776 viventis.
2110 2747 2133 2772 »
2159 2729 2208 2774 Si
2238 2728 2368 2775 enim
2394 2727 2519 2786 illas,
2551 2743 2656 2790 quae

534 2820 694 2855 torum
732 2809 998 2856 maritalem
1022 2809 1405 2868 maculaverunt,
1431 2808 1505 2855 lex
1531 2809 1695 2856 divina
1717 2809 1916 2855 senserit
1938 2817 2093 2855 morte
2114 2806 2406 2872 puniendas,
2438 2805 2556 2870 quid
2577 2821 2655 2852 eas

535 2899 718 2947 manet,
744 2905 849 2952 quae
871 2889 1028 2953 ipsum
1051 2889 1137 2934 Dei
1160 2888 1393 2954 templum
1418 2888 1774 2952 prostituerint?
1797 2887 2025 2952 Nunquid
2047 2887 2377 2952 praejudicium
2403 2885 2493 2932 illis
2518 2885 2650 2943 fecit,

535 2986 638 3032 quae
673 2970 831 3015 minus
869 2968 1173 3032 deliquerunt
1191 3005 1202 3027 ,
1234 2969 1272 3014 si
1302 2969 1483 3031 majora
1505 2968 1729 3027 crimina,
1759 2978 1806 3014 et
1832 2967 2018 3032 proprii
2039 2967 2133 3014 tori
2161 2966 2371 3014 maculas
2397 2964 2655 3030 expiaverit

536 3051 720 3096 minore
744 3049 983 3096 vindicta?
1011 3051 1206 3096 Certum
1234 3058 1326 3107 est,
1353 3059 1407 3095 ut
1433 3064 1578 3113 supra
1599 3058 1892 3095 memoratus
1915 3047 2170 3113 Apostolus
2192 3048 2274 3105 ait,
2300 3048 2350 3093 in
2372 3045 2654 3093 manufactis

536 3130 723 3192 templis
746 3146 1052 3194 nequaquam
1074 3128 1230 3175 Deum
1250 3127 1485 3187 habitare,
1511 3128 1596 3175 sed
1614 3129 1763 3191 magis
1786 3129 1834 3175 in
1859 3129 1973 3189 illis,
1999 3130 2082 3193 qui
2102 3145 2216 3176 vera
2236 3128 2336 3191 ejus
2358 3125 2537 3190 templa
2555 3125 2652 3190 spi-

537 3209 688 3254 ritalia
712 3219 821 3255 sunt
845 3209 1052 3256 dicendi.
1087 3212 1158 3256 De
1189 3208 1408 3273 qualibus
1435 3209 1536 3272 ipse
1557 3208 1846 3272 quibusdam
1870 3210 1960 3256 ait⁵
1986 3228 1996 3255 :
2026 3228 2049 3254 «
2070 3208 2266 3255 Nescitis
2288 3207 2398 3270 quia
2421 3206 2509 3252 Dei
2530 3214 2651 3251 tem·

581 3415 589 3431 ¹
618 3415 713 3454 Dan.,
744 3425 815 3457 cap.
840 3427 914 3455 xm,
943 3427 973 3448 v.
994 3416 1046 3449 43.
1061 3415 1123 3441 --²
1142 3417 1219 3458 Περ.
1248 3417 1282 3454 Ι,
1307 3427 1380 3460 cap.
1403 3428 1443 3456 n,
1462 3427 1494 3449 v.
1512 3417 1567 3449 25.
1584 3434 1623 3441 —
1638 3416 1651 3433 ³
1669 3416 1797 3455 Matth„
1818 3426 1892 3459 cap.
1909 3426 1950 3456 x,
1967 3426 1998 3447 v.
2018 3415 2071 3448 28.
2088 3413 2156 3439 ·v—⁴
2171 3414 2284 3451 Hebr„
2307 3422 2379 3455 cap.
2411 3422 2451 3451 x,
2478 3421 2510 3444 v.
2536 3411 2574 3443 31
2606 3427 2650 3435 —

536 3473 547 3489 ³
565 3474 707 3506 Corinth.
728 3474 764 3511 I,
787 3483 860 3515 cap.
880 3485 934 3514 111,
950 3486 980 3507 v.
1002 3476 1050 3507 16.
