2970 4152
525 356 620 406 402
1322 359 1491 406 PETRI
1526 361 1839 409 ABAELARDI

525 451 684 514 gaudii
708 458 915 510 cessent,
945 467 1006 497 ne
1031 450 1130 497 illas
1154 451 1202 496 in
1228 461 1351 498 terra
1375 453 1717 504 maledictionis
1737 454 2003 518 deponant,
2027 467 2143 516 quas
2166 450 2287 498 coelo
2315 451 2472 515 potius
2494 465 2642 505 reser-

524 530 703 578 vandas
723 531 962 594 judicant,
986 530 1311 581 subinferunt:
1340 551 1362 576 «
1381 533 1506 590 Quia
1523 532 1641 592 illic,
1668 543 1791 580 etc.»
1812 536 1913 580 Hoc
1934 541 2030 598 est,
2050 531 2239 594 quinos
2257 531 2636 595 captivaverant,

525 612 664 658 nobis
698 611 1005 670 insultantes,
1045 622 1090 657 et
1123 611 1473 661 solemnitatum
1509 624 1778 662 nostrarum
1814 599 2181 662 celebrat-ionem
2218 610 2498 670 irridentes,
2537 621 2640 657 tan-

524 707 668 755 quam
696 695 822 737 Deus
847 707 990 754 quem
1022 690 1223 738 colimus
1252 709 1341 740 nos
1367 692 1427 744 de
1459 693 1675 740 manibus
1705 710 1872 740 eorum
1903 691 2102 738 liberare
2125 707 2225 737 non
2250 690 2414 756 possit.
2454 708 2478 733 α
2496 693 2643 736 Inter·

528 780 812 834 rogaverunt
836 787 924 817 nos
944 770 1085 817 verba
1107 772 1381 819 cantionum
1398 810 1410 832 ‚
1433 793 1454 817 n
1476 774 1571 820 hoc
1589 784 1682 833 est,
1711 773 1962 820 illudentes
1987 770 2374 837 improperabant
2395 770 2559 828 nobis,
2590 779 2644 816 ut.

526 866 655 896 nunc
682 867 874 914 quoque
906 861 1204 898 cantaremus
1234 869 1368 899 more
1402 854 1626 918 pristino,
1659 857 1722 900 Ac
1753 854 1791 898 si
1821 862 1982 917 aperte
2012 851 2248 910 dicerent,
2273 866 2475 897 causam
2503 848 2645 911 hujus

528 931 595 976 rei
633 932 928 978 manifestam
964 949 1087 991 esse,
1129 934 1237 996 quia
1276 935 1407 988 vanis
1441 935 1634 981 canticis
1666 934 1731 980 illi
1766 950 1854 980 nos
1886 943 2073 979 constat
2100 931 2385 990 deseruisse,
2421 930 2481 978 de
2510 930 2645 992 cujus

527 1012 786 1074 plurimum
805 1013 1163 1060 confidebamus
1189 1013 1296 1079 ope.
1333 1015 1471 1061 Unde
1497 1025 1542 1061 et
1562 1015 1648 1061 has
1670 1014 1834 1061 laudes
1859 1014 2042 1060 divinas
2061 1030 2165 1060 non·
2184 1022 2281 1059 tam
2299 1013 2479 1059 cantica
2499 1026 2644 1076 quam

528 1095 783 1142 cantilenas
807 1106 854 1142 et
872 1094 1096 1159 figmenta
1115 1095 1333 1159 quaedam
1347 1096 1563 1159 judicant
1581 1095 1903 1161 appellandas.

594 1174 821 1222 Satellites
846 1175 921 1222 isti
945 1175 1289 1239 praedonesque
1316 1175 1585 1239 babylonici
1601 1212 1612 1232 ,
1639 1193 1725 1240 per
1742 1179 1863 1240 quos
1881 1175 2189 1239 captivamur,
2219 1184 2266 1221 et
2289 1174 2350 1220 de
2376 1174 2646 1220 amoenitate

531 1254 761 1318 paradisi,
795 1271 893 1318 quo
927 1256 1084 1318 quiete
1121 1256 1355 1302 vix’unus
1385 1265 1611 1319 tanquam
1642 1256 1703 1301 de
1732 1266 1919 1302 terrena
1949 1254 2204 1301 Jerusalem
2238 1255 2286 1300 in
2318 1253 2405 1301 has
2437 1253 2647 1300 miserias

531 1334 700 1397 dejecti
722 1351 909 1393 sumus,
942 1334 1181 1381 daemones
1209 1334 1547 1398 intelliguntur.
1577 1337 1647 1381 De
1672 1334 1845 1398 quibus
1871 1334 2029 1380 adhuc
2052 1332 2271 1380 subditur
2291 1352 2301 1379 z
2333 1352 2355 1378 «
2378 1336 2434 1380 Et
2458 1333 2541 1397 qui
2562 1332 2646 1379 ab·

532 1415 769 1462 duxerunt
792 1432 903 1473 nos,
924 1434 946 1460 »
969 1415 1063 1462 hoc
1089 1426 1173 1475 est,
1196 1415 1256 1461 ab
1279 1415 1357 1461 illa
1377 1432 1465 1462 nos
1483 1425 1787 1462 excusserunt
1810 1415 2103 1473 amoenitate,
2123 1414 2366 1473 dicebant,
2389 1413 2643 1460 subaudis:

535 1516 557 1540 «
580 1481 821 1559 Hymnum
854 1506 1038 1542 cantate
1074 1495 1212 1542 nobis
1243 1495 1302 1542 de
1333 1496 1527 1542 canticis
1563 1496 1737 1550 Sion.»
1774 1495 1919 1552 Quod
1949 1504 2020 1541 est
2048 1494 2205 1541 dicere
2235 1511 2244 1539 :
2278 1493 2487 1540 Laudem
2518 1493 2648 1543 illam

532 1576 641 1634 Dei,
670 1591 815 1638 quam
840 1574 1065 1622 dicebatis
1090 1574 1346 1622 Jerusalem
1375 1575 1425 1621 in
1458 1574 1546 1620 illis
1574 1575 1767 1622 canticis
1797 1574 1983 1633 vestris,
2019 1573 2080 1619 ad
2109 1590 2198 1620 nos
2226 1573 2486 1619 convertite
2507 1582 2650 1619 :³tan-

530 1671 675 1718 quam
693 1654 854 1701 divino
873 1654 1002 1701 cultu
1027 1654 1253 1700 derelicto
1273 1653 1568 1701 daemonihus
1593 1653 1867 1713 serviendO,
1889 1653 1970 1717 qui
1996 1652 2216 1715 subjectis
2236 1652 2651 1717 'promittunt-quae

530 1734 643 1781 dare
668 1750 768 1781 non
793 1744 1008 1798 possunt.
1039 1737 1409 1791 Quorum-unus
1436 1734 1483 1779 in
1515 1743 1694 1780 tantam
1722 1733 1941 1798 prorupit
1962 1732 2220 1790 insaniam,
2247 1741 2301 1778 ut
2323 1732 2413 1797 ipsi
2436 1731 2651 1778 fidelium

533 1814 673 1878 capiti
698 1813 855 1860 dicere
880 1813 1098 1860 auderet¹
1118 1831 1126 1858 ·.
1155 1833 1178 1857 «
1198 1816 1304 1860 Haec
1330 1814 1491 1860 omnia
1514 1813 1596 1860 tibi
1620 1813 1771 1874 dabo,
1800 1814 1839 1860 si
1861 1813 2037 1860 cadens
2059 1812 2328 1860 adoraveris
2353 1829 2445 1859 me.
2469 1831 2493 1856 »
2521 1816 2652 1870 Quo-

531 1910 639 1939 rum
664 1893 860 1957 quidem
883 1893 1090 1939 illusioni
1112 1903 1440 1958 competenter
1462 1893 1757 1958 respondent
1783 1893 1945 1951 electi,
1982 1903 2029 1940 et
2051 1909 2219 1940 eorum
2246 1892 2525 1939 electionem
2554 1908 2653 1945 ma-

533 1974 698 2019 nifesta
721 1972 939 2020 refellunt
969 1973 1210 2031 oratione,
1246 1973 1507 2020 dicentes²z
1540 1972 1844 2030 «Quomodo
1875 1972 2170 2020 cantabimus
2198 1973 2433 2018 canticum
2458 1973 2653 2030 Domini

534 2054 583 2099 in
605 2063 729 2101 terra
748 2053 929 2099 aliena?
949 2072 971 2097 »
1008 2056 1110 2099 Hoc
1133 2052 1249 2100 illud
1280 2063 1348 2100 est
1377 2053 1582 2109 veritatis
1612 2053 1980 2112 documentum,
2016 2069 2112 2117 quo
2141 2052 2360 2100 fidelibus
2385 2053 2648 2118 praecipiffissz

538 2153 560 2176 «
584 2132 736 2179 Nolite
761 2143 977 2179 sanctum
1007 2132 1120 2179 dare
1150 2132 1370 2192 canibus,
1399 2149 1487 2179 nec
1513 2133 1785 2196 margaritas
1815 2143 1991 2179 vestras
2021 2133 2248 2196 spargatis
2275 2141 2384 2178 ante
2407 2147 2605 2196 porcos,
2624 2151 2648 2177 >s

535 2213 647 2276 quia
667 2211 928 2258 immundis
947 2221 993 2259 et
1011 2211 1281 2258 irrisoribus
1304 2211 1576 2259 divinorum
1600 2211 1856 2258 verborum
1871 2248 1883 2271 ,
1904 2221 1952 2258 et
1975 2227 2109 2258 more
2129 2227 2302 2258 canum
2325 2210 2386 2257 ad
2405 2210 2499 2257 hoc
2518 2210 2654 2265 obla-

535 2291 788 2350 trantibus,
822 2308 921 2339 non
951 2302 1062 2338 sunt
1091 2291 1280 2355 eloquia
1309 2292 1651 2341 committenda
1679 2292 1861 2349 divina,
1893 2308 1953 2338 ne
1977 2291 2203 2338 vilescere
2227 2291 2474 2354 videantur
2493 2291 2650 2348 irrisa.

534 2375 724 2419 Terram
749 2371 951 2419 alienam
977 2371 1090 2420 dicit
1112 2371 1377 2421 infidelium
1399 2373 1544 2420 vitam
1568 2388 1594 2418 a
1621 2382 1747 2422 sorte
1768 2371 1985 2427 fidelium
2007 2371 2269 2430 exclusam,
2294 2380 2340 2417 et
2358 2370 2655 2418 daemonibus

538 2453 686 2516 magis
710 2468 854 2516 quam
876 2455 979 2498 Deo
998 2451 1272 2515 subjectam.
1296 2454 1350 2498 ln
1368 2451 1458 2499 hac
1484 2452 1642 2516 itaque
1662 2462 1759 2498 tam
1786 2451 2032 2498 manifesta
2059 2451 2334 2498 daemonum
2358 2451 2656 2519 possessione

538 2532 702 2580 laudes
722 2532 810 2579 Dei
833 2532 1021 2597 penitus
1047 2541 1158 2578 sunt
1188 2531 1459 2591 reticendae,
1492 2542 1539 2579 et
1565 2532 1772 2579 lamenta
1797 2532 1955 2596 potius
1981 2517 2263 2578 assumenda
2285 2547 2428 2595 quam
2454 2531 2653 2578 cantica.

540 2611 744 2671 Quibus,
777 2621 828 2658 ut
855 2612 1034 2659 dictum
1059 2621 1152 2670 est,
1185 2611 1402 2658 lamentis
1425 2628 1523 2658 non
1550 2611 1704 2658 solum
1732 2612 1891 2676 patriae
1916 2611 2194 2659 dilationem
2219 2611 2268 2657 in
2294 2611 2492 2657 miseriis
2518 2610 2660 2673 hujus

538 2692 929 2758 peregrinationis
959 2692 1285 2758 deploremuS,
1315 2693 1398 2740 sed
1431 2694 1578 2757 magis
1610 2692 1868 2740 diabolicas
1902 2692 2116 2751 fraudes,
2157 2709 2243 2756 per
2267 2707 2384 2755 quas
2411 2701 2483 2738 tot
2505 2692 2666 2738 miseri

542 2774 849 2821 deluduntur.

607 2855 693 2901 Hic
715 2865 904 2919 tempus
927 2854 1072 2903 flendi
1097 2854 1235 2902 nobis
1260 2853 1478 2914 debetur,
1512 2854 1621 2902 alibi
1650 2854 1837 2902 ridendi
1865 2853 2170 2919 promittitur.
2203 2854 2274 2898 De
2301 2867 2399 2915 quo
2427 2860 2472 2898 et
2498 2850 2661 2898 Eccle-

545 2936 704 2981 siastes
727 2945 833 2999 post
857 2934 959 2994 illa,
988 2951 1093 2998 quae
1116 2935 1165 2981 in
1191 2934 1387 3002 exordio
1411 2937 1643 2985 sermonis
1668 2934 2002 3000 praemisimus,
2031 2930 2424 2997 verba‚„subjecit
2445 2940 2554 2994 post¹
2575 2930 2658 2993 afi-

546 3017 688 3078 qua‘:
719 3018 962 3080 «Tempus
988 3014 1159 3073 flendi,
1197 3025 1243 3062 et
1274 3025 1459 3080 tempus
1490 3015 1693 3065 ridendi.
1723 3018 1928 3080 Tempus
1961 3012 2241 3079 plangendi„
2268 3009 2659 3074 ettemp'ussnl-

548 3095 693 3141 tandi.
719 3114 742 3139 »
774 3095 906 3142 Prius
928 3095 1257 3159 inquit-flendi
1281 3095 1377 3144 sive
1402 3095 1681 3159 plangendi,
1707 3105 1754 3142 et
1775 3094 2087 3160 postmodum
2111 3091 2300 3148 ridendi
2322 3106 2404 3139 seu
2427 3088 2652 3137 saltandis

548 3176 658 3238 quia
676 3174 979 3239 deplorandae
1003 3185 1114 3222 sunt
1137 3185 1390 3240 praesentes
1413 3175 1631 3234 miser-iae,
1655 3185 1707 3223 ut
1725 3175 1788 3224 de
1808 3175 1885 3225 his·
1902 3174 2113 3222 liberatis
2131 3188 2252 3220 verae
2272 3169 2527 3219 succedant
2547 3185 2659 3232 gau-

551 3255 627 3300 dia
652 3254 832 3300 laetitiae.
858 3255 994 3302 Unde
1013 3266 1060 3302 et
1076 3255 1374 3304 Psalmista⁶z
1399 3275 1422 3300 «
1443 3255 1536 3312 Qui
1555 3255 1790 3305 seminant
1808 3256 1856 3303 in
1880 3255 2131 3318 lacrymis,-
2152 3253 2200 3299 in
2228 3250 2402 3315 gaudio
2417 3259 2662 3297 metentm

598 3374 606 3390 ¹
633 3374 763 3416 Mania„
778 3385 851 3418 cap.
870 3386 913 3413 ιν,
928 3386 959 3408 v.
981 3378 1014 3409 9.
1027 3392 1071 3403 -·-·
1084 3377 1096 3394 ¹
1111 3377 1230 3411 Psalm.
1250 3388 1389 3417 cxxxw,
1405 3388 1437 3410 v.
1455 3378 1486 3410 4.
1504 3376 1568 3401 —⁵
1586 3377 1714 3418 Mania„
1731 3387 1805 3421 cap.
1821 3388 1863 3410 vn
1875 3402 1884 3419 ,
1906 3388 1935 3410 v.
1954 3379 1987 3410 6.
2005 3395 2040 3402 -—
2058 3375 2073 3394 ⁴
2086 3377 2212 3415 Eccle„
2229 3384 2301 3418 cap.
2321 3385 2373 3414 ιιι,
2393 3385 2423 3407 v.
2439 3376 2470 3407 4.
2483 3370 2528 3399 -'-
2540 3373 2554 3391 ⁸
2569 3368 2661 3414 «Qui

552 3432 711 3465 seminant
727 3431 759 3464 in
775 3432 942 3475 lacrymis,
961 3433 993 3465 in
1009 3435 1207 3467 exultatione
1221 3442 1377 3468 metent.»
1392 3435 1521 3477 (Psalm.
1538 3445 1633 3476 cxxv,
1644 3446 1673 3467 v.
1693 3435 1739 3477 4.)
