2970 4152
1236 402 1552 449 EPISTOLAE.
2433 403 2461 448 9

348 495 414 542 ibi
441 497 487 542 in
520 496 622 560 ipso
654 494 810 541 statim
830 493 1099 541 scholarum
1126 496 1260 542 initio
1291 495 1444 560 glosas
1461 497 1473 519 ¹
1501 494 1602 541 illas
1632 495 1908 556 Ezechielis,
1937 511 2054 559 quas
2076 494 2293 540 Lauduni
2321 495 2465 542 incoe-

346 592 535 640 peram,
558 590 890 622 consummare
913 574 1087 621 studui.
1112 578 1227 633 Quae
1256 575 1451 639 quidem
1476 574 1596 621 adeo
1614 574 1876 638 legentibus
1893 573 2233 639 acceptabiles*
2253 575 2462 633 fuerunt,

346 666 399 702 ut
423 672 501 702 me
525 672 624 702 non
650 656 887 702 minorem
906 655 1127 718 gratiam³
1143 655 1193 702 in
1218 671 1349 702 sacra
1367 655 1571 702 lectione
1590 654 1817 719 adeptum
1830 655 1930 718 jam
1951 650 2222 714 crederent,
2253 670 2398 717 quam
2417 655 2463 700 in

345 735 673 800 philosophica
693 735 924 782 viderant.
955 735 1094 782 Unde
1113 737 1358 800 utriusque
1376 735 1590 791 lectionis
1609 735 1765 781 studio
1783 735 1955 782 scholae
1973 745 2144 782 nostrae
2161 734 2467 781 vehementer

346 815 665 879 multiplicatae
690 824 866 878 quanta
891 815 1009 873 mihi
1034 815 1094 862 de
1121 816 1325 880 pecunia
1354 815 1512 873 lucra,
1544 823 1770 878 quantam
1797 814 1995 878 gloriam
2022 824 2380 879 compararent,
2410 831 2466 860 ex

344 896 468 942 fama
485 905 531 941 te
546 911 741 959 quoque
758 894 903 941 latere
923 911 1023 941 non
1043 896 1213 960 potuit.
1237 895 1331 942 Sed
1350 895 1580 959 quoniam
1598 895 1887 958 prosperitas
1910 894 2076 947 stultos
2100 910 2287 958 semper
2305 893 2438 939 inflat
2450 929 2461 951 ,

337 984 390 1020 ¹et
421 973 666 1021 mundana
707 973 1019 1038 tranquillitas
1062 976 1274 1039 vigorem
1308 984 1502 1022 enervat
1535 974 1707 1032 animi,
1750 984 1797 1020 et
1832 991 1918 1038 per
1943 973 2154 1020 carnales
2169 974 2182 996 ⁶
2223 972 2465 1019 illecebras

341 1053 475 1100 facile
504 1053 695 1100 resolvit
726 1073 737 1100 ι
770 1070 920 1118 quum
940 1054 1040 1117 jam
1080 1071 1158 1102 me
1191 1054 1346 1101 solum
1378 1055 1425 1100 in
1452 1053 1640 1110 mundo*
1667 1070 1911 1118 superesse
1933 1056 1945 1077 ⁵
1975 1052 2318 1117 philosophum
2347 1054 2464 1099 aesti-

342 1149 522 1180 marem
535 1150 655 1197 ,nec
671 1132 817 1180 ullam
830 1133 1023 1180 ulterius
1037 1134 1429 1198 inquietationem
1445 1133 1752 1180 formidarem
1765 1169 1777 1192 ,
1797 1132 1929 1180 frena
1941 1132 2126 1179 libidini
2143 1133 2265 1196 coepi
2280 1132 2460 1189 laxare,

341 1214 424 1276 qui
445 1224 585 1261 antea
607 1215 816 1261 vixeram
845 1215 1299 1274 continentissime⁶3
1328 1225 1375 1261 et
1399 1230 1497 1278 quo
1516 1213 1720 1279 amplius
1737 1213 1787 1260 in
1808 1212 2112 1278 philosophia
2137 1212 2212 1258 vel
2240 1228 2370 1259 sacra
2395 1212 2466 1257 le—

340 1294 498 1340 ctione
517 1295 837 1359 profeceram,
860 1294 1063 1359 amplius
1088 1310 1115 1341 a
1134 1294 1433 1360 philosophis
1452 1305 1499 1341 et
1518 1294 1689 1341 divinis
1711 1293 2011 1340 immunditia
2034 1292 2139 1338 vitae
2164 1292 2461 1338 recedebam.

341 1375 535 1421 Constat
561 1375 739 1440 quippe
770 1373 1106 1440 philosophos,
1139 1374 1320 1422 nedum
1354 1374 1568 1435 divinos,
1594 1374 1644 1421 id
1668 1384 1737 1421 est
1763 1390 1905 1421 sacrae
1931 1373 2148 1420 lectionis
2182 1371 2467 1419 exhortatio—

339 1452 712 1514 nibusintentos,
726 1455 1029 1502 continentiae
1040 1454 1215 1502 decore
1230 1455 1439 1502 maxime
1453 1454 1872 1519 polluisse,‚.Qu11m
1883 1454 2024 1518 igitur
2039 1463 2167 1499 totus
2182 1453 2230 1498 in
2248 1450 2466 1516 superbia

341 1541 482 1596 atque
514 1533 700 1580 luxuria
729 1533 1019 1594 laborarem,
1052 1535 1295 1598 utriusque
1322 1533 1477 1580 morbi
1515 1533 1780 1581 remedium
1816 1533 1977 1580 divina
2009 1531 2127 1579 mihi
2161 1533 2330 1595 gratia,
2362 1530 2465 1576 licet

341 1611 544 1671 nolenti,
579 1613 802 1671 contulit3
833 1629 888 1660 ac
912 1615 1069 1678 primo
1095 1613 1313 1673 luxuriae,
1339 1613 1515 1660 deinde
1542 1613 1801 1678 superbiae:
1826 1612 2020 1659 luxuriae
2042 1611 2261 1676 quidem,
2289 1610 2363 1656 his
2391 1627 2466 1655 me

340 1693 575 1754 privando
621 1692 794 1756 quibus
832 1693 983 1740 hanc⁷
1019 1693 1322 1752 exercebam3
1365 1692 1597 1757 superbiae
1632 1709 1775 1752 vero,
1819 1709 1924 1756 quae
1964 1692 2082 1739 mihi
2118 1708 2174 1738 ex
2203 1691 2463 1738 litterarum

341 1772 543 1819 maxime
569 1773 765 1819 scientia
788 1772 1093 1831 nascebatur,
1120 1773 1254 1835 juxta
1289 1773 1408 1819 illud
1433 1773 1635 1837 apostoli
1667 1791 1676 1818 :
1707 1774 1914 1819 Scientia
1944 1771 2113 1832 ἰηβαΐ8
2131 1809 2143 1827 ,
2185 1770 2306 1816 illius
2333 1770 2462 1828 libri,

339 1867 436 1913 quo
466 1852 670 1898 maxime
694 1850 952 1915 gloriabar,
985 1851 1319 1898 combustione
1343 1867 1420 1898 me
1444 1850 1760 1897 humiliando.
1796 1851 1940 1913 Cujus
1971 1867 2101 1896 nunc
2126 1851 2193 1895 rei
2219 1860 2468 1912 utramque

337 1928 582 1977 historiam
602 1932 758 1978 verius
776 1948 834 1979 ex
858 1933 960 1997 ipsa
975 1949 1049 1991 re,
1072 1948 1219 1996 quam
1237 1948 1295 1978 ex
1316 1930 1479 1978 auditu
1504 1947 1794 1995 cognoscere
1822 1941 1868 1977 te
1891 1929 2003 1977 volo
2020 1966 2032 1989 ,
2056 1929 2225 1976 ordine
2250 1929 2444 1992 quidem
2459 1932 2471 1953 ⁹

338 2026 435 2073 quo
466 2015 832 2075 processerunn„
848 2013 971 2070 Quia
995 2012 1135 2076 igitur
1160 2021 1429 2059 scortorum
1458 2011 1810 2058 immunditiam
1839 2026 2027 2074 semper
2052 2007 2398 2067 abhorrebam,
2424 2019 2467 2054 et

339 2090 398 2136 ab
431 2107 620 2139 accessu
633 2094 659 2117 ¹⁰
692 2102 739 2140 et
777 2093 1156 2157 frequentatione
1185 2091 1422 2139 nobilium
1448 2091 1733 2150 feminarum
1761 2089 1904 2137 studii
1938 2088 2165 2136 scholaris
2191 2088 2465 2135 assiduitate

338 2171 619 2231 revocabar,
644 2189 738 2220 nec⁴
749 2172 977 2219 laicarum
1002 2173 1414 2219 conversationem
1424 2173 1446 2196 ¹¹
1472 2171 1678 2218 multum
1703 2187 1963 2229 noveram;
1986 2185 2131 2235 prava
2150 2169 2293 2229 mihi,
2323 2179 2375 2215 ut
2393 2167 2470 2214 di-

339 2251 481 2312 citur,
504 2253 693 2299 fortuna
710 2252 961 2300 blandiens
973 2289 985 2311 ,
1008 2251 1387 2300 commodiorem
1406 2261 1542 2319 nacta
1562 2261 1632 2299 est
1651 2252 1952 2298 occasionem
1966 2285 1978 2309 ,
2001 2265 2095 2313 qua
2112 2266 2190 2296 me
2209 2249 2388 2296 facilius
2407 2248 2466 2295 dr

338 2330 635 2380 sublimitatis
651 2332 794 2396 hujus
820 2332 1004 2397 fastigio
1030 2342 1351 2397 prosterneret
1374 2351 1383 2377 :
1408 2321 1505 2378 imo
1531 2331 1946 2396 superbissimum,
1976 2346 2064 2377 nec
2089 2339 2292 2394 acceptae
2311 2330 2467 2393 gratia=

338 2427 601 2461 memorem
620 2414 780 2460 divina
805 2415 955 2479 pietas
979 2413 1283 2460 humiliatum
1302 2412 1390 2459 sibi
1406 2412 1682 2459 vindicaret.

403 2494 513 2539 Erat
530 2494 708 2558 quippe
726 2495 773 2540 in
793 2494 894 2558 ipsa
918 2494 1105 2541 civitate
1127 2494 1329 2540 Parisius
1353 2492 1706 2540 adolescentula
1731 2492 1947 2556 quaedam
1963 2492 2174 2552 xnomine
2198 2491 2460 2547 Heloissast',
2560 2509 2630 2530 cw-
2658 2509 2697 2529 w.

338 2573 490 2636 neptis
508 2573 726 2620 canonici
748 2573 994 2637 cujusdam
1009 2610 1021 2634 ,
1044 2574 1126 2637 qui
1150 2572 1398 2619 Fulbertus
1420 2572 1700 2631 vocabatur,
1728 2573 1811 2636 qui
1831 2589 1937 2618 eam
1955 2581 2135 2635 quanto
2164 2569 2367 2634 amplius
2392 2569 2463 2615 di-
2521 2542 2736 2633 Qffillfiilissm

336 2650 532 2714 ligebat,
554 2662 687 2699 tanto
705 2651 973 2716 diligentius
990 2653 1039 2698 in
1060 2652 1255 2699 omnem
1280 2653 1424 2715 quam
1449 2661 1635 2717 poterat
1652 2652 1898 2699 scientiam
1914 2651 2176 2698 litterarum
2192 2650 2465 2715 promoveri
2511 2629 2745 2713 Ηῐῗὲζζὸῗᾟιῃιέζ

336 2731 596 2779 studuerat.
611 2735 727 2790 Quae
743 2749 893 2797 quum
909 2749 995 2798 per
1007 2733 1175 2779 faciem
1189 2749 1288 2779 non
1304 2742 1426 2779 esset
1434 2731 1616 2791 infima,
1633 2749 1719 2797 per
1734 2731 2077 2779 abundantiam
2092 2731 2354 2777 litterarum
2366 2739 2465 2776 erat
2497 2715 2653 2801 ''1¹5221222‘,
2664 2725 2755 2790 ’(ἶζῗξῗ

336 2827 573 2876 suprema.
607 2816 726 2860 Nam
749 2829 847 2877 quo
870 2812 1054 2860 honum
1082 2812 1204 2873 hoc,
1233 2812 1517 2860 litteratoriae
1542 2812 1718 2859 scilicet
1748 2812 1974 2871 scientiae,
2006 2812 2055 2858 in
2086 2809 2360 2857 mulieribus
2394 2820 2458 2856 est
2520 2803 2724 2844 ¹³⁰⁰⁸²f⁷⁸⁶²⁴

337 2891 487 2938 rarius
508 2928 520 2951 ,
556 2909 613 2939 eo
644 2892 847 2958 amplius
878 2892 1086 2958 puellam
1128 2892 1522 2952 commendabat,
1555 2903 1601 2940 et
1630 2893 1678 2939 in
1714 2903 1815 2940 toto
1850 2909 1998 2957 regno
2034 2891 2456 2938 nominatissimam

336 2971 510 3019 fecerat
524 2975 563 3017 ¹³.
588 2976 720 3019 Hanc
738 2973 903 3036 igitur,
926 2973 1149 3020 omnibus
1163 2973 1539 3038 circumspectis,
1561 2990 1667 3037 quae
1685 2982 1897 3020 amantes
1915 2971 2101 3019 allicere
2125 2971 2296 3031 solent,
2319 2987 2460 3017 com—

338 3050 603 3099 modiorem
622 3052 783 3099 censui
802 3052 849 3099 in
869 3068 1082 3099 amorem
1108 3052 1224 3099 mihi
1250 3053 1475 3118 copulare
1491 3055 1537 3111 ¹⁸,
1566 3063 1613 3100 et
1638 3069 1715 3100 me
1740 3052 1787 3099 id
1808 3051 2025 3098 facillime
2040 3054 2064 3076 ¹³
2089 3050 2270 3098 credidi
2297 3067 2453 3115 posse.

383 3248 391 3264 ⁴
417 3250 659 3290 Explicationes
686 3249 780 3283 RMS.
808 3268 849 3273 —
874 3249 887 3266 ¹
914 3251 1023 3284 Gratoe
1048 3253 1181 3293 suerum
1209 3251 1304 3285 RMS.
1329 3270 1372 3276 —
1419 3253 1595 3286 -Exceseu
1613 3251 1698 3285 Edit.
1715 3251 1808 3284 Δηὼ.
1826 3269 1867 3275 -—-
1882 3249 1909 3267 ¹¹
1928 3251 2153 3284 commercium
2169 3249 2262 3282 RMS.
2278 3267 2312 3272 —
2334 3246 2361 3264 ¹²
2379 3246 2458 3280 Vide

337 3304 348 3320 ³
368 3305 508 3338 Gloriam
520 3306 585 3339 MS.
604 3306 753 3339 Amb.—
770 3305 783 3323 ⁴
800 3307 1003 3340 mitissimas
1018 3307 1113 3341 RMS.
1131 3327 1170 3332 —
1189 3308 1202 3325 ⁸
1215 3308 1370 3350 Superio-
1421 3316 1489 3342 not.
1506 3320 1594 3342 xvni.
1609 3325 1652 3332 —
1670 3308 1698 3325 ¹³
1716 3308 1759 3340 Et
1771 3317 1830 3348 per
1844 3313 1943 3340 totum
1962 3307 2127 3340 Gallorum
2142 3316 2273 3349 regnum
2290 3307 2384 3347 sama
2409 3308 2460 3336 in-

335 3371 399 3392 rem
419 3360 483 3393 MS.
510 3361 606 3395 Amb.
627 3380 665 3385 —-
691 3363 703 3379 ⁶
729 3364 881 3397 eastitate
908 3366 1103 3396 severissima
1128 3372 1157 3396 et
1175 3367 1246 3405 plus
1275 3375 1370 3405 quam
1419 3367 1522 3397 (lolem
1544 3375 1635 3397 cuam
1654 3365 1819 3404 mirificam
1842 3364 2058 3396 disseminavit
2072 3362 2167 3395 RMS.
2186 3380 2224 3385 -
2245 3360 2273 3378 ¹⁴
2287 3361 2458 3393 Attrahere

335 3420 501 3450 eremetica
528 3417 621 3451 RMS.
640 3436 683 3441 —
705 3419 716 3436 ⁷
740 3419 794 3453 Sic
819 3420 856 3452 D.
872 3436 895 3444 —
914 3421 1006 3452 Hanc
1034 3419 1127 3452 deest
1158 3419 1190 3452 in
1224 3420 1309 3453 Edit.
1327 3438 1371 3443 —
1420 3420 1514 3454 Rus.
1530 3438 1565 3444 -
1582 3420 1611 3436 ¹¹⁵
1626 3420 1747 3452 Facere
1758 3418 1825 3452 MS.
1847 3418 1943 3451 Amb.

336 3471 348 3488 ⁸
362 3474 501 3506 Corinth.
515 3475 542 3512 1,
555 3468 766 3519 capssvnnv.
776 3478 786 3507 1
796 3475 992 3509 .—⁹0rdine
1002 3486 1074 3508 vero
1082 3476 1258 3510 ΙὶΜ8.-’ο
1268 3476 1322 3510 Sic
1333 3476 1370 3508 Ι).

522 3551 533 3579 1
2245 3544 2269 3580 2
