2970 4152
522 417 619 465 622
1322 413 1493 462 PETRI
1528 414 1843 463 ABAELARDI

520 510 749 568 scribens,
777 510 876 573 ejus
895 506 1209 573 providentiae
1223 505 1450 571 relinquit
1471 506 1522 553 in
1538 507 1713 555 divinis
1735 506 1904 554 officiis
1917 543 1929 566 ,
1947 506 2023 554 vel
2044 505 2366 554 celebratione
2382 507 2536 555 missae
2549 544 2561 567 ,
2579 506 2640 555 de
2684 538 2696 556 ι

520 591 661 638 variis
690 589 851 636 usibus
875 588 1078 635 aliorum
1108 586 1159 634 id
1178 587 1312 651 quod
1335 579 1602 635 decreverit
1632 586 1804 651 eligere
1823 623 1834 645 ,
1859 603 1950 633 nec
1968 595 2069 634 tam
2089 586 2244 651 ipsam
2274 586 2418 634 etiam
2441 597 2644 635 matrem

520 686 772 717 romanam
796 668 1056 715 Ecclesiam
1078 667 1128 714 in
1149 667 1324 714 talibus
1356 668 1522 731 sequi,
1547 683 1695 731 quam
1723 666 1857 731 quod
1890 676 2052 713 tenere
2082 667 2336 714 censuerit.
2371 686 2395 712 «
2417 668 2560 715 Novit
2576 705 2588 727 ,
2617 688 2640 713 υ

520 751 716 815 inquit¹,
743 768 766 794 «
788 749 1056 796 fraternitas
1087 758 1168 795 tua
1199 763 1412 795 romanae
1443 748 1663 795 Ecclesiae
1685 746 2111 806 consuetudinem,
2138 748 2188 794 in
2219 761 2315 812 qua
2350 765 2400 795 se
2427 749 2644 795 meminit

521 830 751 877 nutritam
784 847 795 875 :
824 828 909 875 sed
938 828 1058 875 mihi
1085 827 1242 892 placet
1273 828 1373 875 sive
1411 827 1462 875 in
1490 843 1718 886 romana,
1754 828 1853 874 sive
1885 828 1935 874 in
1966 826 2227 891 gallicana,
2251 844 2336 874 seu
2363 828 2414 875 in
2436 827 2646 892 qualibet

521 910 730 958 Ecclesia
758 908 938 973 aliquid
965 909 1219 968 invenisti,
1247 908 1381 973 quod
1408 907 1515 974 plus
1544 908 1866 973 omnipotenti
1898 911 2001 955 Deo
2032 908 2183 973 possit
2211 908 2421 974 placere,
2448 908 2646 956 sollicite

523 990 666 1054 eligas
684 1027 695 1049 ,
715 999 772 1036 ”et
795 990 844 1035 in
870 988 1133 1052 Anglorum
1153 988 1439 1054 Ecclesiam,
1462 1005 1566 1053 quae
1585 988 1743 1035 adhuc
1768 987 1864 1036 fide
1885 1004 2014 1035 nova
2036 997 2107 1035 est
2123 1026 2135 1047 ,
2160 988 2459 1036 institutione
2482 990 2648 1054 praeci-

526 1087 623 1135 pua
643 1107 655 1129 ‚
691 1087 799 1135 quae
820 1069 880 1116 de
903 1069 1063 1116 multis
1089 1068 1310 1117 Ecclesiis
1336 1067 1559 1132 colligere
1581 1068 1803 1133 potuisti,
1832 1067 2075 1115 infundas.
2102 1070 2210 1115 Non
2246 1068 2376 1115 enim
2407 1083 2497 1133 pro
2531 1068 2649 1116 locis

525 1162 599 1196 res
614 1186 625 1208 ,
652 1149 737 1196 sed
766 1165 857 1214 pro
881 1148 1023 1195 nobis
1047 1147 1213 1195 rebus’
1234 1148 1340 1196 loca
1360 1147 1565 1195 amanda
1587 1157 1715 1195 sunt.
1737 1150 1804 1194 Ex
1826 1147 2022 1211 singulis
2050 1164 2164 1211 ergo
2195 1147 2465 1212 quibusque
2488 1147 2648 1195 Eccle-

524 1231 627 1290 siis,
652 1246 758 1295 quae
775 1230 856 1295 pia
873 1267 884 1289 ,
916 1245 1022 1294 quae
1042 1229 1261 1294 religiosa
1277 1266 1289 1288 ,
1314 1245 1420 1294 quae
1442 1237 1573 1276 recta
1595 1237 1707 1276 sunt
1738 1228 1880 1292 elige,
1918 1238 1967 1276 et
1996 1227 2097 1275 haec
2127 1228 2263 1293 quasi
2294 1228 2342 1274 in
2374 1227 2650 1275 fasciculum

450 1299 453 1302 Α
525 1311 743 1370 collecta,
770 1310 900 1375 apud
917 1309 1178 1374 Anglorum
1195 1320 1379 1357 mentes
1401 1310 1451 1357 in
1474 1309 1875 1357 consuetudinem
1897 1307 2106 1375 depone.
2130 1328 2154 1353 »
2177 1308 2322 1366 Quod
2340 1309 2380 1356 si
2404 1309 2454 1356 in
2476 1307 2652 1356 talibus

526 1401 573 1438 et
595 1391 736 1438 nobis
760 1391 931 1455 eligere
949 1390 1089 1438 liceat
1106 1406 1163 1438 ex
1185 1390 1613 1438 consuetudinibus
1635 1389 1956 1438 Ecclesiarum
1972 1425 1984 1449 ‚
2007 1406 2108 1437 non
2138 1388 2463 1454 improbanda
2487 1398 2652 1436 nostra

526 1473 716 1520 videtur
738 1472 925 1531 electiO,
946 1471 1302 1535 providentiam
1326 1474 1602 1519 Graecorum
1616 1508 1629 1530 ,
1655 1487 1682 1518 a
1704 1470 1878 1535 quibus
1902 1469 2162 1536 plurimam
2177 1470 2447 1534 accepimus
2472 1469 2651 1516 doetri—

527 1567 641 1598 nam
658 1589 669 1610 ,
696 1552 746 1598 in
768 1551 864 1598 hoc
881 1552 1026 1598 etiam
1048 1551 1255 1610 imitata,
1280 1561 1334 1598 ut
1357 1567 1447 1598 nec
1471 1551 1728 1598 auctoritas
1753 1547 2114 1597 consuetudinis
2137 1548 2259 1596 desit
2279 1558 2379 1596 tam
2395 1547 2656 1596 manifestae

528 1631 720 1678 rationi.
748 1633 905 1688 Quam
923 1631 1146 1678 videlicet
1168 1632 1406 1679 rationem
1429 1631 1496 1679 ita
1513 1647 1601 1678 vos
1624 1630 1845 1678 videmus
1866 1630 2107 1689 insistere,
2133 1637 2181 1678 et
2198 1629 2249 1677 in
2268 1646 2325 1677 ea
2346 1628 2655 1678 vehementes

529 1728 628 1758 esse
644 1749 655 1770 ,
677 1722 731 1759 ut
761 1721 932 1759 contra
953 1712 1174 1759 omnium
1195 1711 1597 1759 consuetudinem
1614 1711 1958 1772 Ecclesiarum,
1983 1713 2034 1760 in
2062 1711 2239 1760 divinis
2264 1710 2433 1759 officiis
2452 1728 2559 1760 eam
2582 1721 2654 1758 te·-

528 1809 642 1839 nere
668 1809 723 1840 ac
753 1792 1011 1840 defendere
1041 1792 1275 1841 audeatis.
1309 1796 1408 1840 Vos
1441 1793 1622 1858 quippe
1655 1793 1792 1858 quasi
1825 1793 2017 1841 noviter
2053 1792 2231 1852 exorti,
2265 1808 2319 1840 ac
2352 1791 2414 1839 de
2443 1792 2655 1839 novitate

527 1872 789 1937 plurimum
812 1873 1097 1936 gaudentes,
1124 1883 1295 1938 praeter
1325 1873 1727 1921 consuetudinem
1749 1889 1948 1921 omnem
1966 1883 2068 1921 tam
2082 1872 2369 1921 clericorum
2390 1888 2537 1937 quam
2557 1887 2656 1919 mo-

530 1953 798 2000 nachorum
825 1953 968 2017 longe
996 1963 1108 2001 ante
1138 1954 1384 2013 habitam,
1414 1963 1463 2001 et
1485 1970 1615 2001 nunc
1643 1971 1839 2020 quoque
1867 1963 2234 2020 permanentem
2250 1991 2262 2012 ,
2289 1953 2428 2000 novis
2457 1951 2657 2017 quibus·

532 2034 645 2081 dam
667 2033 870 2080 decretis
892 2033 1028 2080 aliter
1050 2034 1181 2097 apud
1201 2051 1289 2081 vos
1311 2033 1532 2081 divinum
1560 2033 1776 2082 officium
1809 2034 2079 2082 instituistis
2109 2034 2185 2097 agi
2206 2051 2217 2081 :
2237 2049 2327 2080 nec
2354 2043 2515 2079 tamen
2544 2030 2658 2078 inde

532 2127 619 2159 vos
653 2111 949 2159 accusandos
975 2112 1197 2159 censetiS.
1228 2113 1278 2158 Si
1304 2112 1410 2158 'haec
1436 2123 1595 2159 vestra
1620 2114 1810 2160 novitas
1841 2122 1925 2160 aut
1950 2103 2258 2176 singularitas
2282 2111 2344 2159 ab
2377 2099 2658 2175 antiquitate

533 2192 724 2239 recedat
745 2191 950 2238 aliorum
968 2228 979 2249 ,
1008 2207 1155 2255 quam
1180 2191 1359 2237 rationi
1380 2191 1643 2254 plurimum
1664 2201 1712 2238 et
1729 2193 1887 2239 tenori
1918 2193 2091 2256 regulae
2111 2191 2304 2238 creditis
2328 2191 2655 2238 concordare:

535 2267 624 2318 nec
662 2271 837 2318 curatis
874 2280 1248 2335 quantacunque
1281 2270 1603 2317 admiratione
1630 2287 1775 2335 super
1802 2270 1899 2318 hoc
1928 2271 2009 2317 alii
2036 2280 2342 2330 moveantur,
2367 2286 2423 2318 ac
2441 2286 2659 2317 murmu-

534 2362 664 2410 rent,
683 2350 952 2398 dummodo
982 2360 1172 2409 vestrae,
1198 2366 1345 2415 quam
1361 2351 1561 2415 putatiS,
1586 2350 1764 2398 rationi
1787 2351 2010 2415 pareatis.
2039 2353 2259 2408 Quorum
2284 2358 2335 2396 ut
2351 2365 2505 2414 pauca
2525 2365 2661 2396 com-

534 2446 802 2477 memorem
818 2467 830 2489 ,
855 2446 973 2495 pace
995 2439 1175 2489 vestra,
1200 2429 1409 2494 hymnos
1430 2429 1597 2477 solitos
1619 2430 1886 2494 respuistis,
1914 2440 1961 2478 et
1986 2428 2224 2494 quosdam
2245 2428 2378 2494 apud
2397 2446 2486 2476 nos
2516 2429 2661 2477 inau-

536 2510 680 2569 ditos,
705 2520 753 2557 et
775 2509 872 2557 fere
895 2509 1122 2557 omnibus
1143 2510 1364 2557 Ecclesiis
1386 2511 1681 2574 incognitos,
1708 2527 1763 2558 ac
1784 2511 1945 2558 minus
1972 2509 2261 2558 sufficientes
2275 2548 2287 2569 ,
2312 2510 2656 2557 introduxistis.

538 2589 676 2636 Unde
698 2599 746 2636 et
767 2606 855 2655 per
877 2599 1034 2636 totum
1058 2579 1241 2636 annum
1259 2590 1308 2636 in
1329 2590 1497 2654 vigiliis
1516 2600 1616 2637 tam
1633 2590 1858 2638 feriarum
1876 2606 2022 2655 quam
2040 2590 2347 2638 festivitatum
2361 2606 2461 2636 uno
2476 2589 2660 2653 hymno

538 2678 585 2715 et
607 2668 781 2715 eodem
803 2669 1019 2715 contenti
1044 2669 1172 2727 estis,
1198 2685 1349 2733 quum
1374 2669 1581 2717 Ecclesia
1601 2686 1692 2735 pro
1716 2669 1988 2717 diversitate
2009 2669 2235 2717 feriarum
2255 2668 2332 2716 vel
2354 2668 2661 2715 festivitatum

539 2749 737 2797 diversis
759 2758 922 2796 utatur
943 2748 1135 2812 hymnis
1153 2785 1164 2807 ‚
1190 2749 1312 2796 sicut
1333 2759 1381 2797 et
1402 2749 1596 2815 psalmis
1609 2788 1620 2810 ,
1647 2750 1723 2798 vel
1745 2751 1946 2809 caeteris,
1972 2766 2077 2815 quae
2098 2749 2173 2796 his
2195 2749 2434 2815 pertinere
2455 2764 2662 2796 noscun-

539 2840 646 2877 tur:
669 2829 804 2895 quod
827 2839 873 2876 et
895 2829 1147 2876 manifesta
1173 2830 1295 2876 ratio
1327 2830 1485 2893 exigit.
1514 2831 1653 2878 Unde
1681 2841 1729 2878 et
1759 2831 1843 2895 qui
1870 2847 1958 2878 vos
1992 2829 2070 2877 die
2103 2829 2300 2888 Natalis,
2336 2845 2420 2876 seu
2446 2827 2657 2886 Paschae,

541 2910 616 2957 vel
637 2914 938 2958 Pentecostes
951 2947 962 2969 ,
994 2919 1041 2956 et
1063 2909 1241 2956 caeteris
1263 2909 1644 2958 solemnitatibus
1668 2911 1905 2976 hymnum
1933 2927 2123 2976 semper
2152 2909 2377 2957 eumdem
2405 2908 2661 2956 decantare

542 2991 766 3051 audiunt,
793 2991 998 3038 scilicet:
1023 3009 1046 3035 «
1073 2993 1268 3037 AEterne
1296 3007 1459 3038 rerum
1488 2992 1731 3051 conditor,
1752 3011 1776 3037 »
1802 3008 1993 3039 summo
2023 3001 2220 3056 stupore
2249 2976 2439 3038 attoniti
2460 3005 2660 3053 suspen-

545 3071 750 3131 duntur,
775 3087 866 3118 nec
887 3081 988 3118 tam
1010 3069 1328 3118 admiratione
1350 3087 1495 3135 quam
1518 3071 1758 3119 derisione
1786 3081 2058 3119 moventur.
2083 3074 2249 3118 Preces
2281 3086 2387 3134 quae
2413 3078 2523 3134 post
2551 3084 2662 3132 sup·
2703 3122 2708 3128 ¹

545 3149 852 3213 plicationem
873 3160 921 3197 et
943 3151 1214 3198 orationem
1236 3149 1532 3198 dominicam
1554 3150 1615 3198 ab
1639 3151 1847 3199 Ecclesia
1862 3151 2042 3216 ubique
2058 3149 2388 3207 celebrantur;
2412 3157 2458 3195 et
2479 3162 2534 3194 ea
2556 3163 2662 3211 quae

547 3229 769 3293 suffragia
802 3241 1078 3278 sanctorum
1109 3230 1352 3292 dicuntur,
1379 3231 1580 3278 omnino
1603 3248 1632 3279 a
1652 3231 1790 3278 vobis
1818 3230 1920 3278 fieri
1942 3229 2267 3288 interdixistis,
2291 3228 2427 3293 quasi
2446 3227 2522 3274 vel
2551 3242 2660 3291 pre·

549 3309 682 3357 cibus
704 3311 871 3358 vestris
894 3312 1126 3370 mundus,
1156 3312 1232 3359 vel
1254 3329 1341 3360 vos
1362 3311 1596 3375 suffragiis
1618 3321 1895 3359 sanctorum
1917 3311 2076 3358 minus
2096 3310 2286 3374 egeatis.
2310 3311 2388 3365 Et,
2416 3307 2547 3372 quod
2570 3306 2659 3355 mi-

596 3492 606 3508 ¹
632 3492 702 3525 Lib.
722 3492 764 3526 Xl
778 3516 786 3532 ,
807 3492 903 3535 epist.
919 3503 1005 3533 Lxxv,
1023 3493 1104 3534 opp.
1125 3500 1149 3526 ῑ.
1170 3494 1218 3534 11,
1239 3494 1303 3528 col.
1323 3493 1496 3528 1152.—'
1509 3493 1695 3537 tegendum
1708 3503 1768 3537 pro
1782 3495 1874 3526 rebus
1888 3494 1978 3526 nobis
1997 3494 2080 3525 loca.
