2970 4152
1249 389 1566 436 EP18TOLAE.
2444 387 2471 430 7

356 490 500 548 Quod
525 491 563 537 si
593 505 681 554 ego
713 489 934 547 taceam¹,
959 503 1033 534 res
1050 487 1152 551 ipsa
1175 486 1370 546 clamat,
1403 496 1450 533 et·
1474 485 1620 551 ipsius
1639 485 1707 532 rei
1724 484 1832 531 finis
1859 483 2050 531 indicat.
2074 486 2202 530 Dum
2238 498 2352 530 vero
2376 482 2475 529 haec

355 580 631 635 agerentur,
656 569 896 616 carissima
913 567 1031 614 mihi
1055 576 1208 614 mater
1230 583 1339 614 mea
1364 566 1529 613 Lucia²
1552 566 1807 631 repatriare
1834 581 1912 613 me
1938 564 2184 630 compulit.
2208 566 2324 621 Quae
2345 562 2476 610 vide·

355 650 463 698 licet
482 660 591 716 post
608 650 973 697 conversionem
993 648 1261 712 Berengarii
1276 647 1422 713 patris
1445 647 1540 694 mei
1560 645 1622 693 ad
1638 646 1982 711 professionem
1999 645 2328 704 monasticam,
2351 642 2478 690 idem

355 731 509 778 facere
534 729 855 796 disponebaff.
889 731 998 786 Quo
1037 727 1301 794 completo,
1331 743 1547 775 reversus
1571 743 1678 773 sum
1709 727 1758 773 in
1793 726 2039 774 Franciam
2052 762 2064 786 ,
2099 726 2306 773 maxime
2335 733 2388 771 ut
2418 723 2478 770 de

355 811 610 858 Divinitate
645 809 964 870 addiscerem,
992 807 1189 873 quando
1206 810 1220 833 ⁶
1247 809 1347 872 jam
1377 824 1501 872 saepe
1526 806 1649 869 fat-us
1680 807 1901 871 magister
1933 816 2096 854 noster
2125 805 2405 853 Guillelmus
2430 805 2477 850 in

357 891 630 957 episcopatu
655 889 975 938 catalaunensi
998 888 1241 954 pollebat⁵.
1274 892 1326 935 ln
1353 888 1443 935 hac
1466 897 1628 934 autem
1645 887 1852 934 lectione
1870 888 2090 951 magister
2114 886 2216 950 ejus
2233 885 2478 933 Anselmus

355 970 663 1018 laudunensis
686 970 968 1017 maximam⁶
991 986 1050 1016 ex
1074 969 1352 1034 antiquitate
1377 968 1708 1016 auctoritatem
1732 977 1847 1014 tunc
1864 965 2072 1014 tenebat.

421 1049 605 1097 Accessi
631 1047 861 1116 igitur'ad
887 1048 1018 1096 hunc
1042 1065 1233 1110 senem,
1264 1049 1341 1096 cui
1366 1048 1516 1112 magis
1539 1047 1781 1112 longaevus
1805 1064 1940 1108 usus,
1962 1063 2108 1112 quam
2138 1046 2381 1110 ingenium
2405 1047 2480 1092 vel

355 1130 587 1176 memoria
604 1144 784 1176 nomen
803 1139 1179 1194 comparaverat.
1205 1129 1276 1176 Ad
1296 1145 1442 1194 quem
1469 1129 1509 1176 si
1531 1129 1636 1193 quis
1661 1127 1722 1176 de
1739 1127 1896 1192 aliqua
1915 1128 2174 1192 quaestione
2191 1125 2478 1192 pulsandum

355 1209 603 1257 accederet
625 1210 848 1269 incertus,
877 1208 1064 1259 redibat
1087 1209 1327 1257 incertior.
1356 1208 1579 1256 Mirabilis
1596 1207 1791 1273 quidem
1821 1217 1923 1255 erat
1940 1207 1989 1254 in
2014 1206 2164 1254 oculis
2182 1208 2195 1230 ⁷
2219 1205 2481 1253 auscultan—

356 1289 501 1347 tium,
531 1289 615 1337 sed
637 1289 796 1337 nullus
812 1290 862 1336 in
885 1299 1146 1355 conspectu
1167 1290 1621 1355 quaestionantium⁸.
1650 1287 1920 1336 Verborum
1948 1304 2089 1335 usum
2111 1286 2319 1334 habebat
2342 1288 2481 1333 mira-

355 1367 500 1417 bilem
514 1405 527 1429 ,
549 1369 633 1418 sed
649 1387 789 1418 sensu
806 1369 1254 1436 contemptibilem⁹,
1284 1380 1330 1418 et
1348 1371 1532 1418 ratione
1557 1386 1778 1418 vacuum.
1808 1371 1970 1436 Quum
1986 1369 2144 1432 ignem
2169 1366 2446 1414 accenderet
2469 1403 2479 1424 ,

356 1448 556 1497 domum
575 1466 710 1498 suam
737 1451 870 1498 fumo
887 1450 1141 1516 implebat,
1163 1467 1264 1498 non
1287 1451 1394 1498 luce
1411 1450 1689 1499 illustrabat.
1720 1448 1873 1497 Arbor
1893 1449 1994 1513 ejus
2014 1458 2110 1496 tota
2140 1448 2190 1495 in
2214 1446 2335 1495 foliis
2364 1448 2484 1512 aspi·

356 1529 590 1578 cientibus
630 1547 659 1579 a
694 1531 838 1596 longe
882 1532 1142 1598 censpicua
1179 1530 1456 1590 videbatur,
1501 1531 1585 1580 sed
1621 1529 2082 1597 propinquantibus,
2130 1539 2179 1576 et
2215 1527 2484 1592 diligentius

356 1609 648 1657 intuentibus
672 1610 964 1658 infructuosa
987 1611 1327 1676 reperiebatur.
1358 1611 1428 1660 Ad
1453 1612 1579 1659 hanc
1605 1612 1764 1677 itaque
1789 1610 1939 1675 quum
1973 1610 2273 1658 accessissem
2299 1618 2352 1655 ut
2381 1608 2482 1654 fru—

355 1698 486 1736 ctum
510 1689 623 1736 inde
639 1690 929 1755 colligerem,
949 1689 1246 1756 deprehendi
1263 1692 1393 1739 illam
1417 1708 1521 1740 esse
1546 1691 1802 1740 ficulneam
1824 1692 1903 1738 cui
1926 1690 2169 1739 maledixit
2187 1691 2422 1738 Dominus
2438 1691 2477 1749 ¹⁰,

355 1784 438 1816 seu
462 1768 590 1815 illam
610 1779 818 1818 veterem
837 1786 1093 1833 quercum,
1123 1771 1200 1818 cui
1229 1772 1510 1836 Pompeium
1537 1774 1756 1819 Lucanus
1773 1777 2034 1836 comparat,
2060 1770 2223 1818 dicens
2243 1788 2253 1815 ε

1208 1886 1295 1927 Stat
1313 1885 1451 1938 magni
1470 1884 1652 1925 nominis
1670 1884 1816 1926 umbra
1827 1915 1837 1934 ,

833 1954 973 2004 Qualis
990 1952 1186 2007 frugifero
1205 1965 1380 2008 quercus
1398 1953 1587 1995 sublimis
1605 1954 1649 1995 in
1667 1966 1766 2007 agro
1781 1954 1819 1992 ¹¹.

355 2067 456 2112 Hoc
486 2066 627 2131 igitur
656 2077 923 2132 comperto,
958 2084 1059 2115 non
1081 2067 1242 2115 multis
1276 2066 1444 2115 diebus
1469 2068 1516 2115 in
1544 2066 1715 2115 umbra
1744 2066 1844 2131 ejus
1872 2066 2051 2113 otiosus
2074 2065 2216 2130 jacui.
2254 2065 2482 2114 Paulatim

354 2161 470 2192 vero
497 2162 575 2193 me
595 2146 696 2210 jam
722 2147 872 2194 rarius
890 2157 941 2195 et
971 2147 1122 2195 rarius
1142 2148 1169 2172 ¹²
1201 2146 1260 2195 ad
1289 2146 1517 2195 lectiones
1547 2147 1648 2211 ejus
1681 2146 1963 2206 accedente,
1994 2145 2189 2211 quidam
2223 2156 2337 2193 tunc
2362 2147 2484 2194 inter

354 2223 611 2291 discipulos
645 2226 746 2290 ejus
771 2227 1034 2275 eminentes
1065 2227 1268 2292 graviter
1295 2226 1345 2275 id
1370 2227 1600 2283 ferebant,
1629 2227 1763 2292 quasi
1794 2227 1913 2274 tanti
1944 2226 2151 2291 magistri
2178 2235 2480 2291 contemptor

354 2301 532 2351 fierem.
569 2305 775 2354 Proinde
804 2305 937 2354 illum
956 2323 1151 2371 quoque
1172 2306 1424 2355 adversum
1456 2323 1534 2355 me
1557 2306 1759 2355 latenter
1787 2316 2164 2365 commoventes,
2188 2306 2346 2371 pravis
2371 2322 2478 2370 sug—

353 2383 644 2447 gestionibus
662 2386 707 2433 ei
725 2402 803 2434 me
817 2386 1109 2435 invidiosum
1128 2387 1355 2435 fecerunt.
1381 2387 1563 2435 Accidit
1586 2397 1747 2436 autem
1766 2387 1973 2452 quadam
1993 2386 2087 2447 die,
2107 2397 2159 2434 ut
2175 2396 2284 2452 post
2301 2386 2480 2450 aliquas

353 2465 694 2520 sententiarum
704 2466 1000 2527 collationes,
1022 2484 1112 2515 nos
1131 2466 1371 2516 scholares
1384 2468 1588 2516 invicem
1599 2468 1886 2532 jocaremur.
1912 2467 2004 2515 Ubi
2022 2484 2171 2532 quum
2189 2483 2265 2514 me
2284 2466 2478 2530 quidam

353 2543 514 2591 animo
546 2545 784 2593 intentans
804 2547 1205 2612 interrogavisset,
1237 2547 1351 2612 quid
1376 2548 1492 2595 mihi
1509 2548 1570 2596 de
1588 2547 1862 2596 divinorum
1877 2547 2078 2595 lectione
2100 2546 2332 2593 librorum
2351 2546 2479 2592 vide-

355 2626 499 2684 retur,
523 2624 606 2689 qui
628 2625 848 2672 nondum
872 2626 962 2674 nisi
986 2630 1036 2674 in
1059 2627 1267 2692 physicis
1295 2627 1599 2688 studueram,
1630 2627 1857 2693 respondi
1880 2626 2245 2674 saluberrimum
2282 2626 2476 2691 quidem

352 2701 493 2766 hujus
530 2702 745 2751 lectionis
771 2721 872 2752 esse
905 2705 1118 2753 studium
1151 2706 1234 2754 ubi
1257 2706 1382 2755 salus
1406 2708 1575 2755 animae
1602 2708 1922 2772 cognoscitur,
1960 2706 2045 2755 sed
2067 2724 2145 2754 me
2173 2706 2477 2754 vehementer

354 2782 531 2843 mirari,
553 2784 686 2848 quod
711 2784 786 2833 his
810 2786 894 2851 qui
921 2786 1111 2835 litterati
1131 2797 1260 2848 sunt,
1290 2787 1352 2835 ad
1376 2788 1696 2853 expositiones
1720 2798 1994 2836 sanctorum
2014 2786 2356 2851 intelligendas,
2377 2787 2477 2851 ipsa

352 2877 521 2910 eorum
539 2865 712 2930 scripta
735 2865 809 2914 vel
827 2866 968 2931 glosae
992 2884 1092 2915 non
1120 2866 1403 2929 sufficiant¹⁸‚
1426 2878 1479 2916 ut
1503 2868 1597 2917 alio
1624 2868 1804 2917 scilicet
1834 2885 1932 2916 non
1959 2877 2126 2933 egeant
2153 2867 2421 2931 magisterio
2431 2867 2471 2913 ¹⁶.

353 2941 605 2990 Irridentes
630 2943 822 3008 plurimi
846 2947 929 3010 qui
944 2945 1159 3008 aderant,
1183 2963 1242 2994 an
1257 2947 1352 2995 hoc
1371 2963 1460 3013 ego
1476 2965 1669 3014 possem
1687 2959 1735 2996 et
1749 2948 1939 3014 aggredi
1953 2961 2305 3013 praesumerem,
2330 2948 2481 3011 requi-

353 3021 547 3069 sierunt.
578 3023 818 3089 Respondi
843 3042 921 3073 me
949 3025 999 3073 id
1032 3026 1070 3074 si
1103 3026 1280 3074 vellent
1313 3028 1514 3093 experiri
1537 3038 1757 3094 paratum
1784 3045 1901 3076 esse.
1931 3030 2063 3074 Tunc
2094 3026 2445 3074 conclamantes
2457 3029 2480 3050 ¹⁶

354 3109 399 3147 et
433 3100 636 3166 amplius
671 3102 922 3152 irridentes
953 3123 963 3151 ε
998 3107 1161 3167 Certe,
1196 3107 1444 3172 inquiunt,
1474 3118 1522 3156 et
1555 3124 1644 3156 nos
1675 3109 1973 3157 assentimus·
2003 3108 2252 3165 Quaeratur
2281 3107 2440 3170 itaque
2456 3110 2480 3131 ¹⁶

398 3241 407 3257 ¹
426 3241 481 3274 Sic
494 3240 586 3275 cu-
597 3243 746 3276 racemo·
764 3243 850 3277 Edit.
869 3244 966 3279 Δηὼ.
979 3263 1022 3270 -
1039 3245 1051 3263 ’
1069 3245 1150 3279 Vide
1171 3253 1240 3280 not.
1265 3258 1332 3280 xiv.
1352 3265 1387 3271 -
1438 3248 1511 3271 —¹¹
1532 3249 1652 3282 Lucan.
1671 3249 1808 3286 phars„
1827 3246 1886 3280 lib.
1905 3247 1961 3288 lv,
1978 3258 2008 3280 v.
2030 3248 2144 3280 135.-
2159 3246 2187 3263 ¹³
2203 3246 2250 3279 lta
2264 3246 2414 3279 Anca·
2426 3247 2477 3279 Me

356 3296 367 3311 ³
379 3297 422 3329 Se
433 3299 506 3331 vieoe
519 3301 690 3332 εαηοεὶοήε
703 3303 823 3334 rationu·
839 3302 950 3335 dicare
963 3303 1118 3344 dieposuie
1127 3303 1290 3337 Rus-⁴
1308 3305 1391 3344 Quo·
1434 3307 1505 3347 jam
1524 3308 1631 3339 rarius
1649 3308 1694 3338 ad
1712 3307 1862 3337 lectiones
1888 3305 1957 3346 ejus
1979 3303 2064 3338 Edit.
2087 3302 2182 3336 Δηὼ.
2197 3320 2240 3327 -
2261 3300 2289 3319 ¹⁸
2312 3305 2477 3344 Sufficiunt

355 3355 440 3386 niam
456 3354 523 3387 MS.
545 3354 640 3389 Amb.
655 3369 699 3381 -·
717 3356 730 3374 ⁸
748 3356 830 3390 Vide
846 3364 916 3391 not.
933 3369 988 3391 xv.
1003 3377 1037 3382 —
1055 3358 1068 3377 ⁸
1080 3358 1162 3394 Vide
1178 3367 1247 3393 not.
1267 3371 1333 3394 xvi.
1351 3379 1391 3384 —
1440 3362 1558 3395 ABCI).
1574 3380 1614 3386 -
1637 3361 1666 3379 ¹⁴
1689 3362 1844 3403 Hayistro
1864 3360 1930 3394 MS.
1949 3359 2043 3395 Amb.
2068 3378 2103 3383 -
2128 3359 2156 3377 ¹⁸
2170 3360 2386 3392 inclamantes
2408 3358 2474 3392 MS.

357 3409 367 3426 ⁷
384 3411 420 3442 In
433 3413 533 3444 oculis
549 3418 619 3444 emt
632 3411 671 3445 1).
683 3430 727 3437 —
739 3411 752 3430 ⁸
773 3414 969 3454 Quoeetiones
987 3417 1220 3449 discutiendum
1240 3416 1335 3451 Rus.
1352 3434 1391 3441 —
1442 3418 1537 3452 Δηὼ.
1566 3436 1585 3441 ·
1620 3418 1649 3435 ⁴⁶
1663 3418 1717 3451 Sic
1733 3417 1837 3450 ABCD
1854 3423 1888 3451 et
1902 3416 1970 3451 MS.
1986 3416 2080 3451 Amb.
2091 3434 2111 3442 -
2123 3417 2256 3457 [nquam
2273 3415 2358 3448 Edit.
2380 3414 2474 3448 Amb-

356 3465 472 3500 ’Vilem
485 3466 659 3501 Rus-⁴⁰
671 3468 799 3510 biauk,
813 3480 841 3503 c.
858 3482 927 3509 xxi,
945 3481 973 3503 v.
990 3471 1027 3503 19
1039 3485 1047 3512 ;
1060 3471 1174 3509 Μαι-0.,
1189 3483 1275 3514 c.1v,
1292 3483 1320 3506 v.
1340 3474 1391 3506 14.

2534 493 2579 525 De
2592 494 2750 535 sepau-ia-

2558 545 2645 569 uone
2658 536 2737 578 ejus.

2534 581 2632 614 Lucia
2642 587 2755 612 mater.

2530 624 2740 666 Berengarius

2590 676 2693 710 pater.

2577 1049 2647 1070 cn).
2672 1049 2717 1069 m.

2518 1081 2685 1121 Quomodo
2693 1081 2775 1113 Lau-

2540 1126 2759 1157 dunun1vcnu

2527 1168 2568 1200 ad
2579 1167 2764 1210 magistrum

2552 1212 2746 1244 Ansehnum.
