<?xml version="1.0" encoding="UTF-8"?>
<!DOCTYPE html PUBLIC "-//W3C//DTD XHTML 1.0 Transitional//EN"
    "http://www.w3.org/TR/xhtml1/DTD/xhtml1-transitional.dtd">
<html xmlns="http://www.w3.org/1999/xhtml" xml:lang="en" lang="en">
 <head>
  <title>
</title>
<meta http-equiv="Content-Type" content="text/html;charset=utf-8" />
  <meta name='ocr-system' content='tesseract 3.04.00' />
  <meta name='ocr-capabilities' content='ocr_page ocr_carea ocr_par ocr_line ocrx_word'/>
</head>
<body>
  <div class='ocr_page' id='page_1' title='image "./operahactenusseo01abeluoft_0168.png"; bbox 0 0 2970 4152; ppageno 0'>
   <div class='ocr_carea' id='block_1_1' title="bbox 450 370 2029 425">
    <p class='ocr_par' dir='ltr' id='par_1_1' title="bbox 450 370 2029 425">
     <span class='ocr_line' id='line_1_1' title="bbox 450 370 2029 425; baseline -0.001 -3"><span class='ocrx_word' id='word_1_1' title='bbox 450 420 452 422; x_wconf 83' lang='grc'><strong>,</strong></span> <span class='ocrx_word' id='word_1_2' title='bbox 491 380 582 425; x_wconf 76' lang='lat'><strong>454</strong></span> <span class='ocrx_word' id='word_1_3' title='bbox 1065 373 1235 419; x_wconf 89' lang='lat' dir='ltr'>PETRI</span> <span class='ocrx_word' id='word_1_4' title='bbox 1271 370 1586 420; x_wconf 79' lang='lat' dir='ltr'><strong>ABAELARDI</strong></span> <span class='ocrx_word' id='word_1_5' title='bbox 1622 371 1695 418; x_wconf 90' lang='lat' dir='ltr'><strong>ET</strong></span> <span class='ocrx_word' id='word_1_6' title='bbox 1729 373 2029 420; x_wconf 88' lang='lat' dir='ltr'>HELOISSAE</span> 
     </span>
    </p>
   </div>
   <div class='ocr_carea' id='block_1_2' title="bbox 481 464 2970 3269">
    <p class='ocr_par' dir='ltr' id='par_1_2' title="bbox 481 464 2970 2381">
     <span class='ocr_line' id='line_1_2' title="bbox 485 464 2603 536; baseline -0.001 -17"><span class='ocrx_word' id='word_1_7' title='bbox 485 471 799 536; x_wconf 91' lang='lat' dir='ltr'><strong>philosophus</strong></span> <span class='ocrx_word' id='word_1_8' title='bbox 826 469 917 527; x_wconf 88' lang='lat' dir='ltr'><strong>ait,</strong></span> <span class='ocrx_word' id='word_1_9' title='bbox 946 467 1054 530; x_wconf 91' lang='lat' dir='ltr'><strong>quia</strong></span> <span class='ocrx_word' id='word_1_10' title='bbox 1083 481 1386 530; x_wconf 84' lang='lat' dir='ltr'><strong>nequaquam</strong></span> <span class='ocrx_word' id='word_1_11' title='bbox 1409 464 1611 511; x_wconf 90' lang='lat' dir='ltr'><strong>credidit</strong></span> <span class='ocrx_word' id='word_1_12' title='bbox 1629 465 1676 511; x_wconf 91' lang='lat' dir='ltr'><strong>in</strong></span> <span class='ocrx_word' id='word_1_13' title='bbox 1698 482 1793 512; x_wconf 90' lang='lat' dir='ltr'><strong>una</strong></span> <span class='ocrx_word' id='word_1_14' title='bbox 1814 483 1862 513; x_wconf 92' lang='lat' dir='ltr'><strong>se</strong></span> <span class='ocrx_word' id='word_1_15' title='bbox 1883 467 2089 531; x_wconf 89' lang='lat' dir='ltr'><strong>reperire</strong></span> <span class='ocrx_word' id='word_1_16' title='bbox 2108 482 2248 531; x_wconf 92' lang='lat' dir='ltr'><strong>posse</strong></span> <span class='ocrx_word' id='word_1_17' title='bbox 2275 467 2431 531; x_wconf 91' lang='lat' dir='ltr'><strong>puella</strong></span> <span class='ocrx_word' id='word_1_18' title='bbox 2460 485 2603 516; x_wconf 90' lang='lat' dir='ltr'><strong>mem-</strong></span> 
     </span>
     <span class='ocr_line' id='line_1_3' title="bbox 484 545 2604 611; baseline -0.002 -12"><span class='ocrx_word' id='word_1_19' title='bbox 484 552 569 599; x_wconf 84' lang='lat' dir='ltr'><strong>bra</strong></span> <span class='ocrx_word' id='word_1_20' title='bbox 595 551 758 599; x_wconf 89' lang='lat' dir='ltr'><strong>omnia</strong></span> <span class='ocrx_word' id='word_1_21' title='bbox 781 547 1021 611; x_wconf 79' lang='lat' dir='ltr'><strong>aequaliter</strong></span> <span class='ocrx_word' id='word_1_22' title='bbox 1051 546 1285 605; x_wconf 89' lang='lat' dir='ltr'><strong>formosa,</strong></span> <span class='ocrx_word' id='word_1_23' title='bbox 1315 545 1528 609; x_wconf 85' lang='lat' dir='ltr'>nullique</span> <span class='ocrx_word' id='word_1_24' title='bbox 1552 562 1764 609; x_wconf 91' lang='lat' dir='ltr'><strong>unquam</strong></span> <span class='ocrx_word' id='word_1_25' title='bbox 1790 562 1816 591; x_wconf 94' lang='lat' dir='ltr'><strong>a</strong></span> <span class='ocrx_word' id='word_1_26' title='bbox 1842 555 2011 592; x_wconf 89' lang='lat' dir='ltr'><strong>natura</strong></span> <span class='ocrx_word' id='word_1_27' title='bbox 2036 555 2214 592; x_wconf 86' lang='lat' dir='ltr'><strong>tantam</strong></span> <span class='ocrx_word' id='word_1_28' title='bbox 2240 546 2604 610; x_wconf 90' lang='lat' dir='ltr'><strong>pulchritudinis</strong></span> 
     </span>
     <span class='ocr_line' id='line_1_4' title="bbox 486 624 2970 706; baseline -0.002 -27"><span class='ocrx_word' id='word_1_29' title='bbox 486 633 684 696; x_wconf 79' lang='lat' dir='ltr'><strong>gratiam</strong></span> <span class='ocrx_word' id='word_1_30' title='bbox 712 646 811 677; x_wconf 91' lang='lat' dir='ltr'><strong>esse</strong></span> <span class='ocrx_word' id='word_1_31' title='bbox 839 626 1058 674; x_wconf 88' lang='lat' dir='ltr'><strong>collatam</strong></span> <span class='ocrx_word' id='word_1_32' title='bbox 1081 664 1092 685; x_wconf 85' lang='lat'>‚</span> <span class='ocrx_word' id='word_1_33' title='bbox 1122 636 1173 673; x_wconf 90' lang='lat' dir='ltr'><strong>ut</strong></span> <span class='ocrx_word' id='word_1_34' title='bbox 1196 625 1426 690; x_wconf 80' lang='lat' dir='ltr'><strong>aequalem</strong></span> <span class='ocrx_word' id='word_1_35' title='bbox 1450 626 1497 672; x_wconf 92' lang='lat' dir='ltr'><strong>in</strong></span> <span class='ocrx_word' id='word_1_36' title='bbox 1524 624 1748 672; x_wconf 92' lang='lat' dir='ltr'><strong>omnibus</strong></span> <span class='ocrx_word' id='word_1_37' title='bbox 1774 625 2001 672; x_wconf 88' lang='lat' dir='ltr'><strong>membris</strong></span> <span class='ocrx_word' id='word_1_38' title='bbox 2023 625 2427 691; x_wconf 88' lang='lat' dir='ltr'><strong>pulchritudinem</strong></span> <span class='ocrx_word' id='word_1_39' title='bbox 2455 627 2605 676; x_wconf 88' lang='lat' dir='ltr'><strong>habe-</strong></span> <span class='ocrx_word' id='word_1_40' title='bbox 2956 631 2970 706; x_wconf 46' lang='grc' dir='ltr'><strong>ξ</strong></span> 
     </span>
     <span class='ocr_line' id='line_1_5' title="bbox 485 703 2966 773; baseline -0.001 -15"><span class='ocrx_word' id='word_1_41' title='bbox 485 723 586 770; x_wconf 91' lang='lat' dir='ltr'><strong>ret,</strong></span> <span class='ocrx_word' id='word_1_42' title='bbox 629 719 680 757; x_wconf 93' lang='lat' dir='ltr'><strong>ut</strong></span> <span class='ocrx_word' id='word_1_43' title='bbox 723 708 840 756; x_wconf 92' lang='lat' dir='ltr'>nihil</span> <span class='ocrx_word' id='word_1_44' title='bbox 877 724 933 754; x_wconf 86' lang='lat' dir='ltr'><strong>ex</strong></span> <span class='ocrx_word' id='word_1_45' title='bbox 962 707 1095 753; x_wconf 90' lang='lat' dir='ltr'><strong>omni</strong></span> <span class='ocrx_word' id='word_1_46' title='bbox 1125 716 1259 772; x_wconf 89' lang='lat' dir='ltr'><strong>parte</strong></span> <span class='ocrx_word' id='word_1_47' title='bbox 1287 706 1550 771; x_wconf 87' lang='lat' dir='ltr'><strong>perfectum</strong></span> <span class='ocrx_word' id='word_1_48' title='bbox 1578 706 1631 752; x_wconf 79' lang='lat' dir='ltr'><strong>iri‘</strong></span> <span class='ocrx_word' id='word_1_49' title='bbox 1656 706 2005 770; x_wconf 87' lang='lat' dir='ltr'>compositione</span> <span class='ocrx_word' id='word_1_50' title='bbox 2035 723 2295 772; x_wconf 89' lang='lat' dir='ltr'><strong>corporum</strong></span> <span class='ocrx_word' id='word_1_51' title='bbox 2319 707 2420 772; x_wconf 90' lang='lat' dir='ltr'><strong>ipsa</strong></span> <span class='ocrx_word' id='word_1_52' title='bbox 2453 725 2605 773; x_wconf 81' lang='lat' dir='ltr'><strong>expo·</strong></span> <span class='ocrx_word' id='word_1_53' title='bbox 2956 703 2966 711; x_wconf 53' lang='grc'><strong>”’</strong></span> 
     </span>
     <span class='ocr_line' id='line_1_6' title="bbox 483 782 2607 853; baseline -0.001 -15"><span class='ocrx_word' id='word_1_54' title='bbox 483 792 588 838; x_wconf 87' lang='lat' dir='ltr'><strong>liret</strong></span> <span class='ocrx_word' id='word_1_55' title='bbox 604 827 616 850; x_wconf 94' lang='lat'><strong>,</strong></span> <span class='ocrx_word' id='word_1_56' title='bbox 646 800 874 853; x_wconf 89' lang='lat' dir='ltr'><strong>tanquam</strong></span> <span class='ocrx_word' id='word_1_57' title='bbox 895 788 977 834; x_wconf 92' lang='lat' dir='ltr'><strong>uni</strong></span> <span class='ocrx_word' id='word_1_58' title='bbox 1004 787 1070 834; x_wconf 91' lang='lat' dir='ltr'><strong>sic</strong></span> <span class='ocrx_word' id='word_1_59' title='bbox 1089 787 1252 833; x_wconf 91' lang='lat' dir='ltr'><strong>omnia</strong></span> <span class='ocrx_word' id='word_1_60' title='bbox 1271 782 1531 834; x_wconf 82' lang='lat' dir='ltr'><strong>commoda</strong></span> <span class='ocrx_word' id='word_1_61' title='bbox 1558 786 1823 845; x_wconf 86' lang='lat' dir='ltr'><strong>conferret,</strong></span> <span class='ocrx_word' id='word_1_62' title='bbox 1855 796 1906 832; x_wconf 91' lang='lat' dir='ltr'><strong>ut</strong></span> <span class='ocrx_word' id='word_1_63' title='bbox 1928 802 2028 833; x_wconf 92' lang='lat' dir='ltr'><strong>non</strong></span> <span class='ocrx_word' id='word_1_64' title='bbox 2052 786 2250 834; x_wconf 89' lang='lat' dir='ltr'><strong>haberet</strong></span> <span class='ocrx_word' id='word_1_65' title='bbox 2273 787 2406 851; x_wconf 92' lang='lat' dir='ltr'><strong>quod</strong></span> <span class='ocrx_word' id='word_1_66' title='bbox 2431 790 2607 840; x_wconf 77' lang='lat' dir='ltr'><strong>caeteris</strong></span> 
     </span>
     <span class='ocr_line' id='line_1_7' title="bbox 482 846 2605 936; baseline -0.001 -18"><span class='ocrx_word' id='word_1_67' title='bbox 482 872 745 936; x_wconf 83' lang='lat' dir='ltr'><strong>largiretur.</strong></span> <span class='ocrx_word' id='word_1_68' title='bbox 772 870 847 915; x_wconf 91' lang='lat' dir='ltr'><strong>Sic</strong></span> <span class='ocrx_word' id='word_1_69' title='bbox 867 878 914 915; x_wconf 90' lang='lat' dir='ltr'><strong>et</strong></span> <span class='ocrx_word' id='word_1_70' title='bbox 932 885 1021 915; x_wconf 93' lang='lat' dir='ltr'><strong>nos</strong></span> <span class='ocrx_word' id='word_1_71' title='bbox 1045 867 1106 914; x_wconf 89' lang='lat' dir='ltr'><strong>ad</strong></span> <span class='ocrx_word' id='word_1_72' title='bbox 1130 867 1483 932; x_wconf 85' lang='lat' dir='ltr'><strong>depingendam</strong></span> <span class='ocrx_word' id='word_1_73' title='bbox 1508 867 1675 913; x_wconf 85' lang='lat' dir='ltr'><strong>animae</strong></span> <span class='ocrx_word' id='word_1_74' title='bbox 1699 866 2136 931; x_wconf 87' lang='lat' dir='ltr'><strong>pulchritudinem,</strong></span> <span class='ocrx_word' id='word_1_75' title='bbox 2168 877 2214 914; x_wconf 91' lang='lat' dir='ltr'><strong>et</strong></span> <span class='ocrx_word' id='word_1_76' title='bbox 2233 884 2418 931; x_wconf 83' lang='lat' dir='ltr'><strong>sponsae</strong></span> <span class='ocrx_word' id='word_1_77' title='bbox 2435 846 2605 934; x_wconf 42' lang='lat' dir='ltr'><strong>Chri&amp;</strong></span> 
     </span>
     <span class='ocr_line' id='line_1_8' title="bbox 482 944 2629 1015; baseline -0.001 -16"><span class='ocrx_word' id='word_1_78' title='bbox 482 950 847 999; x_wconf 87' lang='lat' dir='ltr'><strong>describendam</strong></span> <span class='ocrx_word' id='word_1_79' title='bbox 872 949 1211 1014; x_wconf 84' lang='lat' dir='ltr'><strong>perfectionem</strong></span> <span class='ocrx_word' id='word_1_80' title='bbox 1228 985 1240 1008; x_wconf 90' lang='lat'><strong>,</strong></span> <span class='ocrx_word' id='word_1_81' title='bbox 1275 949 1324 995; x_wconf 91' lang='lat' dir='ltr'><strong>in</strong></span> <span class='ocrx_word' id='word_1_82' title='bbox 1350 965 1445 1011; x_wconf 89' lang='lat' dir='ltr'><strong>qua</strong></span> <span class='ocrx_word' id='word_1_83' title='bbox 1469 964 1554 994; x_wconf 88' lang='lat' dir='ltr'><strong>vos</strong></span> <span class='ocrx_word' id='word_1_84' title='bbox 1580 957 1805 1011; x_wconf 85' lang='lat' dir='ltr'><strong>tanquam</strong></span> <span class='ocrx_word' id='word_1_85' title='bbox 1830 947 2024 1011; x_wconf 93' lang='lat' dir='ltr'><strong>speculo</strong></span> <span class='ocrx_word' id='word_1_86' title='bbox 2050 947 2262 1012; x_wconf 88' lang='lat' dir='ltr'><strong>quodam</strong></span> <span class='ocrx_word' id='word_1_87' title='bbox 2298 949 2437 995; x_wconf 93' lang='lat' dir='ltr'><strong>unius</strong></span> <span class='ocrx_word' id='word_1_88' title='bbox 2469 944 2629 1015; x_wconf 62' lang='lat' dir='ltr'><strong>spiri-³*</strong></span> 
     </span>
     <span class='ocr_line' id='line_1_9' title="bbox 483 1027 2607 1096; baseline -0 -17"><span class='ocrx_word' id='word_1_89' title='bbox 483 1032 585 1079; x_wconf 86' lang='lat' dir='ltr'><strong>talis</strong></span> <span class='ocrx_word' id='word_1_90' title='bbox 615 1032 809 1096; x_wconf 87' lang='lat' dir='ltr'><strong>virginis</strong></span> <span class='ocrx_word' id='word_1_91' title='bbox 835 1047 1022 1095; x_wconf 86' lang='lat' dir='ltr'><strong>semper</strong></span> <span class='ocrx_word' id='word_1_92' title='bbox 1052 1046 1145 1094; x_wconf 90' lang='lat' dir='ltr'><strong>prae</strong></span> <span class='ocrx_word' id='word_1_93' title='bbox 1170 1029 1320 1076; x_wconf 90' lang='lat' dir='ltr'><strong>oculis</strong></span> <span class='ocrx_word' id='word_1_94' title='bbox 1350 1028 1522 1075; x_wconf 83' lang='lat' dir='ltr'><strong>habitae</strong></span> <span class='ocrx_word' id='word_1_95' title='bbox 1553 1027 1779 1074; x_wconf 84' lang='lat' dir='ltr'><strong>decorem</strong></span> <span class='ocrx_word' id='word_1_96' title='bbox 1802 1038 2012 1075; x_wconf 88' lang='lat' dir='ltr'><strong>vestrum</strong></span> <span class='ocrx_word' id='word_1_97' title='bbox 2037 1028 2112 1075; x_wconf 87' lang='lat' dir='ltr'><strong>vel</strong></span> <span class='ocrx_word' id='word_1_98' title='bbox 2148 1029 2493 1094; x_wconf 86' lang='lat' dir='ltr'><strong>turpitudinem</strong></span> <span class='ocrx_word' id='word_1_99' title='bbox 2523 1030 2607 1078; x_wconf 90' lang='lat' dir='ltr'><strong>de-</strong></span> 
     </span>
     <span class='ocr_line' id='line_1_10' title="bbox 482 1108 2608 1178; baseline -0.001 -19"><span class='ocrx_word' id='word_1_100' title='bbox 482 1112 812 1178; x_wconf 89' lang='lat' dir='ltr'><strong>prehendatis,</strong></span> <span class='ocrx_word' id='word_1_101' title='bbox 843 1110 1180 1176; x_wconf 90' lang='lat' dir='ltr'><strong>proposuimus</strong></span> <span class='ocrx_word' id='word_1_102' title='bbox 1207 1127 1264 1157; x_wconf 91' lang='lat' dir='ltr'><strong>ex</strong></span> <span class='ocrx_word' id='word_1_103' title='bbox 1285 1109 1445 1156; x_wconf 88' lang='lat' dir='ltr'><strong>multis</strong></span> <span class='ocrx_word' id='word_1_104' title='bbox 1467 1118 1741 1155; x_wconf 92' lang='lat' dir='ltr'><strong>sanctorum</strong></span> <span class='ocrx_word' id='word_1_105' title='bbox 1770 1118 1960 1173; x_wconf 87' lang='lat' dir='ltr'><strong>patrum</strong></span> <span class='ocrx_word' id='word_1_106' title='bbox 1983 1108 2284 1155; x_wconf 83' lang='lat' dir='ltr'><strong>documentis</strong></span> <span class='ocrx_word' id='word_1_107' title='bbox 2310 1109 2386 1156; x_wconf 90' lang='lat' dir='ltr'><strong>vel</strong></span> <span class='ocrx_word' id='word_1_108' title='bbox 2411 1126 2608 1158; x_wconf 90' lang='lat' dir='ltr'><strong>consue-</strong></span> 
     </span>
     <span class='ocr_line' id='line_1_11' title="bbox 483 1189 2608 1254; baseline -0.002 -13"><span class='ocrx_word' id='word_1_109' title='bbox 483 1193 729 1241; x_wconf 89' lang='lat' dir='ltr'><strong>tudinibus</strong></span> <span class='ocrx_word' id='word_1_110' title='bbox 767 1191 1166 1239; x_wconf 84' lang='lat' dir='ltr'><strong>monasteriorum</strong></span> <span class='ocrx_word' id='word_1_111' title='bbox 1207 1190 1400 1254; x_wconf 89' lang='lat' dir='ltr'><strong>optimis</strong></span> <span class='ocrx_word' id='word_1_112' title='bbox 1438 1199 1644 1236; x_wconf 88' lang='lat' dir='ltr'><strong>vestram</strong></span> <span class='ocrx_word' id='word_1_113' title='bbox 1682 1189 1914 1236; x_wconf 88' lang='lat' dir='ltr'><strong>instruere</strong></span> <span class='ocrx_word' id='word_1_114' title='bbox 1947 1189 2359 1236; x_wconf 87' lang='lat' dir='ltr'><strong>conversationem</strong></span> <span class='ocrx_word' id='word_1_115' title='bbox 2377 1225 2389 1249; x_wconf 89' lang='lat'><strong>,</strong></span> <span class='ocrx_word' id='word_1_116' title='bbox 2426 1189 2608 1254; x_wconf 88' lang='lat' dir='ltr'><strong>singula</strong></span> 
     </span>
     <span class='ocr_line' id='line_1_12' title="bbox 481 1269 2609 1339; baseline -0.001 -17"><span class='ocrx_word' id='word_1_117' title='bbox 481 1291 682 1339; x_wconf 88' lang='lat' dir='ltr'><strong>quaeque</strong></span> <span class='ocrx_word' id='word_1_118' title='bbox 721 1283 865 1338; x_wconf 90' lang='lat' dir='ltr'><strong>prout</strong></span> <span class='ocrx_word' id='word_1_119' title='bbox 893 1272 1136 1319; x_wconf 75' lang='lat' dir='ltr'><strong>memoriae</strong></span> <span class='ocrx_word' id='word_1_120' title='bbox 1169 1271 1463 1318; x_wconf 87' lang='lat' dir='ltr'><strong>occurrerint</strong></span> <span class='ocrx_word' id='word_1_121' title='bbox 1489 1269 1777 1331; x_wconf 87' lang='lat' dir='ltr'><strong>delibando,</strong></span> <span class='ocrx_word' id='word_1_122' title='bbox 1809 1281 1856 1317; x_wconf 89' lang='lat' dir='ltr'><strong>et</strong></span> <span class='ocrx_word' id='word_1_123' title='bbox 1884 1271 2018 1334; x_wconf 89' lang='lat' dir='ltr'><strong>quasi</strong></span> <span class='ocrx_word' id='word_1_124' title='bbox 2054 1272 2103 1318; x_wconf 93' lang='lat' dir='ltr'><strong>in</strong></span> <span class='ocrx_word' id='word_1_125' title='bbox 2145 1288 2294 1318; x_wconf 89' lang='lat' dir='ltr'><strong>unum</strong></span> <span class='ocrx_word' id='word_1_126' title='bbox 2334 1270 2609 1319; x_wconf 88' lang='lat' dir='ltr'><strong>fasciculum</strong></span> 
     </span>
     <span class='ocr_line' id='line_1_13' title="bbox 482 1349 2610 1418; baseline -0.001 -17"><span class='ocrx_word' id='word_1_127' title='bbox 482 1353 818 1418; x_wconf 87' lang='lat' dir='ltr'><strong>congregando</strong></span> <span class='ocrx_word' id='word_1_128' title='bbox 839 1389 850 1413; x_wconf 93' lang='lat'><strong>,</strong></span> <span class='ocrx_word' id='word_1_129' title='bbox 878 1369 982 1417; x_wconf 89' lang='lat' dir='ltr'><strong>quae</strong></span> <span class='ocrx_word' id='word_1_130' title='bbox 1007 1351 1150 1399; x_wconf 87' lang='lat' dir='ltr'><strong>vestri</strong></span> <span class='ocrx_word' id='word_1_131' title='bbox 1174 1350 1406 1415; x_wconf 87' lang='lat' dir='ltr'><strong>propositi</strong></span> <span class='ocrx_word' id='word_1_132' title='bbox 1433 1351 1667 1397; x_wconf 86' lang='lat' dir='ltr'><strong>sanctitati</strong></span> <span class='ocrx_word' id='word_1_133' title='bbox 1695 1367 1958 1414; x_wconf 87' lang='lat' dir='ltr'><strong>congruere</strong></span> <span class='ocrx_word' id='word_1_134' title='bbox 1983 1349 2188 1411; x_wconf 89' lang='lat' dir='ltr'><strong>videbo;</strong></span> <span class='ocrx_word' id='word_1_135' title='bbox 2222 1367 2311 1398; x_wconf 93' lang='lat' dir='ltr'><strong>nec</strong></span> <span class='ocrx_word' id='word_1_136' title='bbox 2329 1351 2486 1399; x_wconf 89' lang='lat' dir='ltr'><strong>solum</strong></span> <span class='ocrx_word' id='word_1_137' title='bbox 2505 1369 2610 1416; x_wconf 85' lang='lat' dir='ltr'><strong>quae</strong></span> 
     </span>
     <span class='ocr_line' id='line_1_14' title="bbox 482 1429 2611 1497; baseline -0.002 -15"><span class='ocrx_word' id='word_1_138' title='bbox 482 1434 543 1482; x_wconf 91' lang='lat' dir='ltr'><strong>de</strong></span> <span class='ocrx_word' id='word_1_139' title='bbox 572 1433 927 1493; x_wconf 81' lang='lat' dir='ltr'><strong>monachabus,</strong></span> <span class='ocrx_word' id='word_1_140' title='bbox 963 1431 1274 1479; x_wconf 83' lang='lat' dir='ltr'><strong>verumetiam</strong></span> <span class='ocrx_word' id='word_1_141' title='bbox 1302 1447 1407 1494; x_wconf 86' lang='lat' dir='ltr'><strong>quae</strong></span> <span class='ocrx_word' id='word_1_142' title='bbox 1435 1429 1496 1476; x_wconf 91' lang='lat' dir='ltr'><strong>de</strong></span> <span class='ocrx_word' id='word_1_143' title='bbox 1530 1430 1779 1477; x_wconf 90' lang='lat' dir='ltr'><strong>monachis</strong></span> <span class='ocrx_word' id='word_1_144' title='bbox 1810 1431 2024 1478; x_wconf 90' lang='lat' dir='ltr'><strong>instituta</strong></span> <span class='ocrx_word' id='word_1_145' title='bbox 2060 1440 2171 1477; x_wconf 88' lang='lat' dir='ltr'><strong>sunt</strong></span> <span class='ocrx_word' id='word_1_146' title='bbox 2194 1434 2222 1477; x_wconf 85' lang='lat'><strong>¹.</strong></span> <span class='ocrx_word' id='word_1_147' title='bbox 2267 1432 2455 1497; x_wconf 89' lang='lat' dir='ltr'><strong>Quippe</strong></span> <span class='ocrx_word' id='word_1_148' title='bbox 2492 1432 2611 1479; x_wconf 90' lang='lat' dir='ltr'><strong>sicut</strong></span> 
     </span>
     <span class='ocr_line' id='line_1_15' title="bbox 481 1501 2609 1575; baseline -0 -15"><span class='ocrx_word' id='word_1_149' title='bbox 481 1515 678 1562; x_wconf 90' lang='lat' dir='ltr'><strong>nomine</strong></span> <span class='ocrx_word' id='word_1_150' title='bbox 712 1524 759 1561; x_wconf 92' lang='lat' dir='ltr'><strong>et</strong></span> <span class='ocrx_word' id='word_1_151' title='bbox 796 1512 1100 1560; x_wconf 78' lang='lat' dir='ltr'><strong>continentiae</strong></span> <span class='ocrx_word' id='word_1_152' title='bbox 1134 1509 1429 1575; x_wconf 89' lang='lat' dir='ltr'><strong>professione</strong></span> <span class='ocrx_word' id='word_1_153' title='bbox 1458 1501 1598 1556; x_wconf 88' lang='lat' dir='ltr'><strong>nobis</strong></span> <span class='ocrx_word' id='word_1_154' title='bbox 1637 1510 1743 1556; x_wconf 89' lang='lat' dir='ltr'><strong>estis</strong></span> <span class='ocrx_word' id='word_1_155' title='bbox 1777 1510 2076 1573; x_wconf 85' lang='lat' dir='ltr'><strong>conjunctae,</strong></span> <span class='ocrx_word' id='word_1_156' title='bbox 2119 1510 2183 1556; x_wconf 86' lang='lat' dir='ltr'><strong>ita</strong></span> <span class='ocrx_word' id='word_1_157' title='bbox 2221 1520 2267 1557; x_wconf 89' lang='lat' dir='ltr'><strong>et</strong></span> <span class='ocrx_word' id='word_1_158' title='bbox 2311 1511 2406 1558; x_wconf 89' lang='lat' dir='ltr'><strong>fere</strong></span> <span class='ocrx_word' id='word_1_159' title='bbox 2449 1512 2609 1559; x_wconf 86' lang='lat' dir='ltr'><strong>omnia</strong></span> 
     </span>
     <span class='ocr_line' id='line_1_16' title="bbox 482 1589 2613 1657; baseline -0 -17"><span class='ocrx_word' id='word_1_160' title='bbox 482 1605 646 1641; x_wconf 89' lang='lat' dir='ltr'><strong>nostra</strong></span> <span class='ocrx_word' id='word_1_161' title='bbox 676 1593 810 1642; x_wconf 92' lang='lat' dir='ltr'><strong>vobis</strong></span> <span class='ocrx_word' id='word_1_162' title='bbox 837 1600 1119 1657; x_wconf 88' lang='lat' dir='ltr'><strong>competunt</strong></span> <span class='ocrx_word' id='word_1_163' title='bbox 1146 1591 1373 1636; x_wconf 88' lang='lat' dir='ltr'><strong>instituta.</strong></span> <span class='ocrx_word' id='word_1_164' title='bbox 1400 1592 1469 1635; x_wconf 86' lang='lat' dir='ltr'><strong>Ex</strong></span> <span class='ocrx_word' id='word_1_165' title='bbox 1487 1589 1561 1636; x_wconf 91' lang='lat' dir='ltr'><strong>his</strong></span> <span class='ocrx_word' id='word_1_166' title='bbox 1589 1606 1730 1654; x_wconf 88' lang='lat' dir='ltr'><strong>ergo,</strong></span> <span class='ocrx_word' id='word_1_167' title='bbox 1762 1600 1813 1636; x_wconf 91' lang='lat' dir='ltr'><strong>ut</strong></span> <span class='ocrx_word' id='word_1_168' title='bbox 1832 1590 2036 1637; x_wconf 81' lang='lat' dir='ltr'><strong>diximus</strong></span> <span class='ocrx_word' id='word_1_169' title='bbox 2053 1627 2065 1650; x_wconf 95' lang='lat'><strong>,</strong></span> <span class='ocrx_word' id='word_1_170' title='bbox 2097 1590 2303 1655; x_wconf 89' lang='lat' dir='ltr'><strong>plurima</strong></span> <span class='ocrx_word' id='word_1_171' title='bbox 2319 1592 2453 1655; x_wconf 90' lang='lat' dir='ltr'><strong>quasi</strong></span> <span class='ocrx_word' id='word_1_172' title='bbox 2470 1607 2613 1656; x_wconf 90' lang='lat' dir='ltr'><strong>quos-</strong></span> 
     </span>
     <span class='ocr_line' id='line_1_17' title="bbox 483 1669 2612 1737; baseline -0.001 -16"><span class='ocrx_word' id='word_1_173' title='bbox 483 1674 595 1720; x_wconf 92' lang='lat' dir='ltr'><strong>dam</strong></span> <span class='ocrx_word' id='word_1_174' title='bbox 621 1675 762 1720; x_wconf 86' lang='lat' dir='ltr'><strong>flores</strong></span> <span class='ocrx_word' id='word_1_175' title='bbox 787 1671 1091 1737; x_wconf 90' lang='lat' dir='ltr'><strong>decerpendo</strong></span> <span class='ocrx_word' id='word_1_176' title='bbox 1110 1706 1122 1730; x_wconf 96' lang='lat'><strong>,</strong></span> <span class='ocrx_word' id='word_1_177' title='bbox 1152 1669 1325 1734; x_wconf 87' lang='lat' dir='ltr'><strong>quibus</strong></span> <span class='ocrx_word' id='word_1_178' title='bbox 1354 1679 1516 1716; x_wconf 82' lang='lat' dir='ltr'><strong>vestrae</strong></span> <span class='ocrx_word' id='word_1_179' title='bbox 1540 1669 1637 1715; x_wconf 91' lang='lat' dir='ltr'><strong>lilia</strong></span> <span class='ocrx_word' id='word_1_180' title='bbox 1661 1670 1885 1716; x_wconf 91' lang='lat' dir='ltr'><strong>castitatis</strong></span> <span class='ocrx_word' id='word_1_181' title='bbox 1911 1670 2202 1718; x_wconf 89' lang='lat' dir='ltr'><strong>adornemus</strong></span> <span class='ocrx_word' id='word_1_182' title='bbox 2218 1706 2230 1730; x_wconf 92' lang='lat'><strong>,</strong></span> <span class='ocrx_word' id='word_1_183' title='bbox 2260 1671 2413 1719; x_wconf 91' lang='lat' dir='ltr'><strong>multo</strong></span> <span class='ocrx_word' id='word_1_184' title='bbox 2432 1671 2612 1735; x_wconf 87' lang='lat' dir='ltr'><strong>majore</strong></span> 
     </span>
     <span class='ocr_line' id='line_1_18' title="bbox 482 1749 2613 1816; baseline -0.001 -14"><span class='ocrx_word' id='word_1_185' title='bbox 482 1754 640 1802; x_wconf 91' lang='lat' dir='ltr'><strong>studio</strong></span> <span class='ocrx_word' id='word_1_186' title='bbox 667 1753 934 1801; x_wconf 87' lang='lat' dir='ltr'><strong>describere</strong></span> <span class='ocrx_word' id='word_1_187' title='bbox 961 1751 1192 1799; x_wconf 89' lang='lat' dir='ltr'><strong>debemus</strong></span> <span class='ocrx_word' id='word_1_188' title='bbox 1220 1749 1453 1814; x_wconf 89' lang='lat' dir='ltr'><strong>virginem</strong></span> <span class='ocrx_word' id='word_1_189' title='bbox 1478 1749 1683 1810; x_wconf 85' lang='lat' dir='ltr'><strong>Christi,</strong></span> <span class='ocrx_word' id='word_1_190' title='bbox 1713 1767 1858 1814; x_wconf 89' lang='lat' dir='ltr'><strong>quam</strong></span> <span class='ocrx_word' id='word_1_191' title='bbox 1883 1750 2136 1815; x_wconf 86' lang='lat' dir='ltr'><strong>praedictus</strong></span> <span class='ocrx_word' id='word_1_192' title='bbox 2164 1752 2330 1799; x_wconf 83' lang='lat' dir='ltr'><strong>Zeuxis</strong></span> <span class='ocrx_word' id='word_1_193' title='bbox 2356 1751 2613 1816; x_wconf 85' lang='lat' dir='ltr'><strong>depingere</strong></span> 
     </span>
     <span class='ocr_line' id='line_1_19' title="bbox 483 1831 2610 1898; baseline -0.001 -16"><span class='ocrx_word' id='word_1_194' title='bbox 483 1835 790 1882; x_wconf 91' lang='lat' dir='ltr'><strong>simulacrum</strong></span> <span class='ocrx_word' id='word_1_195' title='bbox 821 1833 952 1880; x_wconf 91' lang='lat' dir='ltr'><strong>idoli.</strong></span> <span class='ocrx_word' id='word_1_196' title='bbox 980 1836 1036 1879; x_wconf 88' lang='lat' dir='ltr'><strong>Et</strong></span> <span class='ocrx_word' id='word_1_197' title='bbox 1054 1832 1133 1879; x_wconf 88' lang='lat' dir='ltr'><strong>ille</strong></span> <span class='ocrx_word' id='word_1_198' title='bbox 1156 1831 1353 1896; x_wconf 90' lang='lat' dir='ltr'><strong>quidem</strong></span> <span class='ocrx_word' id='word_1_199' title='bbox 1382 1831 1595 1895; x_wconf 89' lang='lat' dir='ltr'><strong>quinque</strong></span> <span class='ocrx_word' id='word_1_200' title='bbox 1615 1831 1818 1895; x_wconf 85' lang='lat' dir='ltr'><strong>virgines</strong></span> <span class='ocrx_word' id='word_1_201' title='bbox 1833 1867 1845 1891; x_wconf 97' lang='lat'><strong>,</strong></span> <span class='ocrx_word' id='word_1_202' title='bbox 1877 1848 2081 1895; x_wconf 91' lang='lat' dir='ltr'><strong>quarum</strong></span> <span class='ocrx_word' id='word_1_203' title='bbox 2105 1832 2312 1898; x_wconf 91' lang='lat' dir='ltr'><strong>speciem</strong></span> <span class='ocrx_word' id='word_1_204' title='bbox 2328 1832 2610 1892; x_wconf 81' lang='lat' dir='ltr'><strong>imitaretur,</strong></span> 
     </span>
     <span class='ocr_line' id='line_1_20' title="bbox 482 1911 2615 1979; baseline -0.001 -16"><span class='ocrx_word' id='word_1_205' title='bbox 482 1915 698 1963; x_wconf 87' lang='lat' dir='ltr'><strong>sufficere</strong></span> <span class='ocrx_word' id='word_1_206' title='bbox 735 1914 952 1962; x_wconf 88' lang='lat' dir='ltr'><strong>credidit.</strong></span> <span class='ocrx_word' id='word_1_207' title='bbox 983 1917 1079 1960; x_wconf 91' lang='lat' dir='ltr'><strong>Nos</strong></span> <span class='ocrx_word' id='word_1_208' title='bbox 1112 1929 1224 1960; x_wconf 91' lang='lat' dir='ltr'><strong>vero</strong></span> <span class='ocrx_word' id='word_1_209' title='bbox 1262 1911 1478 1977; x_wconf 89' lang='lat' dir='ltr'><strong>pluribus</strong></span> <span class='ocrx_word' id='word_1_210' title='bbox 1513 1921 1705 1977; x_wconf 88' lang='lat' dir='ltr'><strong>patrum</strong></span> <span class='ocrx_word' id='word_1_211' title='bbox 1732 1912 2033 1959; x_wconf 90' lang='lat' dir='ltr'><strong>documentis</strong></span> <span class='ocrx_word' id='word_1_212' title='bbox 2062 1912 2615 1979; x_wconf 88' lang='lat' dir='ltr'><strong>exuberantem·copiam</strong></span> 
     </span>
     <span class='ocr_line' id='line_1_21' title="bbox 482 1991 2617 2059; baseline -0.001 -16"><span class='ocrx_word' id='word_1_213' title='bbox 482 1996 742 2056; x_wconf 86' lang='lat' dir='ltr'><strong>habentes,</strong></span> <span class='ocrx_word' id='word_1_214' title='bbox 768 1995 942 2042; x_wconf 85' lang='lat' dir='ltr'><strong>auxilio</strong></span> <span class='ocrx_word' id='word_1_215' title='bbox 970 1994 1075 2040; x_wconf 91' lang='lat' dir='ltr'><strong>freti</strong></span> <span class='ocrx_word' id='word_1_216' title='bbox 1103 1993 1268 2040; x_wconf 90' lang='lat' dir='ltr'><strong>divino</strong></span> <span class='ocrx_word' id='word_1_217' title='bbox 1296 1992 1548 2058; x_wconf 87' lang='lat' dir='ltr'><strong>perfectius</strong></span> <span class='ocrx_word' id='word_1_218' title='bbox 1577 1991 1712 2040; x_wconf 93' lang='lat' dir='ltr'><strong>vobis</strong></span> <span class='ocrx_word' id='word_1_219' title='bbox 1736 1992 2021 2058; x_wconf 90' lang='lat' dir='ltr'><strong>opusculum</strong></span> <span class='ocrx_word' id='word_1_220' title='bbox 2047 1992 2314 2058; x_wconf 89' lang='lat' dir='ltr'><strong>relinquere</strong></span> <span class='ocrx_word' id='word_1_221' title='bbox 2332 2009 2431 2040; x_wconf 92' lang='lat' dir='ltr'><strong>non</strong></span> <span class='ocrx_word' id='word_1_222' title='bbox 2449 1993 2617 2059; x_wconf 91' lang='lat' dir='ltr'><strong>despe-</strong></span> 
     </span>
     <span class='ocr_line' id='line_1_22' title="bbox 483 2073 2618 2140; baseline 0 -18"><span class='ocrx_word' id='word_1_223' title='bbox 483 2093 671 2136; x_wconf 86' lang='lat' dir='ltr'><strong>ramus,</strong></span> <span class='ocrx_word' id='word_1_224' title='bbox 695 2092 792 2140; x_wconf 89' lang='lat' dir='ltr'><strong>quo</strong></span> <span class='ocrx_word' id='word_1_225' title='bbox 812 2075 874 2122; x_wconf 86' lang='lat' dir='ltr'><strong>ad</strong></span> <span class='ocrx_word' id='word_1_226' title='bbox 893 2085 1071 2122; x_wconf 89' lang='lat' dir='ltr'><strong>sortem</strong></span> <span class='ocrx_word' id='word_1_227' title='bbox 1089 2073 1164 2121; x_wconf 91' lang='lat' dir='ltr'><strong>vel</strong></span> <span class='ocrx_word' id='word_1_228' title='bbox 1184 2073 1556 2138; x_wconf 89' lang='lat' dir='ltr'><strong>descriptionem</strong></span> <span class='ocrx_word' id='word_1_229' title='bbox 1574 2073 1763 2121; x_wconf 87' lang='lat' dir='ltr'><strong>illarum</strong></span> <span class='ocrx_word' id='word_1_230' title='bbox 1786 2074 2000 2138; x_wconf 91' lang='lat' dir='ltr'><strong>quinque</strong></span> <span class='ocrx_word' id='word_1_231' title='bbox 2017 2074 2331 2139; x_wconf 91' lang='lat' dir='ltr'><strong>prudentium</strong></span> <span class='ocrx_word' id='word_1_232' title='bbox 2351 2075 2618 2139; x_wconf 70' lang='lat' dir='ltr'><strong>virginum*</strong></span> 
     </span>
     <span class='ocr_line' id='line_1_23' title="bbox 484 2153 2612 2222; baseline -0.001 -18"><span class='ocrx_word' id='word_1_233' title='bbox 484 2158 751 2222; x_wconf 90' lang='lat' dir='ltr'><strong>pertingere</strong></span> <span class='ocrx_word' id='word_1_234' title='bbox 775 2155 992 2215; x_wconf 92' lang='lat' dir='ltr'><strong>valeatis,</strong></span> <span class='ocrx_word' id='word_1_235' title='bbox 1024 2171 1142 2219; x_wconf 86' lang='lat' dir='ltr'><strong>quas</strong></span> <span class='ocrx_word' id='word_1_236' title='bbox 1168 2154 1218 2200; x_wconf 88' lang='lat' dir='ltr'><strong>in</strong></span> <span class='ocrx_word' id='word_1_237' title='bbox 1239 2153 1542 2218; x_wconf 86' lang='lat' dir='ltr'><strong>depingenda</strong></span> <span class='ocrx_word' id='word_1_238' title='bbox 1559 2153 1741 2218; x_wconf 90' lang='lat' dir='ltr'><strong>virgine</strong></span> <span class='ocrx_word' id='word_1_239' title='bbox 1765 2153 1938 2201; x_wconf 90' lang='lat' dir='ltr'><strong>Christi</strong></span> <span class='ocrx_word' id='word_1_240' title='bbox 1961 2155 2196 2202; x_wconf 91' lang='lat' dir='ltr'><strong>Dominus</strong></span> <span class='ocrx_word' id='word_1_241' title='bbox 2221 2154 2361 2202; x_wconf 88' lang='lat' dir='ltr'><strong>nobis</strong></span> <span class='ocrx_word' id='word_1_242' title='bbox 2384 2155 2434 2202; x_wconf 86' lang='lat' dir='ltr'><strong>in</strong></span> <span class='ocrx_word' id='word_1_243' title='bbox 2458 2157 2612 2202; x_wconf 87' lang='lat' dir='ltr'><strong>Evan-</strong></span> 
     </span>
     <span class='ocr_line' id='line_1_24' title="bbox 485 2233 2610 2302; baseline -0 -19"><span class='ocrx_word' id='word_1_244' title='bbox 485 2237 607 2301; x_wconf 89' lang='lat' dir='ltr'><strong>gelio</strong></span> <span class='ocrx_word' id='word_1_245' title='bbox 626 2236 871 2302; x_wconf 90' lang='lat' dir='ltr'><strong>proponit.</strong></span> <span class='ocrx_word' id='word_1_246' title='bbox 894 2235 1038 2294; x_wconf 89' lang='lat' dir='ltr'><strong>Quod</strong></span> <span class='ocrx_word' id='word_1_247' title='bbox 1055 2245 1107 2282; x_wconf 93' lang='lat' dir='ltr'><strong>ut</strong></span> <span class='ocrx_word' id='word_1_248' title='bbox 1122 2235 1361 2300; x_wconf 90' lang='lat' dir='ltr'><strong>possimus</strong></span> <span class='ocrx_word' id='word_1_249' title='bbox 1380 2234 1502 2280; x_wconf 89' lang='lat' dir='ltr'><strong>sicut</strong></span> <span class='ocrx_word' id='word_1_250' title='bbox 1517 2233 1738 2281; x_wconf 91' lang='lat' dir='ltr'><strong>volumus</strong></span> <span class='ocrx_word' id='word_1_251' title='bbox 1754 2270 1766 2295; x_wconf 89' lang='lat'>‚</span> <span class='ocrx_word' id='word_1_252' title='bbox 1789 2234 1954 2281; x_wconf 87' lang='lat' dir='ltr'><strong>vestris</strong></span> <span class='ocrx_word' id='word_1_253' title='bbox 1971 2234 2268 2282; x_wconf 90' lang='lat' dir='ltr'><strong>orationibus</strong></span> <span class='ocrx_word' id='word_1_254' title='bbox 2285 2235 2610 2300; x_wconf 82' lang='lat' dir='ltr'><strong>impetremus.</strong></span> 
     </span>
     <span class='ocr_line' id='line_1_25' title="bbox 484 2315 1393 2381; baseline -0.002 -18"><span class='ocrx_word' id='word_1_255' title='bbox 484 2317 647 2365; x_wconf 83' lang='lat' dir='ltr'><strong>Valete</strong></span> <span class='ocrx_word' id='word_1_256' title='bbox 669 2318 718 2363; x_wconf 91' lang='lat' dir='ltr'><strong>in</strong></span> <span class='ocrx_word' id='word_1_257' title='bbox 745 2316 963 2377; x_wconf 90' lang='lat' dir='ltr'><strong>Christo,</strong></span> <span class='ocrx_word' id='word_1_258' title='bbox 993 2332 1178 2381; x_wconf 87' lang='lat' dir='ltr'><strong>sponsae</strong></span> <span class='ocrx_word' id='word_1_259' title='bbox 1202 2315 1393 2362; x_wconf 89' lang='lat' dir='ltr'><strong>Christi.</strong></span> 
     </span>
    </p>

    <p class='ocr_par' dir='ltr' id='par_1_3' title="bbox 484 2386 2622 3269">
     <span class='ocr_line' id='line_1_26' title="bbox 551 2386 2618 2462; baseline 0 -20"><span class='ocrx_word' id='word_1_260' title='bbox 551 2397 854 2462; x_wconf 88' lang='lat' dir='ltr'><strong>Tripertitum</strong></span> <span class='ocrx_word' id='word_1_261' title='bbox 892 2395 1217 2442; x_wconf 89' lang='lat' dir='ltr'><strong>instructionis</strong></span> <span class='ocrx_word' id='word_1_262' title='bbox 1253 2405 1417 2441; x_wconf 82' lang='lat' dir='ltr'><strong>vestrae</strong></span> <span class='ocrx_word' id='word_1_263' title='bbox 1441 2403 1695 2441; x_wconf 85' lang='lat' dir='ltr'><strong>tractatum</strong></span> <span class='ocrx_word' id='word_1_264' title='bbox 1720 2393 1822 2441; x_wconf 83' lang='lat' dir='ltr'><strong>lieri</strong></span> <span class='ocrx_word' id='word_1_265' title='bbox 1859 2386 2187 2456; x_wconf 76' lang='lat' dir='ltr'><strong>decrevimus,</strong></span> <span class='ocrx_word' id='word_1_266' title='bbox 2223 2396 2273 2442; x_wconf 92' lang='lat' dir='ltr'><strong>in</strong></span> <span class='ocrx_word' id='word_1_267' title='bbox 2305 2394 2618 2442; x_wconf 89' lang='lat' dir='ltr'><strong>describenda</strong></span> 
     </span>
     <span class='ocr_line' id='line_1_27' title="bbox 485 2474 2613 2542; baseline -0 -18"><span class='ocrx_word' id='word_1_268' title='bbox 485 2488 627 2542; x_wconf 89' lang='lat' dir='ltr'><strong>atque</strong></span> <span class='ocrx_word' id='word_1_269' title='bbox 655 2476 916 2524; x_wconf 90' lang='lat' dir='ltr'><strong>munienda</strong></span> <span class='ocrx_word' id='word_1_270' title='bbox 931 2478 945 2501; x_wconf 75' lang='lat'>³</span> <span class='ocrx_word' id='word_1_271' title='bbox 972 2475 1199 2540; x_wconf 88' lang='lat' dir='ltr'><strong>religione</strong></span> <span class='ocrx_word' id='word_1_272' title='bbox 1223 2484 1407 2535; x_wconf 89' lang='lat' dir='ltr'><strong>vestra,</strong></span> <span class='ocrx_word' id='word_1_273' title='bbox 1439 2485 1486 2522; x_wconf 91' lang='lat' dir='ltr'><strong>et</strong></span> <span class='ocrx_word' id='word_1_274' title='bbox 1510 2474 1658 2522; x_wconf 88' lang='lat' dir='ltr'><strong>divini</strong></span> <span class='ocrx_word' id='word_1_275' title='bbox 1683 2474 1901 2540; x_wconf 91' lang='lat' dir='ltr'><strong>obsequii</strong></span> <span class='ocrx_word' id='word_1_276' title='bbox 1918 2477 1932 2501; x_wconf 76' lang='lat'><strong>&#39;⁶</strong></span> <span class='ocrx_word' id='word_1_277' title='bbox 1956 2475 2275 2524; x_wconf 88' lang='lat' dir='ltr'><strong>celebratione</strong></span> <span class='ocrx_word' id='word_1_278' title='bbox 2296 2475 2613 2541; x_wconf 84' lang='lat' dir='ltr'><strong>disponenda,</strong></span> 
     </span>
     <span class='ocr_line' id='line_1_28' title="bbox 486 2555 2620 2623; baseline 0 -18"><span class='ocrx_word' id='word_1_279' title='bbox 486 2560 534 2605; x_wconf 91' lang='lat' dir='ltr'><strong>in</strong></span> <span class='ocrx_word' id='word_1_280' title='bbox 559 2559 732 2623; x_wconf 87' lang='lat' dir='ltr'><strong>quibus</strong></span> <span class='ocrx_word' id='word_1_281' title='bbox 755 2555 996 2622; x_wconf 86' lang='lat' dir='ltr'><strong>religionis</strong></span> <span class='ocrx_word' id='word_1_282' title='bbox 1022 2557 1295 2604; x_wconf 69' lang='lat' dir='ltr'><strong>monasticae</strong></span> <span class='ocrx_word' id='word_1_283' title='bbox 1322 2572 1560 2603; x_wconf 88' lang='lat' dir='ltr'><strong>summam</strong></span> <span class='ocrx_word' id='word_1_284' title='bbox 1586 2556 1791 2604; x_wconf 88' lang='lat' dir='ltr'><strong>arbitror</strong></span> <span class='ocrx_word' id='word_1_285' title='bbox 1816 2557 2074 2606; x_wconf 89' lang='lat' dir='ltr'><strong>consistere</strong></span> <span class='ocrx_word' id='word_1_286' title='bbox 2098 2576 2108 2605; x_wconf 79' lang='lat' dir='ltr'><strong><em>z</em></strong></span> <span class='ocrx_word' id='word_1_287' title='bbox 2142 2569 2196 2606; x_wconf 93' lang='lat' dir='ltr'><strong>ut</strong></span> <span class='ocrx_word' id='word_1_288' title='bbox 2218 2557 2440 2605; x_wconf 92' lang='lat' dir='ltr'><strong>videlicet</strong></span> <span class='ocrx_word' id='word_1_289' title='bbox 2469 2559 2620 2606; x_wconf 90' lang='lat' dir='ltr'><strong>conti-</strong></span> 
     </span>
     <span class='ocr_line' id='line_1_29' title="bbox 487 2636 2615 2703; baseline -0.001 -17"><span class='ocrx_word' id='word_1_290' title='bbox 487 2650 656 2688; x_wconf 89' lang='lat' dir='ltr'><strong>nenter</strong></span> <span class='ocrx_word' id='word_1_291' title='bbox 677 2649 724 2687; x_wconf 91' lang='lat' dir='ltr'><strong>et</strong></span> <span class='ocrx_word' id='word_1_292' title='bbox 741 2640 846 2686; x_wconf 46' lang='lat' dir='ltr'><strong>sine*</strong></span> <span class='ocrx_word' id='word_1_293' title='bbox 868 2637 1158 2703; x_wconf 87' lang='lat' dir='ltr'><strong>proprietate</strong></span> <span class='ocrx_word' id='word_1_294' title='bbox 1185 2638 1391 2698; x_wconf 88' lang='lat' dir='ltr'><strong>vivatur,</strong></span> <span class='ocrx_word' id='word_1_295' title='bbox 1415 2653 1471 2684; x_wconf 91' lang='lat' dir='ltr'><strong>ac</strong></span> <span class='ocrx_word' id='word_1_296' title='bbox 1492 2636 1679 2684; x_wconf 91' lang='lat' dir='ltr'><strong>silentio</strong></span> <span class='ocrx_word' id='word_1_297' title='bbox 1709 2638 1914 2685; x_wconf 81' lang='lat' dir='ltr'><strong>maxime</strong></span> <span class='ocrx_word' id='word_1_298' title='bbox 1938 2637 2200 2686; x_wconf 90' lang='lat' dir='ltr'><strong>studeatur.</strong></span> <span class='ocrx_word' id='word_1_299' title='bbox 2231 2637 2376 2696; x_wconf 88' lang='lat' dir='ltr'><strong>Quod</strong></span> <span class='ocrx_word' id='word_1_300' title='bbox 2394 2637 2589 2702; x_wconf 90' lang='lat' dir='ltr'><strong>quidem</strong></span> <span class='ocrx_word' id='word_1_301' title='bbox 2603 2675 2615 2698; x_wconf 98' lang='lat'><strong>,</strong></span> 
     </span>
     <span class='ocr_line' id='line_1_30' title="bbox 484 2717 2620 2783; baseline -0.001 -16"><span class='ocrx_word' id='word_1_302' title='bbox 484 2721 617 2783; x_wconf 87' lang='lat' dir='ltr'><strong>juxta</strong></span> <span class='ocrx_word' id='word_1_303' title='bbox 642 2719 936 2766; x_wconf 90' lang='lat' dir='ltr'><strong>dominicam</strong></span> <span class='ocrx_word' id='word_1_304' title='bbox 963 2717 1243 2782; x_wconf 81' lang='lat' dir='ltr'><strong>evangelicae</strong></span> <span class='ocrx_word' id='word_1_305' title='bbox 1266 2717 1439 2782; x_wconf 83' lang='lat' dir='ltr'><strong>regulae</strong></span> <span class='ocrx_word' id='word_1_306' title='bbox 1463 2717 1790 2783; x_wconf 88' lang='lat' dir='ltr'><strong>disciplinam,</strong></span> <span class='ocrx_word' id='word_1_307' title='bbox 1818 2717 2010 2765; x_wconf 92' lang='lat' dir='ltr'><strong>lumbos</strong></span> <span class='ocrx_word' id='word_1_308' title='bbox 2032 2719 2318 2783; x_wconf 70' lang='lat' dir='ltr'><strong>praecingere</strong></span> <span class='ocrx_word' id='word_1_309' title='bbox 2332 2720 2362 2778; x_wconf 74' lang='lat'><strong>⁵,</strong></span> <span class='ocrx_word' id='word_1_310' title='bbox 2395 2717 2620 2764; x_wconf 89' lang='lat' dir='ltr'><strong>omnibus</strong></span> 
     </span>
     <span class='ocr_line' id='line_1_31' title="bbox 490 2797 2620 2863; baseline 0 -17"><span class='ocrx_word' id='word_1_311' title='bbox 490 2801 762 2848; x_wconf 88' lang='lat' dir='ltr'><strong>renuntiare</strong></span> <span class='ocrx_word' id='word_1_312' title='bbox 778 2802 820 2859; x_wconf 80' lang='lat'><strong>⁶,</strong></span> <span class='ocrx_word' id='word_1_313' title='bbox 861 2800 1069 2846; x_wconf 92' lang='lat' dir='ltr'><strong>otiosum</strong></span> <span class='ocrx_word' id='word_1_314' title='bbox 1089 2797 1290 2845; x_wconf 89' lang='lat' dir='ltr'><strong>verbum</strong></span> <span class='ocrx_word' id='word_1_315' title='bbox 1311 2814 1478 2845; x_wconf 85' lang='lat' dir='ltr'><strong>cavere</strong></span> <span class='ocrx_word' id='word_1_316' title='bbox 1496 2800 1524 2844; x_wconf 88' lang='lat'><strong>⁷.</strong></span> <span class='ocrx_word' id='word_1_317' title='bbox 1555 2799 1859 2845; x_wconf 90' lang='lat' dir='ltr'><strong>Continentia</strong></span> <span class='ocrx_word' id='word_1_318' title='bbox 1883 2815 1997 2846; x_wconf 89' lang='lat' dir='ltr'><strong>vero</strong></span> <span class='ocrx_word' id='word_1_319' title='bbox 2019 2799 2243 2846; x_wconf 87' lang='lat' dir='ltr'><strong>castitatis</strong></span> <span class='ocrx_word' id='word_1_320' title='bbox 2263 2798 2342 2845; x_wconf 91' lang='lat' dir='ltr'><strong>illa</strong></span> <span class='ocrx_word' id='word_1_321' title='bbox 2360 2808 2454 2860; x_wconf 87' lang='lat' dir='ltr'><strong>est,</strong></span> <span class='ocrx_word' id='word_1_322' title='bbox 2475 2815 2620 2863; x_wconf 90' lang='lat' dir='ltr'><strong>quam</strong></span> 
     </span>
     <span class='ocr_line' id='line_1_32' title="bbox 491 2879 2616 2946; baseline -0 -18"><span class='ocrx_word' id='word_1_323' title='bbox 491 2881 696 2929; x_wconf 91' lang='lat' dir='ltr'><strong>suadens</strong></span> <span class='ocrx_word' id='word_1_324' title='bbox 712 2880 967 2946; x_wconf 88' lang='lat' dir='ltr'><strong>Apostolus</strong></span> <span class='ocrx_word' id='word_1_325' title='bbox 991 2880 1056 2928; x_wconf 91' lang='lat' dir='ltr'><strong>ait</strong></span> <span class='ocrx_word' id='word_1_326' title='bbox 1071 2882 1084 2904; x_wconf 78' lang='lat'>⁸</span> <span class='ocrx_word' id='word_1_327' title='bbox 1107 2898 1118 2925; x_wconf 78' lang='grc' dir='ltr'><strong><em>ε</em></strong></span> <span class='ocrx_word' id='word_1_328' title='bbox 1151 2897 1174 2925; x_wconf 89' lang='lat'><strong><em>«</em></strong></span> <span class='ocrx_word' id='word_1_329' title='bbox 1198 2881 1315 2936; x_wconf 87' lang='lat' dir='ltr'><strong>Quae</strong></span> <span class='ocrx_word' id='word_1_330' title='bbox 1340 2879 1542 2944; x_wconf 87' lang='lat' dir='ltr'><strong>innupta</strong></span> <span class='ocrx_word' id='word_1_331' title='bbox 1566 2889 1635 2926; x_wconf 88' lang='lat' dir='ltr'><strong>est</strong></span> <span class='ocrx_word' id='word_1_332' title='bbox 1663 2889 1709 2926; x_wconf 90' lang='lat' dir='ltr'><strong>et</strong></span> <span class='ocrx_word' id='word_1_333' title='bbox 1733 2880 1897 2944; x_wconf 90' lang='lat' dir='ltr'><strong>virgo,</strong></span> <span class='ocrx_word' id='word_1_334' title='bbox 1926 2879 2101 2944; x_wconf 82' lang='lat' dir='ltr'><strong>cogitat</strong></span> <span class='ocrx_word' id='word_1_335' title='bbox 2123 2897 2229 2945; x_wconf 88' lang='lat' dir='ltr'><strong>quae</strong></span> <span class='ocrx_word' id='word_1_336' title='bbox 2252 2880 2449 2927; x_wconf 87' lang='lat' dir='ltr'><strong>Domini</strong></span> <span class='ocrx_word' id='word_1_337' title='bbox 2475 2890 2584 2927; x_wconf 87' lang='lat' dir='ltr'><strong>sunt</strong></span> <span class='ocrx_word' id='word_1_338' title='bbox 2604 2916 2616 2940; x_wconf 94' lang='lat'><strong>,</strong></span> 
     </span>
     <span class='ocr_line' id='line_1_33' title="bbox 495 2959 2622 3026; baseline 0 -19"><span class='ocrx_word' id='word_1_339' title='bbox 495 2972 546 3008; x_wconf 91' lang='lat' dir='ltr'><strong>ut</strong></span> <span class='ocrx_word' id='word_1_340' title='bbox 573 2962 631 3009; x_wconf 90' lang='lat' dir='ltr'><strong>sit</strong></span> <span class='ocrx_word' id='word_1_341' title='bbox 661 2972 824 3009; x_wconf 89' lang='lat' dir='ltr'><strong>sancta</strong></span> <span class='ocrx_word' id='word_1_342' title='bbox 853 2977 1057 3026; x_wconf 90' lang='lat' dir='ltr'><strong>corpore</strong></span> <span class='ocrx_word' id='word_1_343' title='bbox 1088 2970 1136 3007; x_wconf 88' lang='lat' dir='ltr'><strong>et</strong></span> <span class='ocrx_word' id='word_1_344' title='bbox 1161 2959 1345 3025; x_wconf 88' lang='lat' dir='ltr'><strong>spiritu.</strong></span> <span class='ocrx_word' id='word_1_345' title='bbox 1373 2978 1396 3004; x_wconf 90' lang='lat'>»</span> <span class='ocrx_word' id='word_1_346' title='bbox 1425 2962 1664 3025; x_wconf 88' lang='lat' dir='ltr'><strong>Corpore,</strong></span> <span class='ocrx_word' id='word_1_347' title='bbox 1698 2960 1874 3024; x_wconf 89' lang='lat' dir='ltr'><strong>inquit,</strong></span> <span class='ocrx_word' id='word_1_348' title='bbox 1905 2970 2037 3021; x_wconf 91' lang='lat' dir='ltr'><strong>toto,</strong></span> <span class='ocrx_word' id='word_1_349' title='bbox 2066 2978 2166 3009; x_wconf 93' lang='lat' dir='ltr'><strong>non</strong></span> <span class='ocrx_word' id='word_1_350' title='bbox 2183 2977 2282 3008; x_wconf 92' lang='lat' dir='ltr'><strong>uno</strong></span> <span class='ocrx_word' id='word_1_351' title='bbox 2303 2959 2548 3019; x_wconf 88' lang='lat' dir='ltr'><strong>membro,</strong></span> <span class='ocrx_word' id='word_1_352' title='bbox 2568 2970 2622 3007; x_wconf 91' lang='lat' dir='ltr'><strong>ut</strong></span> 
     </span>
     <span class='ocr_line' id='line_1_34' title="bbox 495 3038 2620 3106; baseline -0 -18"><span class='ocrx_word' id='word_1_353' title='bbox 495 3041 554 3088; x_wconf 85' lang='lat' dir='ltr'><strong>ad</strong></span> <span class='ocrx_word' id='word_1_354' title='bbox 580 3041 760 3089; x_wconf 89' lang='lat' dir='ltr'><strong>nullam</strong></span> <span class='ocrx_word' id='word_1_355' title='bbox 785 3042 962 3089; x_wconf 89' lang='lat' dir='ltr'><strong>scilicet</strong></span> <span class='ocrx_word' id='word_1_356' title='bbox 985 3040 1226 3087; x_wconf 90' lang='lat' dir='ltr'><strong>lasciviam</strong></span> <span class='ocrx_word' id='word_1_357' title='bbox 1251 3039 1299 3088; x_wconf 90' lang='lat' dir='ltr'><strong>in</strong></span> <span class='ocrx_word' id='word_1_358' title='bbox 1331 3039 1463 3086; x_wconf 89' lang='lat' dir='ltr'><strong>factis</strong></span> <span class='ocrx_word' id='word_1_359' title='bbox 1491 3039 1566 3087; x_wconf 89' lang='lat' dir='ltr'><strong>vel</strong></span> <span class='ocrx_word' id='word_1_360' title='bbox 1596 3040 1645 3086; x_wconf 92' lang='lat' dir='ltr'><strong>in</strong></span> <span class='ocrx_word' id='word_1_361' title='bbox 1671 3039 1808 3087; x_wconf 88' lang='lat' dir='ltr'><strong>dictis</strong></span> <span class='ocrx_word' id='word_1_362' title='bbox 1834 3040 1936 3104; x_wconf 91' lang='lat' dir='ltr'><strong>ejus</strong></span> <span class='ocrx_word' id='word_1_363' title='bbox 1957 3040 2151 3106; x_wconf 91' lang='lat' dir='ltr'><strong>aliquod</strong></span> <span class='ocrx_word' id='word_1_364' title='bbox 2177 3040 2449 3089; x_wconf 89' lang='lat' dir='ltr'><strong>membrum</strong></span> <span class='ocrx_word' id='word_1_365' title='bbox 2475 3038 2620 3087; x_wconf 89' lang='lat' dir='ltr'><strong>decli-</strong></span> 
     </span>
     <span class='ocr_line' id='line_1_35' title="bbox 494 3119 2621 3187; baseline 0 -20"><span class='ocrx_word' id='word_1_366' title='bbox 494 3132 593 3169; x_wconf 90' lang='lat' dir='ltr'><strong>net.</strong></span> <span class='ocrx_word' id='word_1_367' title='bbox 613 3123 785 3187; x_wconf 88' lang='lat' dir='ltr'><strong>Spiritu</strong></span> <span class='ocrx_word' id='word_1_368' title='bbox 803 3139 918 3170; x_wconf 90' lang='lat' dir='ltr'><strong>vero</strong></span> <span class='ocrx_word' id='word_1_369' title='bbox 931 3132 1045 3169; x_wconf 92' lang='lat' dir='ltr'><strong>tunc</strong></span> <span class='ocrx_word' id='word_1_370' title='bbox 1058 3130 1217 3168; x_wconf 91' lang='lat' dir='ltr'><strong>sancta</strong></span> <span class='ocrx_word' id='word_1_371' title='bbox 1232 3129 1316 3181; x_wconf 90' lang='lat' dir='ltr'><strong>est,</strong></span> <span class='ocrx_word' id='word_1_372' title='bbox 1337 3119 1533 3184; x_wconf 90' lang='lat' dir='ltr'><strong>quando</strong></span> <span class='ocrx_word' id='word_1_373' title='bbox 1552 3120 1651 3184; x_wconf 89' lang='lat' dir='ltr'><strong>ejus</strong></span> <span class='ocrx_word' id='word_1_374' title='bbox 1667 3130 1878 3168; x_wconf 90' lang='lat' dir='ltr'><strong>mentem</strong></span> <span class='ocrx_word' id='word_1_375' title='bbox 1895 3138 1984 3169; x_wconf 90' lang='lat' dir='ltr'><strong>nec</strong></span> <span class='ocrx_word' id='word_1_376' title='bbox 1997 3138 2256 3169; x_wconf 90' lang='lat' dir='ltr'><strong>consensus</strong></span> <span class='ocrx_word' id='word_1_377' title='bbox 2276 3121 2509 3185; x_wconf 85' lang='lat' dir='ltr'><strong>inquinat,</strong></span> <span class='ocrx_word' id='word_1_378' title='bbox 2531 3137 2621 3168; x_wconf 90' lang='lat' dir='ltr'><strong>nec</strong></span> 
     </span>
     <span class='ocr_line' id='line_1_36' title="bbox 496 3202 2622 3269; baseline 0 -19"><span class='ocrx_word' id='word_1_379' title='bbox 496 3203 716 3269; x_wconf 88' lang='lat' dir='ltr'><strong>superbia</strong></span> <span class='ocrx_word' id='word_1_380' title='bbox 743 3205 909 3252; x_wconf 87' lang='lat' dir='ltr'><strong>inflat:</strong></span> <span class='ocrx_word' id='word_1_381' title='bbox 949 3205 1071 3252; x_wconf 91' lang='lat' dir='ltr'><strong>sicut</strong></span> <span class='ocrx_word' id='word_1_382' title='bbox 1098 3202 1286 3250; x_wconf 88' lang='lat' dir='ltr'><strong>illarum</strong></span> <span class='ocrx_word' id='word_1_383' title='bbox 1323 3202 1537 3267; x_wconf 89' lang='lat' dir='ltr'><strong>quinque</strong></span> <span class='ocrx_word' id='word_1_384' title='bbox 1574 3202 1810 3250; x_wconf 89' lang='lat' dir='ltr'><strong>fatuarum</strong></span> <span class='ocrx_word' id='word_1_385' title='bbox 1835 3203 2105 3269; x_wconf 86' lang='lat' dir='ltr'><strong>virginum,</strong></span> <span class='ocrx_word' id='word_1_386' title='bbox 2136 3206 2242 3268; x_wconf 76' lang='lat' dir='ltr'><strong>quae</strong></span> <span class='ocrx_word' id='word_1_387' title='bbox 2271 3202 2389 3251; x_wconf 93' lang='lat' dir='ltr'><strong>dum</strong></span> <span class='ocrx_word' id='word_1_388' title='bbox 2424 3202 2485 3250; x_wconf 89' lang='lat' dir='ltr'><strong>ad</strong></span> <span class='ocrx_word' id='word_1_389' title='bbox 2505 3219 2622 3250; x_wconf 88' lang='lat' dir='ltr'><strong>ven-</strong></span> 
     </span>
    </p>
   </div>
   <div class='ocr_carea' id='block_1_3' title="bbox 500 3328 2622 3516">
    <p class='ocr_par' dir='ltr' id='par_1_4' title="bbox 500 3328 2622 3516">
     <span class='ocr_line' id='line_1_37' title="bbox 544 3328 2622 3403; baseline -0 -12"><span class='ocrx_word' id='word_1_390' title='bbox 544 3359 552 3375; x_wconf 90' lang='lat'>¹</span> <span class='ocrx_word' id='word_1_391' title='bbox 576 3358 630 3391; x_wconf 86' lang='lat' dir='ltr'><strong>Sic</strong></span> <span class='ocrx_word' id='word_1_392' title='bbox 645 3328 814 3392; x_wconf 47' lang='grc' dir='ltr'><strong>(Ξῖ-81011</strong></span> <span class='ocrx_word' id='word_1_393' title='bbox 845 3358 938 3392; x_wconf 85' lang='lat' dir='ltr'><strong>deest</strong></span> <span class='ocrx_word' id='word_1_394' title='bbox 966 3359 1052 3392; x_wconf 88' lang='lat' dir='ltr'><strong>Edd.</strong></span> <span class='ocrx_word' id='word_1_395' title='bbox 1066 3375 1110 3384; x_wconf 96' lang='lat'>—</span> <span class='ocrx_word' id='word_1_396' title='bbox 1125 3357 1137 3375; x_wconf 80' lang='lat'><strong>¹</strong></span> <span class='ocrx_word' id='word_1_397' title='bbox 1154 3357 1282 3399; x_wconf 71' lang='lat' dir='ltr'><strong>Matth„</strong></span> <span class='ocrx_word' id='word_1_398' title='bbox 1302 3368 1377 3402; x_wconf 86' lang='lat' dir='ltr'><strong>cap.</strong></span> <span class='ocrx_word' id='word_1_399' title='bbox 1407 3368 1483 3391; x_wconf 76' lang='lat' dir='ltr'><strong>xxV.</strong></span> <span class='ocrx_word' id='word_1_400' title='bbox 1498 3375 1540 3381; x_wconf 97' lang='lat'><strong>—</strong></span> <span class='ocrx_word' id='word_1_401' title='bbox 1583 3369 1658 3402; x_wconf 86' lang='lat' dir='ltr'><strong>cap.</strong></span> <span class='ocrx_word' id='word_1_402' title='bbox 1673 3370 1741 3400; x_wconf 81' lang='lat' dir='ltr'><strong>xiv,</strong></span> <span class='ocrx_word' id='word_1_403' title='bbox 1759 3370 1791 3392; x_wconf 88' lang='lat' dir='ltr'><strong>v.</strong></span> <span class='ocrx_word' id='word_1_404' title='bbox 1807 3361 1906 3392; x_wconf 84' lang='lat'><strong>33.—</strong></span> <span class='ocrx_word' id='word_1_405' title='bbox 1918 3359 1929 3377; x_wconf 91' lang='lat'><strong>&#39;¹</strong></span> <span class='ocrx_word' id='word_1_406' title='bbox 1941 3359 2071 3402; x_wconf 59' lang='lat' dir='ltr'><strong>Matth„</strong></span> <span class='ocrx_word' id='word_1_407' title='bbox 2084 3370 2158 3403; x_wconf 88' lang='lat' dir='ltr'><strong>cap.</strong></span> <span class='ocrx_word' id='word_1_408' title='bbox 2172 3370 2235 3402; x_wconf 72' lang='grc' dir='ltr'><strong>ιιι,</strong></span> <span class='ocrx_word' id='word_1_409' title='bbox 2248 3369 2279 3392; x_wconf 86' lang='lat' dir='ltr'><strong>v.</strong></span> <span class='ocrx_word' id='word_1_410' title='bbox 2295 3357 2569 3392; x_wconf 76' lang='lat' dir='ltr'><strong>36.—⁶Gorimh.</strong></span> <span class='ocrx_word' id='word_1_411' title='bbox 2585 3358 2622 3397; x_wconf 83' lang='grc' dir='ltr'><strong>Ι,</strong></span> 
     </span>
     <span class='ocr_line' id='line_1_38' title="bbox 501 3415 1860 3459; baseline -0.001 -10"><span class='ocrx_word' id='word_1_412' title='bbox 501 3416 513 3433; x_wconf 80' lang='lat'><strong>³</strong></span> <span class='ocrx_word' id='word_1_413' title='bbox 535 3416 750 3449; x_wconf 73' lang='lat' dir='ltr'><strong>Describenda</strong></span> <span class='ocrx_word' id='word_1_414' title='bbox 781 3423 876 3457; x_wconf 83' lang='lat' dir='ltr'><strong>atque</strong></span> <span class='ocrx_word' id='word_1_415' title='bbox 901 3417 1154 3450; x_wconf 80' lang='lat' dir='ltr'><strong>commendanda</strong></span> <span class='ocrx_word' id='word_1_416' title='bbox 1180 3417 1229 3450; x_wconf 85' lang='lat' dir='ltr'><strong>vel</strong></span> <span class='ocrx_word' id='word_1_417' title='bbox 1251 3417 1414 3449; x_wconf 79' lang='lat' dir='ltr'><strong>innuenda</strong></span> <span class='ocrx_word' id='word_1_418' title='bbox 1439 3415 1476 3448; x_wconf 89' lang='lat' dir='ltr'><strong>B.</strong></span> <span class='ocrx_word' id='word_1_419' title='bbox 1497 3432 1541 3440; x_wconf 92' lang='lat'>—</span> <span class='ocrx_word' id='word_1_420' title='bbox 1584 3426 1656 3459; x_wconf 82' lang='lat' dir='ltr'><strong>cap.</strong></span> <span class='ocrx_word' id='word_1_421' title='bbox 1675 3426 1738 3456; x_wconf 80' lang='lat' dir='ltr'><strong>vu,</strong></span> <span class='ocrx_word' id='word_1_422' title='bbox 1757 3426 1788 3449; x_wconf 86' lang='lat' dir='ltr'><strong>v.</strong></span> <span class='ocrx_word' id='word_1_423' title='bbox 1807 3417 1860 3449; x_wconf 76' lang='lat'><strong>34.</strong></span> 
     </span>
     <span class='ocr_line' id='line_1_39' title="bbox 500 3472 1539 3516; baseline 0.001 -11"><span class='ocrx_word' id='word_1_424' title='bbox 500 3472 513 3487; x_wconf 79' lang='lat'><strong>⁴</strong></span> <span class='ocrx_word' id='word_1_425' title='bbox 533 3474 567 3505; x_wconf 83' lang='lat' dir='ltr'><strong>In</strong></span> <span class='ocrx_word' id='word_1_426' title='bbox 590 3474 804 3507; x_wconf 82' lang='lat' dir='ltr'><strong>celebratione</strong></span> <span class='ocrx_word' id='word_1_427' title='bbox 816 3472 855 3505; x_wconf 89' lang='grc' dir='ltr'><strong>Β.</strong></span> <span class='ocrx_word' id='word_1_428' title='bbox 872 3489 913 3497; x_wconf 89' lang='lat'><strong>-—</strong></span> <span class='ocrx_word' id='word_1_429' title='bbox 931 3472 943 3489; x_wconf 80' lang='lat'><strong>⁵</strong></span> <span class='ocrx_word' id='word_1_430' title='bbox 965 3473 1057 3515; x_wconf 53' lang='lat' dir='ltr'><strong>huc„</strong></span> <span class='ocrx_word' id='word_1_431' title='bbox 1074 3482 1147 3516; x_wconf 89' lang='lat' dir='ltr'><strong>cap.</strong></span> <span class='ocrx_word' id='word_1_432' title='bbox 1162 3483 1224 3513; x_wconf 84' lang='lat' dir='ltr'><strong>xn,</strong></span> <span class='ocrx_word' id='word_1_433' title='bbox 1244 3483 1275 3506; x_wconf 86' lang='lat' dir='ltr'><strong>v.</strong></span> <span class='ocrx_word' id='word_1_434' title='bbox 1291 3473 1346 3506; x_wconf 83' lang='lat'><strong>35.</strong></span> <span class='ocrx_word' id='word_1_435' title='bbox 1362 3491 1403 3497; x_wconf 90' lang='lat'><em>—</em></span> <span class='ocrx_word' id='word_1_436' title='bbox 1420 3472 1432 3489; x_wconf 82' lang='lat'>⁰</span> <span class='ocrx_word' id='word_1_437' title='bbox 1444 3472 1539 3513; x_wconf 77' lang='lat' dir='ltr'><strong>Luc.,</strong></span> 
     </span>
    </p>
   </div>
   <div class='ocr_carea' id='block_1_4' title="bbox 2900 808 2970 4152">
    <p class='ocr_par' dir='ltr' id='par_1_5' title="bbox 2900 808 2970 4152">
     <span class='ocr_line' id='line_1_40' title="bbox 2900 808 2970 4152; baseline 0 0"><span class='ocrx_word' id='word_1_438' title='bbox 2900 808 2970 4152; x_wconf 95' lang='lat' dir='ltr'><strong> </strong></span> 
     </span>
    </p>
   </div>
  </div>
 </body>
</html>
