2970 4152
475 447 570 494 346

571 540 731 587 Linguas
750 539 905 588 loquelis
923 537 1110 574 omnibus.

477 600 646 644 Summa,
668 607 738 636 etc.

573 699 625 734 Ut
646 698 823 746 superbos
842 697 1064 745 disperserat

572 759 720 807 Linguae
736 757 924 806 quondam
944 756 1094 799 divisio,

572 819 632 854 Sic
655 818 815 853 humiles
832 829 932 853 nunc
952 823 1131 865 aggregat

571 879 807 914 Diversarum
826 877 1005 914 collectio.

479 941 647 983 Summa,
668 946 739 974 etc.

572 1037 730 1073 Laudari
746 1037 884 1086 linguis
906 1037 1081 1073 omnibus

572 1098 619 1134 Et
641 1097 832 1146 praedicari
850 1097 980 1133 debuit

572 1160 617 1194 In
640 1158 783 1194 cunctis
800 1157 932 1193 mundi
962 1157 1149 1205 partibus,

574 1219 649 1265 Qui
667 1218 751 1263 has,
771 1219 836 1267 qui
854 1224 985 1253 cuncta
1007 1216 1189 1253 condidit.

480 1282 629 1315 Summa
642 1307 650 1324 ‚
670 1287 740 1315 etc.

573 1378 713 1415 Joh-elis
734 1378 990 1414 testimonium

573 1439 810 1487 Completum
827 1450 904 1474 esse
926 1438 1094 1473 novimus
1108 1465 1117 1480 ,

573 1500 707 1536 Petrus
727 1497 1038 1534 calumniantibus

574 1558 687 1605 Quod
709 1557 864 1606 opponit
883 1556 1117 1593 latrantibus.

479 1620 650 1664 Summa,
676 1625 747 1655 etc.

573 1718 794 1754 Divinorum
815 1717 1016 1765 completio

573 1780 768 1815 Festorum
784 1778 862 1813 haec
882 1777 1058 1813 festivitas
1073 1792 1081 1818 ς

572 1839 698 1875 Divini
723 1838 996 1874 consummatio

572 1898 750 1934 Promissi
770 1898 817 1933 sit
833 1897 911 1932 haec
937 1896 1112 1945 largitas3

574 1958 650 2004 Qui
672 1970 801 1994 verum
821 1969 931 1993 omne
955 1956 1085 1993 doceat

477 2020 684 2056 Promissus
701 2019 764 2055 hic
781 2025 837 2054 est
858 2018 923 2067 qui
944 2024 1078 2053 cuncta
1098 2022 1275 2064 suggerat
1292 2016 1301 2034 ¹

574 2080 665 2126 Quae
685 2079 760 2115 suis
777 2077 872 2114 dixit
894 2077 1007 2114 filius.

479 2141 629 2178 Summa
641 2168 650 2185 ‚
672 2146 742 2175 etc.

949 2263 1049 2301 LVI.

600 2361 709 2397 Sacra
726 2357 993 2406 Hierosolymis

600 2421 709 2457 Facta
725 2426 812 2455 sunt
830 2417 987 2454 encaenia
1000 2445 1010 2462 ,

600 2482 728 2527 Quum
745 2479 810 2514 lux
828 2485 922 2515 esset
940 2477 1094 2514 celebris

598 2541 750 2577 Domini
767 2538 972 2588 praesentia.

598 2635 683 2683 Ipse
700 2634 836 2669 nostris
855 2632 970 2668 hodie

598 2694 717 2731 Festis
736 2693 833 2730 adsit
850 2703 1058 2741 quaesumus
1071 2719 1081 2736 ‚

600 2754 793 2791 Praesentis
809 2752 966 2789 basilicae

600 2814 770 2852 Basileon
788 2812 976 2861 proprius.

603 2912 729 2948 Nostri
748 2910 927 2959 templum
946 2910 1106 2958 pectoris

603 2975 686 3021 Ipse
704 2972 775 3008 sibi
793 2977 982 3008 consecret
994 2968 1020 3014 ²,

604 3034 651 3069 Et
668 3033 783 3081 signis
803 3030 1018 3069 extrinsecis

606 3092 679 3128 Res
696 3093 859 3128 internas
873 3096 1064 3139 aggreget.

608 3192 698 3237 Quae
718 3191 812 3225 fiunt
829 3189 990 3225 exterius

609 3252 714 3286 Intus
732 3250 810 3297 ipse
827 3248 1012 3296 compleat

612 3308 743 3345 Mundi
763 3307 1014 3355 penetralibus

611 3369 685 3415 Qui
705 3367 827 3403 cordis
846 3367 1043 3403 inhabitat.

538 3523 546 3539 ⁴
576 3522 679 3553 Locus
693 3523 883 3560 corruptus,
899 3523 932 3548 ut
950 3516 1087 3549 videtur.
1103 3534 1145 3542 -—
1160 3516 1172 3532 ²
1188 3517 1270 3550 cod.
1289 3525 1458 3551 consecrat

1273 442 1442 488 PETRI
1479 440 1792 489 ABAELARDI

1678 547 1757 582 Deo
1775 547 1871 594 patri
1887 545 2004 593 gloria
2016 573 2026 589 ‚

1679 607 1750 642 Par
1768 606 1814 642 sit
1831 606 1954 642 honor
1971 604 2086 649 Filio,

1650 684 1654 688 ·
1680 668 1842 714 Compar
1861 667 1907 702 sit
1928 666 2084 714 Spiritui

1684 728 1899 763 Gratiarum
1918 726 2028 762 actio.

2017 912 2136 950 LVII.

1686 1012 1858 1061 Spiritale
1876 1013 2027 1061 signum
2045 1019 2101 1048 est

1685 1076 1886 1125 Templum
1901 1076 1975 1111 hoc
1993 1073 2135 1110 visibile
2147 1103 2156 1118 ,

1686 1138 1732 1173 Et
1749 1137 1787 1172 in
1805 1136 1869 1172 illo
1886 1142 2007 1171 totum
2026 1142 2082 1171 est

1687 1196 1799 1243 Quod
1819 1197 1857 1232 in
1878 1196 1950 1232 hoc
1971 1196 2018 1231 sit
2037 1196 2203 1243 mystice.

1685 1298 1793 1345 Aqua
1812 1296 2064 1341 benedicitur,

1686 1356 1778 1393 Salis
1796 1357 1838 1393 fit
1853 1357 2088 1400 commixtio,

1689 1417 1890 1465 Templum
1907 1417 1967 1453 his
1986 1416 2246 1464 conspergitur

1687 1477 1955 1513 Circumvectis
1976 1476 2104 1512 tertio.

1687 1574 1956 1611 Accendantur
1979 1574 2131 1610 interim

1687 1636 1793 1671 Intus
1813 1631 2031 1678 luminaria,

1688 1696 1856 1732 Numero
1873 1695 2072 1731 duodecim

1690 1757 1734 1792 In
1753 1769 1843 1805 gyro
1864 1755 2055 1805 disposita.

1689 1854 1933 1903 Aspergendo
1951 1855 2086 1890 circuit

1691 1915 1891 1965 Templum
1912 1922 1970 1952 ter
1989 1915 2197 1964 episcopus.

1690 1978 1810 2013 Portae
1827 1977 1988 2013 frontem
2007 1976 2170 2025 percutit

1691 2038 1811 2086 Virga
1837 2044 1894 2073 ter
1914 2036 2096 2085 superius.

1691 2136 1841 2186 Aperit-i
1860 2136 2045 2184 praecipit,

1691 2196 1745 2232 Ut
1763 2209 1828 2232 rex
1849 2197 1966 2232 intret
1985 2195 2133 2244 gloriae‚
2194 2195 2199 2200 ’

2276 786 2391 821 Alvum.

1692 2256 1804 2302 Quod
1822 2268 1939 2305 quum
1959 2263 2016 2291 ter
2033 2254 2254 2303 expleverit,
2292 2243 2296 2247 ⁸

1688 2317 1876 2353 Patefiunt
1887 2317 2021 2364 januae.

1691 2418 1885 2464 Ingressus
1900 2415 2090 2451 basilicam

1691 2479 1823 2514 Preces
1843 2476 1951 2513 offert
1971 2476 2152 2520 Domino,

1690 2539 1765 2575 Pro
1781 2550 1818 2574 se
1834 2538 2000 2586 primum
2025 2535 2186 2571 hostiam

1690 2598 1834 2634 Deinde
1853 2609 1922 2645 pro
1941 2595 2095 2645 populo.

1690 2696 1892 2745 Alphabeti
1914 2694 2074 2744 duplicis

1689 2757 1788 2793 Dum
1810 2756 1946 2804 figuras
1967 2755 2153 2803 imprimit

1690 2816 1910 2854 Cancellatis
1925 2816 2034 2852 lineis

1691 2877 1823 2914 Crucis
1841 2877 1990 2925 signum
2008 2875 2198 2924 exprimit.

1693 2977 1784 3023 Quae
1805 2976 1902 3012 fiunt
1924 2976 2108 3020 exterius,
2129 2982 2200 3011 etc.

1692 3078 1771 3112 Deo
1790 3077 1884 3125 patri
1906 3076 2039 3125 gloria,
2063 3082 2133 3111 etc.

2028 3204 2168 3244 LVIII.

1700 3305 1758 3341 Ad
1776 3305 1888 3341 altare
1904 3304 2070 3353 pontifex

1703 3364 1929 3401 Sacrandum
1949 3377 1986 3401 se
2003 3369 2198 3412 praeparat,
