2970 4152
578 384 672 431 646
1378 387 1548 436 PETRI
1583 388 1897 439 ABAELARDI

575 492 741 529 rentur
762 497 931 547 poma,
959 482 1009 528 id
1031 492 1102 529 est
1125 482 1304 531 fructus
1327 500 1439 531 suos
1461 485 1736 546 afferentes,
1772 488 1871 535 sive
1899 503 2000 534 non
2027 488 2204 535 statim.
2237 489 2366 537 Solet
2394 492 2572 557 quippe
2601 509 2692 558 po·

576 578 710 608 mum
730 561 1010 625 generaliter
1038 579 1128 627 pro
1152 564 1285 610 omni
1309 563 1493 611 arboris
1516 565 1673 613 fructu
1695 566 1909 630 intelligi.

644 646 815 690 «Juxta
839 659 987 706 genus
1010 660 1207 691 suum.»
1230 648 1334 692 Hoc
1350 656 1421 693 est
1441 647 1708 694 secundum
1726 648 1934 695 materiae
1955 665 2050 696 suae
2069 658 2312 709 naturam,
2333 660 2402 709 ut,
2428 667 2518 715 pro
2535 652 2694 700 diver-

574 727 710 772 sitate
738 725 916 773 scilicet
945 726 1205 774 herbarum
1239 728 1314 775 vel
1343 728 1572 777 arborum
1602 730 1751 793 magis
1780 746 1926 794 quam
1955 740 2215 791 terrarum,
2250 732 2462 780 diversos
2494 733 2694 782 afferant

574 804 771 864 fructus,
797 823 896 852 non
921 806 1134 854 eosdem.
1157 808 1300 871 Cujus
1322 803 1484 856 semen
1498 846 1509 868 ,
1528 809 1623 856 hoc
1645 819 1715 856 est
1739 810 1856 856 dum
1880 820 2016 857 terrae
2037 810 2263 858 radicitus
2285 811 2569 871 adhaerebit,
2595 813 2694 860 vim

573 902 667 931 suae
690 886 1048 950 propagationis
1069 888 1119 934 in
1142 888 1299 953 seipso
1321 888 1519 949 habeat,
1545 890 1643 937 sive
1666 906 1722 936 ex
1742 890 1924 938 semine
1945 891 2045 938 sive
2073 907 2130 938 ex
2157 891 2416 939 insertione
2450 909 2695 940 ramorum

573 965 647 1013 vel
667 983 722 1013 ex
738 966 1049 1031 plantatione.
1073 971 1132 1015 Et
1153 978 1269 1016 nota
1291 969 1441 1034 quod,
1466 987 1616 1035 quum
1639 971 1705 1017 ait
1729 989 1753 1015 «
1773 970 1957 1034 lignum
1978 971 2266 1036 pomiferum
2280 1010 2292 1031 ‚
2312 991 2335 1016 »
2358 973 2419 1020 de
2442 972 2696 1021 fructuosis

574 1055 762 1093 tantum
785 1046 1061 1107 arboribus,
1087 1065 1188 1095 non
1212 1048 1273 1096 de
1298 1049 1627 1110 infructuosis,
1647 1049 1837 1097 videtur
1854 1050 2012 1097 dicere
2033 1051 2167 1115 quod
2186 1061 2301 1098 tunc
2317 1062 2484 1100 creatae
2504 1053 2623 1111 sint;
2649 1062 2695 1100 et

574 1127 639 1174 ita
661 1144 761 1174 non
786 1145 955 1175 omnes
977 1139 1094 1176 tunc
1117 1129 1312 1177 arbores
1335 1140 1515 1177 creatas
1538 1147 1663 1190 esse,
1686 1130 1771 1177 sed
1790 1131 2024 1195 quasdam
2042 1132 2233 1196 postea,
2255 1132 2375 1179 sicut
2398 1132 2457 1180 de
2480 1133 2627 1197 spinis
2649 1142 2696 1180 et

573 1206 758 1254 tribulis
786 1208 998 1256 creditur
1030 1219 1140 1275 post
1168 1220 1420 1275 peccatum
1443 1210 1492 1256 in
1515 1226 1710 1275 poenam
1743 1210 1954 1257 hominis
1984 1211 2044 1258 de
2074 1220 2201 1258 terra
2229 1211 2494 1276 productis.
2521 1212 2569 1258 Si
2590 1212 2696 1276 quis

571 1299 732 1336 tamen
769 1290 897 1338 dicat
930 1291 1017 1339 has
1049 1309 1244 1357 quoque
1278 1292 1498 1352 arbores,
1535 1309 1640 1357 quae
1673 1309 1804 1339 nunc
1841 1292 2146 1340 infructuosae
2168 1304 2300 1353 sunt,
2334 1294 2492 1358 primo
2515 1303 2698 1342 creatas

572 1387 672 1418 esse
707 1371 996 1432 fructuosas,
1033 1373 1122 1420 sed·
1155 1373 1469 1438 postmodum
1502 1390 1592 1439 pro
1629 1383 1828 1438 peccato
1856 1373 2068 1420 hominis
2105 1374 2423 1421 infructuosas
2453 1373 2555 1421 fier-i
2570 1411 2582 1434 ,
2620 1375 2695 1422 vel

573 1452 781 1500 fructum
804 1454 988 1502 arboris
1009 1455 1108 1502 sive
1130 1472 1333 1520 pomum
1355 1472 1713 1520 quamcumque
1735 1455 1987 1503 utilitatem
2003 1455 2119 1519 ligni
2141 1456 2394 1520 intelligat,
2414 1473 2515 1503 non
2537 1456 2700 1504 absur-

574 1533 691 1580 dum
714 1534 920 1594 videtur,
948 1553 1099 1600 quum
1126 1535 1421 1583 infructuosa
1455 1552 1649 1600 quoque
1676 1536 1804 1599 ligna
1827 1535 2084 1583 nonnullas
2105 1536 2317 1583 habeant
2339 1536 2584 1595 utilitates,
2610 1537 2696 1583 etsi

572 1613 781 1661 fructum
801 1614 1008 1679 aliquem
1033 1633 1133 1663 non
1159 1616 1432 1681 producant
1453 1618 1501 1662 in
1527 1633 1679 1663 esum.
1707 1619 1765 1663 Et
1787 1618 1901 1681 quia
1923 1633 2023 1663 non
2048 1626 2118 1663 est
2146 1617 2195 1662 in
2226 1615 2576 1664 consuetudine
2597 1632 2699 1664 ser-

572 1695 752 1754 moniS,
790 1704 842 1741 ut
872 1711 1074 1759 pomum
1096 1712 1186 1760 pro
1210 1712 1514 1760 quacumque
1536 1696 1737 1742 utilitate
1760 1696 1882 1742 sicut
1904 1695 2083 1742 fructus
2113 1695 2389 1760 accipiatur,
2414 1695 2525 1743 ideo
2547 1712 2697 1761 quum

570 1775 702 1839 prius
725 1774 908 1822 dictum
924 1775 984 1822 sit
1004 1795 1027 1820 «
1047 1776 1360 1841 pomiferum,
1382 1795 1406 1821 »
1430 1785 1595 1840 postea
1614 1776 1750 1840 quasi
1771 1793 1861 1841 pro
1884 1776 2182 1841 expositione
2204 1777 2456 1841 supposuit
2476 1796 2499 1821 α
2522 1776 2698 1824 faciens

572 1854 802 1914 fructum,
833 1874 856 1900 »
882 1855 977 1903 hoc
1001 1866 1072 1903 est
1092 1856 1278 1903 habens
1300 1873 1656 1921 quamcumque
1679 1856 1948 1903 utilitatem.
1985 1859 2186 1921 Propter
2214 1870 2361 1920 quam
2386 1857 2530 1904 etiam
2551 1873 2698 1921 expo·

571 1935 755 1982 sitionis
777 1935 1230 1983 determinationem
1252 1953 1403 2000 quum
1425 1936 1704 2001 praemittat,
1734 1954 1757 1980 «-
1783 1936 1963 1983 factum
1985 1945 2056 1983 est
2084 1936 2173 1994 ita,
2209 1955 2232 1980 »
2258 1936 2419 1983 statim
2441 1935 2657 2000 adjungit
2683 1953 2695 1982 t

576 2033 598 2057 «
624 2017 682 2060 Et
703 2015 902 2079 protulit
926 2025 1053 2063 terra
1074 2015 1300 2075 herbam,
1327 2026 1419 2063 etc.
1447 2035 1471 2060 »

1435 2167 1495 2196 DE
1528 2165 1717 2205 QUARTA
1748 2166 1843 2195 Dm.

642 2280 665 2305 «
692 2262 829 2308 Fiant
849 2260 1121 2308 luminaria.
1150 2280 1172 2305 »
1207 2264 1335 2308 Inter
1363 2260 1657 2307 creationem
1684 2259 1957 2324 plantarum
1980 2259 2082 2322 jam
2110 2258 2285 2306 factam
2303 2295 2314 2317 ,
2346 2268 2394 2305 et
2421 2258 2699 2305 animalium

574 2341 867 2400 faciendam,
894 2341 1149 2388 luminaria
1172 2340 1317 2400 fiunt,
1354 2350 1407 2387 ut
1428 2340 1587 2387 calore
1610 2340 1827 2404 ipsorum
1855 2338 2031 2402 plantae
2059 2338 2312 2384 foveantur
2342 2347 2389 2384 et
2417 2337 2695 2402 proficiant,

574 2430 620 2467 et
645 2437 814 2467 eorum
835 2421 941 2468 luce
963 2420 1188 2468 animalia
1210 2419 1434 2468 solatium
1455 2418 1691 2478 habeant,
1728 2434 1789 2464 ne
1812 2418 1948 2482 quasi
1975 2433 2098 2464 caeca
2129 2416 2355 2464 oberrent
2382 2417 2432 2463 in
2460 2416 2696 2475 tenebris,

574 2511 626 2548 ut
650 2511 697 2548 et
720 2500 947 2548 alimenta
970 2516 1055 2548 sua
1079 2500 1250 2564 eligere
1274 2499 1477 2566 possint.

641 2601 664 2625 «
685 2584 738 2627 In
762 2580 1067 2629 firmamento
1090 2581 1214 2628 coeli.
1242 2599 1265 2625 »
1292 2579 1594 2627 Intransitive
1622 2578 1756 2643 quod
1786 2578 2045 2624 novissime
2074 2576 2249 2624 coelum
2277 2586 2348 2623 est
2376 2575 2667 2641 appellatum
2683 2613 2696 2635 ,

573 2662 731 2726 aquis,
756 2671 810 2708 ut
831 2661 1015 2708 dictum
1043 2671 1136 2720 est,
1162 2661 1523 2726 interpositum,
1550 2669 1598 2706 et
1619 2658 1681 2706 ab
1703 2657 1793 2705 illis
1815 2657 1950 2722 aquis
1969 2694 1981 2716 ,
2012 2673 2131 2721 quas
2158 2657 2376 2722 superius
2404 2655 2562 2704 firmat
2579 2693 2590 2715 ‚
2616 2655 2698 2702 fir·

575 2741 874 2791 mamentum
896 2742 1098 2789 dictum.

641 2845 664 2870 «
692 2829 751 2872 Et
773 2824 1007 2872 dividant.
1038 2842 1061 2868 »
1099 2823 1171 2870 Ad
1200 2839 1318 2887 quas
1345 2821 1570 2869 utilitates
1605 2820 1724 2868 fiant
1755 2819 1952 2885 exponit
1979 2837 1989 2865 :
2017 2818 2175 2883 primo
2210 2817 2272 2864 ad
2307 2815 2698 2880 distinguendum

573 2921 660 2953 sua
682 2904 1031 2952 illuminatione
1054 2905 1282 2952 diurnum
1310 2913 1500 2968 tempus
1529 2919 1584 2950 ac
1608 2911 1918 2948 nocturnum.
1952 2899 2190 2946 Diurnum
2218 2898 2397 2963 quippe
2418 2907 2607 2963 tempus
2628 2906 2699 2944 est

575 2984 709 3049 quod
732 2985 832 3032 sole
856 2984 1169 3044 illuminatur,
1194 2983 1316 3030 sicut
1346 2992 1640 3029 nocturnum
1669 2980 1803 3045 quod
1836 2979 1950 3026 luna
1980 2988 2027 3026 et
2059 2978 2294 3026 sideribus
2321 2977 2598 3036 illustratur,
2621 2976 2698 3023 vel

575 3064 686 3111 solis
709 3050 1058 3112 illuminatione
1081 3073 1227 3111 caret.

643 3164 666 3188 «
699 3148 757 3191 Et
794 3146 946 3209 signa.
982 3163 1004 3190 »
1047 3147 1154 3192 Non
1190 3160 1296 3209 quae
1334 3141 1556 3190 vanitatis
1603 3150 1674 3188 est
1713 3139 1995 3198 observare,
2030 3139 2156 3186 ¹sicut
2199 3138 2248 3184 in
2290 3135 2511 3200 auspiciis
2554 3144 2699 3199 atque

575 3225 781 3288 auguriis
802 3263 813 3281 ,
859 3225 943 3272 sed
990 3226 1040 3272 in
1080 3225 1314 3289 quasdam
1355 3222 1594 3270 naturales
1644 3221 1942 3268 ostensiones
1986 3219 2256 3266 futurorum
2297 3225 2556 3263 eventuum
2598 3215 2698 3262 sive

572 3306 895 3371 praesentium.
959 3309 1120 3354 Nautae
1177 3307 1358 3371 quippe
1418 3304 1629 3352 siderum
1679 3302 1977 3367 inspectione
2026 3300 2088 3348 ad
2140 3315 2258 3364 quas
2311 3306 2470 3362 partes
2526 3296 2694 3342 mundi

572 3387 785 3435 ferantur
819 3404 1108 3451 cognoscere
1145 3387 1328 3446 solent,
1355 3396 1402 3434 et
1428 3385 1489 3434 de
1524 3383 1880 3432 commutandis
1917 3380 2213 3447 temporibus
2247 3378 2397 3426 multa
2429 3377 2607 3425 indicia
2639 3393 2695 3423 ex

571 3468 674 3517 sole
705 3477 752 3515 et
782 3467 898 3516 luna
919 3468 995 3516 vel
1016 3467 1249 3519 sideribus
1283 3462 1555 3534 capiuntur,
1579 3482 1731 3531 quum
1765 3463 1914 3512 modo
1944 3463 2136 3511 alterius
2171 3460 2345 3509 coloris
2378 3459 2452 3508 vel
2489 3458 2690 3515 caloris,
