2970 4152
550 413 648 461 464
1359 411 1530 459 PETRI
1566 412 1878 460 ABAELARDI

549 507 771 555 rectionis
795 505 1043 552 suscitatos
1062 503 1370 569 Evangelium
1387 517 1570 567 narrat,
1598 524 1747 572 quum
1765 507 1959 555 dicitur¹
1981 524 1991 551 ε
2016 523 2038 550 «
2055 507 2113 552 Et
2130 514 2275 570 petrae
2299 506 2451 553 scissae
2473 516 2605 566 sunt,
2628 516 2675 554 et

550 596 863 635 monumenta
887 595 1048 650 aperta
1080 594 1216 645 sunt,
1243 596 1290 633 et
1315 586 1463 654 multa
1490 604 1694 653 corpora
1726 597 2000 644 sanctorum
2027 585 2110 650 qui
2138 584 2431 633 dormierant
2459 602 2674 633 surrexe-

549 677 660 714 runt
673 703 685 726 ,
709 676 756 714 et
780 675 1003 713 exeuntes
1023 666 1083 714 de
1104 677 1418 715 monumento
1437 678 1546 734 post
1564 668 1961 715 resurrectionem
1985 666 2110 730 eJUS,
2139 675 2375 713 venerunt
2396 666 2446 712 in
2464 675 2675 714 sanctam

549 747 809 805 civitatem,
839 755 885 792 et
919 757 1241 811 apparuerunt
1265 747 1451 808 multis;
1475 766 1498 793 υ
1531 764 1835 812 nequaquam
1870 764 1928 794 ex
1953 746 2027 793 his
2058 745 2212 793 verbis
2244 745 2534 810 intelligendi
2566 755 2677 793 sunt

548 828 651 892 ipso
674 825 751 873 die
773 826 1021 873 dominicae
1045 826 1360 876 crucifixionis
1383 829 1711 888 resurrexisse,
1733 827 1817 875 sed
1836 838 1951 875 tunc
1974 837 2160 875 tantum
2181 827 2231 874 in
2250 826 2416 874 fissura
2433 836 2676 892 petrarum

549 924 717 955 eorum
742 907 957 972 sepulcra
986 918 1148 973 aperta
1176 908 1337 969 fuisse,
1361 919 1408 958 et
1425 901 1761 975 postmodum,
1795 910 1900 975 ipso
1927 908 2005 956 die
2033 909 2411 968 resurrectionis,
2443 917 2552 974 post
2575 907 2676 971 eJus

549 988 944 1035 resurrectionem
974 989 1222 1036 suscitatos
1244 1007 1367 1051 esse,
1395 1001 1441 1038 et
1464 991 1618 1038 statim
1642 991 1691 1037 in
1716 991 1956 1037 civitatem
1979 990 2187 1049 venisse,
2218 999 2265 1037 et
2289 989 2508 1037 fidelibus
2530 1006 2676 1055 appa-

550 1070 722 1116 ruisse:
742 1068 885 1126 Quod
915 1069 1073 1133 itaque
1108 1069 1297 1130 dicitur,
1330 1091 1351 1116 «
1374 1081 1598 1118 exeuntes
1623 1070 1684 1118 de
1719 1071 2042 1118 monumentis
2060 1107 2072 1130 ‚
2095 1089 2119 1114 »
2148 1080 2258 1135 post
2282 1070 2676 1118 resurrectionem

550 1149 650 1212 ejus
680 1148 925 1197 manifeste
958 1149 1159 1209 indicat,
1193 1167 1292 1197 non
1327 1161 1458 1210 ante,
1492 1167 1573 1198 eos
1606 1151 1928 1198 resurrexisse.
1959 1149 2103 1209 Quod
2133 1151 2274 1214 igitur
2313 1149 2598 1212 evangelista
2630 1159 2678 1197 et

550 1230 845 1295 apertionem
899 1229 1251 1294 sepulcrorum,
1306 1241 1352 1278 et
1400 1232 1798 1278 resurrectionem
1856 1248 2048 1290 eorum,
2093 1230 2300 1278 breviter
2348 1240 2395 1278 et
2441 1230 2678 1278 succincte

551 1307 918 1369 commemorat,
941 1311 1076 1375 quasi
1100 1311 1240 1358 simul
1265 1311 1384 1358 facta
1411 1312 1527 1372 sint,
1550 1330 1636 1378 per
1658 1312 2045 1378 anticipationem
2070 1312 2138 1359 rei
2162 1311 2330 1359 futurae
2354 1311 2678 1358 narrationem

552 1407 687 1438 suam
701 1391 946 1438 breviavit.
971 1391 1243 1438 Notandum
1260 1409 1454 1456 quoque
1474 1392 1535 1439 ad
1552 1392 1749 1457 gloriam
1771 1393 2022 1440 dominicae
2038 1392 2312 1458 sepuhurae,
2335 1392 2397 1439 de
2421 1407 2515 1456 qua
2536 1391 2679 1438 Isaias

552 1473 809 1537 praecinit²:
844 1491 867 1516 «
888 1475 946 1519 Et
981 1473 1069 1519 erit
1099 1473 1369 1537 sepulcrum
1398 1474 1499 1537 ejus
1534 1474 1811 1538 gloriosum,
1846 1494 1868 1519 υ
1900 1491 2000 1521 non
2029 1475 2281 1521 minimum
2318 1473 2551 1538 profuisse
2579 1481 2678 1519 tam

550 1553 726 1600 horum
745 1552 958 1600 fidelium
975 1570 1119 1617 quam
1139 1564 1417 1601 caeterorum
1441 1565 1715 1602 sanctorum
1738 1553 2020 1620 sepulturas,
2040 1553 2122 1617 qui
2150 1553 2455 1616 Jerosolymis
2474 1552 2675 1611 fuerant,

551 1633 613 1679 ita
633 1649 762 1679 nunc
781 1633 989 1680 occultas
1007 1650 1129 1692 esse,
1155 1644 1205 1681 ut
1231 1634 1311 1681 ubi
1336 1635 1509 1682 fuerint
1526 1636 1787 1699 ignoretur,
1810 1633 2058 1698 nullasque
2074 1633 2140 1680 ibi
2164 1633 2385 1697 reliquias
2404 1641 2678 1679 sanctorum

549 1713 727 1761 ibidem
754 1714 1097 1761 tumulatorum
1127 1730 1385 1779 apparere:
1420 1715 1504 1763 sed
1528 1732 1697 1763 omnes
1724 1714 1837 1763 inde
1860 1714 1935 1762 vel
1965 1724 2227 1779 asportatas
2258 1729 2384 1772 esse,
2412 1712 2489 1759 vel
2522 1714 2678 1760 Deum

552 1811 629 1841 eas
653 1794 940 1854 occuluisse,
960 1805 1014 1842 ut
1032 1804 1132 1842 tota
1155 1795 1411 1843 celebratio
1430 1796 1631 1843 honoris
1659 1796 1903 1843 dominico
1923 1806 2057 1843 vacet
2081 1794 2315 1860 sepulcro.

615 1876 856 1933 Quoniam
887 1892 1000 1923 vero
1033 1875 1298 1923 infidelium
1339 1877 1476 1924 multi
1518 1879 1566 1923 in
1611 1887 1796 1924 tantum
1833 1877 1893 1924 de
1927 1876 2273 1924 resurrectione
2303 1874 2557 1921 hominum
2593 1872 2678 1919 du-

551 1956 726 2016 bitant,
756 1967 810 2003 ut
839 1956 1108 2004 nullatenus
1139 1974 1343 2023 corpora
1374 1968 1534 2005 nostra
1567 1959 1617 2004 in
1647 1958 1894 2023 pulverem
1925 1958 2144 2017 reducta,
2182 1967 2228 2004 et
2259 1955 2485 2003 dissoluta
2507 1954 2678 2001 iterum

551 2037 762 2083 suscitari
789 2037 1020 2083 aestiment
1051 2054 1212 2101 posse,
1237 2038 1446 2085 decrevit
1474 2038 1633 2086 divina
1656 2039 1806 2104 pietas
1834 2056 1933 2086 non
1965 2038 2123 2085 solum
2147 2036 2321 2096 verbiS,
2347 2052 2515 2083 verum
2537 2034 2679 2080 etiam

553 2133 714 2164 rerum
742 2116 967 2179 exemplis
990 2116 1114 2163 hanc
1138 2116 1278 2163 nobis
1302 2117 1547 2177 exhibere,
1571 2135 1632 2165 ne
1661 2119 1794 2182 quod
1822 2119 1871 2164 in
1903 2118 2109 2165 minimis
2142 2117 2311 2179 saepius
2341 2124 2566 2180 operatur
2595 2129 2680 2159 na·

554 2207 681 2255 tura,
709 2212 1060 2259 nonnunquam
1086 2197 1135 2242 in
1171 2198 1387 2243 maximis
1415 2198 1566 2245 facere
1598 2198 1768 2245 divinae
1798 2198 2021 2262 potentiae
2058 2196 2301 2243 dubitetur
2335 2195 2497 2259 gratia.
2527 2197 2679 2241 Nemo

554 2277 731 2341 quippe
761 2285 830 2323 est
857 2276 938 2339 qui
969 2276 1201 2342 phoenicis
1232 2287 1448 2324 naturam
1480 2278 1785 2341 cognoverit,
1822 2288 1869 2324 et
1899 2294 2044 2342 quam
2076 2277 2118 2323 ei
2152 2276 2350 2340 gloriam
2383 2275 2550 2340 saepius
2578 2290 2680 2320 mo-

556 2356 692 2403 rienti
711 2366 759 2402 et
782 2356 1010 2402 suscitatae
1033 2356 1195 2404 divina
1214 2358 1360 2421 gratia
1377 2358 1654 2417 contulerit,
1672 2359 1754 2422 qui
1770 2357 1829 2405 de
1847 2367 2009 2404 nostra
2025 2356 2318 2421 quandoque
2337 2354 2682 2402 resurrectione

555 2435 710 2482 futura
728 2434 943 2482 diffidere
959 2435 1145 2483 debeat.
1174 2437 1318 2500 Cujus
1344 2437 1539 2501 quidem
1565 2439 1663 2484 avis
1684 2450 1904 2486 naturam
1929 2448 1975 2485 et
1994 2436 2349 2485 resurrectionis
2375 2433 2547 2481 modos
2567 2434 2605 2481 si
2620 2433 2682 2480 ad

555 2516 792 2563 Christum
819 2517 1014 2580 mystice
1042 2517 1315 2577 referamus,
1342 2511 1684 2566 conrenienter
1710 2519 1890 2583 singula
1916 2519 1959 2566 ei
1977 2519 2235 2567 convenire
2256 2517 2540 2565 videbimus.
2573 2519 2681 2563 Haec

554 2596 730 2660 quippe
764 2597 861 2643 avis
892 2597 1003 2660 quia
1030 2598 1171 2644 unica
1198 2615 1299 2645 esse
1327 2598 1621 2664 perhibetur,
1648 2616 1738 2646 nec
1764 2598 2029 2659 masculini,
2059 2616 2149 2647 nec
2183 2598 2394 2646 feminini
2417 2614 2556 2645 sexus
2580 2612 2682 2644 esse

555 2677 883 2739 cognoscitur;
919 2687 966 2723 et
996 2678 1108 2741 quia
1143 2677 1299 2742 pullos
1329 2695 1428 2725 non
1454 2689 1663 2742 generat,
1691 2696 1998 2744 nequaquam
2021 2678 2250 2726 nidificat.
2278 2681 2395 2735 Quae
2418 2694 2568 2741 quum
2591 2675 2682 2723 sibi

556 2767 762 2804 mortem
786 2768 896 2822 post
925 2774 1079 2805 annos
1108 2758 1340 2823 plurimos
1376 2760 1627 2807 imminere
1650 2761 1963 2825 praesenserit,
1997 2770 2177 2807 struem
2211 2757 2473 2823 quamdam
2507 2766 2554 2804 et
2591 2756 2681 2804 do-

557 2838 833 2885 munculam
857 2839 1061 2904 sepulcri
1085 2857 1141 2886 ex
1163 2841 1443 2888 ramusculis
1467 2842 1738 2889 aromaticis
1761 2841 1837 2889 vel
1858 2843 1973 2907 ipsis
1996 2840 2291 2889 aromatibus
2314 2840 2405 2887 sibi
2427 2847 2677 2905 praeparat,

556 2930 786 2983 tanquam
809 2919 1028 2967 foetorem
1050 2919 1294 2967 cadaveris
1318 2922 1391 2967 sui
1413 2938 1499 2986 per
1523 2922 1830 2986 fragrantiam
1853 2923 2116 2988 exprimere
2139 2931 2336 2986 satagat.
2365 2925 2419 2967 In
2441 2920 2568 2967 hanc
2591 2919 2680 2965 ita-

557 3016 650 3063 que
670 3009 940 3046 aromatum
956 3009 1244 3047 structuram
1257 3017 1307 3047 se
1327 3001 1580 3048 conferens
1593 3002 1808 3067 expirare
1829 3002 2019 3062 dicitur,
2037 3012 2084 3049 et
2099 3002 2198 3050 sole
2213 3001 2418 3066 desuper
2431 3007 2677 3056 aestuante,

558 3089 603 3124 et
627 3090 840 3127 aromata
862 3080 965 3145 ipsa
987 3080 1307 3139 calefaciente,
1335 3081 1612 3129 combustus
1635 3083 1685 3129 in
1709 3083 1918 3130 cinerem
1944 3083 2159 3131 solvitur.
2188 3082 2327 3130 Unde
2355 3090 2466 3147 post
2497 3080 2680 3143 aliquot

520 3193 522 3195 »
559 3158 682 3217 dies,
710 3161 757 3206 in
784 3161 986 3208 modum
1008 3162 1109 3227 apis
1132 3163 1404 3221 suscitatUS,
1431 3163 1663 3228 paulatim
1695 3163 1792 3211 alas
1827 3175 1873 3211 et
1890 3158 2093 3230 ‘plumas
2122 3164 2327 3211 induens
2348 3163 2398 3209 in
2422 3162 2680 3227 pristinum

558 3237 681 3284 redit
715 3249 906 3287 statum.
941 3244 1056 3299 Quae
1079 3242 1262 3306 singula
1298 3242 1415 3289 nulli
1451 3235 1551 3290 tam
1582 3260 1793 3306 congrue
1828 3254 1881 3291 ut
1916 3244 2105 3291 Christo
2139 3242 2362 3290 videntur
2397 3240 2675 3288 convenire.

606 3434 616 3451 ¹
644 3435 770 3476 Matth„
793 3447 865 3481 cap.
884 3450 971 3473 xxvu
986 3466 994 3481 ‚
1015 3452 1045 3474 v.
1064 3443 1119 3482 51,
1134 3443 1186 3475 52.
1206 3459 1243 3465 —
1259 3441 1272 3458 ⁸
1292 3442 1384 3475 lsaiae
1407 3453 1479 3488 cap.
1506 3455 1539 3477 x!
1553 3469 1562 3484 ,
1579 3455 1610 3478 v.
1635 3446 1683 3478 10.
1703 3464 1738 3470 -
1755 3444 1767 3462 ³
1785 3445 1909 3482 Galat„
1933 3452 2006 3485 cap.
2037 3453 2089 3482 ιιι,
2109 3453 2139 3474 ν.
2164 3443 2219 3473 28.
2244 3459 2277 3465 -
2295 3440 2308 3457 ⁴
2323 3439 2453 3480 Matth„
2474 3449 2549 3483 cap.
2569 3449 2656 3473 xxvu
2670 3463 2678 3476 ‚

560 3504 590 3526 v.
609 3494 664 3526 57.
