2970 4152
533 431 626 478 598
817 392 821 401 v
1331 431 1503 478 PETRI
1539 431 1854 481 ABAELARDI

529 545 639 575 men
665 538 801 574 tuum
819 527 837 572 Ρ
855 545 877 570 »
899 528 1083 571 Nomen
1104 524 1191 571 Dei
1214 523 1332 572 fides
1352 535 1423 573 est
1444 527 1556 587 Dei,
1581 544 1669 592 per
1690 545 1835 593 quam
1858 527 2163 575 credentibus
2185 528 2456 577 innotescit.
2488 550 2512 576 «
2530 533 2654 580 San-

529 607 733 654 tificetur
752 622 930 652 nomen
953 615 1114 663 tuum,
1137 624 1160 650 υ
1184 606 1504 654 sanctificetur
1527 607 1645 655 fides
1668 619 1775 668 tua,
1796 626 1901 673 quae
1925 618 1996 655 est
2018 609 2188 656 notitia
2210 610 2296 656 tui.
2317 610 2654 676 Sednunquid

531 704 707 734 nomen
748 685 939 731 Domini
973 702 1074 731 non
1106 695 1176 732 est
1204 686 1554 734 sanctificatum
1589 698 1636 734 et
1669 688 1919 735 sanctum?
1943 689 2123 735 Omnes
2145 689 2397 754 Scripturae
2418 689 2651 749 clamant,

532 783 698 813 omnes
720 775 982 812 resonant:
1014 768 1287 813 «Sanctum
1322 784 1502 815 nomen
1536 777 1690 814 tuum.
1718 787 1739 812 υ
1767 771 1954 814 Nomen
1990 767 2188 832 quidem
2208 769 2428 829 Domini,
2461 770 2652 828 fratres,

529 855 747 892 sanctum
785 855 878 904 est,
911 845 996 892 sed
1023 845 1182 893 adhuc
1209 846 1259 893 in
1295 847 1523 894 cordibus
1560 847 1885 912 quorumdam
1920 848 2124 913 amplius
2158 849 2442 897 sanctificari
2478 860 2652 914 potest.

529 930 687 973 Potest
709 942 918 990 namque
938 926 1222 974 sanctificari
1245 928 1295 974 in
1310 928 1538 975 cordibus
1561 945 1878 993 paganorum,
1895 929 1943 975 in
1963 928 2136 993 quibus
2155 930 2376 977 nondum
2398 929 2658 978 sanctifica-

530 1018 633 1054 tum
654 1017 724 1054 est
746 1023 833 1071 per
857 1006 1003 1054 fidem
1024 1026 1033 1053 :
1055 1008 1105 1054 in
1127 1008 1355 1056 cordibus
1377 1008 1653 1055 Judaeorum
1669 1046 1680 1066 ,
1704 1009 1753 1055 in
1777 1008 1951 1073 quibus
1973 1010 2196 1057 nondum
2218 1009 2565 1058 sanctificatum
2587 1021 2659 1058 est

532 1105 616 1152 per
641 1087 753 1134 fidei
775 1088 1244 1136 consommationem
1266 1107 1276 1135 z
1298 1090 1347 1135 in
1372 1089 1600 1136 cordibus
1624 1088 1852 1136 falsorum
1876 1089 2266 1149 christianorum,
2284 1091 2333 1137 in
2357 1091 2531 1155 quibus
2556 1107 2658 1138 non

531 1178 601 1215 est
623 1167 1079 1233 sanctificatumper
1102 1168 1426 1216 dilectionem.
1452 1172 1590 1215 Potes
1613 1186 1808 1233 quoque
1831 1169 2036 1235 amplius
2053 1169 2339 1217 sanctificari
2360 1171 2410 1217 in
2432 1169 2660 1217 cordibus

531 1249 794 1295 electorum
821 1265 907 1313 per
936 1249 1170 1313 majorem
1193 1248 1305 1296 fidei
1333 1249 1777 1309 confirmationem,
1803 1260 1851 1297 et
1879 1250 2113 1314 majorem
2134 1251 2223 1297 Dei
2254 1260 2302 1297 et
2328 1251 2661 1315 proximorum

532 1330 856 1378 dilectionem.
875 1333 1068 1388 Quanto
1092 1332 1268 1378 etenim
1291 1332 1493 1396 quisque
1515 1331 1770 1396 perfectius
1794 1335 1951 1379 Deum
1972 1332 2123 1379 credit
2144 1342 2191 1379 et
2213 1332 2382 1396 diligit,
2406 1341 2544 1379 tanto
2567 1348 2663 1380 am-

532 1412 655 1475 plius
681 1429 861 1459 nomen
883 1413 1031 1459 Patris
1054 1413 1103 1458 in
1132 1429 1182 1460 se
1204 1412 1467 1460 sanctificat
1490 1423 1539 1460 et
1560 1413 1908 1460 sanctificatum
1926 1413 2242 1460 demonstrat.
2273 1432 2297 1458 «
2320 1417 2456 1477 Pater
2477 1423 2657 1474 noster,
2713 1410 2715 1412 ’

533 1494 615 1556 qui
635 1510 685 1540 es
708 1494 757 1539 in
781 1493 928 1551 coelis,
949 1493 1268 1541 sanctificetur
1291 1512 1471 1541 nomen
1494 1505 1649 1541 tuum.
1671 1494 2043 1541 »Sanctificetur
2065 1510 2246 1541 nomen
2269 1504 2406 1540 tuum
2428 1494 2479 1540 in
2502 1493 2661 1541 cordi-

533 1573 622 1619 bus
647 1589 964 1637 paganorum,
990 1572 1312 1621 sanctificetur
1336 1575 1386 1620 in
1411 1574 1639 1621 cordibus
1668 1574 1961 1632 Judaeorum,
1987 1584 2041 1620 ut
2069 1583 2116 1620 et
2138 1573 2204 1620 illi
2234 1574 2285 1620 in
2307 1583 2355 1620 te
2378 1573 2594 1633 credant,
2615 1584 2664 1621 et

534 1654 608 1699 isti
642 1653 895 1717 perfectius
929 1654 1128 1700 credant
1145 1691 1156 1713 ,
1183 1664 1230 1701 et
1257 1655 1448 1718 utrique
1481 1654 1697 1718 diligant.
1731 1653 2063 1701 Sanctificetur
2091 1654 2141 1700 in
2170 1653 2398 1701 cordibus
2435 1653 2663 1702 falsorum

534 1734 936 1792 Christianorum,
963 1745 1016 1781 ut
1044 1735 1165 1781 sicut
1186 1734 1369 1782 habent
1390 1752 1476 1800 per
1498 1735 1646 1782 fidem
1667 1737 1737 1782 tui
1760 1736 2111 1799 cognitionem,
2138 1736 2205 1782 sic
2233 1752 2427 1800 quoque
2454 1734 2666 1782 habeant

533 1831 619 1878 per
642 1815 867 1862 affectum
890 1825 937 1861 et
959 1815 1283 1862 dilectionem.
1307 1815 1638 1863 Sanctificetur
1658 1816 1816 1863 adhuc
1833 1817 1883 1863 in
1905 1815 2134 1863 cordibus
2159 1816 2421 1863 electorum
2443 1832 2531 1881 per
2558 1831 2665 1862 ma-

530 1895 687 1957 jorem
710 1895 975 1942 claritatem
997 1896 1307 1957 cognitionis,
1334 1906 1381 1943 et
1403 1897 1638 1960 majorem
1653 1897 1936 1944 suavitatem
1953 1896 2223 1944 dilectionis
2242 1915 2252 1943 z
2277 1916 2300 1941 «
2319 1899 2457 1944 Pater
2478 1905 2662 1955 noster,

534 1975 617 2038 qui
640 1992 690 2022 es
712 1976 760 2022 in
777 1975 930 2033 coelis,
953 1975 1278 2022 sanctificetur
1301 1993 1481 2022 nomen
1505 1986 1660 2023 tuum.
1684 1995 1707 2021 υ

1382 2129 1589 2159 SECUNDA
1621 2129 1802 2159 ΡΕΤΙΤΙΟ
1810 2149 1819 2157 .

606 2250 629 2275 «
657 2230 886 2277 Adveniat
908 2247 1111 2294 regnum
1137 2239 1291 2276 tuum.
1317 2249 1340 2274 »
1363 2230 1492 2288 Quid
1515 2241 1585 2277 est
1607 2231 1741 2295 quod
1765 2231 1972 2295 petimus
1996 2231 2365 2290 dum.dicimus,
2392 2250 2414 2275 «
2442 2230 2669 2279 adveniat

539 2327 739 2374 regnum
762 2311 926 2364 tuum?
947 2329 970 2355 »
991 2310 1218 2374 Nunquid
1245 2327 1345 2357 non
1377 2310 1524 2357 habet
1547 2328 1749 2375 regnum
1768 2312 1923 2358 Deus?
1951 2311 2173 2375 nunquid
2193 2328 2293 2358 non
2314 2321 2385 2358 est
2408 2328 2490 2358 rex
2510 2311 2671 2359 Deus?

539 2393 586 2438 Si
608 2384 736 2439 Deus
758 2409 859 2438 non
885 2401 956 2438 est
983 2408 1093 2452 rex,
1122 2402 1203 2439 aut
1231 2393 1270 2438 si
1299 2408 1399 2438 non
1422 2392 1570 2439 habet
1592 2409 1818 2455 regnum,
1844 2392 1963 2456 quid
1994 2402 2064 2439 est
2097 2392 2231 2456 quod
2267 2392 2514 2440 Psalmista
2542 2393 2630 2440 ait¹
2654 2412 2664 2440 :

541 2493 563 2516 «
588 2473 830 2530 Quoniam
858 2489 940 2519 rex
968 2473 1125 2519 omnis
1156 2482 1292 2519 terrae
1325 2475 1478 2532 Deus,
1515 2472 1700 2537 psallite
1738 2473 2006 2537 sapienter?
2028 2492 2050 2516 »
2079 2475 2205 2536 Ergo
2235 2490 2317 2520 rex
2345 2483 2416 2520 est
2445 2476 2597 2532 Deus,
2623 2484 2671 2520 et

538 2570 738 2617 regnum
762 2552 910 2600 habet
928 2556 1073 2600 Deus.
1094 2556 1254 2611 Quare
1277 2570 1391 2617 ergo
1413 2554 1643 2619 petimus,
1667 2563 1720 2600 ut
1744 2553 1968 2601 adveniat
1990 2571 2193 2618 regnum
2216 2554 2343 2618 ejus?
2360 2554 2568 2612 Quando
2583 2571 2669 2620 pe-

537 2635 681 2680 timus
703 2644 757 2681 ut
780 2634 1003 2681 adveniat
1025 2650 1227 2698 regnum
1253 2635 1352 2698 ejus
1368 2673 1380 2694 ,
1407 2652 1508 2682 non
1542 2635 1750 2700 petimus
1779 2645 1832 2682 ut
1856 2634 2080 2683 adveniat
2102 2635 2151 2682 in
2172 2634 2270 2683 hoc
2298 2635 2432 2700 quod
2449 2635 2550 2699 jam
2573 2645 2667 2694 est·,

538 2714 621 2761 sed
644 2715 693 2761 in
715 2714 811 2761 hoc
833 2714 967 2779 quod
989 2714 1211 2762 nondum
1234 2725 1329 2775 est,
1355 2716 1430 2762 vel
1460 2717 1620 2781 potius
1644 2715 1974 2763 manifestetur
1996 2716 2046 2763 in
2079 2733 2138 2762 co
2166 2715 2300 2780 quod
2328 2716 2550 2763 nondum
2574 2732 2672 2763 ma-

528 2795 764 2862 nifestum
794 2805 881 2842 est.
909 2795 979 2842 Ad
1007 2795 1110 2843 haec
1137 2806 1184 2842 et
1209 2797 1438 2843 nascituri
1466 2807 1578 2844 sunt
1606 2796 1768 2856 multi,
1798 2797 1881 2861 qui
1908 2797 1969 2844 ad
1997 2813 2200 2860 regnum
2227 2796 2328 2860 ejus
2356 2806 2469 2844 sunt
2493 2796 2671 2862 praede-

539 2876 699 2922 stinati
728 2894 738 2922 :
775 2885 823 2922 et
850 2876 933 2940 qui
961 2875 1283 2940 praedestinati
1308 2876 1520 2923 necdum
1549 2887 1661 2924 sunt
1684 2876 1746 2924 de
1768 2894 1919 2941 regno
1941 2877 2089 2942 ipsius
2116 2893 2241 2936 esse,
2268 2875 2494 2924 omnibus
2523 2876 2674 2924 mani-

541 2955 694 3003 festat.
726 2955 958 3003 Adveniat
992 2972 1108 3019 ergo
1140 2972 1343 3019 regnum
1371 2966 1537 3016 tuum,
1571 2974 1601 3004 o
1632 2967 1770 3022 pater
1801 2956 2019 3018 coelestis,
2056 2967 2109 3004 ut
2142 2973 2228 3022 per
2254 2964 2485 3004 ‘naturam
2515 2955 2673 3004 carnis

544 3046 828 3098 generentur
845 3037 906 3084 ad
922 3053 1125 3101 regnum
1143 3047 1282 3084 tuum
1298 3038 1643 3102 praedestinati,
1665 3049 1712 3086 et
1733 3055 1819 3104 per
1837 3039 2037 3103 gratiam
2051 3038 2277 3103 baptismi
2295 3046 2636 3101 regenerentur
2655 3055 2665 3083 ε

545 3125 591 3163 et
613 3115 729 3163 fiant
746 3117 878 3180 justi,
902 3127 948 3164 et
970 3134 1056 3182 per
1074 3117 1339 3165 claritatem
1356 3118 1547 3182 justitiae
1570 3118 1796 3166 omnibus
1816 3118 2178 3166 manifestentur
2200 3135 2302 3166 esse
2323 3117 2407 3165 filii
2425 3117 2559 3181 regni
2578 3117 2664 3164 tui.

548 3214 570 3238 «
598 3196 829 3243 Adveniat
856 3216 878 3242 »
905 3214 1018 3261 ergo
1045 3217 1068 3243 «
1094 3215 1297 3261 regnum
1328 3208 1489 3258 tuum,
1517 3217 1540 3243 υ
1566 3209 1620 3245 ut
1641 3199 1691 3245 in
1720 3198 1816 3246 fine
1844 3199 2024 3258 saeculi,
2050 3200 2099 3246 in
2122 3199 2200 3246 die
2215 3197 2408 3262 judicii,
2438 3197 2487 3243 in
2517 3212 2669 3244 resur-

544 3275 756 3321 rectione
779 3277 1007 3338 generali,
1035 3288 1315 3343 separentur
1337 3295 1485 3342 grana
1506 3295 1534 3326 a
1557 3278 1728 3343 paleis,
1754 3280 1864 3342 agni
1892 3279 1954 3326 ab
1976 3279 2154 3336 hoedis,
2179 3278 2477 3325 frumentum
2499 3293 2528 3324 a
2552 3277 2669 3324 ziza-

543 3354 633 3401 niis
646 3392 657 3413 ,
680 3364 727 3401 et
749 3356 957 3404 Ecclesia
977 3367 1081 3417 tua,
1108 3375 1213 3423 quae
1235 3369 1306 3407 est
1326 3376 1529 3424 regnum
1549 3369 1688 3406 tuum
1702 3396 1713 3418 ,
1739 3358 1800 3406 de
1822 3375 2043 3424 pressura
2064 3358 2221 3407 saeculi
2242 3357 2486 3423 praesentis
2509 3367 2555 3404 te
2580 3372 2659 3403 vo-

590 3515 599 3531 ¹
626 3515 744 3549 Psalm.
765 3526 858 3555 nm,
873 3527 904 3549 v.
923 3518 956 3549 8.
