2970 4152
1290 622 1716 690 EPISTOLA
1783 624 1864 707 V,

931 810 1030 847 QUAE
1063 810 1138 841 EST
1172 810 1448 842 REscmPTUM
1486 813 1616 843 PETR!
1651 812 1813 843 RURSUS
1843 813 1902 842 At)
1936 812 2197 844 HELOtSSAM.

1514 876 1539 898 n

1388 942 1734 1004 ARGUMENTiJM.

506 1067 664 1109 Quatuor
692 1068 863 1122 capitibus
877 1098 885 1114 ,
912 1072 1038 1117 quibus
1061 1082 1170 1108 totam
1192 1074 1416 1108 novissimam
1438 1074 1600 1108 Heloissae
1619 1075 1800 1120 epistolam
1820 1082 1978 1108 constare
1994 1073 2098 1116 dicit,
2127 1083 2246 1121 argute
2263 1075 2450 1123 respondet
2471 1076 2623 1110 Abaelar-

552 1121 618 1155 dus
632 1148 641 1164 ,
660 1122 945 1170 singulorumque
963 1126 1114 1160 rationes
1130 1127 1366 1173 prosequitur,
1383 1139 1457 1161 non
1473 1136 1543 1161 tam
1563 1135 1601 1160 ut
1617 1127 1767 1172 seipsum
1785 1135 1924 1161 excuset
1939 1153 1948 1169 ‚
1965 1139 2069 1172 quam
2087 1136 2125 1161 ut
2141 1128 2251 1174 ipsam
2278 1128 2401 1162 doceat
2415 1154 2425 1170 ‚
2450 1128 2621 1171 hortetur,

550 1183 582 1207 et
600 1176 797 1209 consoletur
807 1177 1012 1212 Heloissam.
1033 1180 1152 1214 Primo
1169 1179 1311 1229 quidem
1328 1180 1499 1213 rationem
1515 1180 1617 1227 ponit
1628 1206 1637 1222 ‚
1655 1192 1725 1225 qua
1741 1180 1778 1214 in
1794 1180 1977 1226 postremis
1992 1180 2113 1214 litteris
2131 1181 2200 1215 suis
2218 1194 2348 1221 nomen
2364 1184 2437 1228 ejus
2453 1193 2516 1216 suo
2533 1193 2622 1228 praer

549 1228 716 1272 posuerit.
739 1229 901 1264 Secundo
915 1257 924 1273 ,
943 1231 1039 1277 quod
1059 1245 1203 1266 suorum
1220 1233 1459 1278 periculorum
1477 1242 1510 1267 et
1528 1233 1648 1267 mortis
1667 1233 1876 1267 mentionem
1895 1233 2001 1279 egerit
2014 1259 2023 1275 ‚
2042 1246 2077 1267 se
2094 1233 2137 1267 ab
2152 1246 2192 1267 ea
2211 1233 2410 1280 adjuratum
2427 1234 2544 1268 fecisse
2561 1246 2621 1268 ex-

548 1281 660 1325 ponit.
682 1281 835 1316 Tertium
854 1282 897 1317 de
923 1284 1070 1319 laudum
1089 1298 1228 1320 suarum
1251 1286 1438 1331 rejectione
1461 1287 1635 1332 approbat
1658 1299 1665 1321 :
1685 1285 1794 1320 modo
1821 1285 1859 1320 id
1883 1286 2014 1320 sincere
2039 1294 2073 1320 et
2098 1287 2170 1320 sine
2199 1286 2311 1321 laudis
2337 1287 2398 1321 fiat
2414 1286 2615 1334 cupiditate.

546 1334 681 1375 Quarto
702 1334 746 1368 de
765 1348 826 1369 sua
843 1336 1021 1382 utriusque
1039 1339 1274 1372 conversionis
1292 1339 1474 1373 occasione
1493 1339 1538 1373 ad
1558 1340 1662 1374 vitam
1683 1339 1911 1373 monasticam
1937 1340 2044 1373 fusius
2064 1340 2298 1385 prosequitur.
2318 1341 2458 1386 Plagam
2481 1341 2517 1374 in
2540 1352 2618 1374 cor-

544 1387 639 1431 poris
666 1388 718 1420 sui
747 1388 837 1421 foeda
866 1399 986 1435 parte,
1011 1402 1117 1435 quam
1140 1390 1199 1424 illa
1221 1391 1426 1436 plangebat,
1447 1393 1495 1425 sic
1512 1400 1675 1425 extenuat
1692 1418 1702 1433 ,
1720 1400 1758 1424 ut
1783 1403 1861 1424 eam
1891 1391 2027 1436 utrique
2053 1393 2315 1427 saluberrimam
2330 1420 2339 1436 ‚
2367 1401 2400 1426 et
2427 1394 2617 1428 multorum

541 1439 719 1473 honorum
739 1453 878 1475 causam
894 1454 965 1476 esse
980 1443 1200 1488 profiteatur,
1219 1444 1481 1489 comparatione
1496 1444 1653 1489 turpium
1669 1442 1826 1489 ejusdem
1842 1442 2018 1489 pudendae
2034 1444 2142 1490 partis
2159 1453 2314 1479 actorum
2333 1458 2341 1480 :
2355 1454 2458 1490 atque
2473 1458 2549 1480 eam
2569 1447 2616 1480 ob

542 1504 616 1525 rem
634 1492 789 1527 divinam
809 1495 944 1528 extollit
960 1496 1166 1541 sapientiam
1183 1504 1217 1530 et
1235 1497 1467 1530 clementiam.
1484 1497 1597 1530 Multa
1617 1496 1771 1542 denique
1789 1497 1916 1542 passim
1932 1505 2115 1542 ponuntur
2130 1496 2176 1531 ad
2192 1497 2388 1532 doctrinam
2407 1507 2439 1532 et
2455 1499 2618 1535 exhorta-

544 1546 675 1580 tionem
692 1557 795 1593 atquc
812 1549 1088 1583 consolationem
1107 1550 1283 1584 Heloissae.
1304 1550 1451 1584 Ponitur
1468 1560 1501 1585 et
1517 1551 1630 1585 brevis
1659 1550 1770 1584 oratio
1794 1563 1863 1595 qua
1887 1550 2067 1584 monachae
2094 1552 2344 1596 paracletenses
2371 1551 2555 1585 Ahaelardo
2583 1561 2616 1585 et

543 1598 704 1634 Heloissae
721 1601 834 1634 Deum
849 1602 1094 1647 propitiarent.

1203 1705 1361 1754 Sponsae
1382 1704 1539 1743 Christi
1558 1716 1695 1744 servus
1714 1706 1904 1756 esusdem.

556 1815 608 1858 ln
636 1824 856 1876 quatuor,
881 1815 1102 1873 memini,
1127 1816 1251 1861 circa
1269 1832 1373 1879 quae
1392 1818 1513 1862 tota¹
1540 1817 1749 1881 epistolae
1769 1828 1858 1864 tuae
1876 1818 2144 1864 novissimae
2168 1833 2353 1863 summa
2377 1818 2608 1877 consistit,

493 1893 682 1940 offensae
713 1905 804 1942 tuae
834 1896 1233 1942 commotionem²
1254 1897 1537 1961 expressisti.
1560 1898 1719 1944 Primo
1746 1897 1942 1961 quidem
1961 1914 2104 1962 super
2130 1897 2224 1943 hoc
2255 1899 2561 1961 conquereris
2576 1900 2605 1957 ³,

490 1974 623 2036 quod
653 1986 821 2039 praeter
851 1976 1246 2023 consuetudinem
1274 1977 1604 2041 epistolarum,
1644 1978 1739 2024 imo
1774 1978 1916 2024 etiam
1947 1988 2113 2024 contra
2150 1978 2307 2042 ipsum
2345 1978 2607 2025 naturalem

489 2055 736 2101 ordinem‘·
766 2073 946 2115 rerum,
976 2057 1173 2121 epistola
1202 2068 1364 2104 nostra
1395 2057 1479 2103 tibi
1510 2058 1688 2105 directa
1723 2069 1767 2105 te
1803 2059 1919 2104 mihi
1949 2059 1997 2104 in
2025 2058 2305 2104 salutatione
2329 2060 2600 2123 praeposuit.

489 2135 710 2182 Secundo
728 2172 739 2194 ,
772 2136 903 2199 quod
930 2153 1078 2199 quum
1106 2137 1239 2183 vobis
1266 2136 1606 2184 consolationis
1631 2139 1789 2203 potius
1818 2138 2082 2184 remedium
2108 2137 2274 2184 afferre
2305 2137 2572 2185 debuissem
2589 2173 2602 2196 ‚

487 2214 830 2261 desolationem
865 2217 998 2275 auxi,
1038 2227 1082 2262 et
1111 2233 1228 2279 quas
1260 2213 1472 2279 mitigare
1508 2217 1767 2264 debueram
1801 2218 2032 2280 lacrymas
2064 2217 2284 2275 excitavi,
2319 2216 2436 2263 illud
2473 2217 2604 2264 vide-

488 2295 595 2341 licet
613 2295 790 2342 ibidem
809 2296 1071 2360 adjungens
1096 2316 1104 2342 :
1134 2297 1317 2353 «Quod
1335 2298 1374 2342 si
1394 2314 1470 2343 me
1495 2299 1728 2344 Dominus
1746 2298 1795 2344 in
1817 2314 1986 2344 manus
2006 2298 2308 2344 inimicorum
2327 2297 2598 2352 tradiderit,

490 2386 538 2420 ut
562 2392 638 2422 me
658 2376 830 2422 scilicet
855 2377 1162 2440 praevalentes
1190 2376 1503 2435 interficiant,
1533 2387 1622 2424 etc.
1651 2396 1674 2421 »
1702 2378 1861 2424 Tertio
1887 2394 1999 2424 vero
2023 2387 2230 2424 veterem
2261 2376 2388 2423 illam
2418 2387 2463 2423 et
2487 2379 2600 2423 assi-

486 2455 628 2501 duam
654 2456 894 2519 querelam
920 2467 1050 2503 tuam
1071 2458 1119 2502 in
1137 2460 1291 2503 Deum
1312 2457 1550 2519 adjecisti,
1575 2457 1635 2504 de
1654 2458 1801 2504 modo
1823 2457 2040 2504 videlicet
2056 2467 2227 2503 nostrae
2247 2458 2602 2503 conversionis?

483 2537 542 2582 ad
563 2540 741 2595 Deum,
772 2548 818 2583 et
840 2537 1116 2584 crudelitate
1136 2537 1424 2602 proditionis
1443 2538 1591 2584 illius⁶
1616 2538 1665 2584 in
1693 2555 1769 2584 me
1795 2538 2073 2584 commissae.
2103 2537 2601 2600 Deniqueaccusatio-

482 2634 590 2664 nem
611 2619 679 2664 tui
696 2628 861 2664 contra
885 2628 1098 2665 nostram
1118 2619 1166 2664 in
1185 2628 1230 2664 te
1251 2618 1442 2665 laudem
1462 2619 1752 2683 opposuisti,
1776 2635 1876 2664 non
1896 2635 2005 2665 cum
2027 2617 2371 2682 supplicatione
2390 2617 2598 2677 modica,

482 2715 540 2743 ne
574 2697 623 2742 id
658 2698 882 2762 deinceps
916 2706 1269 2763 praesumerem.
1300 2698 1485 2755 Quibus
1516 2698 1711 2761 quidem
1740 2698 1934 2761 singulis
1964 2697 2220 2743 rescribere
2248 2697 2460 2754 decrevi,
2496 2714 2596 2744 non

482 2787 573 2822 tam
595 2795 683 2841 pro
703 2779 1005 2825 excusatione
1023 2795 1150 2835 mea,
1176 2794 1321 2841 quam
1340 2794 1429 2842 pro
1448 2778 1666 2823 doctrina
1684 2777 1757 2824 vel
1777 2777 2106 2824 exhortatione
2129 2786 2231 2834 tua3
2263 2786 2313 2822 ut
2339 2793 2396 2823 eo
2422 2776 2596 2823 scilicet

478 2858 698 2904 libentius
723 2858 1030 2923 petitionibus
1054 2859 1279 2905 assentias
1311 2859 1508 2916 nostris,
1539 2874 1636 2921 quo
1666 2874 1744 2904 eas
1769 2856 2094 2904 rationabilius
2119 2857 2260 2903 factas
2284 2856 2594 2915 intellexeris3

478 2948 522 2983 et
541 2948 672 2985 tanto
700 2956 775 2985 me
796 2939 997 3004 amplius
1021 2938 1244 2985 exaudias
1268 2939 1316 2984 in
1344 2939 1461 2996 tuis,
1492 2947 1672 3001 quanto
1693 2937 2110 3002 reprehensibilem
2131 2938 2289 2983 minus
2311 2937 2521 2984 invenies
2546 2938 2593 2983 in

477 3020 618 3075 meis;
660 3030 887 3083 tantoque
933 3019 1135 3083 amplius
1172 3019 1374 3065 verearis
1412 3028 1744 3077 contemnere,
1786 3029 1966 3082 quanto
2005 3018 2161 3064 minus
2194 3018 2366 3064 videris
2397 3018 2592 3081 dignum

477 3098 845 3161 reprehensione
860 3102 886 3144 ⁷.

540 3180 610 3223 De
636 3178 738 3241 ipso
764 3188 922 3224 autem
951 3189 1122 3225 nostrae
1155 3178 1474 3237 salutationis,
1511 3188 1562 3224 ut
1588 3178 1731 3235 dicis,
1764 3178 1932 3224 ordine
1956 3188 2270 3242 praepostero,
2302 3179 2435 3241 juxta
2459 3190 2590 3225 tuam

519 3328 527 3343 ⁴
554 3327 605 3359 Sic
632 3328 719 3360 ABG.
736 3346 757 3351 -
775 3330 852 3360 Τοια
872 3330 964 3361 deest
983 3330 1014 3360 iu
1033 3330 1117 3361 Edit.
1138 3348 1176 3352 v—
1195 3329 1207 3345 ³
1226 3331 1333 3369 Culpoe
1351 3337 1415 3361 tuoe
1435 3332 1510 3362 dul-
1555 3347 1591 3351 -
1614 3330 1626 3346 ⁸
1648 3331 1901 3362 Conversationis
1931 3329 1993 3362 MS.
2021 3329 2115 3362 Amb.
2137 3336 2169 3360 et
2193 3329 2230 3361 D.
2249 3346 2288 3351 —-
2306 3329 2318 3345 ⁶
2340 3331 2478 3376 Perfidia
2505 3332 2589 3363 illius

473 3386 607 3429 cissimae
625 3385 825 3424 offensionem
851 3384 946 3417 RMS.
965 3404 1001 3407 —
1023 3385 1035 3401 ³
1059 3386 1257 3425 Conquerens
1272 3385 1372 3418 ΑΒ.-
1388 3386 1510 3418 Conse·
1554 3388 1691 3425 infanda
1708 3386 1800 3418 RMS.
1821 3405 1855 3410 —
1880 3386 1890 3402 ⁷
1913 3387 2144 3427 Objurqatione
2164 3384 2256 3417 RMS.

472 3449 568 3477 quero-s
590 3439 615 3470 D
634 3450 819 3481 perperam.
838 3459 871 3464 —
887 3440 899 3456 ⁴
920 3441 1119 3473 Communem
1140 3449 1266 3473 naturoe
1290 3445 1383 3474 ritum
1411 3441 1504 3474 RMS.
1944 3436 1946 3439 ¹
2147 3462 2171 3492 χ
