2970 4152
809 408 892 454 DE
927 404 1206 454 DIONYSIO
1243 403 1624 452 AREOPAGITA
1657 402 1960 450 EPISTOLA.
2360 400 2455 450 683

327 506 631 572 praesentiam
643 504 717 551 sui
732 502 1016 551 reddebat.»
1031 505 1194 548 Exstat
1216 499 1424 564 denique
1447 499 1547 562 ejus
1571 498 1774 564 epistola
1789 498 1850 545 ad
1872 496 2260 545 Lacedaemonios
2282 497 2459 561 scripta

326 587 385 635 de
409 587 651 635 Catholica
662 584 790 647 fide,
820 594 867 632 et
886 587 899 609 ¹
921 584 1013 631 alia
1033 582 1095 630 ad
1114 581 1427 629 Athenienses
1443 581 1529 640 ,in
1558 597 1656 645 qua
1676 578 1739 627 ad
1761 579 2006 643 Evangelii
2027 577 2361 626 credulitatem
2382 578 2458 625 in-

328 669 447 716 vitat
467 678 515 715 et
536 667 747 715 concitat
778 666 1005 713 seniores.
1034 666 1092 710 Et
1113 661 1231 710 illud
1255 661 1474 725 designat
1494 662 1544 708 in
1567 661 1738 708 eadem
1769 660 1969 726 epistola
1984 697 1996 719 ,
2034 658 2168 725 quod
2200 658 2459 723 Dionysius

329 749 657 815 Areopagites,
695 748 779 812 qui
812 746 874 794 ab
902 745 1122 811 apostolo
1156 743 1303 792 Paulo
1337 744 1596 790 instructus
1624 742 1827 790 credidit
1857 742 2046 789 Christo
2062 779 2074 802 ,
2107 740 2374 790 secundum
2404 756 2459 787 ea

329 845 437 893 quae
472 830 523 876 in
557 827 893 905 Assostoloram
930 825 1123 873 Actibus
1161 825 1473 889 designantur
1487 827 1518 883 ²,
1555 824 1738 888 primus
1783 823 1912 888 apud
1944 822 2153 870 Athenas
2187 822 2248 870 ab
2285 821 2459 869 eodem

330 909 551 974 apostolo
574 910 827 975 episcopus
850 909 991 955 fuerit
1021 908 1288 955 ordinatus.
1314 906 1408 953 Sed
1433 916 1481 953 et
1505 906 1850 969 Hieronymus,
1877 905 1978 964 ille,
2003 905 2225 969 inquam,
2252 902 2460 951 ecclesiae

330 988 505 1037 doctor
518 989 751 1053 egregius,
768 1005 911 1054 super
932 988 1026 1035 hoc
1050 989 1156 1052 ipso
1178 988 1228 1034 in
1251 986 1377 1033 libro
1398 985 1456 1032 de
1477 984 1746 1033 Illa-§tribus
1765 988 1809 1031 V
1810 986 1897 1031 liris
1918 985 1984 1031 ita
2005 984 2245 1031 meminit³
2269 1001 2280 1029 :
2310 1002 2332 1027 «
2348 983 2462 1029 Dio·

331 1069 494 1134 nysius
530 1069 895 1116 Corinthiorum
928 1068 1136 1116 ecclesiae
1166 1068 1418 1132 episcopus
1451 1076 1594 1114 tantae
1616 1065 1899 1130 eloquentiae
1927 1065 2014 1112 fuit
2042 1076 2091 1113 et
2117 1064 2383 1124 industriae,
2409 1073 2463 1110 ut

332 1167 433 1198 non
463 1150 621 1198 solum
647 1167 743 1198 suae
764 1150 967 1197 civitatis
998 1160 1046 1197 et
1079 1149 1339 1214 provinciae
1361 1147 1591 1214 populos,
1619 1147 1704 1195 sed
1727 1157 1774 1194 et
1796 1147 1997 1194 aliarum
2027 1147 2387 1212 provinciarum
2416 1155 2463 1192 et

333 1229 526 1278 urbium
561 1231 771 1296 epistolis
808 1231 1035 1278 erudiret.
1061 1233 1099 1276 E
1123 1229 1297 1295 quibus
1328 1246 1427 1277 una
1457 1239 1528 1277 est
1562 1228 1624 1277 ad
1655 1227 2043 1276 Lacedaemonios
2058 1265 2070 1287 ‚
2096 1227 2211 1275 alia'·
2233 1226 2295 1275 ad
2319 1226 2462 1274 Athe·

333 1311 545 1370 nienses,
574 1322 621 1359 et
642 1322 827 1360 caetera.
858 1330 882 1357 »
908 1316 967 1358 Et
1000 1321 1111 1376 post
1138 1328 1291 1376 pauca
1318 1330 1328 1358 :
1358 1329 1382 1355 «
1411 1310 1591 1358 Claruit
1611 1309 1702 1358 sub
1723 1310 2013 1375 imperatore
2034 1311 2196 1355 Marco
2218 1307 2465 1355 Antonino

334 1393 461 1438 Vero
484 1401 531 1438 et
553 1392 699 1438 Lucio
723 1391 916 1438 Aurelio
939 1391 1229 1438 Commodo.
1260 1409 1284 1435 »
1310 1394 1446 1437 Nunc
1465 1401 1512 1438 et
1534 1391 1680 1455 ipsius
1703 1390 1840 1437 Bedae
1858 1389 2006 1436 verba
2023 1405 2286 1454 ponamus,
2311 1387 2393 1451 qui
2415 1388 2465 1434 in

334 1471 668 1536 explanatione
695 1474 900 1518 Aetnam
924 1471 1282 1535 Apostolorum,
1322 1487 1381 1518 eo
1410 1470 1634 1518 videlicet
1661 1470 1771 1518 loco
1803 1487 1901 1535 quo
1931 1469 2106 1517 dicitur
2127 1473 2141 1496 ⁶
2168 1489 2178 1517 ε
2223 1490 2246 1515 «
2276 1473 2330 1516 In
2356 1469 2464 1534 qui-

253 1559 256 1563 '
335 1550 425 1598 bus
448 1561 496 1599 et
516 1552 773 1616 Dionysius
805 1553 1111 1616 Areopagita‚
1141 1571 1165 1596 »
1192 1553 1257 1599 ait
1280 1553 1347 1599 sic
1376 1570 1386 1599 :
1416 1571 1440 1597 «
1466 1553 1554 1600 Hic
1576 1563 1646 1600 est
1674 1552 1954 1616 Dionysius,
1981 1552 2087 1616 qui,
2116 1552 2166 1598 in
2190 1553 2468 1616 episcopatu

336 1631 610 1693 ordinatus,
636 1632 1002 1680 Corinthiorum
1024 1632 1229 1696 gloriose
1250 1633 1370 1680 rexit
1391 1633 1664 1692 ecclesiam,
1690 1632 1937 1697 multaque
1958 1632 2020 1679 ad
2042 1632 2295 1679 utilitatem
2318 1629 2468 1678 eccle-

336 1713 414 1760 siae
435 1713 747 1778 pertinentia,
773 1730 878 1778 quae
899 1712 1132 1760 hactenus
1155 1723 1373 1774 manent,
1402 1713 1580 1777 ingenii
1598 1713 1672 1760 sui
1690 1712 1937 1760 volumina
1959 1712 2171 1777 reliquit,
2197 1726 2469 1775 cognomen

338 1810 367 1841 a
393 1792 503 1840 loco
533 1794 611 1840 cui
643 1803 843 1859 praeerat
873 1794 1130 1859 accipiens.
1157 1796 1431 1859 Areopagus
1465 1794 1595 1841 enim
1630 1804 1701 1841 est
1732 1792 2028 1840 Athenarum
2053 1793 2207 1852 curia,
2239 1807 2420 1838 nomen
2444 1807 2473 1837 a

338 1874 488 1921 Marte
513 1873 725 1933 trahens3
752 1873 990 1939 siquidem
1011 1877 1174 1921 Graece
1196 1876 1320 1922 Mars
1346 1876 1510 1935 Arios,
1534 1874 1648 1922 villa
1676 1874 1850 1921 dicitur
1866 1889 2014 1939 pagos
2036 1875 2065 1920 ⁶.
2094 1893 2118 1918 υ
2146 1873 2359 1921 Inductis
2382 1873 2471 1922 ita-

339 1970 460 2019 que,
485 1954 606 2002 sicut
627 1955 968 2020 proposuimus
984 1993 995 2015 ,
1021 1954 1408 2015 auctoritatibus,
1433 1972 1623 2015 earum,
1648 1955 1770 2002 sicut
1791 1955 2122 2021 promisimus,
2149 1954 2474 2002 diversitatem

341 2043 423 2081 aut
442 2033 811 2098 repugnantiam
831 2034 1210 2082 consideremus.
1223 2035 1460 2083 Videntur
1485 2046 1645 2083 autem
1662 2034 1768 2082 duae
1792 2051 1937 2100 supra
1958 2036 2124 2101 positae
2146 2034 2471 2092 auctoritates,

341 2130 445 2179 quae
479 2113 570 2160 sibi
598 2130 825 2161 consonae
861 2124 1000 2174 sunt,
1038 2115 1311 2162 auctoritati
1344 2115 1483 2162 Bedae
1521 2116 1724 2163 omnino
1758 2116 2026 2163 contrariae.
2068 2118 2136 2162 Ex
2172 2113 2263 2161 illis
2297 2114 2476 2179 quippe

341 2204 504 2260 aperte
525 2195 828 2241 convincitur
852 2194 999 2242 alium
1025 2195 1166 2242 fuisse
1198 2196 1485 2260 Dionysium
1506 2197 1865 2261 Areopagitam,
1890 2196 2037 2244 alium
2065 2195 2353 2260 Dionysium
2384 2197 2476 2241 Co-

341 2274 632 2322 rinthiorum
658 2275 955 2341 episcopum.
978 2279 1120 2335 Nam,
1141 2277 1275 2340 juxta
1296 2277 1678 2324 Ecclesiasticam
1707 2279 1993 2335 Historiam,
2026 2277 2284 2342 Dionysius
2306 2277 2476 2324 Corin·

343 2355 557 2402 thiorum
579 2356 832 2421 episcopus
855 2357 916 2404 de
938 2358 1171 2421 Dionysio
1193 2359 1475 2423 Areopagita
1497 2359 1740 2423 scripsisse
1762 2359 2060 2424 perhibetur,
2086 2368 2133 2405 et
2154 2357 2337 2405 ibidem
2361 2358 2477 2404 Dio-

343 2435 506 2499 nysius
529 2435 813 2499 Areopagita
833 2435 1195 2483 Atheniensium
1218 2437 1360 2484 fuisse
1383 2438 1637 2503 episcopus
1653 2438 1935 2502 assignatur.
1952 2441 2048 2485 Nec
2069 2438 2228 2485 minus
2251 2453 2306 2484 ex
2321 2436 2479 2484 verbis

300 2523 304 2528 ’
346 2514 629 2578 Hieronymi
654 2513 801 2561 alium
822 2513 955 2561 hunc
978 2531 1105 2575 esse,
1132 2532 1278 2580 quam
1301 2516 1437 2563 illum
1466 2527 1688 2582 apparet,
1720 2534 1872 2582 quum
1893 2516 2116 2564 videlieet
2138 2517 2266 2564 dicat
2295 2516 2479 2580 Diony-

345 2595 470 2642 sium
491 2594 854 2642 Corinthiorum
877 2595 1159 2661 episcopum
1186 2596 1277 2644 sub
1299 2600 1461 2645 Marco
1484 2599 1730 2646 Antonino
1760 2608 1808 2645 et
1834 2599 1982 2651 Lucio
2005 2597 2197 2646 Aurelio
2235 2597 2483 2656 claruisse„

346 2678 545 2723 Constat
566 2675 744 2740 quippe
775 2675 1062 2740 Dionysium
1080 2677 1416 2743 Areopagitam
1430 2715 1441 2736 ,
1467 2678 1551 2742 qui
1587 2677 1926 2743 praedicatiore
1947 2678 2079 2726 Pauli
2101 2695 2362 2726 conversus
2384 2687 2477 2736 est,

346 2765 565 2821 tempore
581 2755 757 2803 Christi
779 2766 827 2803 et
849 2756 1183 2822 apostolorum
1205 2758 1453 2817 exstitisse,
1474 2775 1530 2806 ac
1545 2759 1648 2823 Jam
1668 2760 1828 2807 virum
1849 2758 2069 2807 adultum
2091 2759 2214 2808 adeo
2238 2759 2404 2819 fuisse,
2429 2768 2482 2807 ut

348 2851 549 2882 uxorem
584 2835 830 2882 Damarim
855 2835 957 2899 jam
979 2845 1095 2883 tunc
1117 2853 1230 2883 eum
1256 2847 1445 2886 constet
1472 2837 1697 2887 habuisse
1724 2857 1734 2887 :
1762 2839 1823 2886 de
1854 2855 1951 2905 qua
1982 2840 2162 2905 pariter
2197 2856 2310 2887 cum
2343 2854 2402 2887 eo
2431 2838 2482 2886 in

349 2915 541 2963 Actibus
581 2916 917 2981 Apostolorum
957 2916 1011 2964 fit
1052 2920 1469 2968 commemoratio.
1516 2919 1655 2967 Unde
1696 2930 1744 2968 et
1775 2920 1957 2968 ibidem
1989 2921 2221 2986 scriptum
2256 2918 2480 2977 habetur,

350 2995 485 3062 quod
505 2998 520 3021 ⁷
546 3015 569 3041 «
595 2996 796 3061 quidam
827 2996 918 3044 viri
956 2996 1253 3046 adhaerentes
1287 2999 1435 3047 Paulo
1473 3000 1807 3061 crediderunt,
1843 3001 1893 3047 in
1930 3000 2105 3065 quibus
2142 3011 2190 3048 et
2227 2998 2484 3064 Dionysius

353 3075 659 3141 Areopagita,
686 3086 734 3124 et
760 3075 932 3124 mulier
954 3078 1152 3126 nomine
1173 3080 1417 3140 Damaris,
1444 3090 1492 3128 et
1513 3080 1593 3128 alii
1614 3097 1726 3128 cum
1748 3081 1831 3139 eis.
1864 3099 1886 3126 υ
1912 3084 1945 3128 Α
1972 3090 2191 3146 tempore
2220 3090 2381 3128 autem
2407 3077 2483 3125 Ti-

352 3156 474 3205 berii
492 3157 708 3217 Caesaris,
733 3156 823 3205 sub
845 3175 944 3223 quo
965 3160 1204 3208 Dominus
1225 3178 1392 3228 passus
1411 3172 1504 3222 est,
1529 3178 1682 3228 usque
1705 3162 1767 3210 ad
1791 3173 2011 3228 tempora
2033 3162 2372 3228 praedictorum
2391 3162 2484 3210 im-

353 3246 630 3301 peratorum
644 3274 656 3298 ,
681 3237 771 3285 sub
789 3237 965 3302 quibus
984 3239 1242 3304 Dionysius
1264 3241 1627 3290 Corinthiorum
1649 3242 1874 3291 claruisse
1900 3242 2091 3303 dicitur,
2119 3241 2323 3308 amplius
2339 3256 2485 3306 quam

402 3387 414 3405 ¹
443 3388 483 3421 Ue
512 3387 609 3422 Δηὼ.
633 3406 672 3414 -
695 3388 708 3406 ¹
724 3389 798 3423 Act.
831 3391 959 3431 Apost„
990 3400 1065 3434 cap.
1094 3401 1161 3424 xvu
1174 3416 1184 3432 ,
1212 3402 1244 3425 v.
1275 3393 1330 3426 3⁴.
1350 3409 1395 3419 -
1447 3394 1575 3436 Apost„
1590 3404 1665 3438 cap.
1679 3405 1808 3427 xvu.—-
1823 3394 1836 3413 ⁸
1849 3392 1944 3441 Ἄρης,
1960 3398 2060 3439 πάγος
2073 3393 2223 3429 Amb.—
2249 3393 2344 3427 Ἀσε.
2360 3393 2486 3435 Δροεε.,

356 3442 461 3488 ⁸Cap.
478 3455 581 3486 xxvu,
602 3446 684 3488 Opp.
700 3452 725 3479 t.
742 3445 798 3488 Ν,
818 3457 855 3490 p.
871 3447 920 3487 ll,
939 3446 1005 3480 col.
1027 3449 1104 3481 111.
1120 3465 1158 3471 —
1187 3446 1287 3482 ‘Alia
1301 3449 1395 3484 deest
1448 3461 1525 3494 cap.
1539 3461 1623 3491 xvn,
1637 3463 1668 3485 v.
1684 3452 1738 3484 34.

358 3498 453 3534 Δηὼ.
467 3518 508 3526 -
523 3500 538 3519 ⁸
552 3501 633 3536 Bed.
650 3501 748 3544 Van..
771 3503 869 3546 opp„
896 3509 921 3536 t.
950 3502 991 3544 V,
1015 3503 1081 3538 col.
1105 3504 1183 3539 656.
1207 3505 1297 3548 Exp.
1319 3507 1392 3540 Act.
