2970 4152
1000 451 1311 529 EXPOSITIO
1346 452 1406 500 IN
1438 452 1829 501 HEXAMERON.
2378 452 2472 501 643

359 551 532 599 mentis
554 560 601 597 et
624 549 1027 613 effectumssoperis
1048 546 1342 611 accepimus,
1370 546 1436 592 ita
1459 545 1624 592 tamin
1646 545 1742 608 hoc
1765 545 1875 593 loco
1901 560 2048 610 quam
2069 545 2119 592 in
2142 546 2320 592 caeteris
2340 546 2477 593 intel-

358 627 604 697 ligendum
641 641 728 678 est.
771 629 881 677 Tale
912 638 982 676 est
1022 645 1135 692 ergo
1174 643 1324 699 quum
1348 622 1407 673 *in
1440 624 1533 673 hac
1570 628 1850 692 operatione
1880 627 1957 674 vel
1986 628 2036 674 in
2073 627 2251 674 caeteris
2282 626 2473 686 dicitur,

364 731 390 758 «
408 712 586 760 factum
620 721 690 758 est
722 725 919 775 vespere
947 719 994 757 et
1027 725 1169 756 mane
1202 707 1304 759 dies
1337 723 1486 766 unus,
1515 725 1540 750 »
1576 716 1808 771 tanquam
1831 707 1870 754 si
1897 707 2135 754 diceretur
2156 706 2297 771 hujus
2320 708 2477 772 operis

361 792 557 840 effectus
580 792 663 856 qui
687 804 773 856 per
796 790 923 837 hanc
947 788 1076 836 diem
1099 788 1392 852 designatur,
1417 787 1484 833 ita
1511 786 1572 834 ad
1602 803 1744 835 mane
1771 787 2035 852 productus
2064 788 2185 834 sicut
2209 788 2257 834 in
2281 804 2480 852 vespera

362 872 471 930 fuit,
511 873 606 919 hoc
644 882 714 919 est
747 872 812 918 ita
848 870 1023 918 visibili
1057 886 1203 935 opere
1235 868 1502 934 completus
1517 906 1528 927 ,
1567 869 1690 915 sicut
1723 869 1774 915 in
1805 879 1966 916 mente
1999 868 2162 916 divina
2198 870 2355 934 primo
2394 868 2482 915 fuit

362 953 647 1018 dispositus,
688 962 915 1017 tanquam
942 951 1111 999 eadem
1139 952 1199 998 sit
1229 951 1465 998 sententia
1487 951 1718 1015 cujusque
1747 951 1907 1015 operis
1938 951 1988 997 in
2021 952 2291 998 novissimis
2325 951 2483 998 verbis

362 1049 468 1098 quae
489 1033 538 1080 in
561 1032 803 1098 prioribus
822 1033 958 1097 quasi
981 1031 1043 1078 ad
1065 1032 1355 1096 principium
1373 1030 1482 1077 finis
1505 1030 1779 1077 reducatur.
1808 1030 1941 1078 Idem
1959 1032 2136 1096 quippe
2159 1042 2230 1079 est
2250 1043 2483 1097 quantum

360 1113 425 1161 ad
459 1130 680 1172 sensum,
717 1125 867 1177 quum
898 1113 947 1159 in
979 1111 1177 1175 singulis
1208 1110 1435 1176 operibus
1465 1110 1784 1176 praemittitur,
1812 1111 1931 1158 dixit
1960 1114 2088 1159 Deus
2123 1131 2133 1158 :
2167 1113 2268 1160 Fiat
2287 1113 2406 1172 hoc,
2439 1124 2486 1161 et

360 1194 542 1251 ,factum
561 1203 631 1241 est
654 1212 664 1240 ε
692 1193 826 1258 quod
848 1203 896 1240 et
917 1193 967 1239 in
990 1191 1086 1239 fine
1107 1190 1413 1256 subponitur,
1439 1207 1590 1255 quum
1612 1190 1787 1238 dicitur
1809 1191 1923 1255 quia
1943 1191 2086 1256 hujus
2108 1192 2203 1240 diei
2219 1193 2398 1241 factum
2417 1203 2487 1241 est

358 1265 560 1339 {vespere
582 1283 629 1320 et
651 1289 792 1320 mane
819 1272 920 1319 dies
947 1287 1094 1331 unus,
1123 1270 1219 1318 hoc
1243 1280 1314 1318 est
1341 1270 1483 1334 hujus
1508 1270 1802 1336 operationis
1832 1271 2131 1336 complexio,
2166 1273 2289 1319 sicut
2310 1272 2410 1336 ejus
2437 1273 2486 1319 in

355 1342 466 1410 iDeo
488 1363 791 1419 praecesserat
813 1352 1082 1417 dispositio.
1109 1350 1387 1398 Notandum
1411 1367 1526 1398 vero
1540 1388 1551 1410 ,
1577 1361 1631 1398 ut
1647 1367 1794 1417 supra
1812 1366 2008 1416 quoque
2030 1352 2361 1412 meminimus,
2388 1369 2486 1399 non

360 1419 430 1497 'ita
452 1434 501 1480 in
524 1433 617 1480 hac
639 1432 719 1480 die
740 1432 833 1479 dici
862 1450 873 1479 :
903 1451 926 1477 «
948 1434 1007 1478 Et
1028 1431 1148 1478 vidit
1182 1434 1310 1478 Deus
1341 1430 1473 1495 quod
1505 1441 1626 1478 esset
1655 1431 1869 1491 bonum,
1895 1450 1918 1475 »
1952 1432 2073 1479 sicut
2095 1432 2143 1478 in
2169 1431 2371 1489 caeteris,
2396 1431 2490 1478 hoc

364 1503 437 1561 'est
461 1529 562 1560 non
586 1513 651 1559 ita
672 1515 828 1559 Deum
850 1510 1143 1577 approbasse
1165 1512 1498 1576 operationem
1519 1510 1662 1575 hujus
1683 1510 1779 1558 diei
1806 1511 1928 1558 sicut
1948 1511 2266 1576 reliquorum,
2294 1520 2491 1576 propter

395 1609 475 1642 am
495 1594 716 1642 videlicet
738 1609 931 1641 causam
959 1609 1105 1658 quam
1128 1593 1230 1657 jam
1256 1592 1578 1652 reddidimus,
1603 1592 1699 1640 hoc
1724 1602 1796 1640 est
1816 1608 1968 1658 quum
1992 1592 2213 1640 nondum
2241 1609 2331 1639 nos
2353 1592 2492 1639 faciat

363 1604 495 1748 thus
512 1675 675 1722 videre
697 1674 813 1739 quid
835 1674 955 1722 boni
976 1674 1053 1723 vel
1075 1674 1288 1722 utilitatis
1309 1672 1485 1720 habeat
1518 1673 1597 1720 illa
1626 1674 1928 1739 superiorum
1957 1689 2191 1738 aquarum
2220 1673 2486 1738 suspensio.

365 1754 460 1827 §ed
479 1771 570 1802 nec
590 1755 678 1802 ista
700 1755 872 1802 divisio
896 1771 1132 1819 aquarum
1158 1753 1300 1801 laude
1322 1753 1468 1818 digna
1494 1753 1596 1801 visa
1627 1763 1720 1813 est,
1755 1769 1906 1818 quum
1933 1753 2154 1801 nondum
2175 1770 2310 1817 aquae
2332 1752 2493 1799 divisae

367 1835 433 1882 ita
455 1828 700 1881 collocatae
721 1843 769 1881 et
790 1833 1007 1881 stabilitae
1028 1843 1188 1893 erant,
1214 1843 1267 1880 ut
1286 1848 1611 1898 permansurae
1639 1833 1850 1892 fuerant,
1882 1842 1930 1880 et
1951 1833 2272 1880 necessarium
2302 1842 2403 1879 erat
2430 1830 2492 1878 ad

368 1915 662 1962 creationem
684 1931 846 1962 rerum
870 1914 1154 1963 futurarum.
1180 1913 1349 1962 Adhuc
1377 1915 1507 1962 enim
1535 1914 1784 1962 inferiores
1807 1931 1941 1979 aquae
1966 1915 2015 1961 in
2040 1930 2192 1961 unum
2214 1924 2352 1961 erant
2373 1928 2492 1960 con·

368 1994 642 2058 gregandae,
666 2005 718 2042 ut
736 2005 987 2060 appareret
1009 1995 1159 2042 arida.
1185 1995 1403 2059 Denique
1427 2011 1516 2042 nec
1538 1994 1668 2042 illam
1691 1994 1991 2059 corporalem
2018 1995 2321 2059 superiorum
2344 2008 2492 2058 aqua·

366 2089 477 2122 rum
504 2075 896 2140 suspensionem,
937 2085 988 2122 ut
1016 2075 1293 2122 universum
1323 2075 1567 2140 operirent
1591 2074 1854 2133 mundum,
1886 2074 2230 2122 commendare
2258 2073 2494 2138 Propheta

368 2155 543 2215 voluit,
569 2155 830 2221 providens
852 2156 1147 2222 baptismum
1169 2156 1218 2203 in
1242 2156 1378 2220 aquis
1402 2156 1615 2203 futurum
1638 2155 1699 2203 ad
1721 2155 1987 2220 quamlibet
2007 2166 2315 2221 peccatorum
2338 2154 2497 2201 multi-

368 2219 586 2306 ludinem
611 2237 925 2302 operiendam
948 2238 996 2284 in
1020 2237 1095 2284 his
1117 2237 1430 2302 superpositis
1453 2237 1587 2301 aquis
1612 2236 1822 2301 figurari.

1231 2388 1291 2417 DE
1323 2387 1489 2418 TERTIA
1522 2387 1600 2418 DIE
1606 2407 1616 2417 .

438 2499 461 2524 «
483 2480 611 2527 Dixit
632 2497 747 2527 vero
770 2482 897 2527 Deus
919 2499 929 2526 :
949 2482 1315 2544 Congregentur
1338 2496 1489 2545 aquae.
1503 2512 1506 2514 ,
1521 2499 1543 2524 »
1570 2480 1852 2528 Inferiorem
1875 2489 2011 2528 terrae
2031 2482 2301 2545 regionem,
2330 2482 2378 2527 in
2401 2497 2498 2544 qua

370 2557 621 2631 hominem
645 2563 772 2608 Deus
793 2570 1038 2607 creaturus
1061 2570 1108 2607 et
1129 2560 1450 2608 collocaturus
1473 2570 1574 2608 erat
1602 2561 1669 2619 ei,
1700 2570 1846 2625 prout
1874 2562 2193 2608 necessarium
2220 2570 2344 2619 erat,
2376 2577 2495 2625 prae·

368 2650 530 2720 parat3
569 2640 859 2688 inundantes
889 2640 1110 2687 videlicet
1134 2657 1282 2705 aquas
1316 2656 1344 2688 a
1375 2640 1626 2706 superficie
1655 2651 1790 2688 terrae
1812 2641 2133 2701 removendo,
2166 2651 2310 2706 atque
2344 2641 2495 2706 ipsam

370 2729 548 2769 terram
571 2721 731 2768 herbis
754 2731 801 2768 et
822 2721 1073 2769 arboribus
1095 2721 1417 2769 venustando.

441 2822 464 2847 «
482 2804 598 2860 Quae
619 2802 708 2849 sub
731 2802 852 2849 coelo
875 2812 1003 2850 sunt.
1025 2822 1048 2847 »
1074 2806 1177 2850 Hoc
1199 2802 1375 2850 dicitur
1397 2802 1459 2851 ad
1482 2802 1803 2850 differentiam
1826 2819 1991 2851 earum
2013 2820 2117 2869 quae
2140 2820 2282 2869 super
2300 2803 2491 2861 coelum,

373 2881 421 2928 id
447 2892 517 2929 est
539 2881 898 2930 firmamentum
915 2919 927 2941 ,
953 2899 1191 2948 suspensae
1213 2892 1340 2930 sunt.

442 2982 464 3008 «
485 2966 539 3010 In
562 2963 723 3010 locum
745 2981 915 3011 unum.
942 2983 965 3008 »
989 2967 1094 3012 Hoc
1116 2975 1210 3025 est,
1241 2974 1295 3012 ut
1322 2980 1422 3012 non
1446 2964 1547 3029 jam
1574 2974 1729 3013 totam
1761 2965 2042 3030 cooperiant
2073 2975 2273 3022 terram,
2303 2963 2387 3011 sed
2422 2980 2497 3011 ce-

374 3043 542 3091 dentes
564 3044 613 3089 in
638 3060 785 3091 unam
807 3054 993 3109 partem
1015 3054 1173 3104 terrae,
1200 3044 1342 3093 aliam
1363 3044 1676 3092 habitabilem
1699 3044 1959 3110 praebeant.

443 3142 466 3167 «
490 3126 782 3188 Factumque
805 3134 875 3171 est
897 3125 979 3171 ita.
1005 3143 1027 3168 υ
1052 3124 1107 3171 Id
1130 3134 1201 3172 est
1222 3124 1505 3172 cedentibus
1527 3125 1662 3190 aquis
1691 3126 1740 3172 in
1770 3140 1917 3172 unam
1945 3134 2132 3190 partem
2159 3134 2318 3183 terrae,
2350 3124 2497 3171 altera

375 3204 563 3252 detecta
600 3214 693 3263 est,
736 3206 858 3252 sicut
893 3205 1124 3271 scriptum
1162 3216 1233 3253 est
1266 3225 1276 3253 :
1308 3207 1451 3265 «Qui
1480 3206 1698 3254 fundavit
1725 3216 1902 3254 terram
1931 3223 2074 3271 super
2110 3222 2274 3270 aquas.
2301 3224 2324 3250 »
2351 3207 2497 3263 Quasi

376 3283 506 3332 enim
529 3284 698 3349 aliquis
722 3284 891 3349 globus
915 3285 981 3332 ita
1003 3285 1052 3332 in
1076 3301 1201 3351 aqua
1222 3287 1557 3346 constituatur,
1583 3296 1637 3333 ut
1658 3302 1755 3334 una
1776 3302 1885 3351 pars
1907 3287 2007 3350 ejus
2028 3286 2406 3351 superemineat3
2433 3287 2495 3333 ita

377 3364 454 3412 ille
478 3364 646 3428 globus
668 3375 804 3414 terrae
829 3367 876 3413 in
902 3367 1036 3431 aquis
1059 3367 1256 3427 insedit,
1280 3378 1332 3415 ut
1353 3385 1410 3415 ex
1432 3384 1529 3415 una
1555 3360 1690 3433 parte
1710 3384 1821 3415 eum
1844 3384 1976 3415 mare
1997 3368 2317 3432 contingeret,
2344 3378 2391 3415 et
2412 3385 2497 3432 per

380 3461 525 3493 venas
549 3447 649 3510 ejus
671 3464 721 3494 se
745 3447 1020 3495 infunderet
1035 3486 1046 3507 ,
1072 3448 1201 3496 unde
1221 3448 1362 3496 nobis
1385 3448 1540 3496 sontes
1565 3449 1640 3496 vel
1664 3449 1865 3496 flumina
1885 3459 2210 3497 nascerentur.
2234 3449 2377 3511 Cujus
2398 3449 2498 3512 qui-

381 3526 493 3573 dem
516 3528 661 3574 maris
689 3545 812 3592 aqua
843 3530 891 3575 in
924 3546 1076 3576 unum
1112 3529 1260 3578 modo
1292 3540 1577 3594 congregata
1611 3530 1897 3595 profundior
1930 3531 2052 3578 sacta
2087 3541 2157 3578 est
2191 3546 2337 3595 quam
2366 3530 2495 3594 prius
