2970 4152
1263 384 1580 431 ErisTOLAE.
1666 349 1669 351 ¹
2373 382 2465 427 ⁴77

350 480 466 544 quid
496 480 681 527 futurus
712 480 785 526 sit.
814 498 837 523 »
865 482 983 526 Item
1002 480 1014 503 ³
1048 497 1059 524 :
1102 497 1126 523 α
1147 480 1242 525 Cor
1265 479 1551 543 sapientium
1574 479 1656 525 ubi
1687 479 1870 526 tristitia
1908 488 1993 526 est.
2021 495 2045 522 υ
2081 477 2323 525 Defunctae
2354 492 2466 523 vero

349 560 687 625 corpusculum
716 577 745 607 a
773 559 1018 607 sororibus
1047 558 1204 606 statim
1230 558 1473 619 abluatur,
1502 569 1549 606 et
1572 558 1728 623 aliqua
1755 559 1862 619 vili,
1892 559 1976 606 sed
2001 557 2183 605 munda
2204 556 2406 604 interula
2424 566 2468 602 et

348 641 506 705 caligis
523 641 747 688 indutum
759 641 932 688 feretro
950 640 1226 706 imponatur
1242 675 1256 700 ,
1278 638 1387 686 velo
1404 640 1557 704 capite
1575 639 1823 687 obvoluto.
1847 641 1963 696 Quae
1978 637 2174 703 quidem
2188 636 2469 684 indumenta

348 720 546 768 firmiter
569 721 761 785 corpori
784 716 1077 766 consuantur
1099 719 1198 766 sive
1229 718 1462 783 ligentur,
1492 736 1582 766 nec
1606 719 1802 766 ulterius
1837 728 2132 766 moveantur.
2165 720 2327 783 Ipsum
2359 731 2468 763 cor-

349 819 438 866 pus
456 819 484 848 a
503 800 746 848 sororibus
756 801 804 846 in
819 800 1063 848 ecclesiam
1087 799 1296 847 delatum
1316 798 1540 846 monachi
1555 816 1706 863 quum
1725 799 1989 864 oportuerit
2001 797 2251 862 sepulturae
2263 795 2467 852 tradant,

349 891 395 928 et
413 898 599 928 sorores
616 882 805 928 interim
831 881 880 926 in
906 880 1116 927 oratorio
1141 878 1418 945 psahnodiae
1451 878 1526 926 vel
1556 878 1852 925 orationibus
1876 878 2057 924 intente
2083 876 2336 924 vacabunt.
2366 875 2471 922 Dia-

349 961 544 1008 conissae
568 978 682 1007 vero
711 959 954 1025 sepultura
981 959 1031 1005 id
1067 969 1254 1006 tantum
1281 976 1377 1024 prae
1413 959 1590 1005 caeteris
1619 958 1792 1006 habeat
1822 958 2021 1004 honoris
2038 993 2050 1016 ,
2093 967 2144 1003 ut
2182 956 2334 1003 cilicio
2366 954 2469 1002 solo

351 1050 504 1087 totum
522 1040 623 1103 ejus
643 1056 819 1104 corpus
837 1038 1135 1098 involvatur,
1159 1049 1204 1086 et
1222 1039 1272 1085 in
1291 1055 1349 1086 eo
1369 1039 1504 1102 quasi
1522 1039 1572 1085 in
1589 1055 1727 1085 sacco
1747 1048 1847 1085 tota
1865 1047 2138 1084 consuatur.

413 1121 639 1167 Vestiaria
663 1130 818 1167 totum
843 1119 976 1184 quod
1012 1119 1072 1165 ad
1108 1136 1271 1166 curam
1305 1119 1914 1184 indumentorumspectat
1953 1118 2251 1184 providebit,
2292 1128 2390 1164 tam
2421 1117 2469 1163 in

349 1201 666 1249 calciamentis
697 1200 874 1248 scilicet
902 1217 1046 1264 quam
1073 1200 1122 1246 in
1148 1201 1326 1246 caeteris
1362 1200 1602 1247 omnibus.
1642 1203 1745 1265 Ipsa
1778 1199 1965 1246 tonderi
1999 1215 2114 1246 oves
2146 1199 2305 1258 faciet,
2343 1198 2472 1244 coria

348 1281 767 1329 calciamentorum
787 1281 1024 1345 suscipiet.
1048 1280 1219 1326 Linum
1239 1296 1320 1327 seu
1340 1280 1499 1326 lanam
1518 1279 1701 1327 excolet
1727 1289 1773 1327 et
1800 1279 2018 1343 colliget,
2048 1289 2094 1326 et
2126 1289 2276 1326 totam
2306 1294 2469 1325 curam

347 1362 547 1410 telarum
572 1361 782 1409 habebit.
813 1360 965 1408 Filum
990 1371 1036 1408 et
1069 1377 1208 1407 acum
1234 1369 1280 1407 et
1305 1360 1491 1408 forfices
1519 1360 1743 1407 omnibus
1769 1360 2068 1407 ministrabit.
2098 1363 2264 1406 Totam
2295 1358 2473 1405 dormi-

348 1443 458 1490 torii
482 1459 645 1490 curam
670 1441 865 1488 habebit
880 1477 892 1501 ,
922 1451 969 1489 et
993 1441 1147 1488 stratis
1166 1440 1390 1488 omnibus
1414 1441 1702 1507 providebit.
1726 1443 1797 1488 De
1822 1441 2096 1488 mantilibus
2119 1457 2312 1505 quoque
2338 1456 2472 1487 men·

348 1539 509 1571 sarum
541 1533 588 1570 et
622 1524 926 1587 manutergiis
958 1532 1004 1570 et
1039 1522 1272 1569 universis
1314 1523 1485 1587 pannis
1529 1540 1694 1570 curam
1728 1533 1864 1587 aget,
1904 1522 2202 1581 incidendis,
2242 1521 2435 1569 suendis
2456 1558 2467 1579 ,

349 1603 613 1651 abluendis.
644 1603 715 1650 Ad
739 1603 865 1650 hanc
887 1604 1092 1650 maxime
1116 1603 1236 1654 illud
1260 1604 1466 1667 pertinet
1488 1622 1498 1650 z
1532 1623 1556 1648 «
1579 1604 1802 1661 Quaesivit
1829 1603 1988 1650 lanam
2013 1613 2060 1650 et
2083 1603 2258 1663 linum,
2293 1613 2340 1649 et
2360 1619 2473 1667 ope-

348 1695 449 1732 rata
477 1694 547 1732 est
566 1684 766 1731 consilio
798 1701 1031 1731 manuum
1060 1700 1255 1731 suarum
1270 1685 1299 1730 ².
1327 1686 1523 1731 Manum
1548 1701 1682 1731 suam
1710 1685 1835 1731 misit
1859 1684 1920 1731 ad
1940 1684 2127 1744 colum,
2156 1694 2203 1731 et
2234 1683 2366 1748 digiti
2400 1684 2470 1730 sui

348 1764 769 1830 apPrehenderunt
788 1765 942 1811 fusum
962 1766 991 1811 ³.
1025 1767 1130 1811 Non
1157 1763 1342 1811 timebit
1364 1763 1532 1811 domui
1550 1781 1645 1812 suae
1665 1782 1691 1812 a
1712 1764 1962 1827 frigoribus
1986 1765 2123 1812 nivis.
2148 1767 2329 1811 Omnes
2349 1764 2476 1810 enim

348 1845 594 1892 domestici
625 1844 724 1908 ejus
750 1845 898 1891 vestiti
926 1844 1196 1909 duplicibus
1214 1881 1226 1903 ,
1263 1854 1310 1891 et
1333 1844 1505 1891 ridebit
1538 1845 1587 1891 in
1612 1845 1689 1892 die
1715 1846 1972 1892 novissimo
1991 1846 2019 1891 ⁴.
2050 1844 2378 1892 Consideravit
2403 1860 2474 1890 se-

347 1925 486 1972 mitas
511 1925 684 1972 domus
713 1942 806 1972 suae
825 1962 837 1984 ,
864 1934 912 1972 et
931 1942 1105 1991 panem
1126 1926 1283 1973 'otiosa
1301 1942 1401 1972 non
1421 1926 1645 1973 comedit.
1669 1928 1987 1974 Sui-rexerunt
2005 1925 2087 1972 filii
2118 1926 2218 1990 ejus
2237 1936 2284 1973 et
2307 1925 2477 1973 beatis-

347 2007 515 2053 simam
552 2006 930 2071 praedicaverunt
967 2022 1073 2053 eam
1090 2009 1119 2053 ⁸.
1148 2025 1170 2051 υ
1202 2009 1311 2053 Haec
1343 2023 1541 2054 suorum
1570 2023 1770 2072 operum
1808 2007 2003 2054 habebit
2042 2008 2389 2067 instrumenta,
2430 2018 2475 2054 et

347 2087 618 2152 providebit
642 2087 703 2135 de
727 2089 824 2135 suis
848 2087 1074 2152 operibus
1093 2124 1105 2148 ,
1135 2105 1240 2153 quae
1264 2088 1438 2153 quibus
1457 2088 1629 2136 debeat
1652 2089 1900 2153 injungere
1929 2089 2190 2136 sororibus.
2215 2092 2320 2154 Ipsa
2348 2090 2476 2136 enim

347 2169 635 2216 novitiarum
660 2186 823 2216 curam
851 2179 958 2233 aget
974 2206 986 2228 ,
1015 2169 1170 2216 donec
1197 2170 1244 2216 in
1271 2170 1690 2234 congregationem
1715 2170 2049 2235 suscipiantur.

411 2249 661 2297 Celleraria
680 2266 844 2297 curam
862 2249 1057 2297 habebit
1075 2249 1136 2296 de
1156 2250 1211 2296 iis
1230 2250 1455 2318 omnibus
1475 2267 1579 2314 quae
1594 2251 1834 2315 pertinent
1854 2250 1914 2298 ad
1935 2251 2112 2298 victum
2133 2286 2145 2310 ,
2171 2249 2232 2297 de
2251 2249 2440 2297 cellario
2462 2287 2473 2309 ,

346 2328 597 2376 refectorio
617 2366 629 2388 ,
658 2330 866 2394 coquina
883 2366 895 2389 ,
932 2329 1213 2377 molendino
1230 2366 1242 2389 ,
1271 2330 1473 2395 pistrino
1499 2347 1610 2377 cum
1639 2330 1781 2377 furno
1798 2367 1810 2390 ,
1840 2330 1901 2377 de
1939 2330 2092 2377 hortis
2125 2323 2268 2377 etiam
2295 2340 2342 2377 et
2369 2331 2478 2376 viri-

348 2408 491 2458 dariis
510 2446 522 2469 ,
552 2420 599 2457 et
624 2427 848 2474 agrorum
868 2420 968 2457 tota
990 2410 1174 2458 cultura
1198 2428 1207 2456 :
1238 2409 1300 2457 de
1319 2409 1487 2476 apibus
1506 2427 1702 2475 quoque
1721 2446 1733 2470 ,
1763 2404 1990 2458 armentis
2010 2421 2057 2458 et
2078 2409 2332 2477 pecoribus
2360 2427 2477 2457 cun-

347 2491 459 2550 ctiS,
500 2507 581 2538 seu
613 2490 778 2538 avibus
809 2491 1098 2539 necessariis.
1130 2489 1200 2537 Ab
1233 2491 1335 2555 ipsa
1364 2491 1631 2555 requiretur
1658 2491 1894 2555 quidquid
1918 2491 1979 2538 de
2013 2476 2136 2538 cibis‘
2160 2491 2477 2538 necessarium

348 2571 450 2618 erit.
480 2573 615 2618 Hanc
635 2571 839 2617 maxime
856 2587 955 2617 non
976 2587 1077 2617 esse
1095 2586 1286 2617 avaram
1306 2571 1531 2617 convenit
1552 2606 1564 2629 ‚
1595 2571 1679 2618 sed
1697 2581 1970 2636 promptam
2001 2581 2048 2618 et
2074 2570 2390 2617 voluntariam
2416 2570 2477 2616 ad

348 2652 511 2698 omnia
532 2652 795 2699 necessaria
821 2650 1087 2698 tribuenda.
1119 2651 1326 2698 Hilarem
1351 2651 1480 2698 enim
1505 2651 1722 2698 datorem
1748 2651 1898 2715 diligit
1917 2654 2060 2698 Deus.
2094 2653 2250 2708 Quam
2276 2651 2476 2697 omnino

347 2731 659 2797 prohibemus
674 2768 686 2790 ,
716 2748 777 2778 ne
796 2731 857 2778 de
874 2731 1297 2778 administrationis
1322 2748 1417 2778 suae
1436 2731 1791 2797 dispensatione
1820 2731 1909 2778 sibi
1936 2732 2085 2795 magis
2117 2748 2263 2795 quam
2293 2730 2394 2777 aliis
2419 2730 2478 2777 sit

348 2812 555 2877 propitia
573 2847 585 2870 ,
615 2828 703 2859 000
735 2812 916 2877 privata
948 2810 1036 2857 sibi
1064 2821 1200 2876 paret
1230 2810 1405 2858 fercula
1425 2847 1437 2870 ,
1466 2828 1556 2858 nec
1585 2811 1673 2858 sibi
1699 2821 1905 2859 reservet
1940 2828 2046 2875 quae
2079 2811 2180 2857 aliis
2209 2810 2472 2857 defraudet.

352 2912 374 2936 «
397 2892 619 2957 Optimus
638 2927 650 2951 ,
678 2910 701 2935 »
741 2891 894 2956 inquit
922 2892 1269 2955 Hieronymus⁶
1290 2927 1302 2951 ,
1341 2911 1363 2935 «
1388 2901 1458 2938 est
1477 2891 1807 2957 dispensator,
1837 2892 1916 2956 qui
1944 2891 2032 2938 sibi
2057 2890 2175 2938 nihil
2203 2900 2425 2937 reservat.
2452 2909 2474 2934 »

350 2971 495 3019 Judas
513 2989 608 3019 suae
624 2971 991 3036 dispensationis
1010 2971 1212 3019 abutens
1236 2971 1396 3019 officio
1414 3008 1426 3032 ,
1456 2989 1606 3036 quum
1637 2972 1827 3020 loculos·
1844 2972 2068 3031 haberet,
2099 2972 2158 3018 de
2188 2981 2312 3018 coetu
2341 2971 2481 3036 periit

349 3052 630 3117 apostolico.
670 3052 874 3099 Ananias
913 3068 1107 3116 quoque
1138 3061 1197 3099 et⁴
1216 3051 1415 3117 Saphira
1451 3068 1573 3099 uxor
1599 3052 1700 3115 ejus
1723 3052 1975 3099 retinendo
2001 3052 2284 3099 sententiam
2314 3051 2480 3098 mortis

351 3142 654 3198 exceperunt.

377 3242 379 3244 -
417 3212 487 3260 Ad
506 3213 764 3278 portariam
783 3249 795 3273 ,
827 3213 924 3260 sive
943 3212 1185 3259 ostiariam
1205 3249 1218 3272 ,
1246 3210 1381 3277 quod
1399 3211 1526 3260 idem
1547 3222 1617 3260 est
1635 3249 1647 3272 ,
1676 3212 1880 3279 pertinet
1904 3212 1966 3260 de
1981 3212 2303 3278 suscipiendis
2321 3212 2479 3277 hospi-

398 3425 406 3441 ¹
436 3426 577 3464 Eccles„
595 3437 668 3469 cap.
685 3437 726 3459 vn
739 3452 746 3464 ‚
765 3437 795 3459 v.
812 3427 845 3459 5.
860 3443 903 3451 —-
925 3425 937 3443 ⁸
956 3427 1070 3466 Prov„
1087 3435 1160 3469 cap.
1182 3437 1281 3465 xxxi,
1298 3436 1329 3458 v.
1349 3427 1401 3458 13.
1420 3443 1461 3450 —
1478 3426 1491 3443 ⁸
1505 3394 1610 3465 lbid„
1631 3438 1661 3458 v.
1683 3427 1734 3458 19.
1751 3443 1793 3450 -
1807 3425 1821 3443 ⁴
1836 3426 1935 3467 lbid.‚
1948 3437 1978 3459 V.
1996 3428 2051 3458 21.
2067 3444 2108 3450 —
2123 3425 2136 3442 ³
2152 3425 2251 3467 thid„
2267 3435 2299 3457 v.
2316 3427 2354 3458 27
2377 3431 2409 3458 et
2423 3426 2477 3457 28.

351 3502 392 3508 —
411 3484 423 3501 ⁸
440 3485 541 3527 Epist.
565 3497 679 3526 xxxiv,
698 3487 743 3518 ad
761 3486 973 3527 Nepotianum
986 3510 996 3523 ,
1017 3486 1098 3527 Opp.
1115 3492 1136 3518 t.
1154 3484 1208 3525 lV,
1223 3485 1285 3517 col.
1305 3486 1379 3517 266.

515 3556 526 3583 ι
2266 3544 2317 3584 23
