2970 4152
503 424 598 471 460
1306 423 1479 470 PETRI
1515 422 1828 471 ABAELARDI

503 518 700 567 indutus
729 519 825 566 suis
852 517 928 565 vel
962 517 1127 565 alienis
1160 516 1398 577 vestibus,
1428 527 1475 565 et
1504 534 1590 583 per
1611 527 1684 564 tot
1719 517 1826 564 loca
1858 526 1958 563 tam
1991 516 2137 581 impie
2172 515 2446 576 distractus,
2471 526 2525 563 ut
2564 516 2625 564 ab

506 600 731 647 omnibus
750 599 899 662 magis
912 597 1218 645 illuderetur?
1233 598 1339 663 quis
1362 598 1577 662 denique
1593 608 1870 644 sanctorum
1891 596 2050 661 ipsum
2062 632 2073 654 ,
2090 612 2188 659 quo
2211 595 2457 643 necandus
2478 606 2622 655 esset,

506 679 772 745 patibulum
794 677 1006 742 bajulare
1029 677 1304 743 compulsus
1327 679 1423 725 est?
1446 678 1574 736 Quid
1603 678 1664 725 ad
1686 677 1804 736 hoc,
1838 675 2029 734 fratres,
2061 675 2347 739 recogitare,
2371 674 2448 722 vel
2470 675 2628 739 dicere

507 760 741 818 valemus,
759 758 850 805 nisi
870 758 988 805 illud
1010 758 1348 823 propheticum
1364 759 1413 805 in
1431 758 1574 805 nobis
1589 774 1777 822 semper
1794 756 2121 819 ingemiscere¹
2143 774 2155 802 ε
2179 754 2346 813 «Quid
2367 755 2630 803 retribuam

507 841 717 887 Domino
749 856 838 904 pro
869 839 1094 886 omnibus
1128 855 1234 903 quae
1266 839 1487 886 retribuit
1522 838 1673 885 mihi?
1701 856 1724 881 υ
1755 846 1802 883 et
1836 853 1925 901 pro
1959 835 2140 883 viribus
2176 835 2351 883 nostris
2381 835 2443 882 ad
2473 835 2628 883 vicem

507 929 650 966 tantae
677 919 883 967 caritatis
918 920 1018 983 ejus
1052 918 1351 967 reddendam
1385 936 1474 966 nos
1514 933 1802 983 praeparare,
1841 916 1961 963 sicut
1998 926 2044 963 et
2081 914 2320 963 subditur’
2346 933 2356 960 ε
2387 913 2631 962 «Calicem

508 998 723 1046 salutaris
746 1000 978 1064 accipiam
991 1037 1002 1059 ‚
1021 1009 1111 1046 etc.
1135 1018 1158 1043 »
1184 999 1328 1056 Quod
1351 1000 1463 1064 quia
1483 999 1659 1046 virium
1681 1006 1956 1044 nostrarum
1978 1014 2079 1044 non
2103 1006 2195 1055 est,
2215 1006 2269 1047 ut
2290 995 2488 1043 calicem
2509 994 2632 1043 salu-

508 1079 621 1125 taris
652 1080 964 1145 accipiamus,
998 1079 1094 1126 hoc
1125 1089 1195 1126 est
1222 1079 1433 1144 passioni
1467 1082 1575 1124 Jesu
1609 1076 1839 1142 patiendo
1867 1076 2300 1134 communicemus,
2338 1084 2386 1121 et
2417 1084 2633 1122 nostram

510 1175 705 1223 quoque
733 1176 925 1206 crucem
952 1159 1214 1223 bajulando
1231 1196 1243 1219 ,
1275 1176 1386 1206 eum
1414 1174 1694 1222 sequamur3
1732 1157 1832 1222 ipse
1867 1173 1951 1204 sua
1974 1157 2123 1221 gratia
2144 1155 2286 1203 nobis
2307 1154 2544 1214 conferat,
2571 1153 2632 1202 ad

510 1240 749 1289 honorem
772 1242 905 1306 cujus
933 1241 1110 1306 ipsam,
1143 1258 1239 1306 qua
1266 1240 1502 1306 redempti
1525 1256 1712 1299 sumus,
1738 1242 1940 1286 Crucem
1969 1238 2046 1285 die
2069 1254 2355 1285 veneramur
2375 1236 2630 1285 hodierna.

513 1324 680 1369 Arnen.

1263 1743 1341 1802 IN
1389 1742 1515 1801 DIE
1562 1741 1892 1801 PASCHAE.

1436 1914 1588 1944 SERMO
1621 1914 1706 1944 XIII
1714 1933 1724 1944 .

582 2037 827 2092 Quantum
865 2033 927 2080 ad
957 2033 1265 2081 devotionem
1301 2033 1376 2080 vel
1406 2033 1644 2081 honorem
1676 2034 1960 2080 feminarum
1997 2033 2230 2098 paschalis
2267 2034 2490 2081 exultatio
2522 2034 2645 2082 sole-

519 2116 726 2163 mnitatis
758 2115 1015 2180 pertineat,
1045 2126 1142 2161 tam
1168 2116 1351 2162 Veteris
1375 2131 1521 2179 quam
1551 2116 1671 2162 Novi
1691 2115 1975 2162 Testamenti
2003 2115 2185 2179 paginae
2216 2125 2461 2163 testantur.
2484 2116 2643 2163 Veteri

517 2196 694 2260 quippe
722 2195 899 2259 pascha
926 2195 974 2241 in
1000 2197 1204 2260 AEgypto
1227 2211 1255 2241 a
1282 2195 1464 2260 populo
1483 2195 1572 2241 Dei
1597 2196 1805 2258 primum
1831 2193 2090 2252 celebrato,
2115 2204 2161 2241 et
2181 2210 2235 2242 ea
2265 2205 2406 2242 nocte
2430 2212 2518 2260 per
2535 2194 2644 2242 sub-

517 2278 804 2324 mersionem
826 2276 1154 2341 AEgyptiorum
1177 2275 1396 2323 fidelibus
1413 2275 1642 2334 liberatis,
1665 2276 1903 2322 canticum
1934 2275 2189 2339 gratiarum
2214 2292 2314 2322 non
2342 2276 2496 2323 solum
2522 2277 2640 2335 viri,

517 2359 602 2406 sed
617 2359 760 2405 etiam
775 2358 978 2416 feminae,
998 2368 1048 2404 ut
1061 2357 1257 2404 Emodus
1273 2367 1449 2417 narrat,
1469 2357 1680 2404 Domino
1698 2356 1993 2421 persolvunt.
2013 2357 2252 2422 Scriptum
2272 2358 2450 2423 quippe
2467 2340 2662 2405 ibidem'

518 2440 638 2485 est³z
670 2456 694 2482 «
718 2441 850 2484 Tunc
881 2437 1053 2484 cecinit
1091 2438 1278 2500 Moyses
1312 2447 1358 2483 et
1391 2436 1473 2483 filii
1510 2436 1652 2483 Israel
1690 2453 1880 2483 carmen
1919 2436 2014 2482 hoc
2038 2436 2274 2497 Domino,
2307 2447 2354 2484 et
2386 2437 2640 2485 dixerunt:

521 2538 544 2562 «
574 2521 832 2566 Cantemus
857 2518 1091 2578 DominO,
1118 2517 1323 2581 gloriose
1353 2518 1506 2576 enim,
1535 2527 1625 2564 etc.
1653 2536 1674 2562 υ
1702 2517 1794 2564 Ubi
1822 2527 1869 2564 et
1893 2517 1954 2565 de
1978 2528 2121 2564 cantu
2140 2535 2334 2583 quoque
2361 2519 2647 2565 feminarum

519 2615 734 2646 seorsum
753 2598 1075 2662 adjungitur'01
1103 2618 1125 2643 «
1143 2598 1354 2662 Sumpsit
1373 2613 1485 2662 ergo
1505 2599 1650 2644 Maria
1674 2598 1990 2663 prophetissa,
2015 2614 2152 2645 soror
2170 2601 2345 2658 Aaron,
2365 2608 2647 2663 tympanum

519 2680 566 2725 in
594 2695 756 2725 manu.
785 2680 1085 2743 Egressaeque
1114 2687 1224 2724 sunt
1248 2694 1417 2724 omnes
1446 2677 1668 2725 mulieres
1693 2687 1802 2743 post
1828 2694 1957 2737 eam,
1986 2694 2095 2724 cum
2125 2678 2362 2742 tympanis
2392 2688 2439 2724 et
2463 2676 2644 2735 choris,

520 2760 693 2823 quibus
728 2758 1038 2825 praecinebat,
1080 2758 1243 2805 dicens
1269 2776 1279 2804 :
1314 2777 1338 2802 «
1362 2761 1619 2805 Cantemus
1649 2758 1883 2817 Domino,
1912 2758 2115 2822 gloriose
2145 2758 2296 2818 enim,
2322 2767 2411 2805 etc.
2445 2777 2469 2802 »
2504 2756 2648 2815 Quod

520 2840 716 2903 quidem
751 2839 1035 2886 feminarum
1071 2838 1310 2884 canticum
1345 2848 1525 2901 quanto
1562 2838 1787 2901 mysterio
1821 2837 2018 2901 plenum
2057 2837 2368 2898 describatur,
2403 2837 2650 2902 diligenter

522 2919 764 2967 attendite.
793 2919 880 2965 Hic
905 2921 1083 2983 quippe
1106 2918 1277 2977 Maria,
1304 2934 1409 2981 quae
1439 2918 1589 2965 choro
1615 2918 1682 2964 illi
1715 2918 1998 2964 feminarum
2024 2918 2336 2983 praecinebat,
2365 2935 2470 2982 quae
2499 2934 2649 2982 quum

521 3002 676 3047 virum
704 3000 927 3047 habuisse
954 3016 1054 3047 non
1086 2999 1284 3063 legatur,
1316 2999 1449 3063 virgo
1476 2999 1766 3063 intelligitur,
1794 3009 1847 3046 ut
1883 3016 1983 3046 non
2016 2999 2171 3046 solum
2202 3016 2321 3047 voce
2343 2999 2540 3059 cantici,
2566 2998 2650 3045 sed

524 3081 662 3127 etiam
688 3080 935 3145 privilegio
962 3079 1202 3143 dignitatis
1225 3079 1411 3143 praeiret
1433 3079 1610 3125 caeteris
1621 3096 1649 3134 ‚·
1660 3095 1760 3125 non
1785 3078 1942 3149 solum
1964 3089 2177 3127 cantasse
2198 3089 2508 3138 memoratur,
2530 3079 2651 3125 sicut

525 3161 709 3222 Moyses
727 3160 803 3206 vel
821 3160 1051 3225 populus3
1075 3159 1159 3206 sed
1176 3159 1316 3206 etiam
1342 3158 1600 3223 prophetes
1619 3174 1720 3206 esse
1737 3158 2036 3219 describitur,
2060 3170 2108 3207 et
2129 3169 2412 3224 tympanum
2435 3160 2485 3206 in
2504 3175 2649 3205 manu

524 3238 748 3285 tenuisse.
767 3239 894 3296 Quid
912 3240 1041 3286 enim
1053 3239 1330 3305 prophetes,
1352 3239 1442 3286 nisi
1460 3238 1626 3291 videns
1644 3239 2012 3304 interpretatur?
2032 3242 2194 3298 Quum
2212 3240 2446 3287 visionem
2464 3249 2648 3298 autem,

525 3318 576 3365 id
610 3327 702 3377 est,
733 3319 1070 3367 revelationem
1102 3329 1285 3379 cantat,
1316 3319 1394 3365 cui
1428 3318 1686 3366 verborum
1716 3335 1911 3383 quoque
1939 3320 2160 3384 mysteria
2186 3320 2422 3367 Dominus
2448 3318 2647 3378 revelat3

574 3507 585 3524 ⁸
611 3508 730 3542 Psalm.
746 3519 820 3549 cxv,
834 3519 867 3542 v.
883 3509 936 3542 19.
950 3525 994 3535 ·—
1008 3508 1021 3526 ²
1035 3508 1119 3543 lbid.
1133 3527 1174 3533 —
1191 3509 1204 3527 ³
1227 3510 1355 3550 Exod„
1374 3520 1447 3555 cap.
1465 3520 1521 3550 xv,
1536 3512 1616 3544 v.1.
1632 3528 1672 3534 -
1688 3508 1702 3527 ⁴
1717 3508 1816 3550 1bid.,
1832 3520 1859 3542 v.
1878 3511 1934 3543 20.
