2970 4152
581 365 674 411 184
717 327 719 329 Ι
1161 361 1333 408 PETRI
1369 361 1686 409 ABAELARDI
1721 364 1795 410 ET
1830 364 2131 411 HELOISSAE

578 475 708 506 nona
732 456 1025 523 expectanda
1057 466 1156 516 est,
1198 466 1246 503 et
1274 457 1322 504 in
1354 455 1715 521 quadragesima
1741 459 1884 506 etiam
1918 474 2129 522 vespera.
2159 456 2299 503 Nullo
2338 473 2453 510 vero
2487 467 2702 522 tempore

577 550 844 587 conventus
867 548 1023 585 careat
1050 538 1272 585 lectione.
1306 541 1463 596 Quam
1500 557 1651 604 quum
1687 540 1953 588 diaconissa
1980 541 2236 588 terminare
2262 539 2492 600 voluerit,
2533 541 2660 588 dicat
2688 561 2697 588 :

578 621 772 667 Sufficit.
809 624 863 667 Et
899 620 1056 666 statim
1084 619 1145 665 a'd
1175 629 1328 683 grates
1353 621 1563 667 Domino
1593 621 1863 691 referendas
1900 621 1960 667 ab
1996 621 2221 668 omnibus
2250 630 2482 685 surgatur.·
2523 622 2702 668 AEstivo

576 713 793 766 tempore
828 710 937 765 post
973 699 1230 764 prandium
1266 717 1416 764 usque
1459 701 1521 748 ad
1563 691 1741 748 nonam
1773 689 2118 765 quiescendum
2142 712 2208 749 est
2237 703 2287 748 in
2313 702 2625 761 dormitorio,
2659 713 2704 749 et

578 792 686 846 post
714 797 894 827 nonam
929 780 991 826 ad
1027 796 1175 845 opera
1206 780 1507 828 redeundum
1534 798 1684 845 usque
1710 782 1772 828 ad
1796 799 2035 847 vesperas.
2065 786 2175 828 Post
2198 798 2421 847 vesperas
2446 792 2606 829 autem
2629 782 2703 829 vel

577 863 734 908 statim
759 861 1048 908 coenandum
1071 871 1169 922 est,
1200 861 1274 909 vel
1298 863 1582 927 potandum.
1614 866 1672 908 Et
1699 862 1811 909 inde
1842 864 1985 910 etiam
2001 900 2012 922 ,
2042 863 2307 910 secundum
2332 864 2560 928 temporis
2585 879 2702 911 con-

576 942 910 1001 suetudinem,
950 941 1010 987 ad
1044 942 1348 989 collationem
1382 942 1611 989 eundum.
1646 942 1852 990 Sabbato
1884 953 2070 1002 autem,
2100 954 2209 990 ante
2234 943 2543 990 collationem
2573 950 2707 990 mun—

579 1022 702 1069 ditiae
727 1022 870 1081 fiant,
903 1023 952 1068 in
979 1021 1223 1069 ablutione
1247 1022 1468 1069 videlicet
1500 1021 1677 1087 pedum
1705 1033 1749 1069 et
1771 1039 2018 1070 manuum.
2047 1026 2100 1069 In
2129 1040 2226 1087 quo
2249 1023 2446 1087 quidem
2474 1023 2706 1088 obseqmo

578 1104 846 1150 diaconissa
868 1102 1120 1150 famuletur
1149 1120 1259 1149 cum
1288 1103 1673 1149 hebdomadariis
1694 1139 1705 1162 ,
1738 1120 1842 1168 quae
1866 1104 2083 1168 coquinae
2104 1104 2447 1151 deservierunt.
2474 1107 2584 1151 Post
2607 1103 2715 1170 col-4

578 1183 805 1230 lationem
842 1201 984 1244 vero,
1023 1183 1084 1231 ad
1118 1182 1486 1247 completorium
1526 1183 1682 1229 statim
1726 1194 1796 1231 est
1835 1184 2154 1244 veniendum,
2194 1183 2307 1231 inde
2341 1184 2615 1231 dormitum=
2638 1193 2708 1230 est

579 1265 808 1312 eundum.
1588 1256 1591 1259 ’

644 1348 714 1393 De
748 1346 873 1393 victu
900 1356 1058 1393 autem
1086 1355 1133 1392 et
1168 1346 1337 1392 vestitu
1368 1346 1631 1411 apostolica
1654 1355 1871 1393 teneatur
1897 1348 2129 1394 sententia
2148 1381 2160 1404 ,
2187 1363 2282 1411 qua
2305 1346 2478 1394 dicitur
2494 1349 2506 1371 ¹
2534 1364 2545 1391 z
2578 1364 2602 1390 «
2622 1347 2711 1391 Ha-

579 1426 746 1474 bentes
786 1438 944 1473 autem
985 1426 1207 1473 alimenta
1245 1437 1292 1473 et
1327 1426 1500 1490 quibus
1528 1437 1771 1491 tegamur,
1815 1427 1889 1474 his
1923 1428 2136 1474 contenti
2162 1428 2326 1474 simus.
2353 1446 2376 1471 »
2406 1429 2468 1472 Ut
2491 1425 2709 1472 videlicet

579 1508 842 1554 necessaria
879 1506 1141 1566 sufficiant,
1175 1524 1275 1554 non
1315 1508 1554 1574 superflua
1579 1518 1866 1572 quaerantur.
1895 1511 1952 1554 Et
1983 1507 2117 1572 quod
2151 1507 2288 1554 vilius
2316 1507 2489 1571 poterit
2519 1521 2711 1570 compa·

579 1589 698 1647 rari,
739 1589 813 1635 vel
837 1588 1016 1635 facilius
1038 1587 1227 1648 haberi,
1256 1598 1303 1635 et
1334 1589 1435 1635 sine
1461 1588 1687 1634 scandalo
1719 1589 1871 1648 sumi,
1914 1605 1963 1635 re
1992 1588 2298 1635 concedatur.
2330 1586 2496 1633 Solum
2533 1586 2711 1650 quippe

578 1668 856 1715 scandalum
882 1668 1089 1733 propriae
1121 1669 1423 1716 conscientiae
1449 1668 1522 1715 vel
1548 1668 1738 1715 alterius
1766 1669 1815 1715 in
1842 1668 1957 1715 cibis
1982 1668 2236 1734 Apostolus
2262 1668 2400 1727 vitat,
2429 1667 2580 1715 sciens
2600 1667 2710 1731 quia

580 1767 680 1796 non
708 1761 777 1797 est
806 1750 940 1797 cibus
967 1751 1016 1797 in
1046 1750 1161 1797 vitio
1179 1787 1192 1810 ,
1224 1750 1307 1797 sed
1334 1751 1571 1816 appetitus
1595 1769 1605 1796 ε
1639 1771 1659 1796 «
1687 1751 1780 1808 Qui
1807 1751 2090 1811 manducat,
2117 1770 2141 1795 »
2171 1751 2379 1815 inquit²,
2413 1770 2436 1795 «
2461 1766 2560 1796 non
2579 1758 2712 1796 m‘an-

581 1831 837 1877 ducantem
863 1848 963 1877 non
990 1841 1199 1895 spernat.
1219 1831 1313 1889 Qui
1332 1848 1431 1878 non
1458 1830 1740 1890 manducat,
1771 1831 2144 1879 manducantem
2166 1848 2265 1878 non
2286 1831 2483 1894 judicet.
2512 1833 2578 1876 Tu
2608 1829 2712 1893 quis

582 1928 655 1971 es,
685 1913 768 1976 qui
786 1912 972 1975 judicas
1012 1911 1221 1958 alienum
1262 1912 1490 1959 servum?
1527 1912 1620 1969 Qui
1647 1913 1930 1972 manducat,
1975 1913 2186 1959 Domino
2222 1911 2496 1958 manducat.
2532 1909 2715 1956 Gratias

584 1993 711 2038 enim
737 1994 830 2057 agit
858 1996 979 2039 Deo.
1011 1996 1070 2040 Et
1097 1994 1179 2057 qui
1205 2010 1306 2039 non
1340 1992 1621 2051 manducat,
1657 1994 1869 2039 Domino
1895 2010 1994 2039 non
2017 1992 2274 2040 manducat
2294 2028 2306 2051 ,
2344 2001 2391 2039 et
2420 1991 2588 2055 gratias
2621 1989 2716 2053 agit

582 2075 700 2120 Deo.
738 2076 844 2120 Non
868 2091 980 2138 ergo
1009 2074 1213 2139 amplius
1240 2074 1445 2121 invicem
1466 2073 1738 2136 judicemus
1755 2110 1767 2132 ‚
1798 2075 1883 2121 sed
1911 2074 2006 2120 hoc
2029 2074 2240 2136 judicate
2266 2073 2414 2137 magis
2438 2088 2500 2118 ne
2526 2070 2716 2136 ponatis

583 2154 926 2202 offendiculum
960 2154 1089 2201 fratri
1119 2154 1194 2201 vel
1227 2154 1522 2200 scandalum.
1557 2154 1664 2204 Scio
1696 2164 1743 2201 et
1775 2154 1971 2201 confido
1997 2154 2045 2200 in
2070 2154 2280 2200 Domino
2301 2156 2438 2212 Jesu,
2466 2152 2580 2216 quia
2597 2150 2716 2197 nihil

578 2243 839 2281 commune
851 2252 940 2299 >per
956 2236 1133 2299 ipsum,
1148 2234 1238 2280 nisi
1254 2233 1331 2298 [ei]
1347 2235 1430 2297 qui
1442 2235 1640 2281 aestimat
1653 2234 1770 2298 quid
1783 2251 2041 2281 commune
2061 2251 2177 2280 esse.
2194 2237 2301 2280 Non
2321 2243 2392 2280 est
2409 2248 2610 2296 regnum
2628 2232 2714 2278 Dei

583 2331 689 2361 esca
714 2325 761 2361 et
785 2325 954 2379 potus,
988 2315 1073 2361 sed
1088 2314 1269 2378 justitia
1285 2351 1296 2372 ‚
1329 2325 1376 2361 et
1402 2331 1495 2379 pax
1509 2351 1520 2373 ,
1543 2325 1590 2360 et
1612 2314 1840 2378 gaudium
1860 2315 1906 2360 in
1928 2314 2103 2379 Spiritu
2123 2324 2303 2361 sancto.
2329 2313 2503 2359 Omnia
2521 2311 2716 2376 quidem

584 2394 766 2442 munda
793 2406 932 2455 sunt,
979 2396 1063 2442 sed
1094 2395 1272 2442 malum
1304 2406 1374 2443 est
1412 2395 1600 2442 homini
1631 2397 1712 2459 qui
1739 2413 1826 2460 per
1854 2394 2197 2442 offendiculum
2228 2394 2501 2441 manducat.
2531 2397 2715 2440 Bonum

582 2493 682 2522 non
707 2476 998 2523 manducare
1025 2492 1248 2535 carnem,
1282 2486 1328 2522 et
1356 2493 1456 2523 non
1482 2475 1645 2523 bibere
1676 2477 1868 2535 vinum,
1905 2493 2061 2541 neque
2084 2477 2133 2522 in
2160 2492 2257 2539 quo
2285 2475 2427 2521 frater
2446 2484 2555 2520 tuus
2574 2472 2719 2521 offen-

585 2556 725 2603 datur
742 2593 753 2614 ,
793 2567 874 2603 aut
902 2556 1259 2604 scandalizetur.
1289 2575 1310 2600 »
1339 2557 1434 2614 Qui
1460 2557 1603 2603 etiam
1639 2567 1748 2622 post
1787 2557 2065 2604 scandalum
2094 2557 2247 2603 fratris
2276 2556 2336 2603 de
2361 2556 2558 2621 proprio
2587 2570 2720 2601 scan-

583 2636 695 2683 dalo
724 2638 874 2702 ipsius
900 2638 981 2701 qui
1005 2648 1173 2684 contra
1198 2638 1541 2684 conscientiam
1567 2654 1703 2684 suam
1730 2637 1940 2684 comedit
1960 2674 1971 2695 ‚
2001 2637 2216 2701 adjungit
2239 2636 2403 2684 dicens
2419 2638 2433 2660 ³
2459 2653 2468 2680 ε
2503 2655 2525 2681 «
2552 2638 2720 2682 Beatus

584 2718 669 2780 qui
697 2734 797 2763 non
822 2717 1006 2780 judicat
1032 2717 1343 2781 semetipsum
1369 2718 1417 2763 in
1443 2734 1501 2764 eo
1529 2717 1663 2781 quod
1687 2717 1875 2782 probat.
1909 2717 2001 2774 Qui
2021 2727 2182 2764 autem
2201 2716 2427 2763 discernit
2455 2716 2494 2762 si
2515 2712 2719 2761 mandu-

585 2797 786 2857 caverit,
829 2796 1083 2843 damnatus
1124 2807 1200 2862 est
1217 2797 1329 2860 quia
1354 2813 1454 2844 non
1485 2814 1539 2844 ex
1569 2796 1680 2843 fide.
1713 2800 1870 2844 Omne
1905 2807 2064 2843 autem
2095 2796 2228 2860 quod
2268 2812 2368 2842 non
2407 2804 2476 2842 est
2501 2811 2559 2841 ex
2591 2793 2715 2852 fide,

586 2889 836 2942 peccatum
862 2888 948 2925 est.
980 2897 1002 2921 »
1034 2881 1088 2924 ln
1115 2878 1249 2924 omni
1278 2878 1457 2943 quippe
1487 2879 1620 2941 quod
1648 2878 1830 2941 agimus
1851 2876 2384 2924 contra-conscientiam
2411 2886 2652 2935 nostram,
2674 2883 2721 2921 et

585 2968 750 3005 contra
779 2959 875 3005 hoc
900 2958 1033 3022 quod
1061 2958 1329 3016 credimus,
1366 2974 1636 3022 peccamus.
1671 2961 1729 3004 Et
1755 2959 1802 3004 in
1833 2974 1890 3005 eo
1920 2957 2055 3021 quod
2079 2956 2369 3023 probamus,
2405 2956 2500 3003 hoc
2530 2965 2601 3003 est
2634 2971 2721 3019 per

589 3038 743 3101 legem
777 3055 923 3102 quam
962 3038 1287 3103 approbamus
1324 3048 1467 3101 atque
1495 3038 1777 3101 recipimus,
1807 3038 2079 3101 judicamus
2105 3037 2423 3101 nosmetipsos
2460 3046 2603 3099 atque
2641 3034 2724 3080 da-

585 3134 808 3164 mnamus
826 3154 838 3177 ,
862 3119 900 3165 si
920 3118 1026 3165 illos
1047 3118 1267 3165 videlicet
1285 3117 1585 3165 comedimus
1608 3117 1741 3164 cibos
1760 3135 1882 3182 quos
1902 3118 2216 3165 discernimus
2228 3154 2240 3176 ‚
2262 3117 2358 3164 hoc
2377 3126 2448 3164 est
2465 3133 2551 3181 per
2570 3114 2723 3179 legem

587 3197 915 3258 excludimus,
957 3209 1004 3246 et
1025 3215 1312 3264 separamus
1326 3208 1553 3263 tanquam
1585 3198 1879 3245 immundos.
1912 3201 2115 3245 Tantum
2140 3199 2267 3245 enim
2301 3207 2371 3244 est
2397 3195 2719 3243 testimonium

588 3279 888 3327 conscientiae
915 3291 1114 3339 nostrae,
1145 3291 1197 3327 ut
1223 3280 1323 3328 haec
1348 3296 1437 3327 nos
1466 3279 1596 3345 apud
1625 3282 1781 3327 Deum
1807 3280 2012 3327 maxime
2037 3289 2225 3326 accuset
2252 3278 2323 3325 vel
2348 3287 2554 3325 excuset.
2582 3275 2722 3323 Unde

631 3468 641 3484 ⁴
667 3469 803 3504 Timoth.
826 3470 861 3507 l,
879 3479 953 3512 cap.
973 3480 1003 3502 vi
1018 3495 1026 3510 ,
1048 3480 1077 3501 v.
1101 3471 1135 3502 8.
1150 3487 1192 3493 —
1206 3469 1218 3486 ¹
1232 3470 1339 3506 Rom„
1359 3479 1435 3512 cap.
1458 3480 1525 3509 xiv,
1542 3480 1575 3503 v.
1595 3471 1613 3501 3
1631 3476 1664 3503 et
1677 3480 1726 3512 sq.
1749 3488 1781 3493 -—
1802 3470 1814 3486 ³
1831 3469 1929 3510 ibid„
1945 3480 1973 3502 v.
1995 3471 2048 3502 22.
