2970 4152
728 392 787 439 lN
821 356 1269 437 PUfflFmATmNE
1304 380 1547 455 sANcTAE
1578 383 1787 432 MARIAE
1819 382 2034 431 sERMo.
2339 378 2435 427 397

325 489 456 536 mino
494 487 780 545 habeamus,
821 485 1083 534 reverentia
1107 483 1259 542 filiali,
1298 499 1397 529 non
1435 482 1605 528 timore
1638 479 1794 527 servili
1829 478 2120 526 obedientes.
2159 475 2317 533 Abba,
2352 475 2438 522 he—

325 568 538 615 braicum
573 584 752 615 nomen
787 566 860 615 vel
887 582 1076 630 syrum,
1108 563 1158 610 id
1183 572 1254 610 est
1286 561 1419 626 quod
1444 577 1591 625 graece
1620 559 1696 606 vel
1724 558 1868 606 latine
1904 568 2080 622 «pater
2104 574 2127 600 »
2157 556 2342 603 dicitur.
2370 559 2438 603 Ne

324 650 465 713 igitur
487 649 587 697 baec
609 649 818 696 filiorum
841 647 1038 712 adoptio
1062 645 1124 693 ad
1144 644 1270 691 solos
1294 659 1377 690 eos
1400 642 1639 707 pertinere
1660 639 1916 696 videretur,
1938 638 2110 703 quibus
2124 637 2185 685 de
2198 637 2436 700 judaismo

324 731 563 778 conversis
592 729 807 795 superius
840 727 1020 774 dixerat
1042 744 1052 772 :
1083 745 1107 770 «
1133 727 1294 782 Quum
1326 737 1535 769 essemus
1559 720 1768 785 parvuli,
1800 730 1912 779 etc.‚
1943 739 1967 764 »
1991 722 2125 785 ponit
2143 720 2328 767 diversa
2352 737 2438 767 no—

323 810 454 857 mina
473 809 767 873 linguarum,
795 806 968 872 quibus
994 822 1123 852 nunc
1146 805 1196 850 in
1220 803 1416 850 diversis
1436 801 1571 848 terris
1593 801 1842 847 invocatur
1859 803 2010 860 DeuS,
2031 801 2113 865 qui
2128 802 2258 865 prius
2282 801 2332 847 in
2356 805 2379 847 J
2385 818 2437 847 u-

323 888 422 936 daea
441 896 626 946 tantum
648 886 913 934 habebatur
935 895 1095 932 notus.
1125 887 1288 947 Itaque
1311 882 1424 946 quia
1440 879 1660 928 videlicet
1683 879 1900 944 spiritum
1921 878 2005 925 filii
2023 881 2095 926 sui
2112 880 2250 927 nobis
2275 879 2407 926 dedit
2420 916 2432 939 ,

316 968 417 1031 jam
446 980 547 1014 non
577 976 648 1014 est
671 967 838 1030 aliquis
862 975 1080 1012 nostrum
1108 967 1270 1010 servus
1297 978 1383 1027 per
1405 963 1586 1020 Deum,
1616 959 1727 1023 quia
1756 959 1998 1005 neminem
2035 959 2134 1022 jam
2165 960 2289 1023 cogit
2319 960 2433 1006 obe—

321 1045 422 1094 dire
445 1046 616 1094 timore
639 1062 890 1112 poenarum
904 1080 917 1105 ‚
944 1043 1028 1091 sed
1057 1059 1219 1090 amore
1248 1051 1537 1107 spontaneos
1556 1039 1686 1086 ducit
1710 1057 1719 1084 :
1745 1057 1769 1083 «
1788 1038 1931 1096 Quod
1947 1039 1986 1085 si
2005 1037 2127 1086 filius
2143 1074 2156 1099 ,
2194 1057 2217 1083 »
2252 1039 2432 1103 inquit,

319 1145 348 1171 v«
375 1136 422 1174 et
442 1124 606 1175 haeres.
633 1145 658 1172 »
685 1128 857 1174 Servus
879 1125 1057 1190 quippe
1091 1139 1191 1169 non
1223 1130 1384 1169 manet
1407 1121 1456 1167 in
1482 1119 1630 1166 domo
1665 1119 1716 1165 in
1743 1128 1998 1179 aeternum,
2037 1136 2126 1167 nec
2157 1129 2436 1185 perpetuam

317 1207 589 1255 hereditatis
621 1208 970 1273 possessionem
992 1213 1218 1263 meretur,
1247 1201 1463 1267 quamvis
1486 1217 1585 1247 non
1612 1200 1811 1247 omnino
1836 1199 2056 1247 mercede
2081 1201 2306 1266 privetur.
2337 1200 2434 1246 Sci-

317 1301 424 1336 mus
444 1299 490 1336 et
514 1288 700 1336 Judaeos
720 1288 900 1335 nullam
919 1286 980 1333 de
1000 1284 1272 1332 obedientia
1290 1299 1374 1330 sua
1392 1283 1442 1329 in
1459 1281 1727 1329 coelestibus
1743 1281 2069 1346 promissionis
2091 1282 2432 1328 remuneratio-

316 1384 429 1416 nem
471 1369 731 1434 accepisse,
775 1366 859 1415 sed
894 1374 1079 1413 tantum
1119 1362 1459 1411 abundantiam
1499 1372 1799 1409 terrenorum
1832 1363 1881 1409 in
1910 1361 2180 1409 mercedem
2217 1363 2284 1410 eis
2318 1379 2433 1410 con·

316 1448 526 1496 stitutam
571 1466 672 1497 esse
692 1485 703 1509 ,
757 1465 878 1513 quos
921 1448 1063 1493 timor
1097 1461 1257 1493 servos
1277 1480 1289 1504 ,
1326 1460 1425 1491 non
1467 1459 1603 1490 amor
1646 1443 1842 1491 faciebat
1876 1443 2014 1491 filios.
2055 1447 2116 1490 Ut
2149 1455 2308 1492 autem
2344 1461 2433 1491 nos

315 1528 534 1576 homines
566 1528 772 1576 efficeret
795 1527 917 1574 filios
941 1526 1054 1586 Dei,
1084 1535 1131 1572 et
1147 1524 1420 1572 cohaeredes
1439 1539 1550 1570 suos
1573 1522 1621 1569 in
1643 1539 1789 1587 regno
1808 1524 1980 1589 patris,
2009 1522 2059 1569 id
2078 1524 2259 1571 est-Dei
2277 1522 2399 1570 filios
2416 1560 2428 1583 ,

314 1608 416 1657 fieri
439 1611 658 1675 dignatus
686 1621 756 1658 est
779 1609 902 1656 filius
923 1607 1154 1666 hominis,
1187 1616 1239 1653 ut
1270 1616 1443 1653 nostrae
1469 1605 1705 1671 particeps
1739 1603 2020 1652 infirmitatis
2057 1607 2432 1653 communicaret

314 1688 452 1737 nobis
479 1707 573 1737 suae
595 1689 922 1737 fortitudinem
946 1686 1236 1746 aeternitatis,
1266 1696 1312 1733 et
1343 1701 1493 1750 quum
1524 1684 1586 1731 ad
1608 1685 1704 1732 ima
1722 1684 2055 1745 descenderet,
2090 1702 2179 1732 nos
2203 1686 2265 1733 ad
2290 1685 2431 1733 subli-

312 1769 407 1816 mia
426 1770 707 1817 sublevaret.
725 1768 851 1816 Felix
863 1767 1205 1815 commercium
1224 1765 1389 1826 nobis,
1406 1765 1612 1812 Domine
1626 1801 1638 1824 ,
1665 1781 1765 1812 non
1787 1764 1899 1825 tibi,
1922 1766 2208 1831 participans
2235 1776 2397 1814 nostra
2413 1801 2425 1823 ,

312 1852 674 1899 communicans
698 1861 803 1910 tua,
832 1849 1049 1896 infirmus
1067 1847 1247 1908 -factus,
1277 1857 1327 1894 ut
1351 1863 1439 1894 nos
1464 1847 1607 1894 fortes
1637 1847 1945 1895 efficeremur.

376 1935 428 1978 In
448 1918 590 1995 hujus
611 1941 748 1979 tantae
765 1930 921 1995 gratiae
945 1939 1134 1994 typum,
1162 1945 1258 1992 qua
1276 1927 1336 1975 de
1355 1927 1506 1975 Adam
1528 1927 1740 1975 secundo
1756 1928 1906 1975 fuerat
1925 1927 2131 1976 Ecclesia
2158 1928 2425 1986 formanda,

312 2009 372 2057 de
399 2021 527 2058 costa
548 2011 690 2076 primi
715 2010 824 2057 Adae
850 2010 913 2057 ita
944 2019 1014 2056 est
1040 2008 1214 2056 femina
1237 2018 1392 2055 creata
1408 2043 1420 2067 ,
1450 2018 1502 2054 ut
1524 2021 1614 2074 pro
1638 2018 1767 2056 costa
1791 2009 2026 2056 Dominus
2050 2026 2353 2074 nequaquam
2377 2010 2426 2056 in
2465 2010 2470 2015 '

310 2106 423 2138 vero
446 2102 627 2139 costam
651 2100 938 2156 reportaret,
965 2089 1049 2138 sed
1078 2106 1167 2155 pro
1191 2100 1321 2137 costa
1345 2106 1538 2137 carnem
1566 2089 1822 2155 suppleret.
1848 2089 1975 2148 Quid
1994 2090 2121 2137 enim
2143 2101 2294 2150 costa,
2323 2108 2427 2156 quae

310 2186 380 2223 est
406 2190 550 2222 osseae
576 2185 776 2235 naturae,
809 2175 898 2222 nisi
923 2173 1251 2221 fortitudinem
1268 2211 1280 2234 ,
1316 2172 1390 2220 vel
1420 2173 1538 2238 quid
1569 2190 1680 2220 caro
1707 2173 1863 2220 mollis
1885 2173 1973 2220 nisi
1996 2173 2286 2222 debilitatem
2310 2174 2427 2241 figu-

308 2259 411 2306 rat?
445 2261 606 2315 Quum
639 2275 752 2323 ergo
790 2258 851 2307 de
885 2268 1016 2306 costa
1046 2258 1135 2305 viri
1173 2257 1343 2305 mulier
1381 2267 1591 2317 creatur,
1628 2246 1675 2304 et
1713 2273 1825 2304 caro
1864 2273 1951 2322 pro
1983 2267 2113 2305 costa
2151 2258 2421 2324 suppletur,

308 2339 436 2385 unde
459 2339 531 2386 vir
553 2340 817 2387 infirmatus
841 2350 935 2399 est,
963 2338 1075 2386 inde
1098 2338 1271 2386 femina
1299 2337 1432 2384 fortis
1459 2337 1580 2384 facta
1610 2347 1710 2383 est:
1741 2337 1852 2401 quia
1879 2347 2050 2384 nostrae
2069 2336 2352 2386 infirmitatis
2374 2339 2422 2385 in

308 2418 494 2466 Christo
514 2420 750 2486 susceptio
772 2430 933 2467 nostra
958 2419 1078 2466 facta
1100 2417 1329 2465 fortitudo
1347 2453 1359 2477 ‚
1389 2427 1436 2464 et
1458 2417 1587 2464 unde
1610 2416 1687 2464 ille
1714 2427 1783 2464 est
1810 2415 2074 2465 infirmatus
2091 2453 2103 2477 ,
2132 2434 2220 2465 nos
2250 2418 2390 2466 fortes
2407 2455 2419 2478 ,

308 2508 360 2545 ut
384 2498 656 2558 dictumest
671 2535 683 2559 ,
713 2499 821 2546 facti
844 2515 1024 2546 sumus.
1052 2501 1109 2544 Et
1134 2498 1235 2545 haec
1259 2497 1454 2562 quidem
1479 2507 1610 2544 costa
1634 2496 1695 2543 de
1718 2496 1868 2543 Adam
1891 2497 2158 2545 dormiente
2182 2499 2231 2546 in
2256 2499 2422 2546 mulie-

305 2597 407 2627 rem
438 2590 508 2628 est
541 2580 780 2639 traducta,
818 2580 930 2644 quia
962 2579 1194 2626 memoria
1220 2577 1473 2625 dominicae
1502 2577 1734 2643 passionis
1763 2576 1826 2624 ad
1853 2578 2015 2625 omnia
2046 2595 2135 2643 pro
2172 2579 2279 2644 ipso
2306 2579 2422 2627 tole·

303 2660 476 2721 randa,
500 2661 639 2709 fortes
663 2677 751 2708 nos
776 2660 911 2719 facit,
939 2669 986 2707 et
1008 2659 1136 2706 unde
1159 2659 1259 2724 ipse
1286 2675 1372 2724 pro
1396 2658 1536 2705 nobis
1554 2657 1844 2704 obdormivit
1866 2658 1914 2704 in
1933 2668 2109 2717 morte,
2132 2658 2245 2706 inde
2261 2676 2349 2706 nos
2371 2660 2418 2706 in

303 2742 546 2807 praeceptis
582 2742 676 2789 suis
707 2741 815 2788 facit
848 2740 1059 2805 vigilare,
1100 2749 1328 2803 tanquam
1360 2738 1478 2785 illud
1515 2755 1703 2803 semper
1741 2755 1851 2785 cum
1884 2738 2119 2804 propheta
2152 2739 2414 2787 dicentes¹:

306 2841 329 2866 «
358 2821 486 2879 Quid
515 2821 774 2869 retribuam
798 2821 1007 2868 Domino
1038 2836 1127 2885 pro
1156 2819 1379 2866 omnibus
1414 2835 1519 2883 quae
1554 2817 1770 2865 retribuit
1795 2818 1945 2865 mihi?
1972 2818 2178 2866 Calicem
2205 2819 2418 2876 salutaris

303 2902 557 2967 accipiam,
586 2912 631 2949 et
651 2917 830 2949 nomen
854 2901 1048 2948 Domini
1075 2899 1328 2947 invocabo.
1359 2918 1382 2944 >2
1414 2898 1618 2946 Calicem
1638 2899 1853 2946 salutaris
1876 2900 2082 2964 accepit,
2112 2900 2192 2964 qui
2212 2900 2417 2965 passioni

300 2982 620 3030 communicat
645 2981 832 3029 Christi.
865 2984 930 3027 Ex
953 2997 1046 3046 qua
1066 2990 1112 3028 et
1135 2981 1235 3045 ipse
1257 2983 1412 3039 Jesus‚
1439 2979 1534 3026 hoc
1559 2987 1629 3026 est
1650 2979 1873 3026 Salutaris
1893 2981 1990 3027 sive
2015 2980 2228 3028 Salvator
2251 2990 2321 3027 est
2344 2980 2415 3027 di-

299 3073 419 3123 ctus,
439 3064 551 3128 quia
568 3079 774 3128 peream
791 3078 880 3109 nos
903 3061 1120 3122 salvavit,
1143 3068 1288 3126 quam
1305 3060 1541 3108 sustinuit.
1563 3062 1614 3106 ln
1634 3060 1728 3107 hoc
1747 3061 1951 3108 maxime
1971 3060 2155 3108 Christo
2171 3078 2260 3126 pro
2278 3060 2416 3108 nobis

298 3154 490 3191 mortuo
510 3144 663 3191 vicem
681 3143 951 3203 reddimus,
981 3142 1096 3189 dum
1115 3158 1265 3206 usque
1285 3141 1347 3189 ad
1368 3150 1574 3188 mortem
1591 3157 1680 3205 pro
1708 3157 1766 3188 eo
1785 3140 2065 3188 dimicamus
2086 3160 2096 3188 z
2124 3141 2241 3188 illud
2260 3152 2414 3189 totum

298 3225 547 3290 implentes
563 3225 694 3289 quod
708 3240 977 3290 possumuS.
999 3222 1138 3270 Unde
1150 3233 1197 3270 et
1209 3224 1407 3288 ipsemet
1424 3223 1487 3269 ait
1499 3225 1513 3247 ²
1535 3240 1545 3268 z
1568 3240 1591 3266 «
1606 3221 1835 3285 Majorem
1847 3221 1936 3269 hac
1954 3222 2256 3270 dilectionem
2268 3239 2413 3270 nemo

298 3304 461 3365 habet,
487 3316 536 3353 ut
570 3306 777 3353 animam
808 3321 942 3352 suam
968 3314 1117 3370 ponat
1138 3304 1244 3368 quis
1267 3321 1354 3368 pro
1380 3302 1678 3350 amiciszsuis.
1710 3321 1733 3347 υ
1762 3302 1855 3350 Sed
1878 3303 1990 3367 quia
2012 3302 2112 3350 haec
2136 3304 2283 3350 virtus
2311 3319 2410 3350 non

340 3464 351 3482 ¹
378 3465 494 3498 l‘salm.
511 3475 585 3507 cxv,
603 3476 633 3499 v.
654 3468 704 3499 ¹2.
720 3484 753 3491 -
773 3465 786 3482 ²
805 3466 911 3506 Joan„
933 3476 1006 3509 cap.
1028 3476 1083 3505 xv,
1100 3475 1130 3498 v.
1154 3466 1203 3497 13.
