2970 4152
537 411 628 456 392
1341 409 1511 456 PETRI
1547 409 1855 458 ABAELARDI

532 506 637 570 ipso
671 501 790 551 facio
826 503 1001 550 nihil.»
1028 506 1085 549 Et
1117 520 1306 550 rursum
1339 503 1401 551 de
1429 505 1660 570 Spiritu¹=
1692 508 1841 551 «Non
1877 505 2003 552 enim
2035 505 2246 569 loquitur
2278 522 2306 553 a
2341 509 2650 574 semetipso.»

537 589 746 644 «Suum,
766 604 789 629 »
812 584 987 648 inquit,
1007 583 1102 630 1100
1119 594 1189 631 051
1213 585 1464 650 proprium
1486 596 1532 633 et
1558 585 2030 652 consubstantialem,
2058 602 2157 633 non
2183 586 2478 652 adoptivum,
2507 609 2530 633 «
2547 593 2657 636 Fac-

534 677 634 713 tum
665 683 720 713 ex
750 664 967 724 muliere,
991 683 1013 708 »
1048 665 1158 729 quia
1187 665 1500 731 temporalem
1530 666 1795 714 secundum
1822 666 2192 727 humanitatem,
2232 684 2376 732 quam
2405 669 2657 735 assumpsit

533 746 593 792 de
612 756 763 792 matre
782 745 864 808 qui
883 754 1020 792 natus
1040 755 1133 806 est3
1159 762 1258 793 non
1282 746 1432 793 factus
1456 747 1723 794 secundum
1741 746 2072 807 aeternitatem,
2093 763 2238 811 quam
2255 747 2400 795 habet
2418 765 2474 795 ex
2498 751 2650 796 Patre.

533 825 738 882 Quidam
760 812 985 872 hoc-loco
1011 835 1178 872 natum
1198 842 1255 872 ex
1277 826 1474 873 muliere
1498 827 1825 891 potiusquam
1848 825 2024 872 factum
2050 843 2107 873 ex
2125 826 2329 874 muliere
2352 826 2533 875 dicunt.
2563 827 2657 876 Sed

531 905 799 971 diligentius
824 905 1075 971 Apostolus
1094 906 1269 953 factum
1289 924 1434 971 quam
1461 917 1628 954 natum
1659 906 1752 953 hoc
1774 906 1884 953 1000
1902 906 2043 966 dixit,
2067 917 2119 955 ut
2142 907 2267 955 hanc
2285 909 2578 956 nativitatem
2595 907 2656 955 ab

530 987 629 1046 illa,
660 1004 763 1052 quae
783 987 842 1034 de
870 990 1006 1034 Patre
1033 997 1126 1047 est,
1161 997 1378 1052 patenter
1403 987 1736 1052 distingueret,
1760 1004 1909 1051 quum
1935 1004 2040 1034 eam
2067 988 2379 1054 temporalem
2401 988 2475 1035 his
2501 987 2658 1036 verbis

531 1067 816 1115 ostenderet.
847 1067 974 1114 Beda
998 1084 1141 1133 super
1165 1070 1395 1115 Lucam²z
1433 1072 1646 1115 «Beatus
1668 1078 1834 1115 venter
1856 1068 1938 1132 qui
1969 1077 2015 1115 te
2045 1069 2277 1134 portavit,
2320 1079 2407 1116 etc.
2427 1088 2451 1114 »
2493 1071 2657 1134 Neque

531 1149 657 1194 enim
692 1147 917 1195 audiendi
949 1156 1060 1194 sunt
1093 1147 1174 1211 qui
1210 1134 1466 1211 legendum
1500 1158 1695 1213 putant,
1737 1167 1759 1192 «
1789 1158 1956 1195 natum
1994 1165 2051 1195 ex
2088 1148 2310 1209 muliere,
2352 1149 2528 1196 factum
2568 1148 2658 1196 sub

529 1227 655 1292 lege,
675 1246 697 1270 »
724 1227 808 1275 sed
835 1247 858 1272 <c
881 1228 1056 1274 factum
1081 1244 1138 1274 ex
1163 1227 1376 1274 muliere.
1401 1246 1424 1271 »
1453 1230 1504 1274 ln
1529 1238 1666 1274 utero
1692 1227 1907 1292 virginali
1932 1244 2126 1275 carnem
2150 1245 2250 1275 non
2278 1228 2339 1276 de
2360 1228 2534 1289 nihilo,
2557 1245 2658 1276 non

529 1307 744 1368 aliunde,
776 1308 861 1355 sed
885 1319 1098 1355 materna
1123 1308 1261 1354 traxit
1286 1325 1341 1354 ex
1368 1324 1526 1355 031110.
1558 1307 1779 1372 Alioquin
1804 1325 1893 1355 nec
1920 1307 2044 1355 filius
2068 1308 2279 1356 hominis
2301 1308 2554 1370 diceretur,
2576 1309 2659 1374 qui

530 1390 761 1454 originem
784 1406 883 1436 non
908 1389 1104 1436 haberet
1124 1406 1180 1436 ex
1209 1388 1422 1435 homine.
1453 1391 1521 1435 Ne
1549 1405 1720 1454 parum
1748 1388 1990 1436 videretur
2011 1406 2101 1454 pro
2131 1389 2272 1436 nobis
2297 1400 2456 1437 actum
2481 1389 2543 1437 ad
2572 1389 2659 1436 hu·

529 1470 736 1517 militatis
771 1469 1069 1535 exemplum,
1109 1467 1242 1533 quod
1274 1468 1334 1516 de
1367 1469 1581 1516 inferiori
1614 1486 1727 1516 sexu
1764 1469 2000 1516 Dominus
2032 1479 2102 1516 est
2134 1470 2429 1530 incarnatus,
2468 1469 2661 1517 additur

530 1550 662 1614 quod
682 1551 823 1598 etiam
843 1550 931 1597 sub
959 1550 1061 1614 lege
1087 1550 1258 1609 factuS,
1285 1548 1381 1596 hoc
1400 1560 1493 1610 est,
1521 1549 1843 1597 obedientiam
1868 1549 1983 1613 legis
2007 1566 2108 1596 non
2131 1550 2431 1610 necessitate,
2459 1538 2545 1597 sed
2569 1549 2662 1596 dis-

527 1632 806 1694 pensatione
839 1631 1101 1697 complens.
1139 1633 1244 1677 Non
1279 1631 1407 1677 enim
1438 1631 1486 1677 in
1514 1648 1572 1678 eo
1599 1641 1732 1678 erant
1764 1640 1984 1696 peccata,
2018 1631 2094 1678 cui
2126 1630 2241 1695 legis
2270 1641 2564 1679 sacramenta
2588 1648 2660 1679 es-

528 1722 632 1758 sent
656 1712 935 1759 necessaria.
975 1700 1473 1762 Circumcisustamen
1509 1721 1579 1758 est
1615 1728 1752 1759 more
1789 1710 2015 1771 aliorum,
2053 1721 2100 1758 et
2133 1729 2243 1758 cum
2280 1711 2447 1758 hostiis
2479 1711 2660 1776 templo

526 1803 854 1856 praesentatus,
883 1802 929 1840 et
958 1809 1092 1839 more
1116 1792 1401 1839 feminarum
1425 1802 1578 1840 mater
1603 1793 1703 1856 ejus
1726 1791 2107 1857 purificationem
2140 1792 2408 1840 observavit
2431 1792 2656 1857 legalem,

527 1874 576 1919 in
602 1891 695 1938 qua
718 1873 836 1920 nihil
861 1873 1213 1939 purificandum
1240 1873 1392 1920 fuerat
1416 1873 1739 1939 purgandum.
1764 1875 1880 1930 Quae
1905 1873 2033 1920 enim
2058 1874 2191 1938 virgo
2212 1872 2272 1920 de
2291 1873 2468 1938 Spiritu
2493 1883 2657 1920 sancto

529 1955 748 2019 concepit
767 1964 812 2001 et
830 1955 1037 2020 peperit,
1060 1953 1178 2000 nihil
1196 1954 1289 2018 legi
1308 1953 1514 2019 debebat
1532 1954 1580 2000 in
1600 1954 1692 2000 ritu
1712 1952 2072 2019 purificationis.

595 2034 739 2092 Quod
760 2035 900 2099 igitur
926 2034 1209 2100 evangelista
1234 2034 1385 2095 dicit3,
1412 2055 1434 2080 «
1456 2034 1556 2083 dies
1574 2036 1871 2101 purgationis
1890 2035 2014 2099 ejus,
2035 2054 2059 2080 »
2083 2035 2132 2082 in
2149 2052 2264 2100 qua,
2290 2045 2342 2082 ut
2363 2035 2545 2083 dictum
2569 2045 2656 2096 est,

530 2113 648 2160 nihil
672 2114 821 2179 culpae
842 2114 1145 2180 purgandum
1173 2114 1324 2162 fuerat
1347 2115 1396 2161 in
1420 2115 1543 2179 lege,
1572 2116 1740 2175 ritum,
1764 2132 1863 2162 non
1896 2116 2118 2162 effectum
2145 2116 2458 2181 purgationis,
2486 2132 2661 2181 purga-

530 2196 713 2242 tionem
731 2196 932 2243 vocavit.
957 2196 1051 2253 Qui
1074 2196 1289 2260 profecto
1315 2196 1432 2243 ritus
1454 2197 1502 2243 in
1528 2197 1630 2261 lege
1656 2198 1884 2258 sancitus,
1908 2214 2057 2261 quum
2080 2196 2154 2244 his
2179 2207 2362 2243 tantum
2385 2196 2661 2244 mulieribus

531 2277 818 2341 injungatur,
854 2294 958 2341 quae
986 2287 1205 2342 suscepto
1236 2277 1323 2324 viri
1353 2278 1533 2325 semine
1564 2288 1880 2344 pepererunt,
1914 2288 2131 2344 patenter
2159 2277 2442 2338 ostenditur,
2479 2294 2661 2342 nequa-

532 2375 675 2422 quam
699 2358 940 2422 subjacere
963 2358 1073 2406 huic
1096 2358 1210 2423 legi,
1240 2377 1344 2424 quae
1368 2360 1501 2424 virgo
1522 2361 1743 2426 concepit
1772 2370 1817 2407 et
1846 2360 2046 2425 peperit.
2077 2359 2221 2417 Quod
2248 2360 2444 2424 insuper
2467 2358 2657 2419 dicitur,
2733 2403 2739 2409 .

535 2458 557 2481 «
579 2438 857 2504 adaperiens
879 2438 1068 2486 vulvam
1080 2441 1109 2499 ⁴,
1133 2458 1156 2483 »
1182 2440 1300 2486 nihil
1324 2439 1386 2487 ad
1417 2457 1522 2487 eam
1553 2441 1791 2506 pertinere
1817 2450 2054 2500 censetur,
2089 2440 2224 2503 cujus
2257 2439 2499 2504 integritas
2529 2438 2662 2486 nulla

532 2530 603 2566 est
632 2521 876 2586 apertione
901 2520 1143 2568 dissoluta.
1186 2521 1268 2569 1110
1300 2522 1477 2587 quippe
1511 2521 1673 2569 clauso
1710 2533 1845 2569 utero
1884 2522 2046 2568 matris
2079 2531 2150 2568 est
2182 2530 2343 2581 natus,
2378 2521 2462 2585 qui
2491 2520 2662 2568 clausis

526 2600 700 2662 januis,
728 2601 1039 2666 postmodum
1059 2601 1121 2648 ad
1139 2601 1397 2667 discipulos
1415 2613 1486 2650 est
1507 2603 1760 2667 ingressus.
1789 2602 1865 2648 Sic
1885 2619 1998 2666 ergo
2018 2611 2186 2661 mater,
2216 2602 2334 2648 sicut
2354 2610 2398 2648 et
2423 2600 2570 2661 filius,
2596 2600 2661 2648 10-

533 2697 639 2744 gem
671 2681 719 2727 in
751 2682 1055 2728 sacramentis
1079 2683 1257 2743 tenuit,
1289 2699 1390 2730 non
1419 2683 1597 2747 aliqua,
1633 2693 1685 2730 ut
1708 2682 1888 2730 dictum
1917 2692 2009 2741 est,
2045 2681 2343 2741 necessitate,
2376 2679 2460 2727 sed
2490 2696 2661 2743 magna

531 2761 808 2809 humilitatis
836 2762 1206 2828 dispensatione.
1243 2767 1338 2812 Nec
1367 2764 1524 2812 solum
1553 2765 1641 2812 sub
1666 2765 1768 2830 lege
1796 2764 1957 2812 divina
1982 2762 2360 2829 obtemperando
2384 2761 2494 2808 facti
2521 2771 2656 2821 sunt,

533 2844 843 2891 verumetiam
873 2843 962 2890 sub
991 2844 1217 2891 humana.
1254 2848 1326 2892 De
1356 2856 1507 2893 matre
1540 2847 1719 2911 quippe
1750 2845 1973 2910 legimus,
2009 2843 2142 2909 quod
2173 2859 2284 2890 cum
2316 2842 2419 2890 viro
2449 2841 2663 2907 profecta

531 2934 599 2970 est
622 2924 921 2986 Bethlehem,
951 2935 1003 2972 ut
1026 2925 1331 2991 persolvendi
1349 2943 1519 2973 census
1539 2927 1732 2973 Caesaris
1761 2926 2020 2991 susciperet
2037 2924 2191 2989 legem
2212 2942 2221 2970 :
2250 2940 2305 2970 ac
2331 2922 2421 2970 sub
2445 2921 2529 2969 illas
2546 2938 2660 2986 pro-

530 3003 731 3051 fectione
757 3022 907 3070 quum
932 3004 998 3052 ibi
1024 3018 1342 3066 morarentur,
1369 3007 1471 3070 ipsa
1494 3007 1679 3071 peperit
1704 3006 2016 3070 unigenitum.
2047 3005 2141 3063 Qui
2172 3004 2314 3052 etiam
2348 3001 2660 3068 postmodum

531 3100 629 3131 11011
651 3086 829 3146 5010111,
856 3097 909 3134 ut
928 3086 1110 3134 dictum
1131 3097 1223 3148 est,
1246 3087 1338 3151 legi
1363 3088 1474 3147 Dei,
1504 3086 1588 3134 sed
1615 3088 1757 3134 etiam
1779 3086 1877 3151 legi
1896 3085 2232 3152 obtemperans
2248 3082 2439 3142 mundi,
2462 3097 2660 3129 censum

531 3166 698 3212 Caesari
726 3168 974 3231 persolvit,
995 3184 1139 3233 quem
1171 3179 1217 3216 et
1241 3167 1512 3234 persolvere
1533 3178 1726 3216 caeteros
1746 3167 2022 3228 admonuit,
2049 3166 2265 3215 dicens¹⁵z
2295 3183 2319 3209 α
2338 3162 2537 3210 Reddite
2555 3178 2660 3227 quae

532 3255 641 3291 sunt
664 3248 854 3294 Caesaris
878 3249 1070 3309 Caesari,
1095 3258 1141 3296 et
1163 3266 1267 3314 quae
1292 3259 1403 3296 sunt
1420 3249 1507 3296 Dei
1530 3252 1649 3296 Deo.
1671 3267 1693 3293 »
1723 3248 1962 3313 Scriptum
1984 3247 2032 3294 in
2058 3245 2329 3294 Matthaeo⁶z
2354 3264 2377 3288 «
2396 3245 2559 3300 Quum
2581 3257 2661 3289 ve—

581 3449 589 3465 ·
610 3449 719 3490 Joan„
737 3460 811 3494 cap.
825 3462 879 3484 xvi
892 3477 900 3492 ‚
918 3462 948 3485 v.
968 3452 1090 3486 13.—’
1104 3453 1200 3495 Luc.,
1217 3465 1290 3498 cap.
1308 3465 1360 3495 xi,
1374 3465 1406 3488 v.
1423 3453 1554 3488 27.—-⁵
1566 3454 1660 3494 Luc„
1677 3463 1750 3497 cap.
1766 3464 1788 3487 u
1800 3478 1809 3494 ‚
1827 3464 1857 3487 v.
1873 3455 1928 3487 22.
1942 3451 2126 3493 -⁴1bid.,
2141 3461 2172 3485 v.
2192 3451 2249 3484 23.
2266 3467 2304 3474 —
2321 3447 2474 3488 “Μ31111.,
2486 3457 2560 3491 cap.
2575 3456 2659 3486 xxii,
2723 3494 2726 3497 ἢ

536 3518 569 3539 v.
583 3508 719 3540 21.-⁶
733 3509 863 3552 Matth„
879 3520 951 3554 cap.
971 3522 1035 3545 xvn
1049 3537 1058 3552 ‚
1074 3522 1103 3544 v.
1123 3513 1177 3545 23.
