2970 4152
990 420 1300 469 EXPOSITIO
1335 423 1394 471 IN
1427 420 1819 470 HEXAMERON.
2366 420 2461 468 657

345 510 518 560 divinae
540 514 699 578 gratiae
715 524 898 580 spectat
918 525 1150 581 tanquam
1167 518 1419 582 proprium
1442 517 1683 564 tribuitur.
1707 519 1865 563 Homo
1888 515 2066 579 itaque,
2092 524 2145 560 ut
2167 514 2349 562 dictum
2371 526 2458 575 est,

345 594 611 641 secundum
645 595 814 644 animae
847 594 1127 659 dignitatem
1160 597 1223 643 ad
1256 597 1616 644 similitudinem
1653 595 1939 660 singularem
1972 611 2284 660 personarum
2312 595 2463 642 factus

346 682 417 720 est
431 711 442 732 ,
465 691 616 738 quum
630 691 717 739 per
737 676 1003 739 potentiam
1025 686 1073 723 et
1094 677 1377 741 sapientiam
1399 687 1447 723 et
1468 693 1685 723 amorem
1702 676 1879 723 caeteris
1899 675 2118 740 praelatus
2141 674 2463 722 animantibus

345 755 449 800 Deo
471 753 670 800 similior
692 754 842 801 factus
862 755 939 802 sit.
964 759 1035 802 Eo
1052 757 1230 821 quippe
1253 757 1414 803 anima
1434 756 1648 803 humana
1663 772 1748 820 per
1769 756 1974 820 propriae
1996 764 2175 802 naturae
2196 755 2464 819 potentiam

345 833 523 879 caeteris
539 833 765 880 omnibus
780 834 984 882 validior
997 845 1068 882 est
1081 872 1093 894 ,
1113 836 1247 900 quod
1266 836 1368 883 sola
1383 834 1666 882 immortalis
1683 845 1730 882 et
1747 834 1959 881 defectus
1981 835 2145 897 ignara
2161 844 2232 880 est
2247 833 2460 880 condita.

345 911 456 959 Sola
479 929 673 977 quoque
691 929 839 978 capax
862 924 933 961 est
947 915 1146 962 rationis
1164 926 1212 962 et
1232 916 1474 981 sapientiae
1492 925 1539 962 et
1555 915 1705 961 divini
1724 915 1900 961 amoris
1923 915 2175 978 particeps.
2199 916 2315 970 Quae
2333 913 2464 959 enim

346 994 501 1038 Deum
522 1009 865 1056 recognoscere
886 1010 975 1058 pro
994 995 1181 1042 ratione
1202 1005 1471 1060 nequeunt,
1497 1010 1805 1058 nequaquam
1821 1011 1933 1040 eum
1952 993 2146 1057 diligere
2165 1002 2382 1057 possunt.
2406 995 2465 1038 Et

346 1071 445 1118 haec
466 1072 663 1137 quidem
685 1073 774 1120 tria
795 1083 896 1120 tam
919 1075 1023 1121 viro
1045 1092 1192 1139 quam
1216 1075 1402 1123 feminae
1423 1075 1700 1123 communia
1722 1084 1856 1134 sunt,
1883 1073 2011 1120 unde
2034 1074 2222 1137 utrique
2245 1072 2307 1120 ad
2337 1073 2464 1119 simi-

344 1150 597 1199 litudinem
609 1152 697 1199 Dei
714 1152 824 1200 facti
838 1164 1168 1202 memorantur
1185 1172 1335 1220 quum
1352 1157 1402 1202 in
1419 1154 1728 1221 sequentibus
1744 1154 1918 1201 dicitur
1937 1173 1947 1200 ε
1971 1174 1992 1198 «
2012 1158 2066 1200 In
2083 1154 2161 1200 die
2177 1170 2271 1217 qua
2288 1152 2466 1199 creavit

345 1234 472 1279 Deus
490 1231 763 1292 hominem,
790 1233 852 1280 ad
875 1234 1236 1283 similitudinem
1257 1237 1345 1283 Dei
1368 1236 1479 1283 fecit
1500 1236 1658 1293 illum,
1684 1234 1951 1282 masculum
1973 1244 2020 1281 et
2043 1234 2271 1281 feminam
2289 1231 2466 1279 creavit

345 1328 445 1360 eos.
466 1331 490 1357 »
517 1315 678 1371 Quum
709 1314 871 1378 itaque
905 1315 1050 1362 ambo
1079 1316 1212 1380 juxta
1246 1317 1473 1382 praedicta
1505 1316 1867 1365 similitudinem
1896 1332 2007 1362 cum
2041 1314 2213 1361 divinis
2248 1313 2465 1378 personis

343 1392 581 1456 habeant,
607 1394 680 1441 vir
701 1404 861 1442 tamen
885 1412 984 1460 quo
1012 1397 1245 1461 majorem
1277 1414 1389 1444 cum
1417 1398 1484 1444 eis
1515 1396 1877 1445 similitudinem
1903 1405 2057 1455 tenet,
2083 1412 2183 1442 non
2213 1394 2370 1441 solum
2404 1393 2466 1440 ad

343 1472 703 1521 similitudinem
715 1511 726 1533 ,
751 1491 919 1522 verum
937 1477 1082 1524 etiam
1104 1477 1165 1524 ad
1187 1478 1445 1542 imaginem
1467 1478 1618 1525 creari
1634 1478 1824 1525 dicitur.
1846 1481 1907 1524 Ut
1925 1476 2055 1524 enim
2070 1492 2126 1523 ex
2142 1478 2276 1521 Patre
2289 1484 2467 1521 caeterae

344 1569 559 1618 personae
581 1552 764 1600 habent
785 1570 909 1614 esse,
937 1556 1002 1603 ita
1030 1557 1080 1603 in
1109 1557 1321 1605 humana
1349 1558 1592 1605 creatione
1621 1557 1797 1604 femina
1826 1573 1882 1603 ex
1908 1557 2013 1603 viro
2042 1565 2200 1602 creata
2228 1571 2328 1600 esse
2355 1553 2467 1600 inde

344 1632 536 1692 habuit,
562 1649 662 1680 non
685 1634 759 1680 vir
780 1650 836 1680 ex
861 1634 1056 1684 femina.
1084 1639 1173 1683 Per
1194 1638 1477 1702 sapientiam
1499 1653 1694 1702 quoque
1722 1637 1821 1684 sive
1843 1637 2080 1684 rationem
2102 1635 2259 1681 virum
2282 1634 2467 1680 feminae

345 1713 698 1778 praeeminuisse
728 1729 871 1778 supra
902 1714 1182 1774 docuimus,
1208 1727 1256 1764 et
1286 1717 1336 1763 in
1367 1711 1465 1763 hoc
1494 1734 1605 1764 eum
1635 1717 1976 1782 sapientiorem
2003 1725 2247 1773 constare,
2275 1714 2408 1778 quod
2440 1731 2468 1761 a

343 1803 565 1858 serpente
593 1793 756 1841 seduci
784 1810 884 1840 non
913 1795 1087 1859 potuit.
1123 1800 1160 1841 A
1188 1812 1286 1860 quo
1315 1798 1459 1843 etiam
1493 1799 1649 1843 Deum
1679 1796 1829 1859 magis
1857 1796 1988 1859 diligi
2016 1812 2115 1841 non
2147 1794 2467 1841 dubitandum

345 1883 438 1933 est,
463 1873 547 1937 qui
570 1888 876 1938 nequaquam
898 1889 1010 1920 eum
1031 1873 1122 1921 sibi
1146 1874 1384 1933 invidere,
1409 1874 1486 1922 vel
1509 1874 1677 1922 dolose
1693 1874 1959 1939 quidquam
1978 1874 2153 1933 dicere,
2174 1873 2248 1920 vel
2268 1875 2315 1920 in
2336 1891 2468 1921 men-

345 1953 536 2001 dacium
565 1970 880 2018 prorumpere
897 1990 909 2012 ,
934 1953 1131 2001 credere
1158 1955 1341 2019 potuit,
1372 1956 1495 2004 sicut
1523 1955 1694 2002 mulier
1722 1954 1919 2002 seducta
1947 1954 2072 2001 fecit.
2105 1957 2173 1999 Ex
2200 1953 2274 2000 his
2308 1954 2467 2018 itaque

343 2032 493 2098 liquet
513 2033 671 2081 virum
693 2033 826 2080 illum
849 2034 1007 2099 primo
1023 2034 1276 2082 conditum
1299 2051 1399 2081 non
1418 2034 1576 2085 solum
1592 2034 1978 2092 similitudinem,
2000 2050 2167 2080 verum
2190 2034 2333 2080 etiam
2356 2034 2469 2082 ima-

344 2113 503 2177 ginem
535 2113 810 2160 divinarum
834 2130 1151 2179 personarum
1182 2131 1238 2162 ex
1266 2115 1478 2180 ipsarum
1501 2115 1843 2180 cooperatione
1874 2115 1923 2160 in
1951 2130 2037 2160 sua
2068 2114 2310 2160 creatione
2328 2130 2465 2181 ‘acce-

342 2194 491 2258 pisse,
517 2193 650 2258 quod
669 2193 869 2240 similior
888 2193 978 2241 illis
1000 2194 1049 2243 in
1068 2195 1167 2242 istis
1189 2194 1413 2244 conditus
1435 2195 1513 2242 sit.
1538 2194 1677 2241 Unde
1698 2204 1828 2241 recte
1851 2194 1912 2241 de
1933 2194 2038 2240 viro
2061 2193 2244 2240 dictum
2266 2204 2335 2241 est
2356 2213 2379 2239 «
2405 2195 2466 2242 ad

342 2273 599 2338 imaginem
619 2282 858 2334 nostram,
880 2292 905 2318 »
924 2273 1020 2327 hoc
1041 2284 1112 2322 est
1134 2274 1196 2322 ad
1218 2275 1563 2345 expressiorem
1586 2274 1951 2322 similitudinem
1969 2292 1981 2333 3
2007 2284 2053 2322 et
2077 2274 2137 2324 de
2161 2274 2336 2322 femina
2358 2275 2468 2322 sub-

337 2352 559 2416 junctum
581 2363 652 2402 est
672 2363 883 2413 tantum,
906 2373 929 2399 «
951 2354 1013 2402 ad
1036 2354 1414 2403 similitudinem.
1439 2375 1462 2400 »

411 2452 435 2479 «
465 2437 522 2482 Et
557 2434 714 2498 praesit
745 2433 972 2499 piscibus.
994 2453 1018 2478 »
1044 2437 1150 2481 Non
1186 2436 1384 2500 quidem
1418 2436 1667 2484 hominem
1701 2436 1888 2485 homini
1924 2436 2161 2500 praeponit
2193 2438 2344 2494 Deus,
2381 2436 2466 2483 sed

344 2512 698 2560 insensibilibus
719 2522 908 2560 tantum
930 2513 1006 2561 vel
1027 2514 1435 2562 irrationabilibus
1458 2516 1709 2574 creaturis,
1730 2525 1782 2562 ut
1806 2531 1884 2562 cas
1907 2514 2084 2561 scilicet
2106 2515 2156 2560 in
2180 2524 2466 2578 potestatem

344 2594 568 2658 accipiat,
594 2603 642 2640 et
664 2594 730 2640 eis
752 2593 1029 2642 dominetur
1049 2611 1155 2659 quae
1171 2597 1357 2643 ratione
1374 2606 1539 2644 carent
1557 2606 1604 2643 et
1619 2612 1761 2643 sensu
1775 2633 1786 2654 ,
1808 2596 1930 2643 sicut
1948 2595 2261 2660 postmodum
2284 2596 2347 2642 ait
2363 2595 2430 2642 ibi
2450 2616 2461 2644 :

347 2692 371 2718 «
398 2677 456 2721 Et
478 2672 795 2721 dominamini
811 2674 1019 2740 piscibus
1035 2676 1202 2735 mariS,
1223 2685 1314 2725 etc.
1338 2694 1363 2722 »
1383 2678 1593 2724 Potestas
1609 2685 1691 2725 aut
1707 2675 1978 2722 dominium
1994 2676 2043 2722 in
2066 2675 2140 2722 his
2162 2675 2272 2722 ideo
2292 2676 2465 2725 collata

343 2751 531 2800 homini
553 2753 804 2814 dicuntur,
841 2754 974 2820 quod
997 2756 1131 2819 juxta
1159 2756 1258 2819 ejus
1287 2755 1537 2803 arbitrium
1566 2755 1667 2803 haec
1696 2755 1861 2803 omnia
1882 2755 2279 2820 disponerentur,
2306 2766 2353 2802 et
2375 2773 2464 2821 pro

343 2832 590 2887 voluntate
612 2851 696 2882 sua
719 2835 786 2885 eis
810 2836 1000 2900 penitus
1023 2846 1296 2895 uterentur,
1329 2835 1543 2901 quandiu
1572 2836 1673 2902 ipse
1702 2835 1939 2884 voluntati
1965 2836 2038 2882 sui
2060 2835 2324 2883 conditoris
2350 2836 2464 2883 sub-

336 2914 492 2977 jectus
515 2924 653 2966 esset.
680 2918 734 2962 In
758 2932 880 2981 quos
904 2927 1065 2965 tamen
1088 2933 1202 2965 usus
1220 2916 1321 2964 haec
1344 2917 1509 2969 omnia
1530 2927 1645 2964 tunc
1667 2916 1889 2976 haberet,
1913 2933 2014 2963 non
2038 2916 2172 2963 facile
2195 2926 2265 2963 est
2290 2916 2350 2963 de
2366 2918 2463 2964 sin-

344 2994 464 3058 gulis
493 2994 749 3055 disserere,
775 2997 814 3043 si
836 3013 1025 3063 semper
1047 2997 1096 3044 in
1124 2997 1348 3063 paradiso
1372 2998 1668 3062 persisteret,
1704 3007 1934 3062 tanquam
1966 2996 2027 3044 ad
2057 3013 2252 3043 manum
2282 2996 2465 3044 hahens

344 3075 509 3123 omnia
544 3076 831 3136 necessaria,
869 3086 916 3124 et
948 3076 1264 3125 sufficientem
1292 3077 1382 3125 sibi
1410 3077 1471 3124 de
1505 3077 1735 3125 fructibus
1767 3077 1997 3125 arborum
2033 3077 2109 3124 vel
2138 3076 2298 3123 herbis
2331 3093 2465 3124 esum

344 3170 626 3207 concessum
649 3172 660 3202 ε
680 3156 941 3220 praesertim
956 3173 1108 3221 quum
1124 3173 1214 3204 nec
1231 3156 1294 3204 ad
1314 3173 1425 3204 eum
1441 3158 1711 3222 pertingere
1730 3166 1926 3224 possent
1941 3157 2161 3203 universa
2182 3156 2461 3205 animantia.

345 3236 408 3282 Ut
439 3234 569 3288 enim
603 3233 664 3281 de
698 3234 861 3283 bestiis
893 3245 943 3283 et
976 3235 1143 3288 avibus
1175 3237 1616 3302 praetermittamus,
1647 3237 1753 3301 quis
1787 3246 1890 3284 cete
1924 3235 2122 3300 grandia
2150 3235 2224 3282 vel
2255 3237 2465 3284 marinos

344 3314 497 3379 pisces
518 3313 629 3362 illuc
651 3331 791 3380 posse
819 3317 1069 3381 pervenire
1086 3354 1099 3376 ,
1123 3317 1199 3364 vel
1229 3317 1373 3365 etiam
1395 3318 1557 3364 vivere
1585 3316 1870 3365 arbitretur?
1893 3315 2043 3374 Quale
2071 3316 2279 3380 denique
2301 3317 2466 3363 domi-

346 3395 480 3442 nium
515 3412 658 3461 super
684 3396 785 3443 haec
810 3413 1028 3445 exercere
1056 3407 1217 3463 posset
1250 3414 1355 3462 quae
1386 3414 1633 3463 nunquam
1657 3397 1866 3455 videret,
1903 3413 1991 3444 nec
2020 3397 2163 3444 etiam
2196 3396 2275 3443 ubi
2309 3407 2464 3443 essent

345 3474 513 3534 sciret,
554 3492 644 3526 nec
680 3476 889 3527 fortassis
931 3478 968 3525 si
1006 3486 1162 3526 essent
1200 3479 1542 3542 cognosceret?
1578 3477 1837 3536 Quomodo
1881 3478 2074 3543 insuper
2112 3477 2369 3535 universae,
2413 3485 2466 3523 ut

531 3565 546 3596 1
2239 3556 2289 3595 83
