2970 4152
569 412 664 459 644
1366 410 1536 460 PETRI
1573 413 1885 462 ABAELARDI

567 517 688 553 esset
707 507 900 564 diffusa,
925 507 1013 552 nisi
1032 506 1152 552 forte
1175 506 1243 566 id,
1264 507 1396 571 quod
1419 525 1505 573 per
1525 524 1671 556 venas
1693 519 1829 556 terrae
1850 509 2116 556 immissum
2133 518 2221 568 est,
2241 508 2339 572 ejus
2360 510 2543 557 minuat
2566 526 2678 574 pro·
2708 524 2712 543 ⁴

566 587 866 633 funditatem.
2149 589 2151 591 ’

635 687 657 711 r<
679 672 736 714 Et
759 668 964 714 vocavit.
994 686 1015 711 »
1040 667 1094 713 Id
1118 677 1187 714 est
1209 668 1370 715 vocari
1394 668 1589 732 dignam
1612 670 1721 716 fecit
1743 668 1952 727 aridam,
1990 667 2041 715 id
2064 678 2134 716 est
2155 669 2330 715 siccam
2351 668 2480 715 illam
2502 679 2679 715 terram

564 747 697 810 aquis
721 746 974 793 detectam.
1001 750 1142 794 Terra
1176 747 1305 794 enim
1339 757 1440 795 erat
1474 749 1618 796 etiam
1637 786 1648 807 ,
1675 764 1824 812 quum
1859 747 2079 795 limosam
2115 764 2221 795 eam
2256 764 2389 812 aquae
2422 746 2678 812 superfusae

563 827 842 886 redderent,
869 828 953 874 sed
976 828 1110 875 arida
1132 845 1262 874 nunc
1286 828 1409 876 facta
1431 839 1501 876 est
1524 830 1658 893 aquis
1681 827 1980 875 cedentibus.

630 928 652 953 «
669 909 1166 974 Congregationesque
1184 926 1469 973 aquarum.»
1487 910 1539 956 ld
1553 916 1624 957 est
1637 926 1801 956 earum
1818 910 2204 957 continuationes
2218 910 2327 956 licet
2343 909 2543 956 diversis
2561 907 2677 961 locis

561 988 909 1037 distinctarum.
939 990 1076 1054 Apud
1100 990 1327 1037 Hebraeos·
1347 991 1477 1036 enim
1500 1000 1682 1036 cunctae
1705 1006 1937 1054 aquarum
1960 991 2353 1053 congregationes
2367 1026 2378 1048 ‚
2405 989 2502 1036 sive
2525 987 2672 1046 salsae,

559 1069 657 1115 sive
686 1069 874 1128 dulces,
907 1068 1134 1133 appellari
1164 1070 1313 1116 maria
1336 1069 1577 1115 dicuntur.
1609 1073 1667 1115 Et
1697 1079 1814 1115 nota
1836 1069 1992 1133 quod,
2018 1086 2170 1133 quum
2197 1069 2246 1115 in
2282 1086 2428 1134 opere
2456 1066 2676 1115 secundae

559 1148 651 1196 diei
674 1150 973 1214 praemisisset
995 1168 1004 1195 z
1030 1167 1053 1194 «
1074 1152 1132 1195 Et
1154 1149 1264 1196 fecit
1286 1152 1413 1196 Deus
1437 1148 1817 1207 firmamentum,
1844 1149 2098 1213 divisitque
2127 1165 2298 1213 aquas,
2325 1159 2437 1207 etc.,
2461 1167 2483 1192 >J
2510 1158 2677 1213 postea

555 1230 806 1293 supposuit
834 1248 843 1276 :
875 1248 898 1273 «
920 1232 979 1275 Et
1002 1228 1180 1276 factum
1203 1238 1274 1275 est
1296 1230 1377 1275 ita.
1409 1247 1432 1272 »
1459 1228 1605 1285 Quod
1627 1245 1934 1293 nequaquam
1957 1229 2006 1274 in
2029 1229 2119 1275 ista
2142 1228 2510 1291 congregatione
2533 1243 2678 1292 aqua-

555 1324 663 1353 rum
693 1325 823 1355 nunc
852 1307 975 1355 facta
1005 1307 1273 1355 observavi.
1307 1310 1412 1353 Non
1447 1307 1575 1354 enim
1607 1307 1724 1354 dixit
1751 1308 1882 1372 prius
1914 1317 1961 1354 et
1989 1318 2285 1372 congregatae
2306 1316 2417 1354 sunt
2438 1323 2597 1371 aquae;
2622 1316 2676 1353 ut

555 1387 865 1450 postmodum
889 1387 1137 1446 subderet,
1166 1397 1212 1433 et
1232 1387 1410 1433 factum
1433 1397 1503 1434 est
1525 1388 1611 1446 ita;
1645 1386 1730 1434 sed
1759 1396 1948 1434 tantum
1973 1387 2113 1447 dixit,
2140 1388 2252 1451 quia
2282 1387 2460 1434 sactum
2489 1396 2560 1433 est
2587 1386 2670 1434 ita.

553 1468 601 1514 Si
624 1469 753 1515 enim
770 1468 848 1514 hic
861 1469 982 1515 sicut
1001 1467 1066 1514 ibi
1081 1468 1408 1532 supposuisset
1426 1486 1436 1513 :
1460 1487 1483 1512 «
1498 1467 1675 1514 sactum
1690 1477 1760 1514 est
1774 1468 1888 1526 ita‚»
1910 1468 2110 1514 innuere
2132 1468 2375 1515 videretur
2397 1467 2531 1531 quod
2552 1467 2673 1514 sicut

551 1547 629 1594 illa
658 1548 905 1612 suspensio
935 1563 1170 1611 aquarum
1197 1557 1428 1611 perpetua
1455 1557 1548 1606 est,
1582 1547 1648 1593 ita
1680 1548 1824 1594 etiam
1851 1547 1952 1594 haec
1975 1548 2282 1611 congregatio
2306 1562 2471 1593 earum
2498 1566 2508 1593 :
2535 1546 2670 1611 quod

552 1644 856 1693 nequaquam
883 1644 1051 1674 verum
1086 1637 1179 1685 est,
1214 1643 1365 1690 quum
1400 1627 1579 1673 eaedem
1614 1642 1747 1691 aquae
1781 1637 1897 1674 tunc
1933 1628 1983 1674 in
2013 1645 2166 1674 unum
2193 1627 2355 1674 locum
2381 1626 2598 1674 adductae
2619 1635 2673 1674 ut

550 1718 800 1773 appareret
823 1708 982 1766 arida,
1009 1709 1057 1754 in
1083 1707 1263 1754 diluvio
1288 1707 1383 1753 sint
1405 1707 1611 1754 reductae
1633 1717 1686 1754 ut
1708 1724 1815 1755 eam
1839 1718 2165 1772 contegerent.

618 1809 640 1833 «
665 1793 724 1836 Et
745 1789 880 1836 vidit.
910 1808 932 1832 »
963 1788 1016 1835 Id
1039 1798 1109 1835 est
1131 1788 1197 1834 sic
1221 1788 1360 1835 istam
1382 1789 1805 1851 congregationem
1827 1788 1960 1848 fecit,
1986 1799 2039 1836 ut
2063 1788 2245 1836 bonam
2268 1805 2392 1849 esse,
2414 1798 2462 1836 et
2484 1788 2545 1836 ad
2569 1788 2669 1836 haec

548 1887 653 1934 quae
676 1870 884 1916 facturus
907 1878 1007 1915 erat
1030 1869 1346 1915 necessariam
1362 1905 1373 1927 ,
1398 1868 1712 1933 postmodum
1736 1885 1843 1916 eam
1867 1868 2020 1916 videri
2044 1868 2234 1916 faceret.

617 1970 639 1996 κ
659 1951 906 1997 Germinet
928 1960 1070 1996 terra.
1094 1968 1117 1993 »
1146 1948 1199 1996 Id
1217 1959 1289 1996 est
1308 1950 1358 1996 in
1378 1965 1428 1996 se
1451 1950 1661 2014 primum
1684 1950 1924 2015 concipiat
1946 1949 2080 2014 quod
2102 1949 2279 1996 deinde
2295 1949 2529 2014 proferat,
2548 1950 2669 1997 sicut

548 2048 602 2078 ex
626 2041 863 2096 conceptu
881 2030 1164 2095 producitur
1185 2030 1235 2076 in
1257 2030 1415 2077 lucem
1437 2040 1619 2095 partus.
1646 2033 1717 2077 De
1739 2047 1837 2095 quo
1860 2030 2058 2095 quidem
2079 2040 2220 2094 partu
2245 2031 2404 2077 statim
2421 2030 2632 2077 adnectit
2653 2049 2664 2075 :

551 2132 572 2155 «
601 2116 658 2157 Et
674 2110 889 2175 protulit.
914 2129 936 2153 »
957 2109 1101 2167 Quod
1123 2126 1237 2156 vero
1254 2110 1591 2174 interpositum
1609 2120 1680 2157 est
1700 2128 1711 2157 z
1735 2129 1757 2155 ι(
1776 2114 1835 2157 Et
1852 2110 2032 2157 factum
2050 2120 2120 2157 est
2141 2111 2230 2169 ita,
2253 2129 2277 2154 »
2298 2110 2359 2157 ad
2378 2119 2666 2174 conceptum

546 2201 733 2238 tantum
757 2189 1114 2254 germinationis
1136 2189 1359 2253 pertInet.
1386 2189 1531 2246 Quod
1546 2206 1662 2235 vero
1690 2190 1850 2236 statim
1872 2190 2007 2237 addit
2029 2207 2040 2236 :
2064 2208 2087 2233 «
2105 2193 2163 2235 Et
2186 2188 2407 2253 protulit,
2431 2207 2454 2232 »
2480 2188 2573 2236 tale
2596 2198 2666 2236 est

545 2282 775 2335 tanquam
804 2271 843 2317 si
874 2270 1053 2316 diceret
1081 2287 1090 2315 :
1119 2272 1176 2315 Et
1199 2285 1311 2315 mox
1335 2269 1654 2332 germinatum
1671 2269 1913 2333 produxit.
1942 2273 2001 2316 Et
2024 2279 2141 2316 nota
2161 2269 2294 2333 quod
2317 2286 2467 2333 quum
2490 2286 2546 2316 ex
2567 2279 2664 2316 ter-

544 2353 608 2398 ris
631 2350 704 2397 vel
735 2350 868 2414 aquis
900 2349 1059 2413 aliqua
1087 2349 1332 2413 procreari
1354 2348 1429 2395 vel
1462 2349 1593 2396 nasci
1624 2349 1868 2408 dicuntur,
1901 2366 2001 2396 non
2031 2350 2098 2396 sic
2127 2350 2461 2414 accipiendum
2490 2359 2585 2408 est,
2613 2360 2665 2397 ut

543 2449 599 2478 ex
623 2447 722 2477 uno
747 2439 935 2477 tantum
957 2429 1196 2477 elemento
1220 2438 1465 2489 constent,
1493 2428 1578 2478 sed
1600 2445 1656 2478 ex
1680 2429 1918 2476 obtinenti
1940 2430 2141 2477 nomina
2166 2430 2448 2489 sortiuntur,
2474 2430 2595 2478 sicut
2617 2440 2663 2477 et

541 2514 644 2578 ipsa
667 2529 722 2558 ex
745 2510 917 2575 quibus
941 2510 1144 2574 produci
1167 2509 1454 2557 referuntur.
2095 2534 2113 2549 τ
2170 2552 2186 2562 (Α

610 2612 632 2636 α
660 2591 869 2638 Herbam
901 2591 1151 2637 virentem.
1183 2608 1204 2633 11
1243 2592 1359 2647 Quae
1390 2600 1525 2636 terrae
1565 2588 1791 2637 radicitus
1820 2589 2086 2649 adhaerent,
2124 2601 2170 2637 et
2206 2608 2261 2637 ex
2296 2590 2500 2638 humore
2529 2607 2662 2656 aquae

543 2675 701 2721 vivere
737 2682 784 2718 et
819 2688 1028 2718 crescere
1063 2670 1268 2728 habent,
1300 2681 1427 2717 recte
1462 2670 1697 2735 praedictae
1727 2670 2028 2735 dispositioni
2056 2681 2192 2718 terrae
2225 2681 2272 2717 et
2299 2687 2431 2735 aquae
2454 2671 2542 2718 sub
2564 2689 2662 2720 una

541 2755 619 2802 die
643 2763 973 2817 aggregantur.
1004 2751 1281 2798 Notandum
1303 2768 1446 2810 vero,
1477 2761 1528 2798 ut
1550 2751 1839 2816 quibusdam
1862 2752 2068 2810 videtur,
2101 2768 2154 2798 ex
2181 2751 2275 2798 hoc
2298 2753 2502 2798 maxime
2524 2753 2661 2799 innui

542 2834 778 2881 mundum
801 2849 951 2878 verno
975 2842 1192 2895 tempore
1215 2831 1289 2877 his
1312 2831 1560 2890 adornari,
1595 2831 1729 2896 quod
1756 2831 1831 2878 his
1860 2832 2109 2878 nascituris
2132 2831 2192 2878 de
2213 2841 2338 2878 terra
2364 2831 2437 2878 vel
2464 2848 2659 2879 conser-

538 2915 707 2962 vandis
730 2929 928 2960 vernam
960 2912 1241 2976 temperiem
1271 2913 1588 2958 necessariam
1609 2910 1874 2958 videamus.
1908 2911 2002 2958 Sed
2033 2911 2248 2976 profecto
2274 2928 2375 2958 non
2396 2912 2540 2958 video
2563 2929 2658 2976 qua

539 2998 724 3044 ratione
740 2995 866 3041 hanc
889 2993 1192 3057 temperiem,
1215 3008 1363 3056 quam
1385 3009 1515 3039 nunc
1534 2992 1821 3057 experimur,
1842 2993 1890 3039 in
1911 3010 2022 3039 vere
2042 2992 2253 3039 mundus
2268 2992 2447 3039 habere
2470 3003 2653 3057 posset,

538 3077 637 3124 sole
657 3075 875 3122 nondum
900 3074 1116 3131 condito,
1143 3089 1198 3119 ex
1223 3072 1355 3135 cujus
1376 3072 1574 3136 quidem
1598 3088 1788 3118 accessu
1811 3073 1914 3137 ipsa
1933 3089 2063 3119 nunc
2083 3071 2135 3119 fit
2154 3072 2430 3136 temperies;
2451 3072 2549 3118 imo
2565 3071 2656 3119 hac

538 3158 615 3204 die
635 3172 730 3219 qua
747 3156 847 3202 haec.
862 3165 990 3201 terra
1007 3153 1206 3218 protulit
1230 3152 1443 3216 frigidius
1465 3163 1654 3218 tempus
1677 3154 1906 3200 exstitisse
1928 3153 2118 3200 videtur
2131 3170 2277 3217 quam
2294 3153 2343 3198 in
2357 3151 2655 3216 hyemalibus

538 3235 707 3283 diebus
729 3248 850 3298 quos
874 3233 1368 3298 quantulumcumque
1391 3232 1463 3279 sol
1486 3232 1634 3279 modo
1664 3233 1895 3280 calefacit.
1924 3233 2063 3280 Unde
2086 3249 2199 3296 ergo
2223 3232 2488 3279 secundum
2513 3241 2653 3279 natu—

538 3334 642 3364 ram
677 3332 837 3362 rerum
873 3325 999 3361 terra
1035 3325 1149 3360 tunc
1186 3314 1451 3377 germinare
1489 3314 1578 3361 ista
1613 3314 1823 3379 potuerit
1860 3314 1933 3361 vel
1971 3329 2255 3361 conservare
2269 3350 2281 3371 ,
2317 3311 2551 3358 nonnulla
2583 3323 2653 3359 est

536 3397 751 3462 quaestio.
778 3394 872 3441 Sed
894 3395 1013 3441 sicut
1031 3394 1131 3457 jam
1154 3411 1299 3458 supra
1321 3394 1648 3465 meminimus,
1677 3395 1726 3440 in
1749 3393 1838 3441 illis
1862 3394 2087 3459 operibus
2109 3409 2188 3440 sex
2219 3393 2436 3457 priorum
2465 3392 2651 3439 dierum

537 3476 637 3523 sola
667 3475 754 3521 Dei
784 3473 1004 3520 voluntas
1034 3474 1131 3520 vim
1158 3483 1338 3520 naturae
1371 3473 1606 3533 obtinuit,
1639 3473 1836 3538 quando
1871 3474 1973 3539 ipsa
2001 3474 2145 3521 etiam
2177 3482 2348 3520 natura
2380 3471 2647 3531 creabatur,
