2970 4152
875 360 934 413 IN
968 363 1414 412 ClRCUMCISlONE
1449 363 1658 413 DOMlNl
1693 364 1910 412 SERMO.
2357 361 2451 410 373

338 475 364 505 κ
383 471 529 524 quere
561 459 626 507 ad
659 463 864 521 Aaron1,
894 479 917 505 »ι
956 470 1003 508 et
1027 459 1192 507 alibi22
1228 478 1250 504 «
1275 458 1346 506 Ad
1386 458 1508 506 filios
1545 461 1728 520 Aaron,
1754 479 1776 504 »
1800 469 1845 507 et
1870 458 2035 506 alibi³z
2071 458 2180 504 «Ad
2211 458 2400 521 levitas,
2429 483 2451 505 »

331 551 515 589 eertum
547 550 615 588 est
642 558 741 589 non
772 535 1016 606 subjacere
1050 540 1258 605 reliquos
1289 539 1370 587 his>
1394 539 1576 604 legibus
1608 541 1751 588 etiam
1787 558 1891 606 quae
1927 540 2033 586 filiis
2061 538 2315 604 jubentur,
2367 559 2456 589 nec

330 621 604 686 alienigenae
619 623 850 670 memoria
869 622 964 669 ulla
991 622 1050 669 sit
1064 623 1092 668 ⁴.
1129 624 1238 676 Non
1264 630 1334 667 est
1355 620 1623 685 putandum
1649 637 1908 668 commune
1927 637 2028 668 esse
2043 618 2348 682 mandatum,
2373 621 2455 668 ubi

264 771 267 773 -
328 702 660 768 appellationis
681 701 885 750 habetur
903 703 1132 768 exceptio.
1168 701 1244 749 Sic
1271 718 1384 766 ergo
1416 717 1516 748 non
1542 700 1660 748 alius
1687 686 2065 776 cigcumcisionis‘
2093 700 2194 765 lege
2223 703 2455 749 constrin-

329 782 480 846 gitur,
526 782 616 829 nisi
649 799 708 831 ex
747 782 985 830 Abraham
1011 782 1243 847 originem
1276 780 1495 840 trahens,
1526 780 1601 828 vel
1629 780 1914 828 vernaculus
1947 797 2139 841 eorum,
2182 782 2259 828 vel
2301 783 2454 847 pretio

330 873 535 929 emptus.
556 863 637 910 Vis
646 873 806 911 autem
815 863 1004 924 .vide1›e‚
1026 864 1140 929 quia
1157 862 1309 911 sicubi
1322 862 1426 910 vult
1444 862 1586 910 etiam
1606 862 1892 927 alienigenas
1910 861 2012 926 lege
2032 865 2270 924 connecti,
2285 863 2456 928 signifi-

327 955 491 994 canter
515 944 828 1008 ostendatur?
855 945 980 993 Audi·
1005 945 1122 1011 quid
1149 946 1378 1012 scriptum
1398 944 1480 991 sit⁵
1501 963 1510 991 :
1543 964 1566 989 α
1588 948 1746 991 Homo
1767 961 1822 991 ex
1844 943 1951 991 filiis
1976 944 2118 992 Israel
2147 955 2193 992 et
2228 946 2423 994 advenis
2439 982 2450 1004 ‚

330 1045 356 1071 «
380 1025 655 1090 quicunque
684 1025 1043 1073 manducaverit
1068 1017 1264 1073 omnem
1289 1024 1592 1089 sanguinem,
1622 1025 1831 1071 animam
1850 1023 1978 1072 illam
2000 1023 2272 1090 disperdam
2302 1045 2310 1072 :
2345 1027 2455 1090 quia

329 1127 353 1152 α
376 1107 534 1154 anima
561 1107 719 1174 omnis
744 1107 899 1154 carnis
924 1107 1114 1171 sanguis
1138 1106 1262 1153 illius
1286 1116 1372 1153 est.
1398 1108 1455 1152 Et
1482 1122 1570 1171 ego
1590 1105 1703 1153 dedi
1721 1104 1858 1152 vobis
1878 1115 1930 1152 ut
1950 1123 2006 1152 ex
2022 1107 2127 1171 ipso
2147 1123 2290 1172 super
2309 1107 2453 1154 altare

329 1207 353 1232 α·
374 1189 711 1253 propitiaretur
733 1206 825 1254 pro
843 1188 1094 1236 animabus
1123 1188 1309 1246 vestris,
1338 1188 1450 1251 quia
1474 1187 1664 1250 sanguis
1694 1202 1784 1251 pro
1816 1187 1976 1234 anima
2005 1187 2226 1252 expiabit.
2254 1208 2276 1232 »
2311 1188 2455 1234 Vides

323 1286 438 1333 ergo
465 1269 590 1317 hanc
614 1270 791 1335 legem,
820 1286 925 1333 quae
954 1269 1152 1316 advenis
1185 1268 1297 1314 data
1329 1277 1425 1327 est,
1454 1266 1697 1315 observari
1724 1277 1772 1315 et
1798 1284 1826 1314 a
1854 1267 2018 1328 nobis,
2049 1270 2131 1332 qui
2157 1286 2213 1316 ex
2239 1270 2454 1334 gentibus

324 1348 564 1396 credimus
583 1349 602 1396 Ρ
627 1353 752 1414 Ergo
772 1348 926 1414 legem
944 1348 1006 1396 de
1024 1347 1358 1396 observatione
1380 1348 1621 1412 sanguinis
1645 1363 1953 1395 communem
1981 1364 2091 1395 cum
2114 1348 2220 1395 filiis
2243 1349 2382 1396 Israel
2410 1361 2456 1396 et

322 1430 536 1494 gentium
553 1431 760 1497 suscepit
773 1430 999 1478 Ecclesia.
1019 1433 1128 1477 Haec
1143 1446 1353 1494 namque
1369 1429 1434 1476 ita·
1449 1428 1714 1494 intelligens
1728 1429 1780 1476 in
1797 1428 1898 1493 lege
1914 1429 2104 1494 scripta,
2128 1439 2242 1477 tunc
2259 1430 2454 1477 beatum

324 1507 441 1557 illud
465 1510 796 1576 apostolorum
818 1509 1078 1558 concilium
1097 1508 1407 1570 decernebat,
1439 1509 1630 1558 decreta
1656 1509 2131 1575 gentibus‘scribens‚
2166 1521 2216 1558 ut
2250 1509 2453 1557 abstine-

323 1599 430 1637 rent
460 1607 487 1638 a
517 1592 747 1657 sanguine
785 1601 834 1639 et
880 1591 1128 1638 suffocato.
1169 1593 1348 1638 Verum
1381 1590 1592 1655 requires
1626 1589 1848 1650 fortasse,
1884 1591 1923 1637 si
1955 1590 2097 1637 etiam
2129 1590 2189 1638 de
2223 1590 2452 1637 suffocato

320 1673 592 1720 communis
621 1672 728 1720 filiis
756 1672 897 1720 lsrael
925 1689 1036 1720 cum
1061 1671 1257 1721 advenis
1282 1671 1391 1720 data
1416 1672 1476 1719 sit
1493 1671 1584 1719 lex.
1622 1671 1743 1719 Audi
1767 1690 1777 1718 :
1811 1692 1834 1717 «
1859 1675 2043 1733 Homo,
2071 1691 2094 1716 »
2124 1672 2317 1737 inquit⁶‚
2351 1691 2373 1716 «
2396 1688 2452 1718 ex

322 1772 348 1797 «
371 1750 479 1800 filiis
507 1753 675 1814 Israel,
701 1763 748 1802 et
770 1770 827 1801 ex
851 1753 1047 1801 advenis
1075 1753 1158 1818 qui
1185 1762 1295 1800 sunt
1320 1770 1377 1800 ex
1406 1751 1569 1813 vobis,
1599 1753 1875 1818 quicunque
1905 1763 2104 1800 venatus
2138 1753 2276 1800 fuerit
2305 1753 2450 1800 feram

322 1851 351 1877 κ
371 1843 453 1881 aut
477 1850 616 1882 avem
639 1851 746 1900 quae
770 1834 1112 1895 manducatur,
1145 1834 1359 1883 effundat
1380 1835 1661 1900 sanguinem
1687 1834 1812 1898 ejus,
1837 1845 1883 1882 et
1902 1834 2146 1900 cooperiat
2165 1844 2314 1894 terra,
2339 1835 2450 1900 quia

248 1940 252 1945 ·
322 1931 348 1957 ι(
371 1914 530 1962 anima
548 1917 705 1963 omnis
730 1917 885 1964 carnis
903 1916 1093 1981 sanguis
1113 1915 1239 1963 illius
1256 1925 1344 1962 est.
1373 1934 1396 1960 υ
1424 1918 1603 1963 Verum
1622 1915 1734 1980 quia
1758 1915 1881 1962 inter
1906 1914 1984 1962 illa
2000 1951 2012 1975 ,
2040 1932 2145 1979 quae
2169 1914 2229 1962 de
2252 1917 2447 1962 Levitico

269 1998 273 2002 ⁴
316 1996 535 2060 superius
550 1996 860 2062 protulimus,
889 1998 1032 2046 etiam
1057 1996 1152 2045 hoc
1175 1996 1400 2044 refertur⁷
1423 2014 1433 2042 ε
1470 2015 1498 2041 «⁴
1515 1999 1674 2043 Homo
1698 2012 1755 2043 ex
1772 1994 1880 2042 filiis
1899 1994 2039 2042 lsrael
2058 1994 2134 2042 vel
2154 1995 2349 2042 advenis
2368 1995 2449 2059 qui

320 2093 344 2118 «
368 2085 479 2123 sunt
502 2075 550 2123 in
577 2077 667 2137 eis,
690 2077 964 2143 quicunque
983 2077 1145 2125 fecerit
1161 2076 1497 2124 holocaustum
1519 2086 1601 2124 aut
1620 2075 1927 2136 sacrificium,
1956 2085 2004 2123 et
2021 2076 2081 2123 ad
2100 2076 2274 2124 ostium
2294 2074 2449 2123 taber-

320 2173 348 2198 «-
366 2154 524 2202 naculi
551 2173 649 2204 non
678 2157 928 2206 adduxerit
945 2157 1063 2206 illud
1082 2157 1235 2206 facere
1250 2158 1462 2205 Domino
1476 2193 1489 2219 ‚
1522 2156 1915 2205 exterminabitur
1934 2155 1995 2204 de
2014 2155 2196 2223 populo
2216 2172 2319 2203 suo.
2344 2175 2367 2200 υ
2394 2159 2449 2204 Et

316 2252 402 2300 per
427 2236 522 2285 hoc
544 2238 783 2287 videbitur
807 2241 950 2288 etiam
981 2239 1042 2288 de
1068 2238 1291 2305 gentibus
1318 2239 1527 2288 Ecclesia
1555 2237 1845 2286 holocaustis
1870 2236 2079 2285 obnoxia
2106 2236 2223 2285 fieri.
2261 2239 2365 2284 Non
2397 2249 2449 2285 ut

317 2313 454 2364 faciat
487 2317 650 2381 jubet,
697 2320 782 2368 sed
807 2321 845 2368 si
871 2320 996 2368 forte
1031 2320 1216 2380 fecerit,
1245 2319 1496 2385 quomodo
1530 2320 1683 2367 facere
1717 2318 1912 2378 debeat,
1951 2317 2107 2366 docet.
2148 2320 2341 2366 Certum
2379 2329 2449 2365 est

316 2397 445 2444 enim
467 2398 624 2462 quod,
653 2417 804 2465 quum
822 2401 1162 2466 Hierosolymis
1201 2401 1434 2467 templum
1466 2410 1732 2460 constaret,
1759 2410 1806 2448 et
1838 2399 2002 2465 religio
2030 2400 2200 2448 tradita
2234 2399 2447 2466 patribus

316 2475 513 2540 vigeret,
543 2479 737 2544 plurimi
764 2482 907 2529 etiam
933 2482 1152 2547 gentium»
1169 2481 1427 2529 veniebant
1457 2480 1519 2528 ad
1544 2480 1778 2546 templum
1801 2479 2002 2528 adorare
2028 2490 2075 2528 et
2102 2480 2273 2527 offerre
2303 2481 2444 2528 sacri·

314 2553 493 2605 ficium.
529 2558 622 2607 Sed
651 2559 745 2607 hoc
775 2562 1006 2625 quoniam
1036 2561 1084 2607 in
1115 2560 1227 2607 loco
1255 2577 1351 2607 uno
1387 2559 1489 2608 fieri
1519 2571 1812 2626 praeceptum
1843 2570 1937 2621 est,
1973 2559 2034 2608 de
2065 2577 2162 2627 quo
2198 2561 2338 2608 etiam
2366 2561 2443 2607 hic

310 2635 528 2698 mandat,
559 2649 611 2686 ut
635 2639 698 2687 ad
722 2640 899 2687 ostium
936 2640 1228 2688 tabernaculi
1247 2639 1511 2704 jugulanda
1539 2641 1729 2688 victima
1757 2640 2022 2689 deducatur
2044 2660 2054 2688 z
2094 2641 2260 2689 tandiu
2284 2642 2441 2706 potuit

311 2715 516 2780 legitime
553 2719 654 2768 fieri
674 2758 686 2782 ,
730 2722 942 2787 quandiu
976 2732 1124 2770 status
1161 2722 1254 2769 loci
1288 2723 1548 2787 permansit
1575 2722 1844 2771 incolumis.
1883 2724 2101 2788 Denique
2132 2723 2347 2771 Salvator
2380 2724 2440 2770 ad

310 2796 478 2847 decem
497 2801 728 2868 leprosos,
753 2820 874 2868 quos
891 2804 1232 2864 mundaverat,
1254 2804 1434 2868 iuquit⁸
1454 2822 1464 2851 ε
1493 2823 1516 2849 α
1538 2807 1629 2865 Ite,
1653 2804 1890 2853 ostendite
1913 2822 1999 2853 vos
2021 2804 2371 2865 sacerdotibus,
2397 2817 2443 2853 et

311 2877 476 2929 offerte
503 2901 591 2948 pro
625 2882 762 2932 vobis
793 2883 996 2942 hostias,
1028 2885 1148 2932 sicut
1173 2884 1397 2950 praecepit
1424 2886 1626 2948 Moyses.
1655 2903 1678 2929 »
1712 2888 1848 2933 Nunc
1870 2902 1984 2934 vero
2010 2884 2128 2950 quid
2153 2885 2352 2950 exigitur
2381 2887 2441 2933 ab

311 2963 528 3025 advenis,
558 2965 692 3029 quod
714 2966 937 3014 exhibere
962 2967 1158 3032 quidem
1195 2983 1285 3015 nec
1308 2967 1515 3032 propriis
1539 2967 1801 3016 cultoribus
1832 2968 1973 3016 licet?
1999 2988 2021 3011 υ
2055 2970 2210 3026 Quam
2242 2969 2438 3034 quiden·

309 3046 561 3094 dominicae
584 3047 781 3095 rationis
806 3065 998 3096 causam
1021 3049 1061 3096 si
1085 3048 1355 3114 diligentius
1390 3048 1715 3114 inspiciamus,
1748 3051 1881 3099 facile
1910 3063 1981 3100 est
2011 3051 2071 3100 ad
2092 3069 2287 3102 omnem
2315 3052 2442 3116 obje-

308 3127 518 3176 ctionem
537 3143 626 3175 nos
643 3128 924 3178 satisfacere.

353 3296 362 3313 ¹
388 3297 515 3338 Exod„
538 3308 612 3342 cap.
639 3310 712 3340 vin,
732 3310 764 3332 v.
787 3301 838 3332 16.
856 3317 896 3323 —-
911 3298 924 3316 ⁸
943 3300 1055 3338 Num„
1072 3309 1146 3344 cap.
1168 3310 1217 3339 vi.
1235 3310 1264 3333 v.
1288 3302 1342 3334 23.
1401 3308 1465 3342 tur,
1482 3311 1543 3335 nec
1558 3301 1748 3345 alienigenae
1767 3302 1922 3336 memoria
1938 3303 2003 3336 ulla
2023 3303 2069 3335 fit.
2091 3300 2159 3335 Non
2187 3308 2235 3334 est
2258 3299 2435 3344 putandum

307 3369 348 3376 —
364 3352 377 3371 ⁸
390 3354 503 3394 Num„
522 3365 598 3399 cap.
619 3367 714 3396 xvni,
735 3367 765 3389 v.
788 3357 841 3390 26.
857 3373 900 3380 --
915 3355 928 3373 ⁸
945 3357 1050 3391 Locus
1069 3358 1200 3392 mutilus
1221 3359 1268 3393 sic
1290 3368 1345 3391 re·
1399 3369 1571 3392 commune
1585 3359 1616 3391 in
1631 3359 1679 3393 his
1693 3370 1765 3394 esse
1779 3359 1964 3394 mandatum
1969 3373 2058 3394 ......
2071 3359 2121 3383 -⁵
2137 3359 2250 3397 Levit„
2265 3367 2336 3400 cap.
2354 3366 2433 3395 xvn.

307 3408 489 3444 stituendus
505 3424 512 3444 :
533 3411 696 3456 «Legibus
710 3424 782 3457 quae
796 3413 848 3447 vel
862 3413 936 3447 filiis
953 3414 1075 3455 Aaron,
1097 3415 1146 3448 vel
1159 3416 1276 3457 levitis,
1293 3415 1344 3450 vel
1398 3427 1430 3449 v.
1449 3414 1568 3450 10.--·
1582 3414 1680 3458 lbid.,
1693 3427 1723 3449 v.
1743 3418 1794 3450 13.
1808 3435 1841 3441 -
1854 3416 1865 3434 '¹
1884 3416 1983 3457 ibid„
1999 3427 2029 3450 v.
2049 3418 2078 3449 8.
2093 3435 2120 3439 -
2134 3415 2145 3433 ⁸
2156 3416 2249 3455 Luc.,
2265 3425 2339 3460 cap.
2356 3423 2438 3452 xvn,

306 3465 377 3509 ipse
394 3466 501 3501 Aaron
516 3469 726 3514 promulgatae
742 3477 817 3504 sunt
834 3484 841 3504 ε
858 3471 902 3505 ita
921 3471 1018 3506 etiam
1034 3483 1105 3516 quae
1126 3471 1200 3505 tiliis
1218 3471 1345 3516 juben-
1398 3485 1429 3508 v.
1452 3474 1500 3507 1¹¹.
