2970 4152
887 357 947 404 IN
980 356 1376 404 DEDICATIONE
1410 356 1704 403 ECCLESlAE
1737 356 1951 402 SERMO.
2387 356 2479 401 537

369 465 491 496 unus
513 451 704 516 spiritus
727 454 837 499 est¹.
869 471 892 496 »
917 455 1064 499 Caute
1086 461 1246 498 autem
1265 467 1320 498 ac
1341 452 1543 516 provide
1564 462 1733 499 votum
1756 451 1931 499 faciens
1952 450 2100 498 Jacob
2123 450 2183 496 de
2211 450 2482 515 persolven-

368 529 440 576 dis
463 530 659 579 decimis
672 569 683 591 ,
709 549 809 595 non
833 531 894 579 de
916 533 1012 579 suis
1032 531 1235 590 viribus,
1261 531 1346 578 sed
1368 532 1429 578 de
1452 532 1778 580 misericordia
1799 533 1887 579 Dei
1908 548 2220 597 praesumens,
2246 530 2380 594 quasi
2402 546 2483 593 ap-

366 615 522 678 posita
554 616 833 674 conditione
856 617 948 664 ait²
974 635 984 663 ε
1015 636 1037 661 α
1062 617 1110 663 Si
1132 615 1273 670 fuerit
1306 602 1497 662 mecum
1519 618 1670 673 Deus,
1700 626 1748 662 et
1769 615 2047 663 custodierit
2069 631 2175 672 me,
2200 633 2222 658 »
2248 614 2360 677 quia
2382 613 2481 675 ejus

366 696 524 758 gratiae
553 707 623 743 est
649 697 883 762 quidquid
916 697 1035 744 boni
1069 697 1268 760 agimus.
1296 696 1435 743 Unde
1458 705 1505 742 et
1525 695 1720 742 Paulus³
1749 714 1759 742 ε
1790 715 1812 740 «
1839 696 2000 742 Gratia
2034 695 2121 741 Dei
2148 712 2255 741 sum
2277 693 2328 740 id
2349 692 2482 757 quod

365 790 489 821 sum.
521 794 544 819 »
575 780 634 823 Et
661 794 852 824 rursum
882 794 1033 842 quum
1055 777 1275 824 dixisset:
1308 795 1330 820 «
1359 775 1468 822 Plus
1503 775 1729 822 omnibus
1763 775 2003 834 laboravi,
2034 795 2056 819 »
2094 776 2252 821 statim
2278 773 2478 837 adjecit:

369 873 393 898 ι(
420 857 526 902 Non
551 873 639 919 ego
661 867 844 917 autem,
871 858 956 905 sed
979 858 1129 922 gratia
1149 857 1237 904 Dei
1255 873 1463 904 mecum.
1491 876 1514 901 »
1534 857 1754 903 Decimas
1776 857 1994 903 omnium
2013 859 2115 902 Deo
2138 856 2381 921 persolvit,
2401 856 2483 918 qui

365 933 649 999 decalogum
691 936 851 1000 legens
899 938 949 984 in
1000 938 1133 985 nullo
1180 938 1387 996 excedit,
1435 954 1525 984 nec
1562 953 1590 984 a
1633 936 1872 984 mandatis
1914 937 2025 995 Dei,
2071 953 2175 1001 quae
2218 953 2302 1001 per
2345 936 2484 982 deca-

364 1009 527 1075 logum
560 1013 694 1061 illum
724 1015 1053 1079 intelliguntur
1087 1017 1137 1063 in
1169 1017 1329 1082 aliquo
1361 1016 1558 1063 recedit.
1606 1016 1750 1073 Quod
1782 1016 1832 1062 in
1876 1025 2024 1063 semet
2068 1015 2207 1062 nobis
2238 1016 2304 1061 sic
2347 1031 2480 1061 com-

363 1090 494 1156 plere
515 1095 772 1154 concedat,
798 1106 851 1142 ut
874 1096 1008 1160 quod
1028 1096 1294 1144 visibilibus
1316 1096 1624 1144 sacramentis
1647 1097 1849 1143 exterius
1873 1106 2032 1143 actum
2055 1105 2147 1154 est,
2173 1096 2221 1141 in
2245 1094 2484 1159 corporali

364 1172 544 1237 templo
566 1174 667 1238 ipse
688 1175 987 1222 invisibiliter
1008 1176 1055 1222 in
1081 1176 1222 1224 nobis
1245 1177 1494 1242 operando
1513 1175 1744 1240 templum
1766 1192 1855 1223 nos
1877 1177 2032 1222 verius
2055 1175 2241 1222 efficere
2263 1175 2483 1238 dignetur

363 1266 577 1300 summus
599 1254 814 1318 pontifex
842 1265 890 1302 et
923 1272 1004 1302 rex
1032 1259 1165 1303 Jesus
1193 1257 1432 1314 Christus,
1463 1257 1598 1320 cujus
1626 1266 1726 1304 tam
1756 1255 2077 1303 sacerdotium
2105 1272 2251 1319 quam
2282 1271 2481 1317 regnum

365 1343 635 1394 perseverat
657 1334 706 1380 in
729 1334 898 1382 saecula
921 1334 1219 1382 saeculorum.
1248 1341 1413 1383 Amen.

1056 1779 1143 1830 DE
1181 1780 1436 1833 SANGTA
1474 1782 1794 1842 sUSANNA,

973 1918 1045 1958 AD
1088 1919 1515 1963 HORTATIONEM
1560 1922 1861 1962 VIRGINUM.

1262 2054 1411 2084 SERMO
1445 2054 1558 2084 XXIX
1566 2073 1575 2083 .

423 2176 652 2236 Audistis,
679 2178 955 2236 carissimae,
977 2188 1120 2244 atque
1143 2180 1327 2228 utinam
1349 2182 1657 2229 exaudissetis
1679 2182 1870 2229 beatam
1893 2181 2021 2228 illam
2044 2198 2229 2246 sponsae
2251 2179 2483 2227 sollicitu-

356 2253 519 2302 dinem
551 2256 601 2303 in
631 2258 824 2304 Cantica
845 2259 1147 2306 Canticorum
1168 2260 1231 2308 ad
1253 2260 1637 2309 exhortationem
1667 2271 1874 2309 vestram
1897 2260 2145 2325 diligenter
2173 2261 2477 2327 descriptam.

355 2336 471 2391 Quae
493 2352 643 2400 quum
665 2336 748 2383 diu
771 2338 1022 2401 quaesitum
1044 2339 1094 2386 in
1117 2339 1291 2388 lectulo
1314 2341 1543 2388 dilectum
1566 2342 1781 2389 invenire
1806 2358 1904 2388 non
1928 2351 2090 2405 posset
2111 2343 2148 2387 ἐ
2180 2360 2203 2384 «
2220 2344 2437 2404 Surgam,
2453 2360 2476 2384 υ

355 2413 533 2478 inquit,
556 2434 580 2459 «
607 2425 655 2462 et
669 2416 884 2463 circuibo
906 2418 1147 2466 civitatem
1175 2438 1186 2466 ε
1214 2437 1301 2484 per
1325 2422 1458 2468 vicos
1480 2432 1527 2468 et
1549 2421 1729 2486 plateas
1751 2437 1962 2485 quaeram
1985 2437 2131 2485 quem
2154 2420 2305 2484 diligit
2321 2421 2481 2467 anima

355 2509 478 2540 mea.
509 2513 532 2538 υ
558 2497 610 2540 In
634 2494 810 2542 lectulo
839 2495 1068 2544 dilectum
1096 2500 1288 2562 quaerit,
1320 2509 1368 2546 et
1395 2517 1496 2547 non
1519 2501 1725 2558 invenit,
1751 2517 1902 2564 quum
1928 2500 2087 2546 anima
2110 2494 2318 2564 perfecta
2342 2499 2479 2546 fatuis

354 2573 618 2636 virginibus
650 2574 874 2637 adjuncta
906 2592 1054 2640 opera
1080 2577 1294 2642 ipsarum
1325 2579 1660 2639 considerans,
1687 2580 1912 2644 exemplis
1941 2596 2107 2626 earum
2130 2579 2298 2626 instrui
2320 2580 2475 2644 cupit,

353 2669 471 2717 quas
487 2654 548 2701 de
565 2656 859 2703 continentia
873 2657 1029 2704 carnis
1046 2658 1095 2704 in
1114 2674 1289 2722 magna
1307 2660 1538 2707 virtutum
1553 2661 1846 2726 perfectione
1866 2677 1967 2707 esse
1985 2659 2152 2706 credit.
2175 2662 2335 2717 Quum
2349 2660 2478 2706 enim

353 2735 496 2781 etiam
509 2736 597 2783 ista
613 2737 768 2783 carnis
785 2738 1106 2796 continentia,
1123 2748 1171 2786 et
1186 2738 1327 2803 hujus
1349 2750 1449 2788 tam
1471 2741 1607 2788 ardui
1631 2741 1865 2806 propositi
1888 2740 2191 2787 observantia
2213 2756 2476 2805 paucorum

352 2815 438 2874 sit,
464 2816 631 2863 talium
648 2817 744 2864 vita
766 2834 793 2864 a
822 2817 1030 2865 tumultu
1052 2819 1209 2866 saeculi
1232 2831 1418 2869 remota
1439 2821 1615 2868 lectulo
1645 2823 1805 2886 potius
1827 2838 1972 2885 quam
1996 2821 2120 2868 lecto
2149 2831 2472 2886 comparatur,

351 2897 464 2960 quia
498 2914 672 2961 magna
708 2898 843 2962 quies
878 2909 948 2946 est
985 2916 1011 2947 a
1050 2900 1277 2948 molestiis
1318 2903 1595 2967 nuptiarum
1636 2918 1833 2961 vacare,
1872 2912 1918 2949 et
1963 2901 2286 2967 voluptatibus
2321 2903 2475 2969 carnis

351 2993 549 3041 operam
572 2994 671 3024 non
698 2977 828 3025 dare.
857 2979 950 3026 Sed
972 2980 1086 3044 quia
1108 2997 1209 3028 non
1234 2997 1465 3045 magnum
1487 2982 1603 3047 quid
1627 2982 1753 3030 hanc
1775 2982 2122 3029 continentiam
2141 3019 2151 3039 ‚
2178 2998 2282 3046 quae
2304 2969 2477 3046 pauco·

351 3073 459 3103 rum
481 3067 574 3116 est,
601 3058 808 3123 imperiti
829 3061 1082 3119 aestimant,
1107 3072 1155 3109 et
1176 3061 1287 3110 ideo
1312 3062 1446 3110 facile
1468 3079 1525 3110 ex
1547 3064 1742 3111 caritate
1767 3080 1851 3110 sua
1883 3064 1929 3109 in
1954 3063 2209 3110 elationem
2239 3063 2474 3128 simplices

349 3137 517 3197 trahit,
555 3155 654 3185 non
684 3148 842 3203 potest
871 3140 919 3186 iu
950 3140 1123 3189 talibus
1147 3141 1362 3190 Christus
1396 3144 1618 3209 reperiri,
1647 3144 1730 3208 qui
1758 3142 1975 3208 superbis
2005 3143 2176 3189 resistit
2197 3159 2402 3208 semper,
2429 3153 2475 3190 et

347 3216 608 3266 humilibus
632 3219 715 3267 dat
738 3220 958 3283 gratiam.
983 3223 1086 3268 Hoc
1103 3222 1264 3286 itaque
1285 3239 1464 3288 sponsa
1485 3223 1785 3288 conspiciens
1807 3223 1942 3287 quasi
1965 3223 2024 3269 de
2039 3222 2212 3269 lectulo
2236 3224 2400 3287 surgit,
2429 3233 2474 3269 et

395 3377 403 3394 ⁴
433 3379 577 3414 Corinth.
597 3381 631 3419 Ι,
653 3391 727 3423 cap.
749 3391 778 3414 vi
793 3407 801 3421 ,
818 3392 847 3414 v.
871 3383 922 3415 1¹1.
936 3399 974 3405 -
994 3381 1006 3399 ¹
1019 3383 1146 3421 cenes„
1163 3392 1236 3427 cap.
1260 3394 1380 3424 xxviii,
1398 3395 1430 3417 v.
1447 3385 1502 3418 20.
1516 3400 1560 3411 -·
1578 3384 1591 3402 ³
1609 3384 1752 3418 Corinth.
1771 3385 1803 3423 I,
1821 3392 1970 3428 cap.·xv,
1987 3396 2016 3417 v.
2037 3385 2087 3418 10.
2103 3402 2144 3408 -
2162 3383 2174 3401 ⁴
2196 3384 2303 3423 cam„
2324 3395 2395 3427 cap.
2420 3394 2473 3423 ιιι,

348 3445 376 3467 v.
403 3437 434 3468 2.

511 3506 524 3536 1
702 3494 705 3497 ⁴
1045 3522 1048 3526 ι
2260 3502 2311 3542 68
