2970 4152
1243 432 1248 441 ·-
1275 411 1472 460 NOTAE.
2372 413 2431 458 53

317 508 396 555 ipse
413 506 464 541 ait
484 507 521 541 in
544 505 673 541 eadem
692 506 763 541 hac
787 503 939 553 epistola
951 532 961 548 ,
988 516 1054 539 suo
1078 511 1248 552 tempore
1265 504 1598 553 frequentabantur
1615 516 1656 540 ac
1673 503 1967 540 decantabantur
1984 504 2023 539 in
2044 503 2170 540 multis
2189 504 2406 552 regionibus
2421 533 2429 548 ‚

319 569 519 617 praesertim
538 568 585 604 ab
602 569 655 605 eis
673 580 763 618 quos
784 567 914 603 similis
934 567 1008 603 vita
1022 566 1240 603 delectabat.

364 631 521 681 Scripsit
529 644 679 682 quoque
694 633 913 668 Tractatum
925 630 998 666 sive
1010 629 1165 666 Librum
1179 629 1407 679 Theologiaa²
1420 629 1467 670 de
1477 640 1553 678 quo
1564 628 1641 675 jam
1654 630 1837 677 superius.
1855 630 1949 665 Item
1966 629 2286 666 Commentarium
2301 629 2340 664 in
2357 629 2415 676 epi
2424 649 2438 654 -

316 691 447 730 stolam
467 693 512 730 ad
531 693 735 741 Romanos,
752 691 857 740 cujus
873 693 1045 728 meminit
1059 699 1206 739 sanctus
1221 691 1434 728 Bernardus
1452 692 1491 727 in
1504 690 1640 727 litteris
1657 691 1733 726 suis
1751 690 1796 726 ad
1813 691 2075 727 Innocentium
2096 704 2244 740 papam.
2265 691 2342 727 Nec
2358 702 2432 726 non

317 763 355 793 et
370 755 485 792 alium
504 756 643 792 librum
658 784 667 800 ,
698 768 808 805 quem
822 783 832 800 ‚
860 762 903 790 ut
924 755 1094 804 loquitur
1122 755 1221 792 idem
1252 754 1486 799 Bernardus‚
1511 753 1724 802 inscripsit,
1756 753 1857 790 Scito
1881 761 1919 790 te
1936 754 2071 803 ipsum.
2093 754 2332 804 Videturque
2355 764 2433 790 esse

317 812 450 854 E'thica
472 817 534 854 illa
558 812 605 854 ad
627 829 739 866 quam
760 815 977 853 Abaelardus
996 817 1075 865 ipse
1092 815 1271 866 quasdam
1291 816 1511 866 quaestiones
1536 816 1697 852 remittit
1715 815 1753 851 in
1778 817 2045 852 commentario
2064 816 2290 865 supradicto.
2320 815 2433 864 Quod

315 887 354 915 et
366 879 561 924 confirmat
572 877 798 916 Guillelmus
813 878 923 915 abbas
938 879 1061 916 Sancti
1079 878 1309 916 Theoderici
1326 877 1395 914 sub
1412 878 1523 913 finem
1537 877 1622 913 libri
1643 878 1699 913 111
1723 877 1994 926 Disputationis
2007 890 2119 928 quam
2132 879 2285 927 Hugoni
2304 877 2433 914 rotho-

316 944 479 997 magensi
508 943 788 992 archiepiscopo
808 943 1036 992 nuncupavit
1048 971 1058 988 ‚
1077 943 1138 979 his
1162 942 1306 979 verbis:
1328 942 1517 990 «Scripsit
1536 948 1660 978 autem
1678 941 1779 977 idem
1798 941 1931 978 Petrus
1949 941 2051 977 aliud
2070 941 2290 990 opusculum
2305 970 2314 988 ‚
2333 942 2435 990 quod

314 997 415 1043 Scito
433 1013 471 1042 te
483 1006 604 1055 ipsum
622 1005 838 1050 intitulavit,
858 1012 897 1042 et
914 1017 1016 1042 suam
1027 1034 1036 1051 ‚
1057 1007 1094 1041 ni
1109 1005 1232 1053 fallor,
1245 1004 1415 1042 Ethicam
1430 1003 1647 1054 appellavit,
1669 1020 1688 1038 av
1707 1005 1793 1054 quia
1812 1004 1952 1041 scilicet
1965 1006 2003 1041 in
2019 1016 2063 1041 eo
2080 1003 2242 1053 plurima
2259 1004 2305 1040 de
2323 1005 2435 1040 mori·

313 1068 401 1113 bus,
423 1070 497 1105 sive
515 1076 559 1106 ut
575 1069 690 1105 sancti
712 1068 890 1105 Bernardi
909 1068 1031 1105 verbis
1050 1075 1136 1104 utar
1149 1097 1159 1114 ‚
1181 1068 1227 1104 de
1244 1068 1450 1104 virtutibus
1467 1074 1506 1104 et
1526 1067 1626 1104 vitiis
1645 1067 1835 1103 moraliter
1854 1066 2070 1116 disputavit.
2090 1067 2167 1102 Nec
2190 1065 2323 1103 dubito
2340 1067 2432 1115 quin

313 1128 453 1168 librum
477 1131 590 1168 istum
614 1130 762 1180 legisset
790 1131 900 1168 etiam
927 1142 1133 1180 anonymus
1158 1130 1220 1168 ille
1247 1137 1356 1180 poeta
1383 1131 1447 1180 qui
1476 1130 1624 1179 scripsit
1649 1142 1746 1166 anno
1765 1131 1871 1168 4376.
1893 1130 1989 1165 Nam
2013 1141 2131 1180 quum
2154 1128 2366 1165 Abaelardus
2393 1130 2430 1164 in

313 1194 581 1231 commentario
601 1206 667 1230 suo
680 1193 830 1244 praefato
851 1206 962 1243 super
979 1193 1173 1242 epistolam
1193 1193 1239 1229 ad
1257 1193 1445 1230 Romanos
1456 1193 1689 1242 promisisset
1708 1205 1746 1228 se
1764 1192 1811 1229 de
1830 1192 1948 1228 libero
1960 1192 2116 1228 arbitrio
2128 1198 2374 1228 tractaturum
2392 1193 2430 1227 in

314 1254 445 1292 Ethica
460 1284 470 1302 ,
487 1256 539 1292 sic
558 1256 680 1293 dictus
697 1263 806 1306 poeta
822 1255 1081 1293 definitionem
1098 1255 1265 1304 ejusdem
1280 1255 1390 1292 liberi
1408 1255 1555 1292 arbitrii
1574 1254 1734 1304 protulit
1746 1267 1791 1291 ex
1811 1253 2002 1292 Abaelardo
2023 1271 2030 1289 :

1041 1367 1057 1382 α
1069 1357 1160 1384 Pium
1171 1355 1292 1383 Abdara
1303 1364 1338 1383 en
1349 1364 1390 1382 un
1402 1355 1527 1391 chapitrc

1042 1406 1085 1433 Οὔ
1096 1407 1118 1433 il
1130 1408 1206 1442 parte
1216 1406 1252 1433 do
1262 1406 1340 1433 franc
1351 1407 1470 1437 arbim.

1042 1459 1119 1485 Nous
1130 1457 1173 1484 dit
1187 1458 1258 1484 ainsi
1271 1466 1305 1484 cn
1317 1458 1403 1484 verite

1043 1508 1102 1540 Quo
1113 1508 1178 1534 c'ect
1190 1516 1244 1534 une
1255 1507 1370 1534 babilite‘

1043 1559 1133 1586 D'nnc
1145 1559 1271 1585 watenes
1281 1557 1454 1585 raisonmble
1461 1577 1468 1589 .

1043 1611 1103 1637 soit
1112 1609 1147 1636 de
1158 1609 1223 1637 bien
1234 1618 1273 1636 ou
1283 1609 1318 1636 dc
1330 1610 1383 1636 mul
1396 1609 1539 1645 pronubis.

1046 1661 1097 1686 Par
1109 1668 1189 1695 grace
1200 1663 1241 1686 est
1254 1659 1271 1685 ἰ
1282 1659 1350 1686 hicn
1363 1659 1433 1686 faire
1445 1660 1546 1686 incline
1554 1678 1562 1689 ,

1043 1712 1076 1737 82
1089 1711 1104 1736 a
1116 1711 1170 1737 mal
1185 1710 1278 1745 quand
1292 1710 1343 1736 elle
1356 1710 1487 1739 doecline.
1496 1720 1511 1734 a

315 1814 458 1851 Verum
484 1815 561 1852 baec
589 1815 738 1862 Ethica‚
770 1815 938 1865 quamvis
969 1814 1254 1864 diligentissime
1284 1816 1489 1864 perquisita
1503 1843 1512 1860 ‚
1541 1827 1608 1851 nec
1632 1815 1780 1851 inventa
1808 1813 1932 1852 adhuc
1961 1827 2028 1852 nec
2042 1822 2186 1865 reperta
2203 1822 2270 1853 est.

360 1876 530 1928 Denique
549 1877 759 1926 composuit
777 1877 991 1914 Abaelardus
1009 1877 1216 1914 Historiam
1234 1877 1485 1914 calamitatum
1506 1890 1676 1922 suarum,
1695 1877 1743 1914 de
1760 1889 1833 1927 qua
1851 1878 2079 1914 mentionem
2096 1878 2184 1915 facit
2199 1880 2403 1917 Petrarcha
2419 1896 2428 1924 ;

313 1938 439 1988 plures
456 1940 630 1989 epistolas
651 1940 698 1976 ad
716 1940 923 1977 Heloissam
946 1947 983 1977 et
1001 1940 1092 1977 alios
1106 1969 1115 1986 ‚
1138 1953 1298 1990 quarum
1315 1940 1446 1990 aliquae
1463 1947 1720 1977 memorantur
1737 1952 1756 1975 a
1773 1941 1917 1977 Joanne
1933 1940 2143 1990 Clopinello
2164 1941 2430 1991 Magdunensi3

314 2000 495 2050 Regulam
526 2008 564 2039 et
591 2002 866 2039 institutionem
895 2002 1234 2039 sanctimonialium
1253 2019 1262 2047 ;
1293 2003 1551 2052 Expositiones
1576 2004 1616 2039 in
1644 2003 1849 2039 orationem
1877 2002 2105 2040 dominicam
2116 2032 2127 2051 ‚
2157 2004 2195 2040 iu
2224 2004 2433 2053 symbolum

312 2053 580 2113 apostolorum,
595 2066 634 2102 in
648 2065 856 2114 symbolum
875 2066 1069 2102 Athanasii
1082 2081 1092 2111 ;
1111 2066 1325 2103 Solutionrs
1340 2066 1613 2115 problematum
1626 2065 1820 2112 Heloissae3
1838 2066 2036 2104 Sermones
2052 2079 2119 2116 per
2134 2068 2223 2104 anni
2235 2067 2431 2114 circulum,

314 2126 361 2163 ad
372 2127 535 2176 virgines
550 2127 839 2176 paracletenses,
853 2135 891 2165 et
906 2128 975 2164 alia
993 2128 1161 2178 quaedam
1181 2128 1357 2177 opuscula
1375 2140 1456 2178 quae
1473 2141 1574 2165 nuuc
1590 2130 1756 2178 primum
1771 2127 1980 2175 edidimus;
1994 2130 2164 2178 Hymnos
2188 2131 2302 2167 etiam
2324 2132 2435 2169 eccle-

314 2190 491 2236 siastic08,
506 2191 571 2240 qui
589 2192 829 2240 reperiuntur
848 2192 886 2228 in
903 2192 1091 2228 breviario
1110 2192 1373 2241 paracletensi3
1388 2205 1456 2229 nec
1473 2205 1548 2230 nou
1566 2192 1855 2241 Apologeticum
1870 2205 1939 2241 pro
1955 2193 2177 2230 innocentiae
2193 2205 2266 2231 suae
2282 2206 2434 2232 excusa·

314 2254 439 2300 tione,
469 2266 580 2304 quem
609 2262 650 2292 ut
676 2255 791 2292 alium
817 2255 864 2291 ab
886 2254 1066 2304 Apologia
1088 2255 1162 2292 sive
1181 2255 1424 2292 confessione
1448 2255 1533 2292 fidei
1558 2255 1605 2292 ab
1629 2255 1761 2292 eodem
1785 2255 1965 2292 universis
1992 2255 2162 2293 Ecclesiae
2186 2256 2270 2294 filiis
2295 2256 2434 2294 directa

314 2315 459 2353 credam
471 2345 481 2362 ,
502 2317 579 2354 haec
596 2315 762 2354 Othonis
780 2317 908 2363 verba,
928 2317 994 2354 lib.
1013 2319 1028 2353 1
1051 2317 1099 2354 de
1119 2318 1247 2355 Rebus
1260 2320 1377 2367 gestis
1392 2317 1587 2354 Frederici
1597 2319 1631 2363 I,
1652 2330 1734 2367 cap.
1746 2329 1832 2354 xux
1853 2317 1929 2368 [ap.
1948 2318 2051 2355 dom.
2073 2318 2183 2360 Brial.
2201 2319 2340 2368 Script.
2361 2333 2433 2357 rer.

314 2380 453 2428 gallia,
471 2387 500 2417 t.
517 2381 633 2428 XIII,
651 2394 687 2430 p.
708 2383 777 2418 656
794 2381 810 2430 ]
843 2393 903 2418 me
928 2388 1079 2418 movent
1100 2397 1107 2416 :
1133 2396 1151 2414 α
1172 2382 1261 2418 Post
1282 2381 1581 2426 damnationem,
1599 2397 1617 2415 υ
1642 2381 1788 2431 iuquit,
1820 2396 1839 2415 κ
1858 2381 1914 2418 sui
1941 2381 2146 2431 dogmatis,
2163 2397 2181 2416 u
2205 2382 2252 2419 de
2273 2395 2345 2432 qua
2369 2395 2435 2420 nos

313 2447 438 2490 postea
453 2470 462 2487 ‚
478 2457 497 2476 a
514 2442 561 2479 ad
574 2442 807 2480 cluniacense
819 2443 1031 2480 coenobium
1049 2456 1087 2479 se
1102 2444 1276 2488 contulit,
1300 2443 1584 2493 Apologeticum
1601 2444 1788 2489 scribens,
1805 2444 2069 2493 praedictorum
2082 2445 2332 2493 capitulorum
2351 2458 2435 2494 par-

313 2505 380 2540 tim
391 2503 517 2550 verba,
531 2517 576 2541 ex
589 2511 667 2541 toto
679 2512 801 2541 autem
820 2517 967 2542 sensum
981 2517 1134 2554 negans,
1149 2506 1215 2554 qui
1228 2506 1280 2542 sic
1291 2506 1425 2554 incipit
1439 2518 1446 2538 :
1463 2521 1481 2539 «ι
1493 2506 1549 2542 Ne
1559 2506 1666 2553 juxta
1679 2507 1900 2543 Boetianum
1913 2505 2021 2554 illud,
2035 2507 2226 2555 prooemiis
2238 2507 2334 2543 nihil
2346 2507 2435 2544 affe-

314 2581 331 2598 «
345 2566 514 2603 rentibus
526 2573 675 2615 tempus
691 2573 848 2611 teratur,
863 2567 910 2603 ad
923 2579 1001 2603 rem
1018 2567 1136 2615 ipsam
1149 2567 1374 2603 veniendum
1391 2574 1462 2614 est,
1474 2574 1516 2604 ut
1535 2568 1787 2604 innocentiam
1806 2580 1925 2604 meam
1944 2568 2023 2616 ipsa
2040 2579 2166 2604 rerum
2184 2569 2308 2616 potius
2320 2581 2432 2618 quam

314 2643 329 2660 ι(
345 2627 543 2664 verborum
560 2634 709 2664 excuset
722 2628 951 2677 prolixitas.»
962 2629 1061 2673 Haec,
1071 2629 1238 2677 inquam,
1256 2628 1367 2665 verba
1383 2641 1444 2665 me
1459 2635 1628 2674 movent,
1647 2630 1736 2678 quia
1749 2642 1824 2666 uon
1841 2629 2018 2678 leguntur
2029 2629 2069 2665 in
2082 2630 2229 2678 praefata
2243 2629 2329 2667 fidei
2346 2643 2433 2668 con-

309 2691 465 2728 fessione
482 2704 593 2741 quam
613 2692 842 2728 inseruimus
859 2704 943 2740 pag.
961 2693 1029 2729 330
1047 2692 1161 2739 hujus
1180 2691 1324 2740 operis;
1345 2690 1440 2740 [vid.
1464 2691 1555 2728 edit.
1572 2691 1703 2741 Amb.]
1727 2704 1796 2729 nec
1813 2693 2076 2729 inconveniens
2099 2700 2155 2729 est
2179 2705 2266 2729 eum
2280 2705 2429 2743 quoque

308 2754 547 2803 prolixiorem
560 2755 685 2792 adhuc
694 2755 847 2792 alteram
863 2766 931 2804 pro
941 2754 1156 2791 defensione
1168 2766 1239 2791 suae
1247 2753 1462 2803 Theologiae
1474 2754 1684 2803 apologiam
1697 2756 1870 2793 texuisse.
1882 2755 1995 2803 Quod
2008 2763 2046 2793 et
2057 2756 2275 2793 confirmare
2283 2756 2430 2794 videtur

306 2815 533 2853 Guillelmus
543 2817 654 2855 abbas
667 2818 791 2855 Sancti
805 2803 1032 2854 Theodorici
1045 2817 1143 2854 libro
1154 2818 1170 2853 1
1181 2829 1254 2853 suae
1270 2817 1554 2866 Disputationis‚
1570 2829 1689 2868 quum
1703 2818 1755 2854 ait
1769 2834 1775 2854 :
1795 2834 1814 2853 α
1828 2819 1901 2856 Per
1913 2819 2136 2867 Apologiam
2150 2831 2253 2855 suam
2266 2820 2429 2856 Theolo-

309 2879 405 2925 giam
418 2879 629 2927 impejorat,
639 2891 755 2916 novos
765 2879 950 2916 veteribus
960 2891 1106 2916 errores
1117 2879 1306 2929 adjungit,
1319 2887 1357 2917 et
1367 2892 1430 2917 eos
1442 2881 1686 2930 pertinaciter
1696 2888 1733 2918 et
1744 2883 1975 2918 contentiose
1982 2881 2182 2917 defendere
2196 2881 2427 2918 contendit.»

308 2941 353 2977 Et
362 2941 471 2990 paulo
481 2949 565 2978 ante
577 2957 584 2977 z
599 2956 617 2976 α
627 2943 681 2979 Ac
690 2943 814 2991 primo
826 2943 978 2991 requiro
986 2954 1054 2978 cur
1069 2949 1200 2979 sanctae
1211 2942 1405 2991 religionis
1415 2950 1454 2980 et
1464 2945 1589 2993 magni
1601 2944 1765 2980 nominis
1777 2943 1948 2981 abbatem
1961 2943 2152 2980 insimulet
2164 2943 2255 2980 salso
2268 2943 2426 2990 linxisse,

306 3004 394 3053 quia
406 3004 445 3040 in
456 3003 664 3054 Theologia
678 3016 742 3040 sua
754 3005 945 3053 scripserit
960 3004 1099 3042 Filium
1117 3017 1195 3042 esse
1211 3005 1412 3054 quamdam
1426 3007 1647 3054 potentiam,
1662 3007 1845 3055 Spiritum
1865 3014 2033 3043 sanctum
2047 3006 2200 3044 nullam.
2215 3006 2262 3043 Id
2276 3008 2375 3044 enim
2390 3009 2428 3045 in

307 3067 487 3116 Apologia
508 3079 585 3113 sua,
602 3080 715 3116 quam
733 3074 862 3104 contra
876 3067 1046 3104 abbatem
1064 3069 1199 3104 Petrus
1215 3069 1295 3118 ipse
1317 3068 1450 3116 dirigit
1463 3097 1473 3114 ‚
1497 3081 1535 3106 se
1551 3069 1686 3106 dixisse
1704 3069 1882 3117 denegat3
1901 3069 1965 3105 sed
1984 3068 2087 3118 quod
2105 3069 2229 3106 divina
2250 3070 2429 3118 sapientia

306 3129 472 3177 quasdam
491 3129 540 3166 sit
552 3130 718 3178 potentia
733 3129 872 3174 Patris,
894 3141 970 3165 non
987 3129 1119 3176 Filius,
1132 3136 1170 3167 et
1187 3130 1289 3180 quod
1308 3142 1413 3167 amor
1429 3131 1552 3167 Patris
1569 3138 1607 3168 et
1623 3130 1707 3167 Filii
1725 3132 1772 3167 sit
1787 3131 1966 3167 nonnulla
1978 3131 2155 3179 potentia,
2174 3143 2250 3168 non
2267 3132 2429 3180 Spiritus

308 3199 467 3236 sanctus,
490 3204 527 3229 se
544 3192 680 3229 dixisse
694 3192 912 3242 profitetur,
931 3199 969 3229 et
987 3205 1118 3229 verum
1138 3205 1216 3230 esse
1231 3194 1472 3242 pertinaciter
1486 3194 1694 3231 contendit.
1712 3210 1729 3227 »
1745 3195 1794 3230 At
1810 3206 1878 3231 nec
1894 3194 2116 3243 Apologiam
2128 3196 2236 3231 istam
2249 3195 2428 3232 hactenus

306 3256 432 3293 videre
458 3258 631 3306 contigit.
650 3257 811 3307 Haecque
832 3263 920 3293 sunt
938 3257 1082 3302 omnia,
1105 3257 1144 3294 ni
1162 3257 1283 3303 fallor,
1305 3270 1386 3308 quae
1410 3258 1541 3296 Petrus
1559 3256 1774 3295 Abaelardus
1799 3257 1960 3306 scripsit.
1983 3256 2314 3308 [Disquisitionem
2333 3258 2428 3296 hanc

307 3331 463 3367 operum
488 3319 670 3356 Abaelardi
684 3348 695 3366 ‚
723 3320 770 3357 ab
792 3319 942 3356 Andrea
959 3321 1197 3367 Quercetano
1214 3321 1423 3358 institutam
1438 3351 1448 3367 ‚
1471 3334 1546 3359 nou
1567 3321 1783 3367 omisimus,
1806 3333 1853 3357 ne
1872 3321 1987 3370 hujus
2003 3323 2263 3359 commentarii
2285 3322 2427 3372 aliquid

308 3380 517 3418 inconsulte
531 3380 722 3431 negligere
743 3381 975 3429 videremur,
994 3385 1163 3432 quamvis
1183 3391 1223 3421 et
1248 3384 1370 3434 aliqua
1389 3392 1495 3434 parte
1522 3396 1651 3421 manca
1673 3391 1790 3430 esset,
1815 3391 1854 3422 et
1874 3391 2030 3433 propter
2049 3391 2194 3422 nostras
2214 3385 2426 3434 praefatiun-

307 3443 408 3480 culas
424 3455 703 3492 supervacanea.
717 3444 733 3494 ]
