2970 4152
814 409 893 456 DE
928 407 1203 464 DIONYSIO
1239 400 1622 455 AREOPAGITA
1654 406 1957 454 EPISTOLA.
2358 405 2451 451 685

331 506 403 554 bit
432 506 527 554 hoc
554 506 663 554 loco
691 505 870 553 Bedam
897 506 1102 553 aliorum
1124 504 1407 570 opinionem
1428 504 1588 568 potius
1617 513 1835 550 secutum
1859 509 1984 561 ess'e,
2009 519 2156 567 quam
2178 518 2314 548 suam
2337 519 2453 548 con—

331 587 536 634 stituisse
567 587 870 634 sententiam.
897 588 1028 652 Saepe
1062 586 1264 644 etenim,
1296 594 1350 631 ut
1385 594 1663 631 sanctorum
1691 585 1995 631 auctoritates
2025 583 2190 631 illaesas
2215 583 2456 630 custodia-

331 685 456 729 mus,
474 685 529 717 ea
544 686 649 734 quae
665 668 881 716 scribunt
899 668 960 715 ad
982 668 1264 733 opinionem
1276 666 1482 713 aliorum
1503 666 1663 730 potius
1685 681 1831 730 quam
1853 665 1916 712 ad
1938 665 2224 712 sententiam
2242 664 2457 729 ipsorum
2518 684 2521 687 ¹

332 749 597 797 referimus.
626 750 701 797 Sic
724 759 771 796 et
798 749 848 795 in
870 748 966 796 hoc
995 748 1105 796 loco
1129 747 1345 795 dicamus
1368 746 1546 793 Bedam
1576 746 1780 793 aliorum
1810 745 2128 792 introduxisse
2151 745 2453 801 sententiam,

331 831 414 896 qui
442 847 497 878 ex
524 830 904 895 aequivocatione
926 830 1136 876 nominis
1164 828 1376 893 decepti,
1409 826 1635 874 eumdem
1657 843 1758 874 esse
1787 827 2141 873 aestimaverunt
2174 826 2457 889 Dionysium

331 913 683 976 Areopagitam,
709 921 757 958 et
778 911 1061 975 Dionysium
1083 909 1445 958 Corinthiorum
1464 929 1473 954 :
1491 909 1669 972 quippe
1691 924 1842 972 quum
1867 917 1914 953 et
1933 907 2129 953 beatum
2154 906 2456 953 Ambrosium

331 991 455 1040 adeo
478 991 540 1038 ab
568 991 797 1039 historica
817 991 1015 1038 veritate
1043 989 1257 1054 quodam
1286 989 1395 1035 loco
1413 1005 1499 1053 per
1517 988 1946 1052 aequivocationem
1972 987 2182 1033 nominis
2211 985 2459 1034 videamus

331 1073 644 1132 exorbitasse,
671 1083 725 1120 ut
745 1073 979 1121 Jacobum
1013 1071 1207 1119 fratrem
1232 1071 1453 1128 Joannis,
1485 1086 1630 1134 quem
1658 1069 1837 1133 pariter
1859 1085 1970 1115 cum
1999 1071 2184 1115 Joanne
2207 1068 2349 1114 fratre
2371 1084 2458 1114 suo

331 1165 379 1202 et
399 1158 539 1202 Petro
561 1155 624 1202 ad
650 1154 1122 1218 transfigurationem
1150 1153 1224 1199 sui
1254 1149 1471 1199 seorsum
1503 1151 1741 1198 Dominus
1776 1150 2054 1214 assumpsit,
2085 1166 2197 1196 eum
2226 1148 2459 1195 Jacobum

331 1234 473 1283 fuisse
495 1246 674 1283 asserat
687 1273 698 1295 ,
727 1236 810 1300 qui
831 1235 1015 1300 primus
1030 1234 1207 1281 solium
1228 1231 1524 1280 sacerdotale
1545 1225 1828 1278 conscendit
1850 1233 1879 1276 ¹.
1908 1230 2053 1287 Quod
2074 1230 2272 1294 quidem
2292 1229 2352 1275 de
2366 1229 2460 1276 alio

330 1316 536 1375 Jacobo,
563 1326 610 1363 et
631 1317 714 1381 qui
746 1317 891 1364 frater
906 1316 1102 1363 Domini
1126 1324 1431 1379 nuncupatus
1456 1323 1549 1372 est,
1577 1322 1624 1360 et
1641 1313 1824 1377 primus
1842 1313 1892 1358 in
1916 1311 2360 1375 Hierosolymorum
2383 1327 2460 1357 ec-

329 1397 524 1445 clesiam
540 1407 612 1445 est
630 1397 880 1445 ordinatus
892 1435 903 1457 ,
929 1406 1118 1444 constat
1139 1395 1336 1459 intelligi
1358 1394 1535 1442 debere
1557 1412 1567 1441 ε
1588 1403 1641 1441 ut
1657 1392 1879 1440 videlicet
1898 1392 1975 1439 ille
1994 1393 2177 1457 primus
2200 1393 2295 1440 hoc
2312 1393 2461 1440 modo

330 1462 823 1526 sacerdotale⁸solium
845 1477 1136 1542 intelligatur
1158 1475 1512 1523 conscendisse.
1541 1475 1590 1521 Si
1618 1491 1733 1537 ergo
1755 1483 1917 1520 tantus
1940 1472 2113 1519 doctor
2140 1489 2226 1537 per
2256 1474 2463 1538 aequivo·

330 1558 572 1607 cationem
598 1559 810 1606 nominis
831 1559 998 1607 Jacobi
1014 1597 1025 1618 ,
1052 1575 1080 1606 a
1097 1558 1298 1606 veritate
1319 1556 1549 1604 historica
1571 1556 1620 1602 in
1644 1555 1942 1621 expositione
1963 1554 2235 1618 evangelica
2260 1556 2460 1619 permis-

330 1655 409 1686 sus
443 1639 503 1686 sit
530 1638 746 1698 deviare;
772 1638 890 1705 quid
919 1639 1119 1699 mirum,
1160 1639 1199 1686 si
1228 1637 1406 1685 Bedam
1435 1636 1748 1701 aequivocatio
1779 1652 1975 1700 quo-que
2006 1636 2216 1682 nominis
2247 1636 2461 1700 Dionysii

329 1719 406 1767 vel
424 1719 679 1786 plerosque
701 1720 820 1768 alios
846 1719 1078 1779 fefellerit,
1101 1719 1362 1786 praesertim
1384 1718 1434 1765 in
1457 1717 1535 1765 illa
1557 1720 1761 1764 Aetnam
1784 1716 2120 1781 Apostolorum
2144 1717 2458 1781 expositione,

330 1815 475 1865 quam
499 1799 560 1848 ab
577 1801 682 1866 ipso
700 1800 829 1848 Beda
851 1811 1038 1848 certum
1056 1811 1128 1848 est
1142 1810 1311 1866 postea
1325 1808 1629 1847 retractatam
1649 1798 1779 1845 esse?
1799 1801 1852 1844 In
1872 1797 2006 1861 cujus
2025 1797 2221 1862 quidem
2244 1807 2464 1846 retracta-

330 1879 475 1928 tionis
497 1880 882 1946 praefatiuncula,
912 1890 966 1928 ut
988 1880 1200 1929 breviter
1217 1880 1365 1928 verba
1387 1880 1487 1943 ejus
1510 1877 2005 1944 comprehendamus,
2026 1878 2089 1925 ita
2118 1894 2313 1924 exorsus
2338 1878 2403 1924 ait
2417 1880 2458 1926 ἐ

335 1977 359 2004 c<
384 1961 570 2008 Scimus
588 1961 815 2008 eximium
838 1961 1091 2009 doctorem
1110 1961 1426 2025 Augustinum
1444 1959 1593 2007 libros
1613 1960 2019 2006 Retractate‘onum
2035 1958 2083 2004 in
2102 1957 2323 2022 quaedam
2340 1975 2462 2023 opu-

330 2039 461 2087 scula
479 2057 565 2088 sua
584 2040 748 2088 fecisse
775 2059 786 2088 ε
813 2042 947 2105 cujus
970 2041 1257 2089 industriam
1274 2041 1416 2088 nobis
1434 2057 1629 2105 quoque
1651 2039 1829 2105 placuit
1848 2039 2046 2099 imitari,
2069 2048 2122 2085 ut
2143 2048 2255 2104 post
2276 2039 2463 2104 exposi-

331 2119 514 2168 tionem
542 2123 747 2168 Actuum
773 2121 1134 2187 Apostolorum,
1161 2139 1307 2187 quam
1333 2131 1445 2169 ante
1467 2138 1622 2168 annos
1647 2120 1806 2185 plures
1832 2119 2227 2184 conscripsimus,
2260 2136 2390 2166 nunc
2415 2119 2463 2166 in

282 2266 286 2268 ἓ
331 2199 460 2248 idem
489 2201 718 2249 volumen
750 2201 948 2250 brevem
987 2203 1339 2251 retractationis
1373 2202 1589 2261 libellum
1625 2201 1917 2260 condamus,
1959 2200 2119 2247 studio
2151 2201 2357 2248 maxime
2391 2201 2465 2247 vel

331 2282 542 2330 addendi
565 2300 670 2348 quae
694 2284 852 2332 minus
875 2284 1022 2345 dicta,
1041 2285 1116 2332 vel
1139 2284 1432 2332 emendandi
1455 2300 1561 2349 quae
1584 2300 1743 2336 secus,
1773 2299 1919 2347 quam
1943 2282 2145 2347 placuit,
2175 2282 2304 2330 dicta
2326 2282 2467 2329 vide-

331 2356 525 2412 bantur.
559 2383 583 2409 »
610 2365 703 2422 Qui
727 2366 872 2413 etiam
900 2367 951 2413 in
974 2367 1202 2431 praedicta
1234 2366 1532 2431 expositione
1561 2381 1647 2412 sua
1676 2381 1841 2411 versus
1866 2364 1995 2411 Arati
2021 2364 2294 2427 frequenter
2317 2366 2467 2410 intro-

309 2442 489 2503 -duxit,
518 2444 653 2508 cujus
676 2445 939 2493 nonnullos
957 2447 1182 2493 novimus
1198 2462 1410 2505 errores,
1437 2461 1589 2510 quum
1613 2454 1776 2509 aperte
1798 2460 1909 2491 eum
1933 2445 2253 2507 Hieronymus
2278 2444 2325 2489 in
2350 2459 2466 2507 prae-

333 2522 463 2570 dicto
500 2523 755 2571 illustrium
788 2526 1005 2572 virorum
1038 2525 1164 2573 libro
1195 2542 1376 2573 errasse
1409 2524 1642 2584 ostendit,
1682 2524 1743 2572 de
1776 2524 1950 2571 eodem
1985 2523 2064 2571 die
2091 2541 2190 2588 quo
2221 2527 2386 2571 Petrus
2419 2535 2464 2571 et

332 2603 503 2651 Paulus
515 2605 642 2670 passi
663 2614 791 2652 sunt.
805 2608 962 2663 Quem
981 2606 1179 2671 quidem
1198 2605 1328 2653 diem
1347 2623 1448 2653 non
1474 2605 1609 2653 aliter
1628 2605 1855 2652 eumdem
1873 2615 1974 2652 tam
1992 2606 2161 2651 Aratus
2174 2621 2320 2669 quam
2337 2604 2465 2651 Beda

333 2683 382 2730 in
417 2685 761 2750 martyrologio
798 2686 1215 2749 ejus-auctoritate
1255 2687 1404 2734 fretus
1440 2686 1668 2752 accipiat,
1697 2686 1788 2732 nisi
1823 2686 1938 2732 anni
1973 2685 2194 2732 revoluto
2224 2695 2462 2749 tempore,

333 2781 484 2829 quum
506 2767 827 2831 Hieronymus
850 2766 1025 2814 eodem
1044 2784 1240 2832 prorsus
1262 2767 1358 2826 die,
1380 2784 1512 2814 anno
1528 2777 1701 2830 quarto
1725 2766 1915 2812 decimo
1940 2765 2141 2812 Neronis
2158 2775 2257 2812 tam
2274 2768 2464 2812 Petrum

333 2861 480 2910 quam
502 2846 702 2894 Paulum
725 2863 891 2912 passos
914 2864 1017 2895 esse
1040 2848 1339 2912 pronuntiet.
1371 2847 1609 2912 Denique,
1631 2857 1685 2893 ut
1706 2846 1833 2894 hanc
1856 2846 1990 2893 litem
2010 2847 2250 2893 variarum
2273 2856 2465 2893 senten·

333 2927 508 2975 tiarum
523 2929 829 2993 pacatissimo
848 2928 946 2976 fine
964 2930 1124 2995 sopire
1142 2930 1334 2995 penitus
1356 2929 1623 2988 valeamus3
1652 2928 1787 2976 facile
1813 2928 2047 2987 fortassis,
2076 2928 2115 2975 si
2139 2928 2261 2975 duos
2284 2927 2464 2991 Diony·

334 3009 429 3056 sios
451 3010 816 3058 Corinthiorum
846 3011 1101 3077 episcopos
1123 3011 1356 3059 exstitisse
1379 3007 1643 3077 penamus,
1669 3021 1717 3058 et
1741 3010 1921 3058 Bedam
1953 3026 2175 3057 veracem
2203 3009 2466 3074 poterimus

335 3098 498 3136 tenere
513 3127 524 3149 ,
551 3100 598 3137 et
621 3090 743 3137 nihil
765 3107 852 3156 per
875 3092 1158 3157 opinionem
1181 3093 1397 3158 accipere
1425 3113 1435 3139 ;
1462 3092 1528 3140 ita
1551 3091 1771 3157 quidem,
1801 3101 1854 3138 ut
1877 3107 2002 3138 unus
2027 3107 2083 3137 ex
2104 3089 2345 3153 Dionysiis
2368 3090 2467 3135 Co·-

335 3169 625 3217 rinthiorum
650 3171 910 3237 episcopis,
936 3182 984 3219 et
1003 3173 1270 3238 Dionysius
1286 3174 1571 3239 Areopagita
1592 3172 1722 3220 idem
1744 3172 1840 3220 sint
1855 3174 1869 3198 ⁸
1883 3210 1894 3231 ,
1927 3171 1988 3219 de
2011 3188 2109 3237 quo
2133 3170 2261 3218 Beda
2283 3170 2463 3229 scribit,

337 3258 384 3296 et
405 3249 454 3296 in
478 3250 677 3298 diversis
700 3251 1000 3317 temporibus
1022 3253 1153 3301 idem
1174 3253 1372 3302 Athenis
1396 3263 1443 3302 et
1466 3252 1701 3301 Corintho
1724 3261 1946 3318 praeesset
1969 3252 2248 3317 episcopus,
2275 3261 2321 3298 et
2343 3259 2471 3315 post-

338 3329 539 3378 modum
572 3348 600 3381 a
636 3343 804 3381 sancto
840 3332 1085 3383 Clemente
1120 3334 1385 3384 Galliarum
1420 3335 1481 3383 sit
1512 3333 1763 3382 ordinatus
1792 3332 2038 3399 apostolus
2066 3351 2076 3379 ε
2105 3332 2223 3380 alius
2258 3347 2374 3379 vero
2413 3347 2467 3376 ex

388 3505 397 3522 '
427 3506 525 3549 Opp.,
544 3513 568 3542 t.
587 3508 638 3551 11,
655 3509 719 3545 eol.
738 3510 835 3544 1⁴13.
851 3526 891 3535 -—
905 3509 919 3528 ¹
937 3511 1035 3554 opp„
1053 3518 1079 3546 t.
1095 3510 1161 3556 Vl,
1178 3511 1244 3547 ool.
1263 3513 1294 3547 ¹.
1309 3529 1347 3538 -
1366 3511 1380 3530 ⁸
1394 3511 1446 3546 Sit
1463 3510 1559 3546 Δηὼ.
