2970 4152
1193 433 1517 482 SERMONES.
2325 428 2375 473 51
2389 428 2417 473 7

687 720 783 778 DE
828 718 1110 779 sANcro
1153 717 1444 777 JOANNE
1493 714 2027 774 EVANGELISTA.

1210 883 1358 914 SERMO
1392 882 1486 911 XXV
1495 901 1504 911 .

366 1030 461 1089 Qui
482 1045 727 1077 sermones
748 1028 797 1074 in
820 1036 1099 1074 sanctorum
1121 1025 1452 1073 festivitatibus
1473 1034 1798 1089 componunt,
1825 1040 1852 1070 a
1873 1026 2205 1089 praerogativa,
2232 1026 2327 1073 hoc
2349 1038 2418 1074 est

301 1125 331 1157 a
351 1108 579 1172 dignitate
594 1110 606 1134 ¹
626 1108 843 1173 ipsorum
864 1122 965 1152 non
987 1105 1252 1168 incongrue
1268 1113 1466 1151 sumunt
1487 1103 1760 1161 exordium3
1780 1113 1833 1149 ut
1855 1119 2024 1150 eorum
2047 1103 2163 1151 festa
2184 1114 2319 1152 tanto
2342 1106 2420 1153 de-

299 1188 458 1236 votius
486 1203 515 1235 a
537 1186 758 1235 fidelibus
781 1184 1099 1243 celebrentur,
1137 1193 1321 1248 quanto
1351 1182 1554 1247 amplius
1590 1183 1807 1247 ipsorum
1835 1183 2192 1231 commendatio
2215 1196 2286 1232 est
2306 1188 2320 1210 ²
2343 1202 2420 1233 au·

300 1268 401 1317 dita
421 1278 469 1316 et
489 1283 573 1317 eos
594 1271 697 1315 Deo
717 1268 733 1292 ⁸
753 1265 981 1330 gratiores
1003 1264 1327 1328 intelligimus,
1347 1274 1394 1310 et
1415 1263 1476 1311 de
1499 1263 1680 1309 meritis
1701 1264 1917 1328 ipsorum
1939 1265 2088 1328 magis
2110 1265 2414 1312 confidimus.

299 1349 498 1395 Constat
518 1357 680 1396 autem
707 1346 831 1393 inter
859 1344 1108 1391 universos
1136 1334 1380 1408 apostolos
1393 1380 1404 1402 ,
1436 1343 1558 1389 sicut
1580 1352 1627 1389 et
1649 1341 1817 1390 beatus
1839 1344 2057 1391 meminit
2080 1346 2364 1408 Augustinus
2386 1349 2415 1405 ⁴,

297 1428 550 1495 epistolam
574 1426 707 1475 Pauli
733 1425 801 1473 ad
828 1425 1027 1474 Galatas
1054 1441 1323 1490 exponens,
1350 1434 1445 1471 tres
1473 1422 1857 1471 honorabiliores
1880 1425 2109 1485 extitisse,
2134 1428 2327 1473 Petrum
2358 1428 2422 1473 vi-

299 1506 487 1567 delicet,
513 1517 560 1555 et
580 1506 838 1566 Jacobum,
865 1514 913 1552 et
934 1508 1171 1552 Joannem
1190 1522 1200 1551 :
1221 1504 1322 1568 qui,
1337 1513 1392 1550 ut
1414 1513 1707 1550 memoratus
1729 1504 1794 1551 ait
1815 1504 2107 1569 Apostolus⁸,
2133 1505 2421 1553 videbantur

297 1588 534 1636 columnae
561 1603 686 1647 esse,
717 1586 854 1651 quasi
886 1573 1218 1633 fulcimentum
1245 1584 1424 1632 scilicet
1463 1600 1519 1631 ac
1553 1583 1702 1631 robur
1736 1584 1956 1632 aliorum.
1988 1588 2087 1632 Hos
2121 1587 2298 1652 quippe
2327 1597 2420 1634 tres

299 1668 689 1717 familiarissimos
717 1666 892 1714 Christi
925 1665 1067 1713 fuisse
1100 1682 1157 1712 ex
1193 1664 1355 1712 multis
1388 1664 1505 1711 locis
1535 1664 1904 1729 Evangeliorum
1939 1665 2227 1730 colligimus,
2265 1677 2311 1714 et
2347 1667 2420 1715 his

298 1765 514 1796 seorsum
541 1747 807 1795 Dominum
834 1763 920 1794 sua
956 1755 1140 1793 secreta
1178 1746 1347 1811 saepius
1386 1745 1704 1806 commisisse,
1735 1755 1783 1793 et
1815 1755 2046 1811 tanquam
2082 1747 2420 1813 inseparabiles

297 1828 497 1876 comites
519 1844 602 1875 eos
622 1826 864 1875 habuisse.
884 1827 967 1873 His
989 1826 1120 1874 enim
1141 1841 1357 1873 seorsum
1379 1825 1633 1891 assumptis
1654 1824 2082 1890 transfigurationis
2105 1843 2200 1873 suae
2222 1827 2421 1891 gloriam

297 1909 348 1956 in
380 1917 546 1956 monte
579 1907 807 1956 revelavit
823 1945 836 1967 ,
868 1917 916 1955 et
952 1907 1015 1954 ad
1036 1903 1312 1973 passionem
1336 1907 1535 1954 veniens
1566 1907 1748 1954 eisdem
1782 1917 1965 1955 secreto
1995 1909 2248 1973 assumptis
2282 1910 2347 1956 ait
2368 1911 2380 1934 ⁶
2407 1928 2417 1958 :

302 2007 325 2034 «
350 1989 512 2036 Tristis
533 1998 605 2036 est
626 1989 788 2036 anima
814 2004 922 2036 mea
945 2004 1098 2053 usque
1119 1987 1182 2035 ad
1211 1996 1436 2034 mortem.
1470 1987 1708 2035 Sustinete
1736 1987 1838 2048 hic,
1865 1998 1912 2036 et
1939 1988 2129 2052 vigilate
2157 2006 2363 2036 mecum.
2394 2009 2418 2035 »

297 2068 369 2115 Ad
391 2085 514 2134 quos
542 2069 687 2116 etiam
708 2078 819 2134 post
847 2068 1118 2116 orationem
1149 2069 1414 2132 regressus⁷
1440 2086 1450 2114 :
1481 2086 1503 2112 «
1531 2067 1754 2132 Vigilate,
1785 2087 1808 2113 »
1841 2069 2024 2133 inquit,
2048 2089 2071 2114 «
2098 2080 2146 2116 et
2173 2081 2329 2130 orate,
2362 2089 2423 2118 ne

297 2148 481 2196 intretis
503 2149 552 2195 in
576 2149 909 2196 tentationem.
940 2167 964 2193 ω
994 2147 1132 2195 Unde
1153 2157 1373 2213 patenter
1395 2148 1629 2208 innuitur,
1655 2165 1802 2213 quam
1825 2148 2203 2214 inseparabiliter
2224 2151 2300 2198 isti
2329 2162 2422 2198 tres

298 2228 341 2275 ei
367 2244 556 2293 semper
577 2227 885 2288 adhaeserint,
909 2244 1030 2292 quos
1053 2237 1101 2274 et
1123 2228 1173 2274 in
1197 2225 1349 2291 gloria
1367 2226 1796 2292 transfigurationis
1809 2265 1820 2287 ,
1839 2238 1887 2275 et
1908 2229 1958 2276 in
1979 2230 2149 2293 agonia
2168 2232 2419 2295 passionis,

297 2317 345 2355 et
365 2318 466 2356 tam
487 2309 537 2355 in
559 2308 729 2373 vigiliis
751 2325 899 2374 quam
919 2308 969 2355 in
992 2308 1211 2355 oratione
1232 2317 1464 2373 tanquam
1485 2309 1685 2357 comites
1709 2308 1939 2357 indivisos
1957 2309 2196 2370 habuerit,
2216 2328 2305 2359 nec
2324 2329 2351 2359 a
2373 2329 2422 2359 se

297 2404 513 2453 unquam
535 2388 658 2435 sicut
679 2397 874 2436 caeteros
895 2388 1105 2453 separari
1125 2389 1411 2453 permiserit.

363 2469 526 2526 Quum
547 2468 708 2532 itaque
740 2468 840 2526 isti,
878 2478 931 2515 ut
957 2468 1142 2515 dictum
1166 2477 1259 2527 est,
1291 2469 1416 2515 inter
1461 2471 1705 2535 apostolos
1752 2488 1851 2518 non
1887 2470 2166 2519 dubitentur
2209 2472 2415 2519 honora-

298 2547 514 2608 biliores,
546 2557 730 2613 quanto
758 2548 1036 2614 praemineat
1061 2547 1251 2595 honore
1285 2551 1493 2596 Joannes
1521 2552 1629 2614 quis
1657 2551 1845 2598 dubitet
1863 2589 1874 2611 ,
1909 2553 1992 2616 qui
2024 2554 2148 2599 inter
2187 2553 2276 2600 hos
2307 2568 2419 2615 quo-

299 2645 393 2693 que
420 2629 504 2694 qui
534 2628 917 2677 honorabiliores
946 2629 1227 2688 extiterunt,
1266 2628 1516 2694 privilegio
1545 2631 1800 2678 dominicae
1834 2631 2102 2679 dilectionis
2137 2632 2417 2697 ampliorem

299 2708 558 2772 quemdam
584 2708 824 2757 honorem
859 2717 930 2756 est
967 2708 1197 2774 adeptus,
1230 2717 1278 2754 et
1318 2707 1379 2755 ab
1412 2708 1518 2773 ipso
1551 2711 1764 2758 Domino
1800 2712 1940 2758 matri
1970 2712 2069 2775 ejus
2107 2713 2276 2776 virgini
2310 2722 2416 2759 tan·

299 2805 446 2852 quam
472 2788 591 2837 alius
619 2788 742 2836 filius
779 2805 868 2854 pro
892 2789 997 2854 ipso
1031 2797 1102 2835 est
1136 2785 1271 2852 virgo
1309 2787 1619 2837 substitutus?
1649 2791 1725 2837 Sic
1762 2791 1892 2838 enim
1926 2792 2138 2856 utrisque
2169 2792 2297 2838 cruci
2320 2792 2418 2855 ejus

298 2869 562 2917 astantibus
599 2869 660 2917 de
697 2870 799 2935 ipsa
837 2885 977 2917 cruce
1008 2867 1246 2934 loquitur,
1287 2867 1516 2917 dicens':
1556 2890 1578 2915 «
1605 2871 1797 2931 Mulier,
1829 2888 1940 2919 ecce
1974 2872 2096 2919 filius
2131 2883 2255 2919 tuus.
2287 2891 2310 2916 »
2349 2871 2415 2918 Ad

298 2946 585 3013 discipulum
607 2957 767 2996 autem
788 2967 799 2995 ε
823 2967 847 2994 «
866 2951 988 2996 Ecce
1009 2958 1163 2996 mater
1184 2957 1283 2995 tua.
1303 2966 1326 2992 »
1354 2947 1447 2995 Ubi
1463 2959 1510 2996 et
1532 2951 1734 3016 ipsemet
1755 2954 1964 2999 Joannes
1983 2952 2209 2999 annexuit
2227 2970 2237 2998 ε
2262 2954 2417 2997 «Ecce

298 3025 422 3075 filius
455 3037 588 3087 tuus,
618 3047 642 3074 ›>
678 3028 842 3076 dicens
879 3047 889 3075 ε
925 3048 947 3074 «
976 3031 1035 3075 Et
1063 3045 1120 3076 ex
1154 3028 1235 3075 illa
1270 3027 1393 3075 hora
1429 3031 1612 3096 accepit
1649 3048 1756 3079 eam
1791 3031 2052 3097 discipulus
2083 3033 2131 3079 in
2167 3048 2268 3079 sua.
2299 3051 2322 3075 »
2363 3034 2416 3076 ln

298 3121 400 3166 sua,
426 3107 583 3172 inquit
602 3110 638 3167 ⁹,
663 3107 892 3155 subaudis
914 3107 1170 3174 stipendia,
1195 3117 1243 3155 et
1264 3108 1401 3172 quasi
1422 3109 1703 3173 virginitatis
1725 3127 1820 3158 suae
1841 3111 2038 3176 praemia
2052 3113 2098 3169 ¹⁰,
2130 3127 2230 3157 non
2262 3111 2309 3157 in
2333 3126 2416 3157 sua

299 3188 434 3251 quasi
476 3204 693 3236 uxorem.
731 3188 857 3236 Felix
894 3188 996 3235 haec
1039 3187 1428 3253 incomparabilis
1469 3191 1792 3238 remuneratio
1836 3190 2079 3255 discipuli,
2124 3191 2200 3237 cui
2234 3190 2417 3254 virgine

345 3348 356 3365 ⁸
380 3347 448 3380 MS.
477 3349 569 3382 Eius.
593 3367 616 3374 -
639 3351 665 3383 A
692 3349 784 3382 deest
810 3349 870 3383 Ed.
902 3349 997 3382 Amb.
1020 3367 1040 3373 —
1060 3348 1073 3366 '
1100 3348 1168 3383 MS.
1195 3349 1285 3382 Eine.
1306 3367 1329 3374 -
1387 3350 1398 3366 ⁷
1417 3350 1514 3390 lbid..
1534 3362 1564 3384 ν.
1587 3353 1639 3383 38.
1654 3370 1694 3375 -
1710 3350 1845 3391 qoam,
1862 3362 1936 3395 cap.
1951 3362 2007 3384 xxx
2021 3374 2029 3387 ,
2045 3361 2074 3383 v.
2095 3353 2148 3383 26.
2162 3369 2198 3375 -
2217 3351 2307 3384 ⁰MS.
2330 3351 2417 3383 Eius.

300 3406 577 3440 Commendatione
590 3407 650 3441 Ed.
668 3406 765 3441 Amb.
777 3425 814 3431 —
824 3406 837 3424 ³
851 3407 919 3440 MS.
934 3407 1022 3440 Eius.
1037 3423 1059 3432 -
1076 3407 1143 3439 Deo
1157 3406 1250 3439 deest
1262 3407 1326 3442 Ed.
1381 3425 1404 3431 -
1416 3408 1551 3448 inquam
1566 3407 1628 3441 Ed.
1644 3407 1787 3441 Amb.--
1804 3406 1834 3425 ⁴⁰
1849 3407 1903 3440 Sic
1925 3406 2006 3440 cod.
2025 3407 2114 3440 Eius.
2125 3426 2147 3432 -
2160 3409 2318 3441 Primi....
2331 3406 2417 3439 Edit.

299 3462 397 3498 Amb-
413 3479 454 3488 —
469 3462 484 3482 ⁴
500 3463 582 3508 Cap.
598 3475 674 3504 xm,
695 3465 776 3507 Opp.
792 3470 816 3497 t.
833 3463 875 3497 111
890 3488 899 3503 ,
920 3470 1006 3508 part.
1030 3463 1073 3503 ll,
1101 3463 1169 3497 col.
1187 3464 1262 3496 948.
1285 3481 1324 3489 —
1381 3462 1476 3497 Amb-

302 3516 316 3533 ⁸
332 3517 457 3559 Galat„
477 3528 552 3563 cap.
574 3529 616 3561 n,
637 3529 669 3553 v.
687 3519 720 3552 9.
737 3538 777 3544 -
801 3519 915 3553 ‘Marc
934 3544 942 3560 ,
967 3529 1038 3563 cap.
1065 3529 1135 3561 xw,
1153 3529 1185 3553 v.
1205 3521 1260 3553 3⁴.
1289 3535 1321 3544 ·—
