2970 4152
557 419 650 464 378
1124 454 1127 457 >
1356 423 1526 470 PETRI
1562 424 1875 474 ABAELARDI

555 512 778 559 stulantes
801 512 873 559 vel
893 513 1196 578 accipienteS,
1221 524 1352 563 tanto
1379 534 1467 564 nos
1486 517 1575 565 sibi
1593 535 1675 566 eos
1694 519 2018 567 familiariores
2036 520 2322 582 reddebant,
2346 534 2525 587 quanto
2544 524 2673 573 infir-

554 594 703 640 mitati
725 603 896 640 nostrae
921 594 1067 658 magis
1091 594 1562 660 condescendebant,
1591 610 1637 662 et
1659 590 1827 647 eorum
1853 600 1914 647 ad
1939 617 2061 665 quos
2085 601 2340 649 veniebant
2364 605 2672 652 consuetudi-

553 692 663 722 nem
688 691 786 722 non
810 675 1112 739 respuebant.
1146 679 1280 725 Hanc
1307 688 1353 726 et
1375 681 1610 727 Dominus
1634 681 1984 746 providentiam
2011 691 2199 742 tenens,
2232 682 2351 729 nihil
2379 684 2427 729 in
2453 683 2569 732 cibis
2596 686 2673 733 vel

550 758 596 802 in
622 756 831 803 humana
852 758 1211 807 conversatione
1235 771 1405 825 praeter
1427 772 1676 827 peccatum
1694 772 1793 810 tam
1816 779 1843 810 a
1866 779 1915 810 se
1941 779 2086 827 quam
2108 779 2136 810 a
2160 763 2403 829 discipulis
2428 765 2563 812 vitari
2587 766 2674 813 de-

548 837 709 884 crevit.
742 837 834 894 Qui
863 839 900 884 si
929 839 1070 886 etiam
1100 839 1215 904 legis
1242 858 1390 889 onera
1417 859 1516 890 non
1545 844 1847 908 suscepisset,
1875 859 2179 908 nequaquam
2205 843 2519 909 postmodum
2547 844 2673 894 hanc

547 919 804 965 removisse
830 918 1084 981 videretur,
1115 931 1211 968 tam
1240 933 1438 987 propter
1468 923 1815 970 mutilationem
1848 923 1972 987 ejus,
1996 927 2165 988 quam¹
2190 934 2386 990 propter
2416 941 2670 988 gravamen

545 996 706 1060 ipsius.
737 1000 830 1056 Qui
853 1016 984 1047 nunc
1008 1001 1222 1066 profecto
1248 1003 1450 1068 amplius
1478 1020 1505 1050 a
1527 1003 1668 1050 nobis
1693 1002 1964 1067 diligendus
1988 1003 2192 1065 videtur,
2222 1004 2453 1068 quoniam
2478 1013 2525 1051 et
2547 1003 2672 1052 illius

545 1094 689 1125 onera
724 1092 920 1146 propter
949 1098 1038 1128 nos
1069 1082 1169 1147 ipse
1200 1085 1428 1149 suscepit,
1463 1095 1509 1132 et
1540 1084 1600 1131 ab
1626 1084 1739 1150 ipsis
1767 1084 2080 1149 postmodum
2102 1101 2193 1131 nos
2217 1084 2452 1132 liberavit.
2482 1087 2602 1132 Sunt
2625 1095 2673 1134 et

546 1156 633 1204 alia
663 1161 916 1222 nonnulla,
946 1179 1050 1229 quae
1080 1173 1126 1210 et
1147 1164 1410 1211 Dominum
1434 1165 1582 1229 egisse
1607 1165 1936 1223 meminimuS,
1965 1173 2011 1210 et
2043 1179 2098 1210 ea
2126 1173 2286 1210 tamen
2318 1163 2568 1211 salubriter
2590 1164 2673 1213 de-

545 1237 774 1287 clinamus
799 1242 1022 1303 omnino,
1052 1242 1127 1290 vel
1151 1242 1243 1290 alio
1273 1253 1489 1309 tempore
1519 1254 1565 1291 et
1589 1244 1682 1291 alio
1710 1243 1858 1291 modo
1885 1243 2227 1290 convenienter
2249 1242 2557 1291 celebramus.
2587 1246 2672 1291 Le-

543 1319 717 1382 gimus²
740 1322 919 1386 quippe
938 1321 1000 1368 ad
1025 1323 1213 1387 nuptias
1237 1324 1503 1370 Dominum
1527 1324 1779 1371 invitatum
1804 1340 1915 1370 cum
1940 1333 2091 1370 matre
2114 1332 2162 1370 et
2185 1322 2429 1388 discipulis
2449 1322 2670 1371 convivio

543 1399 608 1446 illi
636 1402 932 1450 interfuisse:
967 1403 1100 1467 quod
1134 1421 1263 1451 nunc
1293 1405 1488 1469 quidem
1520 1405 1724 1471 provida
1757 1405 2112 1471 dispensatione
2143 1404 2470 1453 sacerdotibus
2499 1404 2672 1470 Christi

542 1482 657 1530 locis
692 1485 956 1549 specialiter
989 1485 1316 1533 obtinentibus
1349 1503 1376 1532 a
1409 1488 1582 1534 sanctis
1614 1486 1829 1552 patribus
1866 1486 2180 1533 interdictum·
2208 1497 2279 1533 est
2315 1486 2521 1551 penitus.
2572 1486 2670 1535 Alia

541 1565 718 1630 quippe
743 1566 792 1612 in
818 1565 900 1612 illo
919 1566 1038 1613 ratio
1058 1567 1166 1627 fuit,
1196 1567 1286 1614 alia
1307 1569 1356 1614 in
1383 1568 1539 1615 nobis.
1568 1571 1739 1634 Nostra
1763 1584 1972 1632 namque
1997 1566 2246 1614 infirmitas
2270 1566 2331 1614 ad
2356 1565 2670 1614 tentationem

542 1660 715 1710 prona,
752 1647 799 1692 in
829 1648 1059 1695 conviviis
1086 1649 1288 1697 maxime
1313 1666 1414 1697 non
1445 1650 1602 1697 solum
1629 1649 1894 1713 religionis,
1926 1665 2096 1695 verum
2116 1648 2258 1695 etiam
2284 1647 2554 1694 communis
2578 1647 2669 1718 ho-

540 1728 728 1774 nestatis
761 1728 962 1775 modum
1001 1730 1200 1777 excedit.
1243 1734 1338 1778 Nec
1375 1731 1452 1779 ille
1491 1731 1552 1778 ad
1589 1732 1779 1796 nuptias
1814 1740 1913 1778 tam
1948 1740 2147 1796 propter
2184 1730 2482 1790 convivium,
2522 1745 2667 1794 quam

538 1820 735 1875 propter
766 1811 981 1858 miraculi
1011 1811 1325 1873 beneficium,
1357 1830 1455 1878 quo
1490 1830 1539 1860 se
1573 1813 1920 1873 manifestaret,
1953 1822 1999 1859 et
2032 1813 2079 1859 in
2115 1828 2165 1860 se
2197 1811 2456 1877 discipulos
2487 1811 2668 1858 confir-

539 1903 712 1952 maret,
741 1894 902 1941 venire
937 1893 1217 1959 dedignatus
1236 1897 1250 1920 ⁸
1282 1906 1365 1943 est.
1396 1895 1540 1954 Quod
1565 1894 1814 1960 diligenter
1840 1893 2138 1958 Evangelista
2167 1892 2498 1953 considerans,
2536 1893 2626 1940 ait‘
2652 1912 2662 1939 :

543 1993 562 2016 «
584 1975 639 2019 Et
659 1972 964 2021 crediderunt
981 1975 1028 2020 in
1050 1992 1161 2022 eum
1181 1976 1398 2041 discipuli
1418 1976 1534 2040 ejus.
1556 1995 1579 2020 »
1608 1977 1793 2023 Scimus
1812 1985 1858 2023 et
1876 1976 2034 2041 ipsum
2058 1984 2170 2039 post
2194 1973 2486 2038 baptismum
2508 1974 2666 2020 statim

539 2054 586 2099 in
614 2071 827 2102 eremum
853 2055 1273 2118 condescendisse,
1304 2068 1349 2105 et
1377 2056 1688 2122 quadraginta
1713 2056 1902 2104 dierum
1920 2055 2157 2120 jejunium
2181 2064 2295 2101 tunc
2320 2053 2593 2113 inchoasse,
2623 2063 2668 2100 et

539 2135 603 2180 sic
643 2151 1021 2197 consummasse,
1059 2154 1148 2184 nec
1186 2138 1316 2202 ipsos
1353 2138 1595 2203 apostolos
1637 2137 1698 2184 ab
1739 2154 1798 2184 eo
1838 2145 2188 2184 sacramentum
2229 2134 2444 2199 corporis
2478 2143 2524 2180 et
2563 2150 2667 2180 san-

538 2215 691 2278 guinis
720 2216 792 2262 sui
812 2216 1002 2280 jejunos
1027 2219 1277 2283 accepisse.
1309 2221 1424 2276 Quae
1445 2229 1560 2266 tunc
1580 2218 1778 2282 quidem
1797 2218 1862 2265 sic
1882 2216 1983 2264 fieri
2004 2214 2279 2281 oportebat,
2307 2224 2353 2261 et
2378 2230 2509 2260 nunc
2533 2213 2667 2260 aliter

538 2294 626 2341 alia
655 2296 838 2343 ratione
859 2297 908 2343 in
934 2297 1330 2356 consuetudinem
1361 2308 1596 2346 venerunt
1627 2297 1861 2345 Ecclesiae.
1898 2296 1973 2342 Sic
2003 2305 2050 2343 et
2082 2294 2343 2350 DominuS‚
2382 2309 2444 2340 ne
2478 2291 2665 2339 Judaeos

538 2376 898 2437 scandalizaret,
924 2379 1333 2426 circumcisionem
1354 2380 1582 2444 suscepit,
1603 2389 1649 2427 et
1671 2394 1760 2426 nos
1784 2387 1968 2444 postea,
1997 2386 2050 2422 ut
2072 2375 2253 2422 dictum
2279 2376 2388 2432 est⁵,
2416 2372 2665 2437 repellere·

539 2472 665 2514 mus,
710 2456 835 2504 hanc
869 2460 1069 2506 omnino
1104 2459 1386 2524 respuimus.
1428 2459 1574 2506 Multa
1608 2459 1786 2524 quippe
1821 2467 1957 2517 sunt,
1996 2472 2101 2520 quae
2134 2452 2403 2501 secundum
2437 2452 2665 2516 temporis

537 2538 943 2602 opportunitatem
962 2539 1055 2587 alio
1075 2550 1292 2605 tempore
1310 2550 1419 2587 sunt
1436 2539 1712 2605 probanda,
1741 2549 1788 2586 et
1804 2538 1896 2585 alio
1920 2534 2263 2603 improbanda,
2294 2534 2380 2581 etsi
2399 2533 2460 2580 ab
2485 2532 2664 2580 eisdem

534 2619 665 2682 prius
685 2628 729 2664 et
752 2621 1063 2684 postmodum
1094 2631 1316 2686 gerantur
1344 2621 1578 2686 personis.
1609 2620 1797 2668 Habent
1821 2619 1999 2684 quippe
2024 2618 2074 2664 in
2100 2614 2326 2664 omnibus
2349 2613 2455 2661 loca
2480 2613 2526 2662 et
2547 2623 2664 2661 tem-

535 2715 652 2762 pora
680 2717 786 2748 suas
814 2703 1045 2762 rationes,
1076 2702 1339 2750 secundum
1368 2719 1485 2767 quas
1509 2703 1559 2749 in
1585 2703 1652 2750 eis
1675 2701 1844 2750 eadem
1870 2699 2019 2747 modo
2043 2698 2169 2759 fieri,
2199 2697 2347 2745 modo
2379 2694 2515 2741 vitari
2546 2712 2663 2743 con-

535 2781 678 2828 venit.
722 2783 852 2830 Adeo
887 2800 976 2849 pro
1012 2783 1245 2830 scandalis
1277 2784 1351 2831 vel
1385 2783 1657 2848 repulsione
1697 2782 1910 2847 gentium
1943 2780 2174 2840 vitandis,
2212 2778 2430 2844 quaedam
2470 2792 2600 2822 nunc
2635 2794 2663 2824 a

534 2863 672 2912 nobis
706 2866 911 2930 legitima
949 2866 1104 2913 caveri
1142 2866 1443 2913 manifestum
1478 2875 1576 2925 est,
1613 2873 1779 2929 utpote
1824 2863 2236 2910 circumcisionem
2272 2870 2320 2907 et
2348 2857 2531 2907 sabbati
2580 2873 2661 2903 seu

533 2948 760 2995 festorum
786 2948 1164 3007 observationes,
1192 2957 1238 2994 et
1269 2946 1609 2994 sacrificiorum
1643 2947 1813 3004 ritum,
1848 2946 1947 2992 sive
1979 2941 2302 3009 quorumdam
2327 2940 2661 2987 abstinentiam

533 3027 780 3089 ciborum;
815 3027 948 3094 quod
975 3028 1023 3074 in
1047 3027 1220 3092 quibus
1244 3026 1448 3093 apostoli
1472 3026 1546 3074 vel
1577 3028 1724 3074 sancti
1753 3036 1910 3092 patres
1943 3024 2129 3072 nullum
2155 3027 2505 3089 ‘praesenserunt
2529 3038 2662 3068 scan-

535 3112 718 3172 dalum,
750 3114 847 3158 imo
877 3110 1056 3175 aliquid
1082 3109 1289 3156 utilitatis
1314 3108 1389 3155 vel
1421 3107 1607 3162 decoris
1639 3107 1998 3166 intellexerunt,
2035 3122 2091 3153 ea
2124 3105 2327 3151 retinere
2356 3117 2455 3148 non
2488 3100 2662 3148 abhor-

536 3202 746 3238 ruerunt.
778 3192 916 3238 Unde
945 3202 991 3239 et
1015 3189 1173 3238 adhuc
1196 3191 1412 3247 Quatuor
1436 3191 1725 3253 Temporum
1744 3187 1925 3252 jejunia
1944 3185 2263 3243 celebramus,
2293 3192 2335 3230 et
2357 3181 2487 3247 ipsos
2514 3180 2660 3228 eccle-

534 3270 826 3316 siasticorum
854 3270 1122 3317 officiorum
1151 3268 1348 3333 gradus,
1383 3268 1443 3315 ab
1470 3268 1661 3315 ostiario
1691 3267 1890 3327 scilicet,
1923 3266 2000 3314 vel
2024 3265 2084 3312 ab
2115 3265 2214 3329 ipsa
2241 3263 2383 3310 etiam
2414 3260 2659 3308 clericatus

534 3360 727 3398 tonsura
750 3369 900 3415 usque
925 3352 986 3398 ad
1012 3352 1317 3417 episcopum,
1352 3366 1544 3397 necnon
1572 3359 1617 3396 et
1642 3349 1944 3396 sacerdotalis
1974 3347 2047 3394 vel
2079 3344 2378 3394 ecclesiastici
2405 3342 2558 3390 cultus
2583 3359 2658 3389 or-

578 3480 586 3495 ¹
614 3480 707 3513 Amb.
733 3482 903 3519 Quantum.
922 3498 962 3503 —
975 3478 987 3494 ²
1008 3479 1115 3518 Joan.,
1134 3490 1207 3521 cap.
1225 3491 1245 3511 ιι
1260 3506 1267 3518 ,
1286 3490 1314 3510 v.
1335 3480 1364 3511 Ξ.
1378 3497 1421 3503 -
1435 3478 1447 3495 ³
1462 3478 1557 3511 Amb.
1575 3480 1736 3519 (liquatus.
1756 3497 1797 3502 -
1812 3477 1825 3494 ⁴
1839 3478 1948 3517 Joan.,
1964 3487 2036 3519 cap.
2053 3485 2093 3514 ιι,
2119 3485 2150 3506 v.
2174 3476 2225 3505 ll.
2241 3471 2303 3496 -“
2323 3471 2382 3505 Hic
2401 3470 2520 3514 aliquid
2540 3469 2655 3502 deesse

532 3538 665 3571 videtur.
