2970 4152
515 411 611 458 694
1318 409 1489 455 PETRI
1528 409 1840 456 ABAELARDI

512 522 637 570 pane
674 506 825 553 divini
854 505 993 552 verbi
1026 505 1258 570 scriptum
1289 515 1362 552 est
1392 505 1530 552 alibi1
1558 524 1568 552 :
1595 525 1619 551 «
1637 509 1744 554 Non
1774 506 1823 552 in
1850 505 1955 553 solo
1984 521 2108 570 pane
2130 506 2248 553 vivit
2281 505 2457 565 homo,
2482 507 2639 554 sedin

511 588 645 634 omni
668 587 843 646 verbo,
870 586 1004 651 quod
1033 587 1253 651 procedit
1284 586 1345 633 de
1375 603 1459 634 ore
1489 588 1595 635 Dei.
1623 607 1646 633 »
1685 587 1830 645 Quod
1853 588 1891 634 si
1915 587 2009 634 hoc
2031 597 2250 652 tempore
2271 587 2555 635 clericorum
2585 605 2641 636 ac

510 666 864 713 monachorum
885 666 1104 714 laborem
1127 682 1183 713 ac
1203 667 1312 713 vitae
1334 667 1561 714 duritiam
1585 668 1864 727 conferatis,
1900 684 1999 714 non
2029 677 2100 715 est
2127 667 2223 714 hoc
2251 667 2395 732 longa
2423 667 2642 733 disputa-

509 748 641 794 tione
661 748 1016 795 discutiendum
1035 786 1046 808 ,
1072 748 1206 813 quod
1231 749 1525 813 quotidianis
1548 749 1885 814 experimentis
1908 748 1961 795 fit
1984 749 2308 796 manifestum.
2345 749 2521 797 Confer
2543 750 2642 814 epi-

508 845 680 893 scopos
703 846 814 876 cum
837 829 1108 890 abbatibus,
1137 829 1575 895 archipresbyteros
1598 829 1906 876 ecclesiarum
1929 846 2040 876 cum
2063 829 2305 894 prioribus
2321 830 2640 877 monasterio·

507 924 632 969 rum,
657 909 855 956 clericos
875 926 987 956 cum
1006 908 1257 957 monachis
1280 927 1290 956 ε
1311 919 1358 956 et
1377 909 1618 974 quoslibet
1640 908 1876 969 consule2,
1900 910 1983 973 qui
2002 909 2176 973 quibus
2193 910 2317 956 inter
2339 909 2468 974 ipsos
2490 908 2640 973 magis

506 1004 723 1052 asperam
745 989 821 1036 vel
853 989 1146 1037 laboriosam
1168 990 1317 1037 vitam
1341 989 1546 1049 ducant,
1575 1000 1629 1036 ut
1660 990 1698 1036 si
1732 982 1951 1036 laborem
1981 1006 2177 1054 penses,
2211 989 2273 1037 ad
2301 990 2525 1037 meritum
2548 1006 2638 1037 nos

504 1068 647 1133 longe
668 1070 937 1135 superiores
966 1070 1206 1130 invenias,
1232 1069 1405 1134 quibus
1428 1087 1515 1117 vos
1544 1070 1635 1135 ipsi
1667 1086 1768 1116 non
1792 1069 1934 1117 aliam
1957 1086 2103 1133 quam
2131 1070 2468 1134 poenitentium
2488 1070 2638 1117 vitam

505 1150 794 1209 adscribitis,
822 1161 870 1198 et
891 1151 1096 1200 claustra
1118 1161 1285 1199 nostra
1308 1168 1410 1198 non
1433 1151 1542 1198 loca
1564 1150 1833 1214 dignitatis,
1860 1150 1945 1197 sed
1966 1151 2259 1215 poenitentiae
2281 1167 2495 1198 carceres
2513 1167 2646 1210 nun-A

503 1232 704 1295 cupatis.
721 1233 879 1289 Quam
889 1242 936 1279 et
948 1232 1117 1280 beatus
1133 1232 1454 1296 Hieronymus
1470 1232 1604 1279 avita
1620 1231 1906 1278 clericorum
1925 1231 2239 1295 distinguenS,
2254 1230 2321 1278 ad
2330 1230 2636 1278 Heliodorum

502 1311 563 1358 de
586 1322 741 1359 morte
759 1314 1012 1377 Nepotiani
1035 1313 1200 1361 scribit
1223 1313 1298 1360 his
1320 1312 1505 1360 verbis³
1525 1331 1535 1359 :
1559 1313 1647 1359 «Si
1669 1313 1775 1377 quis
1800 1312 1967 1360 relicto
1985 1312 2234 1372 clericatu,
2260 1312 2445 1359 duritiae
2466 1329 2517 1359 se
2539 1322 2635 1359 tra-

501 1393 678 1441 diderit
702 1394 1074 1455 monachorum,
1097 1396 1157 1442 sit
1180 1395 1348 1443 creber
1370 1396 1420 1442 in
1444 1394 1763 1455 orationibus,
1788 1395 1989 1459 vigilans
2012 1395 2062 1442 in
2084 1394 2349 1459 precando,
2367 1393 2637 1457 lachrymas

499 1478 621 1534 Deo,
648 1492 749 1522 non
772 1475 1052 1523 hominibus
1076 1476 1263 1524 offerat.
1290 1496 1311 1521 υ
1347 1479 1485 1524 Certe
1515 1477 1554 1523 si
1583 1476 1868 1523 clericorum
1897 1477 2074 1524 arctior
2096 1485 2218 1523 esset
2239 1475 2360 1534 vita,
2387 1484 2434 1521 et
2457 1474 2542 1538 qui
2562 1490 2638 1521 ec-

499 1555 760 1602 clesiastica
781 1566 993 1621 praesunt
1009 1556 1258 1620 dignitate,
1274 1557 1383 1603 vitae
1404 1573 1599 1621 quoque
1616 1557 1983 1622 praeeminerent
2005 1556 2301 1615 austeritate3
2328 1569 2637 1619 nequaquam

499 1634 728 1681 monachi
750 1645 886 1683 tanto
911 1635 1151 1683 desiderio
1175 1646 1457 1702 appeterent
1481 1636 1772 1702 episcopari,
1799 1653 1890 1683 nec
1918 1635 2152 1701 spiritales
2174 1645 2332 1700 patres
2354 1644 2489 1683 tanta
2510 1633 2637 1684 solli-

498 1713 712 1761 citudine
731 1715 931 1763 clericos
954 1717 1098 1763 etiam
1116 1716 1178 1763 ad
1195 1717 1513 1764 monasticam
1535 1717 1955 1765 conversationem
1974 1716 2250 1764 invitarent.
2278 1715 2431 1774 Quale
2447 1725 2495 1762 et
2515 1714 2634 1763 illud

498 1807 569 1843 est
596 1797 812 1862 praedicti
841 1798 1055 1845 doctoris
1086 1798 1362 1863 praesidium
1391 1798 1646 1846 diaconem
1684 1798 1981 1846 exhortantis
2011 1817 2021 1845 :
2044 1817 2066 1843 ι(
2089 1798 2348 1857 Diaconus,
2370 1815 2393 1842 »
2419 1797 2629 1861 inquies,

500 1896 523 1922 «
545 1877 804 1925 Ecclesiam
828 1888 932 1925 tuto
956 1879 1175 1925 deserere
1197 1896 1299 1926 non
1322 1896 1538 1944 possum.
1565 1882 1746 1927 Vereor
1768 1896 1830 1926 ne
1851 1880 2097 1926 incurram
2119 1877 2437 1941 sacrilegium,
2462 1877 2501 1924 si
2523 1876 2635 1924 alta-

496 1959 566 2005 ria
589 1958 939 2023 derelinquam.
967 1959 1061 2006 Sed
1078 1959 1348 2020 considera,
1376 1959 1579 2007 obsecro
1593 1997 1604 2019 ,
1631 1961 1743 2007 satis
1766 1977 1867 2007 esse
1891 1958 2084 2006 difficile
2102 1958 2266 2005 locum
2287 1956 2518 2021 Stephani
2540 1956 2630 2003 im-

496 2037 626 2101 plere
654 2038 730 2085 vel
762 2039 918 2100 Pauli,
950 2040 1000 2087 in
1031 2040 1247 2104 angelico
1277 2050 1403 2087 stare
1434 2041 1725 2098 ministerio,
1761 2050 1808 2087 et
1838 2039 2048 2105 populos
2078 2038 2380 2102 subjacentes
2405 2036 2631 2084 candenti

495 2119 701 2184 desuper
722 2131 854 2167 veste
872 2121 1135 2186 despicere.
1165 2122 1432 2169 Pretiosum
1451 2132 1522 2170 est
1543 2123 1874 2186 margaritum,
1900 2121 1986 2168 sed
2010 2122 2106 2168 cito
2131 2120 2381 2183 frangitur,
2407 2119 2632 2166 fractum-

493 2217 588 2264 que
612 2218 712 2248 non
735 2212 895 2266 potest
917 2202 1188 2249 instaurari.
1211 2221 1234 2246 »
1277 2206 1396 2249 Item
1420 2221 1429 2249 :
1462 2221 1484 2247 α
1507 2205 1669 2260 Quum
1691 2203 1842 2249 vitam
1875 2203 1926 2248 in
1949 2201 2151 2248 urbibus
2178 2200 2389 2248 lacerent
2418 2198 2626 2258 bonam,

493 2280 611 2344 quid
636 2281 777 2327 facies
804 2281 948 2328 frater
969 2281 1019 2327 in
1043 2281 1232 2328 medio?
1261 2292 1343 2328 aut
1367 2282 1624 2329 sectaberis
1646 2299 1752 2347 quae
1774 2292 1886 2329 sunt
1915 2281 2116 2328 adversa
2143 2279 2450 2327 continentiae
2478 2297 2489 2324 ε
2519 2287 2625 2337 aut,

492 2361 531 2406 si
555 2360 710 2407 facere
733 2361 967 2420 nolueris,
994 2362 1095 2426 ipse
1122 2362 1446 2409 damnaberis.
1472 2364 1785 2410 Praetermitto
1808 2363 1964 2411 varias
1987 2361 2256 2419 illecebras,
2282 2359 2457 2425 quibus
2485 2359 2629 2406 etiam

491 2441 764 2504 rigidissimi
784 2441 1096 2488 emolliuntur
1114 2442 1280 2489 animi.
1317 2446 1455 2489 Nunc
1478 2442 1597 2489 illud
1620 2443 1828 2498 affirmo,
1854 2442 1989 2508 quod
2012 2443 2156 2490 etiam
2178 2444 2217 2488 si
2239 2441 2305 2488 ita
2326 2456 2427 2487 non
2450 2448 2624 2498 essent,

491 2522 552 2569 ad
569 2523 984 2587 comparationem
1005 2532 1106 2569 tam
1120 2523 1326 2587 ingentis
1346 2523 1484 2583 boni,
1504 2524 1694 2571 minora
1716 2524 1935 2571 deserere
1958 2523 2211 2571 debueras.
2237 2520 2372 2568 Adde
2385 2519 2519 2584 quod
2532 2519 2629 2567 dia-

490 2618 642 2648 conus
665 2619 738 2661 es,
766 2602 852 2649 sed
875 2602 1075 2649 abcessu
1098 2612 1182 2650 tuo
1206 2603 1426 2650 Ecclesiae
1455 2604 1636 2651 damna
1663 2621 1763 2651 non
1794 2605 2018 2651 sentient.
2057 2603 2181 2650 Elias
2214 2602 2331 2650 vixit
2363 2600 2412 2647 in
2441 2616 2622 2647 eremo.

491 2683 709 2730 Elisaeum
732 2683 1081 2748 prophetarum
1098 2694 1287 2731 secutus
1304 2694 1375 2732 est
1396 2684 1590 2732 chorus.
1619 2689 1888 2732 Praecursor
1906 2684 2104 2732 Domini
2123 2686 2331 2730 Joannes
2353 2681 2559 2728 nutritus
2575 2680 2625 2726 in

488 2765 764 2824 solitudine,
791 2765 852 2812 ad
874 2765 970 2811 hoc
991 2775 1181 2812 tantum
1205 2765 1454 2813 descendit
1477 2767 1539 2813 ad
1561 2767 1783 2814 Jordanis
1806 2767 1951 2832 ripas,
1976 2776 2030 2813 ut
2052 2764 2259 2830 populos
2275 2772 2494 2826 argueret
2514 2778 2628 2809 con-

488 2846 713 2905 fluentes,
740 2856 787 2892 et
809 2845 1066 2910 pharisaeos
1095 2845 1363 2910 intelligens
1392 2847 1591 2894 clericos
1625 2847 1925 2906 Judaeorum,
1954 2846 2286 2910 generationes
2306 2844 2521 2908 vipereas
2543 2842 2626 2889 de-

487 2937 693 2974 notaret.
729 2929 890 2992 Nuper
910 2928 1099 2992 AEgypti
1133 2927 1323 2975 deserta
1344 2928 1529 2987 vidisti,
1562 2929 1762 2976 intuitus
1791 2946 1840 2976 es
1869 2928 2134 2992 angelicam
2164 2925 2409 2974 familiam.
2443 2925 2623 2982 Quanti

487 3006 552 3052 ibi
585 3006 727 3053 flores
761 3007 899 3053 sunt?
933 3023 1080 3071 quam
1115 3007 1442 3072 spiritualibus
1465 3010 1665 3072 gemmis
1687 3019 1825 3073 prata
1845 3008 2123 3056 vernantia?
2147 3006 2318 3054 Vidisti
2340 3014 2490 3062 serta,
2515 3004 2622 3068 qui-

487 3085 576 3132 bus
615 3087 852 3134 Dominus
883 3096 1212 3134 coronatur.»
1259 3089 1378 3134 Item
1419 3106 1429 3132 r
1460 3088 1715 3135 «Habebis
1749 3088 1997 3147 cellulam,
2034 3104 2139 3152 quae
2172 3097 2220 3133 te
2254 3084 2411 3132 solum
2442 3084 2615 3148 capiat.

487 3168 589 3212 Imo
613 3182 714 3212 non
738 3168 830 3214 eris
852 3167 1005 3227 solus,
1038 3167 1249 3231 angelica
1272 3178 1433 3215 tecum
1455 3169 1599 3216 turba
1614 3168 1898 3216 versabitur.
1926 3172 2016 3216 Tot
2037 3167 2172 3226 socii,
2198 3174 2320 3231 quot
2336 3163 2504 3212 sancti.
2532 3165 2618 3209 Le-

487 3263 566 3310 ges
599 3248 935 3311 Evangelium,
971 3249 1261 3297 fabulabitur
1292 3260 1453 3297 tecum
1482 3254 1632 3298 Jesus.
1672 3250 1941 3316 Replicabis
1970 3248 2215 3315 apostolos
2238 3246 2314 3294 vel
2335 3243 2614 3311 prophetas.

488 3328 731 3392 Numquid
770 3330 950 3393 poteris
989 3330 1135 3377 talem
1170 3331 1318 3378 alium
1344 3332 1437 3379 tuis
1459 3331 1763 3379 sermonibus
1785 3331 1966 3380 habere
1987 3328 2292 3379 consortem?
2310 3345 2334 3371 »
2372 3327 2618 3373 Sectemur

533 3505 541 3521 ¹
569 3506 662 3548 Luc.,
680 3518 752 3551 cap.
773 3520 815 3548 iv,
835 3520 864 3541 v.
881 3511 911 3543 4.
935 3528 964 3533 *-
984 3508 996 3526 ²
1012 3511 1148 3544 Consulo
1172 3511 1265 3544 Amb.
1284 3530 1325 3537 ——-
1339 3511 1571 3553 ³0pp.,t.1v,
1588 3519 1671 3554 part.
1688 3512 1738 3554 11,
1753 3512 1818 3545 col.
1837 3513 1915 3545 270.
