2970 4152
531 429 590 475 52
1254 425 1512 473 ANDREAE
1546 424 1915 483 QUERCETANl

530 522 690 569 reddita,
720 523 814 558 sicut
836 527 1019 558 exarserat
1035 521 1073 555 in
1093 526 1130 555 te
1146 519 1245 555 zelus
1266 531 1389 564 meus,
1409 518 1577 569 quandiu
1596 519 1760 556 intellexi
1779 526 1816 555 te
1838 523 2063 555 aversum-et
2077 515 2271 552 adversum
2285 543 2295 560 ,
2318 516 2370 553 sic
2391 517 2639 565 requiesceret

528 585 564 620 in
584 593 621 621 te
636 587 788 635 spiritus
806 595 908 619 meus
922 611 931 625 ,
953 582 980 617 si
998 589 1035 617 te
1054 592 1315 630 cognoscerem
1331 580 1377 617 ad
1397 581 1604 618 doctrinam
1625 594 1748 618 sanam
1769 592 1986 618 conversum
2013 586 2052 615 et
2078 582 2278 614 reversum.
2298 577 2372 615 Sed
2397 578 2483 627 quia
2503 577 2580 614 scio
2603 583 2640 613 te

530 653 611 690 post
636 645 832 682 concilium
859 643 1112 679 suessionense
1131 644 1169 679 in
1188 642 1341 679 auribus
1364 643 1615 693 quorumdam
1639 656 1733 693 quos
1756 655 1903 680 mecum
1928 643 2024 678 bene
2051 642 2172 686 nosti,
2199 640 2395 689 pristinam
2419 641 2641 677 sententiam

528 714 628 743 tuam
649 707 885 743 clandestinis
900 705 1215 754 disputationibus
1233 705 1501 743 studiosissime
1519 706 1743 751 defendisse,
1763 713 1801 742 et
1817 704 1987 742 eamdem
2004 715 2116 754 quam
2134 704 2386 751 abjuraveras,
2405 710 2444 740 et
2460 703 2548 739 alias
2563 714 2640 739 non

529 771 650 805 minus
668 771 812 805 insanas
830 767 1052 817 persuadere
1069 767 1226 804 voluisse
1238 797 1253 814 ,.
1271 780 1345 804 non
1364 776 1486 817 potest
1503 769 1643 805 intrare
1662 769 1700 804 in
1718 780 1782 804 cor
1801 780 1945 811 meum,
1964 766 2067 816 quod
2083 765 2206 802 adhuc
2223 765 2334 803 fidem
2350 772 2453 801 tuam
2471 775 2641 801 correxe-

529 831 594 874 ris,
630 830 728 879 quod
757 843 878 867 mores
900 832 938 867 in
962 830 1094 867 melius
1112 832 1407 867 commutaveris.
1426 847 1442 865 υ
1461 831 1634 880 Denique
1660 830 1761 880 quod
1789 830 1997 866 Aventinus
2023 828 2071 865 de
2095 828 2315 873 Ruscelino,
2341 828 2427 865 sive.
2443 827 2641 865 Roscelino

526 893 670 936 scribit,
693 905 777 928 eum
799 900 987 929 auctorem
1013 893 1126 929 fuisse
1153 892 1421 938 nominalium,
1451 908 1468 926 «ι
1485 893 1551 943 qui
1578 892 1676 928 avari
1705 904 1851 936 rerum,
1881 890 2029 940 prodigi
2059 891 2254 927 nominum
2283 897 2396 941 atque
2416 890 2638 936 notionum,

528 955 721 990 verborum
743 955 963 991 videbantur
977 967 1054 992 esse
1071 962 1269 992 assertores
1280 983 1292 1004 ,
1308 971 1325 989 »
1344 956 1391 992 ab
1410 957 1478 992 hac
1495 956 1608 992 etiam
1629 954 1740 1015 altera
1753 984 1763 1000 ,
1782 967 1894 1004 quam
1915 954 2128 991 Abaelardus
2145 953 2354 991 adversario
2371 966 2438 991 suo
2450 953 2619 990 obtrudit
2630 982 2640 999 ‚

526 1017 733 1063 objectione
759 1029 833 1053 non
859 1018 1012 1053 omnino
1030 1017 1286 1054 disconvenit:
1306 1033 1323 1051 (ι
1338 1018 1429 1062 Hic,
1446 1033 1463 1051 »
1481 1017 1622 1066 inquit,
1645 1031 1662 1049 a
1679 1016 1775 1053 sicut
1792 1016 2171 1066 pseudodialecticus,
2191 1017 2241 1052 ita
2265 1022 2304 1053 et
2323 1016 2641 1064 pseudochristia-

527 1092 613 1123 nus,
632 1092 748 1128 quum
767 1080 804 1116 in
823 1080 1013 1116 dialectica
1038 1093 1101 1116 sua
1129 1080 1268 1116 nullam
1297 1093 1376 1117 rem
1405 1087 1528 1129 partes
1554 1080 1692 1116 habere
1722 1080 1895 1123 aestimat,
1929 1081 1981 1116 ita
2010 1079 2173 1115 divinam
2204 1079 2376 1128 paginam
2404 1078 2643 1127 impudenter

528 1143 720 1188 pervertit,
740 1150 782 1179 ut
799 1155 842 1179 eo
858 1143 940 1180 loco
955 1155 1031 1192 quo
1049 1142 1188 1179 dicitur
1207 1143 1390 1180 Dominus
1407 1150 1550 1191 partem
1570 1143 1680 1192 piscis
1700 1143 1770 1178 assi
1789 1142 2010 1188 comedisse,
2030 1149 2175 1192 partem
2201 1141 2314 1190 hujus
2342 1142 2461 1188 vocis,
2489 1154 2569 1191 quae
2585 1149 2643 1178 est

528 1205 634 1249 piscis
650 1205 742 1250 assi,
765 1217 838 1241 non
859 1213 1002 1254 partem
1020 1205 1073 1242 rei
1093 1205 1300 1254 intelligere
1326 1212 1495 1254 cogatur.
1511 1220 1529 1238 »
1550 1206 1676 1251 Quare
1704 1208 1779 1241 non
1806 1205 1967 1250 mirum,
1998 1205 2027 1241 si
2055 1205 2227 1253 praefatus
2252 1204 2468 1241 Abaelardus
2489 1205 2642 1242 nomine

525 1266 719 1315 designare
737 1267 821 1316 quis
841 1269 909 1304 iste
927 1275 1024 1304 esset
1038 1269 1269 1317 superfluum
1289 1267 1459 1313 duxerit,
1475 1280 1586 1317 quem
1609 1274 1666 1304 tot
1686 1268 1892 1317 singulares
1916 1275 2011 1304 notae
2035 1267 2275 1316 singulariter
2301 1267 2503 1305 notabilem
2528 1268 2642 1305 facie-

521 1329 626 1369 bant.
647 1332 692 1367 Et
715 1332 791 1368 haec
807 1339 991 1380 quantum
1010 1331 1057 1369 ad
1075 1332 1304 1369 occasionem
1323 1331 1572 1380 componendi
1593 1339 1772 1368 tractatus
1794 1331 1841 1368 de
1865 1332 2054 1368 Trinitate
2082 1331 2275 1369 sufficiant.
2297 1333 2420 1381 [Vide
2437 1345 2480 1370 ea
2498 1345 2579 1383 quae
2595 1333 2642 1370 de

524 1393 654 1430 rodem
673 1402 893 1442 argumento
913 1394 1151 1431 edisserimus
1170 1394 1279 1431 initio
1297 1395 1414 1431 nostri
1434 1394 1587 1431 secundi
1606 1394 1823 1441 voluminis,
1843 1394 1907 1431 ubi
1926 1401 2103 1432 tractatus
2121 1395 2302 1432 Abaelardi
2321 1396 2536 1445 reperitur.]

1361 1528 1457 1564 Nota
1479 1528 1611 1564 XXIX
1625 1556 1635 1574 ,
1655 1541 1739 1577 pag.
1763 1531 1821 1565 48.

578 1634 690 1680 Quem
709 1633 858 1682 quidem
878 1640 1080 1670 tractatum
1096 1647 1179 1669 cum
1198 1632 1384 1669 vidissent
1402 1639 1437 1668 et
1454 1634 1633 1681 legissent
1648 1634 1822 1680 plurimi,
1850 1634 1962 1680 coepit
1978 1634 2017 1668 in
2035 1644 2226 1672 comvnune
2246 1632 2420 1670 omnibus
2440 1634 2644 1681 plurimum

523 1695 681 1738 placere.
701 1696 860 1743 -Cujus
879 1703 1003 1732 autem
1023 1695 1079 1732 vel
1098 1695 1218 1744 qualis
1235 1695 1488 1732 aestimationis
1505 1695 1619 1731 suerit
1635 1694 1830 1745 istedliber‚
1848 1695 2002 1731 unicum
2016 1694 2130 1731 etiam
2149 1695 2265 1731 sancti
2283 1695 2462 1732 Bernardi
2476 1697 2645 1734 testimo-

526 1756 628 1791 nium
646 1757 901 1794 demonstrare
918 1764 1050 1806 potens
1067 1764 1136 1793 est.
1156 1757 1329 1794 Scribens
1345 1757 1444 1793 enim
1461 1757 1507 1793 ad
1526 1757 1718 1806 episcopos
1739 1765 1778 1793 et
1795 1756 2000 1793 cardinales
2018 1757 2128 1793 curiae
2147 1769 2308 1793 romanae
2324 1757 2454 1806 [epist.
2468 1770 2639 1804 Lxxxvun

530 1817 639 1865 Opp„
660 1826 687 1856 t.
706 1820 735 1863 Ι,
753 1819 822 1857 col.
844 1822 906 1857 484
921 1819 934 1868 ]
950 1835 957 1855 :
981 1835 998 1852 «
1014 1819 1155 1870 Legite,
1173 1835 1188 1852 »
1210 1819 1347 1868 inquit,
1368 1834 1385 1852 α
1402 1820 1431 1855 si
1450 1819 1582 1868 placet,
1604 1819 1742 1855 librum
1758 1819 1858 1855 Petri
1875 1818 2059 1855 Abaelardi
2071 1847 2081 1864 ,
2103 1831 2216 1867 quem
2230 1819 2322 1855 dicit
2339 1819 2566 1868 Theologiae.
2582 1821 2642 1858 Ad

526 1893 675 1917 manum
695 1888 751 1918 est
766 1884 867 1918 enim
881 1910 890 1927 ,
911 1894 1050 1931 quum,
1070 1883 1166 1917 sicut
1184 1881 1385 1930 gloriatur,
1402 1894 1422 1917 a
1438 1881 1608 1929 pluribus
1627 1881 1818 1918 lectitetur
1841 1881 2016 1917 incuria.
2034 1895 2052 1914 ι)
2073 1881 2119 1917 Et
2136 1881 2291 1929 epistola
2310 1893 2389 1917 cxci
2405 1881 2532 1930 [Opp.,
2551 1889 2581 1919 t.
2598 1884 2616 1918 1
2632 1911 2642 1928 ,

526 1943 596 1979 col.
617 1945 701 1991 484]
717 1960 723 1979 :
747 1944 948 1981 «Surrexit
965 1957 985 1979 a
1004 1944 1162 1980 mortuis
1178 1943 1275 1979 liber
1293 1943 1374 1988 ille,
1392 1943 1544 1991 jamjam
1564 1943 1732 1979 extendit
1757 1943 1927 1992 palmites
1947 1955 2032 1979 suos
2051 1955 2169 1992 usque
2191 1943 2240 1991 ad
2264 1956 2366 1980 mare
2378 1973 2388 1990 ,
2408 1951 2447 1980 et
2464 1957 2581 1994 usque
2598 1945 2645 1982 ad

526 2005 684 2042 Romam
710 2007 930 2055 propagines
954 2006 1045 2053 ejus.
1079 2006 1164 2042 Haec
1190 2005 1361 2053 gloriatio
1387 2004 1552 2041 hominis
1568 2005 1692 2050 illius,
1715 2005 1817 2054 quod
1843 2005 1939 2041 liber
1962 2017 2051 2041 suus
2070 2006 2110 2041 in
2130 2006 2234 2042 curia
2257 2018 2411 2042 romana
2440 2006 2553 2043 habet
2580 2007 2645 2045 ubi

526 2076 638 2116 caput
651 2080 760 2105 suum
776 2068 963 2104 reclinet.»
984 2067 1057 2104 Sed
1074 2067 1162 2116 quia
1179 2067 1267 2104 libri
1286 2067 1565 2103 Sententiarum
1580 2067 1682 2103 Petri
1700 2067 1898 2114 Lombardi
1915 2067 2080 2116 episcopi
2098 2067 2310 2116 parisiensis
2327 2057 2642 2115 idobtinuerunt,

528 2139 568 2167 ut
588 2131 655 2167 soli
673 2131 821 2167 tandem
843 2132 882 2167 in
906 2130 1066 2180 publicis
1081 2130 1278 2179 theologiae
1296 2130 1432 2166 scholis
1454 2130 1552 2178 legi,
1573 2129 1629 2166 vel
1647 2130 1693 2166 ab
1713 2131 1876 2179 antiquis
1893 2137 1995 2167 retro
2013 2130 2257 2179 temporibus,
2279 2133 2485 2170 meruerint
2497 2161 2507 2179 ,
2527 2133 2644 2182 pluri-

529 2205 631 2229 mum
649 2193 772 2229 adhuc
791 2194 907 2242 ipsam
930 2191 1113 2229 Abaelardi
1133 2191 1378 2240 Theologiam
1398 2191 1674 2228 commendasse
1690 2192 1784 2228 mihi
1803 2191 1957 2228 videbor
1970 2220 1980 2238 ,
1998 2192 2029 2228 si
2040 2191 2183 2228 dictum
2202 2193 2452 2230 Lombardum
2468 2206 2510 2231 ea
2529 2196 2647 2244 potis-

527 2257 664 2292 simum
681 2256 719 2291 in
740 2255 1009 2304 componendis
1027 2254 1101 2291 illis
1117 2254 1222 2291 libris
1240 2267 1347 2290 usum
1367 2255 1480 2291 fuisse
1499 2254 1621 2303 palam
1638 2254 1772 2291 fecero.
1789 2254 1903 2301 Quod
1919 2262 2090 2303 praestare
2108 2267 2176 2291 nec
2194 2254 2360 2302 difficile,
2380 2269 2449 2294 nec
2460 2257 2647 2307 aliquibus

526 2319 691 2355 fortassis
705 2319 894 2368 ingratum
911 2318 1038 2353 fuerit.
1058 2317 1103 2353 Id
1118 2317 1218 2353 enim
1237 2330 1280 2353 ex
1293 2317 1452 2365 Eulogio
1463 2318 1484 2353 J
1488 2318 1617 2353 oannis
1635 2317 1914 2367 CornubiensiS,
1934 2317 2051 2367 ipsius
2064 2317 2265 2354 Lombardi
2282 2318 2457 2367 discipuli
2474 2319 2646 2366 discitur,

527 2383 591 2419 ubi
605 2389 800 2431 postquam
814 2381 926 2417 dixit:
946 2396 963 2414 κ
974 2380 1151 2429 Magister
1164 2381 1299 2416 Petrus
1309 2379 1532 2416 Abailardus
1549 2380 1589 2416 in
1607 2379 1814 2429 Theologia
1827 2392 1891 2416 sua
1906 2381 1958 2428 sic
1975 2380 2124 2428 disserit
2143 2393 2151 2413 ι
2169 2380 2300 2428 «Quid
2311 2389 2368 2418 est
2384 2381 2510 2419 dicere
2526 2383 2648 2420 Deum

531 2459 546 2475 tt
561 2443 641 2480 fieri
656 2444 862 2488 hominem,
881 2443 951 2478 nisi
969 2442 1133 2478 divinam
1151 2442 1408 2486 substantiam,
1423 2454 1503 2491 quae
1522 2441 1725 2490 spiritualis
1741 2448 1815 2487 est,
1830 2442 2046 2489 humanam,
2060 2455 2147 2491 *quae
2164 2455 2341 2491 corporea
2353 2451 2409 2480 est
2422 2472 2432 2488 ‚
2453 2444 2523 2480 sibi
2540 2446 2650 2481 unire

532 2521 547 2537 «
563 2507 602 2542 in
623 2518 820 2555 personam
837 2506 975 2540 unam?
992 2520 1009 2538 »
1027 2504 1181 2553 Aliquot
1202 2505 1433 2554 interpositis
1456 2503 1566 2540 lineis
1591 2503 1763 2553 adjungit
1787 2517 1794 2537 ε
1819 2519 1836 2537 «
1854 2504 1968 2551 Quod
1991 2517 2082 2541 vero
2100 2518 2120 2541 a
2137 2506 2316 2554 magistro
2331 2506 2443 2542 Petro
2455 2507 2649 2544 Abaelardo

530 2569 625 2604 hanc
654 2569 868 2617 opinionem
888 2580 990 2603 suam
1015 2567 1192 2615 magister
1211 2568 1347 2604 Petrus
1369 2566 1598 2603 Lombardus
1616 2567 1822 2615 acceperit,
1839 2579 1886 2614 veo
1905 2567 2023 2616 magis
2050 2568 2257 2615 suspicatus
2277 2580 2383 2614 sum,
2403 2569 2492 2618 quia
2509 2569 2649 2607 librum

531 2631 634 2667 illum
654 2631 870 2680 frequenter
891 2642 963 2679 prae
983 2630 1153 2666 manibus
1172 2629 1354 2674 habebat;
1375 2637 1413 2666 et
1429 2629 1526 2666 forte
1548 2629 1673 2666 minus
1694 2629 1897 2678 diligenter
1917 2630 2060 2679 singula
2085 2637 2341 2678 perscrutans,
2361 2638 2405 2667 ut
2428 2632 2496 2680 qui
2518 2644 2563 2668 ex
2579 2644 2649 2670 usu

531 2693 658 2738 magis,
678 2705 790 2742 quam
804 2705 848 2729 ex
863 2699 941 2728 arte
959 2691 1173 2740 disputandi
1190 2691 1363 2740 peritiam
1383 2691 1554 2736 haberet,
1570 2691 1648 2727 falli
1665 2697 1848 2739 poterat.»
1870 2690 1980 2728 Unde
1996 2699 2036 2728 et
2046 2699 2195 2728 sanctus
2207 2691 2416 2729 Bernardus
2434 2693 2650 2741 ignoranter

532 2756 721 2792 Abaelardo
745 2756 815 2804 ipsi
842 2755 983 2791 librum
1000 2755 1278 2791 Sententiarum
1296 2754 1468 2790 attribuit
1490 2754 1530 2789 in
1547 2753 1702 2802 epistola
1726 2765 1887 2792 GLxxxlx.
1908 2754 2003 2797 Nam
2022 2761 2066 2791 ut
2082 2754 2182 2790 idem
2200 2753 2421 2798 Abaelardus
2434 2756 2473 2791 iu
2493 2755 2649 2792 Confes-

530 2819 631 2854 sione
656 2830 727 2854 suae
754 2817 839 2854 fidei
862 2817 1047 2863 declarat,
1067 2832 1083 2849 «
1099 2828 1293 2866 nunquam
1309 2816 1404 2852 liber
1422 2815 1556 2865 aliquis
1568 2816 1634 2864 qui
1648 2816 1928 2852 Sententiarum
1945 2816 2113 2864 dicatur,
2132 2830 2152 2852 a
2167 2829 2205 2853 se
2220 2818 2380 2866 scriptus
2395 2819 2617 2867 reperietur.
2630 2835 2649 2854 n

534 2881 674 2916 Verum
693 2887 889 2929 antequam
910 2879 956 2916 ad
986 2879 1057 2917 alia
1082 2886 1331 2922 transeamus,
1359 2890 1478 2927 operae
1505 2879 1668 2926 pretium
1693 2877 1810 2914 fuerit
1837 2878 1899 2914 hic
1924 2878 2154 2916 diffusiorem
2181 2891 2339 2928 operum
2360 2893 2402 2916 ac
2427 2881 2651 2930 scriptorum

532 2941 698 2977 omnium
715 2942 825 2988 hujus
839 2941 1030 2992 Abaelardi
1041 2940 1341 2990 disquisitionem
1356 2940 1573 2985 instituere3
1593 2940 1797 2988 praesertim
1819 2952 1935 2988 quum
1955 2941 2192 2978 Trithemius
2204 2948 2242 2978 et
2259 2941 2321 2978 alii
2336 2942 2462 2991 quide
2475 2955 2520 2979 eo
2535 2943 2650 2980 locuti

535 3011 620 3040 sunt
633 3032 643 3049 ,
663 3016 776 3051 pauca
793 3010 939 3040 tantum
958 3004 1019 3040 illa
1039 3009 1254 3041 recenseant
1270 3014 1351 3051 quae
1370 3008 1517 3038 sanctus
1536 3002 1749 3038 Bernardus
1765 3003 1904 3051 attigit.

1229 3113 1268 3149 E
1270 3111 1424 3148 leuchus
1440 3125 1593 3161 operum
1610 3113 1719 3150 Petri
1733 3114 1945 3151 Aboelardi.

582 3206 802 3254 Composuit
827 3206 945 3254 igitur
973 3206 1185 3241 Abaelardus
1205 3206 1330 3254 primo
1347 3204 1607 3250 Dialecticam,
1628 3206 1735 3253 cujus
1753 3207 1926 3243 meminit
1952 3207 2062 3243 initio
2080 3206 2195 3255 hujus
2219 3205 2403 3254 epistolae,
2424 3212 2461 3242 et
2479 3204 2577 3242 libro
2594 3206 2651 3243 Ill

537 3268 750 3316 Theologiae
774 3279 854 3303 suae.
881 3267 974 3303 Nam
995 3267 1045 3303 ibi
1066 3268 1160 3304 male
1179 3268 1474 3305 Grammaticam
1497 3267 1612 3303 habet
1636 3269 1913 3317 manuscriptus
1940 3268 2055 3305 codex
2078 3280 2147 3318 pro
2166 3267 2366 3304 Dialectica
2380 3294 2393 3315 ‚
2421 3267 2483 3303 his
2503 3267 2625 3304 verbis
2643 3281 2651 3301 ε

539 3347 556 3365 «
575 3330 688 3377 Quod
705 3337 830 3366 autem
845 3342 912 3365 nec
928 3330 1009 3365 loco
1026 3332 1163 3367 moveri
1183 3332 1300 3380 possit
1315 3330 1382 3380 qui
1399 3330 1552 3379 spiritus
1571 3337 1650 3375 est,
1669 3337 1744 3366 tam
1764 3330 2076 3380 philosophorum
2094 3343 2205 3380 quam
2224 3337 2436 3366 sanctorum
2453 3330 2654 3367 assertione

537 3395 726 3437 docemur,
748 3393 842 3428 sicut
860 3392 905 3428 de
923 3393 1142 3439 Quantitate
1162 3401 1363 3430 tractantes
1385 3393 1618 3430 ostendimus
1634 3405 1752 3442 quum
1765 3393 2060 3431 Grammaticam
2079 3394 2363 3430 scriberemus.»
2381 3393 2428 3429 Et
2439 3393 2516 3429 haec
2531 3392 2654 3430 Diale-

538 3459 628 3494 ctica
644 3486 652 3501 ,
673 3457 746 3491 sive
772 3457 905 3503 Logica
921 3484 931 3502 ,
950 3456 1166 3504 propediem
1192 3459 1230 3492 in
1259 3456 1505 3506 philosophiae
1526 3455 1810 3493 candidatorum
1833 3458 1988 3505 gratiam
2007 3458 2150 3494 favente
2165 3457 2245 3493 Deo
2264 3456 2414 3493 seorsim
2433 3455 2650 3493 excudetur.

538 3521 713 3557 Praeterea
731 3519 878 3566 scripsit
896 3518 1013 3566 glosas
1028 3520 1064 3554 in
1084 3518 1315 3555 Ezechielem
1333 3519 1575 3568 prophetam,
1592 3525 1630 3555 et
1646 3519 1823 3555 amatoria
1837 3520 2025 3566 Carmina,
2043 3532 2204 3569 quorum
2221 3520 2333 3556 etiam
2352 3519 2540 3568 pleraque,
2558 3518 2652 3554 sicut
