2970 4152
954 366 1013 414 IN
1046 365 1227 413 RAMIS
1259 365 1588 413 PALMARUM
1621 364 1837 412 SERMO.
2363 363 2458 409 425

338 462 514 510 amoris
538 460 679 507 nobis
709 459 776 507 sic
806 468 936 507 extra
962 469 1115 506 castra
1137 458 1326 524 positis,
1354 457 1450 505 hoc
1476 468 1546 505 est
1564 467 1694 505 extra
1711 456 1980 522 voluptates
1996 455 2150 502 carnis
2175 455 2455 502 constitutis.

336 545 420 589 Hae
443 541 621 606 quippe
651 540 917 605 voluptates
941 541 1075 604 quasi
1098 538 1316 604 quaedam
1343 548 1494 586 castra
1517 537 1593 585 vel
1617 554 1828 586 carceres
1845 537 2014 584 animae
2040 545 2173 596 sunt,
2203 536 2286 600 qui
2309 537 2459 600 ipsam

336 622 668 686 constringunt
687 630 733 668 et
750 620 1101 686 comprimunt,
1124 636 1186 667 110
1212 636 1262 666 50
1287 619 1488 666 0111111110
1516 618 1664 682 erigat
1685 618 1745 664 ad
1771 633 1997 683 superna,
2025 626 2071 664 et
2095 615 2241 663 libere
2263 625 2366 663 toto
2395 617 2461 663 af-

335 702 461 750 fectu
487 712 647 766 surgat
670 700 731 748 ad
759 700 982 748 coelestia.
1012 703 1212 766 Propter
1233 699 1367 764 quod
1392 700 1535 746 etiam
1558 698 1922 763 significandum
1945 698 2046 762 ipse
2065 707 2226 743 noster
2249 696 2460 761 pontifex

335 798 502 847 passus
525 792 595 830 est
619 791 749 829 extra
776 790 995 846 portam,
1017 780 1113 827 hoc
1139 790 1209 827 est
1239 789 1369 827 extra
1396 789 1527 844 septa
1549 778 1809 826 Jerusalem
1825 814 1837 837 ,
1866 793 1966 824 non
1990 777 2113 823 intra
2135 794 2144 822 :
2168 786 2220 823 ut
2243 776 2460 824 videlicet

334 861 619 926 significaret
636 877 735 908 non
765 860 951 925 aliquos
975 877 1063 926 per
1087 877 1227 907 suum
1252 859 1532 924 sanguinem
1557 857 1923 906 sanctificandos
1951 867 2093 921 atque
2122 856 2454 915 redimendos,

333 942 425 988 nisi
449 943 559 1006 qui,
589 950 643 988 ut
667 940 847 988 dictum
880 950 973 1001 est,
1003 950 1134 987 extra
1152 950 1305 988 castra
1329 940 1497 1006 positi,
1518 939 1569 986 id
1591 950 1661 987 est
1682 939 1949 1004 voluptates
1967 937 2146 997 carnis,
2170 937 2326 1002 ipsum
2350 938 2458 986 11111-

332 1032 562 1070 1310111111.
594 1022 666 1069 Ad
690 1020 825 1086 quod
858 1031 1211 1085 consequenter
1233 1037 1323 1068 nos
1346 1020 1607 1068 adhortans
1631 1019 1908 1085 Apostolus,
1944 1018 2010 1065 ait
2031 1037 2040 1065 ε
2071 1038 2094 1063 κ
2117 1021 2348 1065 Exeamus
2376 1019 2459 1081 igi-

331 1113 426 1166 tur,
449 1122 472 1147 »
497 1103 592 1150 hoc
616 1113 685 1151 est
699 1139 711 1163 ,
733 1102 967 1150 imitando
985 1119 1097 1150 eum
1116 1118 1389 1166 sequamur,
1411 1111 1542 1149 extra
1558 1111 1734 1161 castra,
1755 1110 1807 1148 ut
1823 1100 2189 1147 determinatum
2207 1109 2299 1158 est,
2322 1099 2454 1145 facti:

333 1190 386 1229 ut
407 1199 519 1230 eum
544 1182 905 1248 apprehendere
928 1182 1167 1248 possimus
1191 1182 1241 1228 in
1267 1181 1501 1247 supernis.
1531 1180 1882 1246 lmproperium
1911 1179 2005 1225 hoc
2033 1189 2103 1226 est
2134 1179 2257 1244 pati,
2284 1195 2374 1244 pro
2400 1194 2458 1224 eo

332 1280 629 1328 quaecunque
659 1263 891 1330 probrosa
923 1263 998 1310 vel
1032 1263 1187 1328 turpia
1221 1262 1424 1310 tolerare
1442 1299 1454 1322 ,
1486 1262 1603 1309 sicut
1631 1263 1798 1327 etipse
1826 1277 1916 1326 pro
1947 1259 2087 1307 nobis
2116 1260 2246 1307 nulla
2282 1259 2461 1324 respuit

331 1344 556 1408 perferre.
583 1364 606 1390 «
626 1348 732 1392 Non
753 1345 905 1405 enim,
935 1354 1025 1392 etc.
1049 1363 1072 1388 »
1096 1347 1353 1404 Exeamus,
1382 1345 1605 1408 inquam,
1626 1342 1687 1390 ad
1703 1360 1833 1402 011111,
1862 1341 2034 1389 10110115
2059 1342 2245 1401 0351115,
2273 1341 2368 1387 1100
2393 1350 2460 1387 051

331 1440 645 1489 properemus
678 1424 738 1472 ad
772 1425 929 1490 ipsum
957 1425 1206 1489 pervenire
1235 1441 1322 1490 per
1346 1440 1642 1488 quaecunque
1672 1422 1897 1481 adversa,
1935 1421 2210 1487 postpositis
2243 1420 2459 1485 volupta-

333 1503 457 1551 tibus
484 1506 640 1552 carnis
663 1523 672 1552 z
696 1506 807 1569 quia
831 1522 931 1553 non
956 1505 1189 1553 habemus
1211 1506 1260 1552 in
1287 1505 1377 1553 1130
1402 1506 1498 1553 vita
1521 1503 1737 1552 stabilem
1765 1504 2064 1551 mansionem
2079 1538 2091 1562 ,
2121 1519 2209 1550 nec
2243 1502 2304 1549 ad
2336 1502 2461 1548 113110

332 1585 475 1632 vitam
518 1587 661 1633 creati
701 1603 890 1646 sumus,
919 1586 1004 1633 sed
1029 1586 1263 1646 futuram,
1291 1603 1396 1651 quae
1421 1585 1699 1634 indeficiens
1726 1596 1820 1646 est,
1852 1583 2213 1651 apprehendere
2243 1583 2454 1630 nitimur.

397 1665 542 1723 Quod
567 1666 709 1730 igitur
732 1665 985 1731 Apostolus
1010 1666 1104 1714 hoc
1130 1667 1238 1714 loco
1271 1676 1489 1714 nostrum
1521 1667 1650 1714 exire
1679 1666 1821 1725 dicit,
1857 1665 1953 1712 1100
1984 1664 2211 1712 Salomon
2246 1664 2460 1730 superius

332 1754 547 1792 nostrum
572 1745 732 1809 egredi
751 1747 1074 1810 praesignavit,
1102 1747 1265 1794 dicens
1286 1767 1297 1794 ε
1321 1766 1345 1792 «
1364 1747 1680 1811 Egredimini,
1704 1746 1809 1793 filiae
1828 1746 1965 1806 Sion,
1994 1756 2083 1793 etc.
2111 1764 2133 1789 »
2158 1749 2401 1809 Tanquam
2423 1743 2460 1789 si

332 1823 547 1871 diceret:
576 1824 866 1889 Egredimini
897 1835 1058 1873 mente
1094 1843 1283 1891 semper
1313 1826 1374 1872 ad
1405 1843 1516 1873 eum
1548 1826 1967 1890 conspiciendum,
1995 1826 2078 1890 qui
2109 1835 2238 1872 extra
2271 1833 2459 1889 portam

333 1903 585 1952 crucifixus
607 1922 696 1970 pro
721 1905 881 1966 vobiS,
908 1915 1119 1953 vestrum
1146 1905 1293 1953 factus
1318 1915 1389 1953 est
1409 1905 1709 1952 sacrificium.
1732 1909 1764 1952 A
1784 1905 1923 1952 nobis
1949 1905 2009 1952 ad
2035 1922 2144 1952 eum
2171 1905 2457 1970 egredimur,

332 2001 484 2048 quum
521 1984 907 2034 abrenuntiantes
953 1986 1159 2052 propriis
1202 1985 1558 2051 voluptatibus,
1609 1986 1709 2049 ejus
1743 1986 1977 2032 voluntati
2011 2001 2100 2032 nos
2132 1985 2375 2043 dicamus,
2418 1994 2463 2031 et

334 2082 445 2112 011111
470 2066 703 2114 imitando
743 2068 1014 2132 sequimur,
1050 2068 1132 2132 qui
1167 2067 1290 2114 Patri
1327 2083 1478 2131 usque
1510 2067 1571 2114 ad
1605 2075 1810 2114 mortem
1845 2066 2102 2126 obediens,
2140 2067 2229 2114 ait¹
2267 2085 2277 2113 :
2312 2069 2461 2112 «Non

333 2147 442 2195 veni
468 2147 619 2196 facere
643 2149 938 2197 voluntatem
972 2166 1127 2197 meam
1145 2186 1157 2210 ,
1187 2148 1271 2196 sed
1298 2149 1592 2197 voluntatem
1617 2149 1718 2212 ejus
1743 2149 1825 2213 qui
1848 2149 1974 2195 misit
1996 2165 2090 2195 me.
2119 2167 2142 2191 »
2170 2151 2272 2195 Hoc
2298 2148 2462 2211 utique

334 2227 482 2275 modo
522 2245 714 2277 crucem
755 2240 865 2295 post
910 2234 1069 2278 Jesum
1104 2241 1351 2296 portamus
1373 2267 1383 2285 ‚
1426 2230 1558 2296 quod
1593 2230 1653 2278 de
1690 2230 1771 2277 illo
1806 2230 2027 2278 Simeone
2053 2232 2278 2294 Cyrenaeo
2313 2232 2462 2275 Lucas

333 2308 514 2370 refert²,
555 2327 705 2375 quum
740 2329 891 2376 usque
925 2312 983 2360 ad
1024 2323 1229 2360 mortem
1266 2314 1313 2360 in
1350 2314 1451 2377 ejus
1491 2313 1763 2361 obedientia
1798 2313 2048 2378 persistere
2080 2312 2231 2378 parati
2269 2327 2458 2369 sumus,

334 2390 663 2455 crucifigentes
681 2408 886 2458 corpora
907 2403 1071 2440 nostra
1091 2410 1201 2440 cum
1220 2394 1344 2440 vitiis
1361 2403 1407 2441 et
1425 2394 1820 2459 concupiscentiis
1836 2429 1848 2452 ,
1872 2394 1992 2440 sicut
2010 2403 2057 2440 et
2082 2391 2333 2456 Apostolus
2348 2407 2462 2457 prae-

336 2469 465 2534 cipit.
494 2472 659 2518 Simon
683 2472 861 2537 quippe
883 2472 1098 2519 obediens
1118 2474 1471 2539 interpretatur,
1495 2474 1576 2538 qui
1599 2484 1709 2539 post
1736 2474 1974 2521 Christum
1994 2489 2186 2520 crucem
2212 2472 2311 2535 ejus
2331 2471 2462 2534 baju-

334 2547 439 2596 lans
461 2566 544 2597 eos
574 2551 833 2616 significat,
863 2553 946 2617 qui
972 2570 1059 2618 per
1087 2554 1401 2601 imitationem
1430 2571 1488 2601 eo
1514 2571 1664 2618 usque
1692 2553 1931 2600 Christum
1961 2563 2240 2618 sequuntur,
2269 2562 2320 2599 ut
2345 2568 2460 2599 con·

333 2642 616 2679 suminatam
644 2633 966 2681 obedientiam
989 2651 1140 2699 usque
1163 2634 1224 2682 ad
1251 2645 1428 2682 mortes
1448 2635 1491 2682 ei
1517 2634 1742 2682 exhibere
1760 2644 2003 2700 parentur.
2026 2637 2099 2681 De
2127 2650 2220 2698 qua
2245 2633 2459 2699 profecto

333 2711 622 2775 perfectione
645 2713 927 2762 obedientiae
952 2715 1094 2762 etiam
1113 2715 1213 2780 ipse
1233 2715 1415 2762 Simoni
1436 2718 1576 2762 Petro
1595 2716 1683 2762 ait³
1703 2734 1712 2762 :
1738 2717 1982 2779 «Sequere
1999 2731 2076 2762 me
2092 2751 2104 2774 ,
2131 2733 2152 2758 n
2175 2724 2227 2760 ut
2245 2713 2463 2760 videlicet

332 2791 382 2837 id
398 2792 531 2855 quod
550 2793 628 2840 ille
644 2794 809 2841 Simon
830 2797 1080 2859 Cyrenaeus
1098 2796 1189 2859 egit
1209 2796 1257 2842 in
1281 2796 1560 2855 ministerio,
1582 2797 1668 2843 iste
1687 2797 1851 2843 Simon
1875 2799 2039 2843 Petrus
2058 2795 2273 2842 Ecclesiae
2295 2804 2460 2859 typum

333 2887 501 2935 gerens
517 2884 874 2921 consummaret
892 2875 939 2921 in
959 2875 1096 2922 facto.
1129 2875 1285 2923 Refert
1300 2892 1443 2942 supra
1463 2885 1755 2924 memoratus
1778 2875 2060 2940 evangelista
2078 2912 2089 2935 ,
2117 2875 2249 2940 quod
2269 2874 2461 2921 Simone

332 2962 440 3017 post
454 2956 613 3000 Jesum
635 2971 825 3001 crucem
846 2954 946 3018 ejus
965 2954 1224 3019 bajulante,
1242 2955 1565 3022 sequ[eb]atur
1581 2957 1712 3003 illum
1733 2956 1880 3004 multa
1894 2956 2031 3003 turba
2045 2955 2211 3021 populi
2229 2964 2272 3002 et
2287 2954 2461 3001 mulie-

333 3047 458 3092 rum,
478 3049 583 3097 quae
599 3033 906 3098 plangebant,
930 3044 977 3081 et
995 3034 1378 3083 lamentabantur
1396 3053 1524 3083 eum.
1543 3039 1648 3083 Non
1671 3037 1798 3083 enim
1823 3036 1900 3082 hic
1923 3037 2087 3082 Simon
2107 3035 2236 3081 solus
2252 3050 2338 3100 per
2354 3051 2452 3100 pas-

332 3112 516 3161 sionem
533 3113 772 3161 Christum
790 3115 1016 3175 imitatur,
1038 3132 1206 3163 verum
1225 3116 1476 3164 innumera
1492 3115 1704 3164 fidelium
1726 3116 1982 3164 multitudo
2002 3126 2099 3162 tam
2119 3116 2166 3161 in
2187 3115 2299 3162 viris
2316 3130 2460 3179 quam

332 3192 380 3239 in
408 3192 594 3240 feminis
618 3211 704 3259 per
727 3195 1007 3259 martyrium
1031 3195 1272 3244 Christum
1304 3197 1534 3262 sequitur,
1562 3206 1609 3244 et
1633 3196 1695 3244 ad
1718 3199 1872 3243 Deum
1898 3206 2026 3243 extra
2053 3205 2242 3261 portam
2267 3211 2459 3261 passum

379 3395 388 3411 ¹
417 3407 432 3424 α
449 3396 519 3430 Non
536 3408 646 3441 quaero
662 3397 859 3431 voluntatem
873 3409 976 3432 meam
994 3399 1119 3441 130010,
1135 3400 1194 3433 sed
1208 3399 1276 3444 ejus
1292 3401 1346 3445 qui
1363 3400 1451 3435 misit
1467 3411 1529 3434 me.
1548 3413 1563 3431 »
1584 3399 1713 3443 (Joan.,
1742 3411 1815 3444 cap.
1841 3410 1874 3441 v,
1902 3410 1934 3433 v.
1960 3399 2036 3442 30.)
2051 3417 2091 3423 -
2108 3398 2121 3416 ¹
2135 3399 2232 3439 Luc„
2257 3408 2332 3442 cap.
2358 3409 2436 3430 xxm
2455 3423 2463 3437 ,

328 3462 362 3485 v.
385 3454 497 3487 26.—
516 3453 530 3472 ⁸
547 3454 642 3497 Luc„
659 3465 732 3499 cap.
748 3467 775 3497 1,
791 3467 820 3489 v.
844 3457 900 3497 ¹03
916 3467 989 3500 cap.
1006 3468 1046 3496 11,
1067 3466 1099 3490 v.
1122 3458 1175 3490 14.

498 3523 509 3551 1
2247 3513 2299 3553 51
