2970 4152
508 477 687 514 Naturam
706 485 857 526 superet

436 554 439 557 ·
508 538 627 574 Natus
641 551 707 575 rex
724 538 868 588 gloriae,

505 598 655 648 Regnet
671 606 709 635 et
725 599 885 647 imperet
897 627 907 641 ‚

507 659 554 695 Et
570 660 665 695 zima
682 660 807 696 scoriae

506 719 631 756 Tollat
647 720 694 756 de
712 720 850 758 medio.

502 821 615 856 Foras
630 820 754 868 ejiciat

503 880 737 917 Mundanum
754 881 959 929 principem
970 909 979 925 ,

504 939 738 989 Matremque
755 940 865 976 faciat

502 999 637 1036 Secum
655 1000 877 1049 participem

502 1060 623 1097 Patris
637 1060 800 1109 imperii.

499 1154 806 1210 superbientium

503 1215 619 1251 Terat
635 1214 800 1264 fastigia,

416 1275 424 1282 '
500 1274 604 1312 Colla
621 1275 840 1312 sublimium

499 1335 653 1373 Calcan's
670 1337 705 1372 vi
723 1337 875 1385 propria
886 1365 895 1381 ‚

498 1395 636 1433 Potens
655 1396 694 1432 in
712 1396 850 1445 praelio.

501 1490 589 1535 Exi,
603 1491 669 1539 qui
684 1491 844 1528 mitteris

501 1551 588 1587 Haec
606 1550 703 1588 dona
716 1551 862 1597 dioere;

497 1611 632 1648 Revela
653 1613 785 1649 veteris

499 1670 681 1708 Velamen
698 1671 830 1709 litterae
841 1700 851 1717 ,

496 1732 652 1770 Virtute
669 1733 807 1770 nuntii.

492 1826 640 1864 Accede
657 1828 807 1872 nuntia,

491 1887 557 1925 Dic
574 1900 582 1919 ι
599 1889 676 1924 Ave
691 1888 878 1933 cominus,

494 1948 563 1984 Dic
579 1963 587 1983 ε
606 1947 720 1985 Plena
738 1950 874 1997 gratia,

492 2009 582 2044 Dic:
607 2009 748 2046 Tecum
770 2010 971 2054 Dominus,

492 2069 538 2105 Et
555 2068 616 2106 dic
636 2084 642 2104 :
663 2069 721 2105 Ne
739 2069 882 2106 timeas.

492 2163 612 2212 Virgo
630 2163 808 2211 suscipias

1264 394 1266 397 ·
1286 379 1569 431 CARMINA.

1597 472 1714 509 Audit
1731 479 1768 509 et
1788 471 1943 520 suscipit
1958 455 1965 460 “

1594 532 1723 571 Puella
1739 533 1929 570 nuntium.

1597 593 1728 630 Credit
1747 601 1784 630 et
1802 594 1984 642 concipit,

1597 640 1644 677 Et
1661 642 1759 689 parit
1777 641 1895 677 filium
1907 670 1916 685 ,

1595 702 1668 739 Sed
1685 701 1944 738 admirabilem
1953 730 1963 745 ‚

1594 791 1858 828 Consiliarium

1595 853 1760 888 Humani
1781 852 1946 900 generis,

1596 914 1643 950 Et
1657 914 1779 949 Deum
1795 912 1949 948 fortium
1961 940 1971 956 ‚

1594 978 1818 1025 Patremque
1837 975 1992 1024 posteris

1594 1039 1639 1074 ln
1658 1049 1747 1086 pace
1763 1035 1946 1073 stabilem.

1594 1123 1712 1172 Cujus
1730 1122 1910 1159 stabilitas

1593 1185 1669 1221 Nos
1690 1183 1823 1220 reddat
1840 1181 2005 1226 stabiles,

1592 1245 1649 1281 Ne
1670 1256 1738 1281 nos
1754 1243 1916 1280 labilitas

1593 1307 1765 1343 Humana
1780 1304 1909 1341 labiles

1587 1367 1723 1404 Secum
1741 1365 1960 1414 praecipitet.

1592 1452 1667 1490 Sed
1682 1451 1790 1489 dator
1804 1451 1917 1488 veniae
1928 1479 1937 1496 ‚

1590 1514 1776 1550 Concessa
1790 1512 1896 1549 venia
1906 1540 1916 1557 ‚

1592 1574 1664 1610 Per
1680 1580 1837 1610 matrem
1855 1573 1997 1622 gratiae,

1592 1634 1759 1672 obtenta
1775 1634 1892 1683 gratia
1901 1661 1912 1679 ‚

1590 1695 1636 1732 In
1653 1695 1760 1731 nobis
1779 1694 1934 1731 habitet.

1589 1782 1730 1818 Natura
1743 1784 1754 1802 ¹
1774 1781 1960 1830 premitur

1587 1843 1631 1879 In
1648 1848 1760 1891 partu
1777 1841 1967 1891 Virginis,

1591 1903 1671 1940 Rex
1686 1913 1817 1952 regum
1836 1901 2014 1948 nascitur,

1589 1964 1681 2001 Vim
1698 1961 1819 1999 celans
1836 1962 2002 1998 numinis
2013 1988 2024 2007 ,

1589 2025 1635 2061 Et
1655 2030 1779 2060 rector
1795 2033 1983 2072 superum.

1586 2106 1663 2153 Qui
1681 2105 1787 2142 nobis
1802 2103 1944 2141 tribuat

1584 2167 1730 2204 Peccati
1746 2165 1891 2203 veniam
1902 2193 1912 2208 ‚

2394 378 2488 425 329

491 2223 560 2259 Dei
578 2222 809 2272 depositum,
1582 2227 1723 2264 Reatus
1737 2225 1875 2270 diluat,

487 2283 533 2319 In
554 2295 630 2333 quo
649 2283 817 2332 perficias
1582 2287 1630 2324 Et
1645 2286 1760 2324 donet
1774 2285 1933 2335 patriam

487 2344 596 2381 Casta
619 2344 854 2393 propositum
867 2373 876 2389 ‚
1581 2348 1626 2384 In
1642 2359 1727 2384 arce
1742 2345 1918 2384 siderum.

411 2402 414 2405 ⁴
488 2403 535 2440 Et
551 2411 679 2441 votum
698 2411 834 2442 teneas.
1971 2406 2088 2443 Ama.

1208 2801 1600 2877 VERSUS

844 2969 1200 3029 MAGISTRI
1248 2970 1471 3030 PETm
1519 2918 1946 3031 ABAELARm.

388 3270 499 3309 Hanc
517 3277 680 3321 prosam
705 3265 889 3307 nondum
915 3267 958 3307 in
980 3266 1113 3307 lucem
1134 3267 1332 3320 prolatam
1352 3267 1583 3307 invenimus
1610 3267 1652 3306 in
1680 3264 1823 3307 codice
1850 3263 2099 3318 Sorbonico‚
2131 3274 2174 3307 n⁰
2204 3268 2306 3310 1739
2322 3298 2332 3316 ‚
2361 3267 2453 3321 qui,

332 3337 482 3378 saeculo
503 3348 558 3377 x11
574 3341 767 3389 vergente
781 3367 791 3387 ‚
812 3341 1003 3377 exaratus
1030 3335 1156 3377 fuisse
1175 3334 1348 3377 videtur.
1372 3337 1429 3377 Ea
1456 3342 1591 3377 autem
1615 3347 1708 3376 cum
1736 3333 1993 3376 miraculosis
2012 3335 2337 3385 narrationibus,
2361 3347 2454 3389 pre—

379 3468 388 3485 ¹
414 3467 452 3500 ffi
472 3468 614 3512 quinque
628 3478 740 3502 versus
753 3477 819 3500 non
831 3474 906 3500 sunt
922 3467 954 3499 in
971 3465 1171 3500 Clicthoveo.

520 3537 532 3566 1
2216 3521 2269 3561 ⁴2
