2970 4152
521 409 615 456 360
1324 407 1494 453 PETRI
1530 406 1843 454 ABAELARDI

521 503 590 550 bit
606 503 777 549 virum.
810 520 832 546 »
850 505 913 548 Ac
927 501 965 547 si
990 509 1151 565 aperte
1171 499 1323 546 dicat:
1347 500 1427 547 Ille
1448 500 1553 564 qui,
1578 500 1700 547 sicut
1723 500 1952 564 scriptum
1973 508 2059 558 est,
2087 498 2196 545 fecit
2212 516 2317 563 quae
2336 500 2492 548 futura
2507 512 2641 561 sunt;

518 583 617 645 jam
639 581 865 629 altissimo
885 597 980 627 suae
999 579 1363 643 dispensationis
1382 579 1582 627 consilio
1597 616 1609 639 ,
1631 580 1841 631 futuram
1857 577 2106 641 cujusdam
2122 577 2331 626 hominis
2355 582 2644 629 creationem

522 679 697 709 novam
714 697 726 721 ,
756 671 803 708 et
834 660 1010 708 caeteris
1039 659 1264 707 omnihus
1286 659 1562 707 dissimilem
1575 646 1952 725 praedestinavit.
1977 658 2071 715 Qui
2093 675 2242 722 quum
2270 659 2512 723 adjunxit,
2545 679 2644 710 non

522 743 571 788 in
596 752 747 800 terra,
772 740 855 787 sed
878 759 887 786 ε
923 759 945 784 «
970 741 1122 804 Super
1151 749 1324 786 terram
1341 775 1354 799 ,
1382 758 1404 783 υ
1437 739 1646 786 ostendit
1679 739 1805 785 hanc
1836 737 2124 784 creationem
2158 754 2258 784 non
2289 746 2477 786 tantum
2504 756 2646 805 supra

524 823 688 870 merita
711 821 965 868 hominum
991 831 1115 880 esse3
1144 821 1226 868 sed
1250 821 1391 868 etiam
1414 821 1710 886 superiorem
1739 829 1783 866 et
1812 818 2192 866 excellentiorem
2219 820 2397 866 caeteris
2422 820 2647 869 omnibus

522 902 837 950 creationibus
854 903 1051 949 terrenis
1075 902 1288 949 existere.
1310 904 1420 960 Quae
1436 902 1493 948 sit
1510 911 1668 947 autem
1686 899 1826 963 hujus
1851 899 2102 946 creationis
2126 900 2335 960 novitas,
2356 899 2648 966 subsequen-

525 996 592 1032 ter
610 985 803 1050 exponit
819 984 983 1031 dicens
1011 1003 1019 1030 :
1050 1004 1073 1029 «
1095 984 1286 1031 Femina
1313 982 1626 1030 circumdabit
1650 982 1823 1028 virum.
1844 984 1987 1028 »Hoc
2011 990 2079 1027 est
2098 997 2154 1028 ex
2172 982 2364 1046 propria
2386 982 2647 1030 substantia

523 1065 691 1112 mulier
709 1065 830 1121 sola,
853 1066 954 1112 sine
970 1065 1114 1112 virilis
1133 1065 1324 1112 seminis
1341 1064 1656 1123 admixtione,
1678 1062 1906 1127 praebebit
1922 1078 2114 1127 corpuS,
2130 1078 2227 1126 quo
2249 1079 2299 1109 se
2318 1062 2538 1110 divinitas
2556 1063 2646 1111 cir-

521 1145 714 1193 cumdet
739 1163 793 1193 ac
819 1146 1007 1205 vestiat,
1038 1146 1126 1192 viri
1144 1145 1346 1192 formam
1369 1145 1417 1191 in
1448 1160 1502 1191 ea
1521 1143 1797 1208 suscipiens.
1829 1142 1967 1190 Unde
1985 1152 2030 1189 et
2055 1141 2179 1189 bene
2199 1145 2387 1189 uterus¹
2411 1143 2615 1207 Virginis
2632 1181 2644 1204 ,

521 1229 654 1291 quasi
678 1227 881 1275 circulus
917 1229 998 1274 ex²
1023 1227 1156 1274 omni
1186 1220 1317 1291 parte
1341 1226 1537 1289 integer,
1567 1225 1721 1271 virum
1752 1224 1887 1271 illum
1923 1225 1971 1270 in
2001 1240 2050 1270 se
2081 1234 2394 1288 conceptum,
2429 1241 2530 1271 non
2563 1242 2649 1290 per

521 1309 700 1355 coitum
749 1309 1037 1355 extrinsecus
1083 1306 1347 1354 immissum
1364 1342 1377 1364 ,
1426 1305 1636 1370 undique
1677 1298 1972 1352 circumdare
2018 1303 2206 1351 dicitur.
2247 1307 2419 1351 Totum
2470 1305 2648 1370 quippe

522 1388 664 1435 illud³
697 1389 945 1454 corporale
976 1388 1310 1435 indumentum
1343 1404 1399 1434 ex
1433 1387 1692 1434 substantia
1724 1387 1926 1450 Virginis
1952 1395 2022 1432 est
2056 1395 2357 1445 contextum,
2399 1395 2445 1432 et
2476 1386 2549 1433 vir
2571 1385 2650 1433 ille

520 1470 569 1515 in
597 1487 650 1516 ea
676 1471 811 1534 quasi
833 1472 879 1517 in
906 1470 1084 1517 circulo
1111 1469 1363 1516 continuo*
1394 1469 1480 1515 fuit
1507 1487 1516 1514 :
1547 1469 1658 1531 quia
1683 1468 1783 1531 ejus
1811 1468 2125 1531 integritatem
2148 1484 2237 1514 nec
2266 1477 2528 1533 conceptus
2561 1485 2651 1516 nec

521 1562 658 1599 natus
694 1551 920 1599 dissolvit.
970 1555 1213 1609 Quantum
1246 1566 1360 1596 vero
1395 1566 1545 1608 nova,
1575 1559 1621 1596 et
1659 1566 1686 1595 a
1723 1549 1890 1595 ceteris
1920 1550 1978 1594 sit
2003 1548 2187 1594 diversa
2224 1547 2363 1611 hujus
2400 1548 2652 1595 creationis

522 1632 788 1689 11ativitas⁵,
822 1631 1279 1688 animadvertemus,
1318 1630 1356 1675 si
1388 1640 1575 1676 caeteras
1608 1628 1862 1675 hominum
1900 1628 2164 1675 creationes
2190 1627 2251 1674 ab
2276 1627 2474 1675 exordio
2500 1627 2652 1675 revol-

521 1729 701 1759 vamus.
745 1713 929 1759 Primus
952 1711 1100 1758 homo
1125 1711 1183 1757 de
1215 1720 1339 1757 terra
1364 1710 1613 1769 formatus,
1651 1727 1740 1757 nec
1765 1727 1820 1757 ex
1847 1719 1981 1774 patre
2007 1726 2096 1756 nec
2120 1726 2175 1756 ex
2203 1719 2352 1756 matre
2379 1710 2533 1757 carnis
2557 1710 2651 1756 ori-

521 1793 678 1855 ginem
717 1793 868 1839 traxit.
910 1795 1008 1838 Eva
1035 1801 1220 1849 autem,
1256 1806 1360 1853 quae
1388 1789 1448 1836 de
1480 1800 1610 1836 costa
1653 1790 1752 1853 ejus
1788 1789 1990 1838 formata
2030 1798 2123 1847 est,
2164 1805 2218 1835 ex
2257 1798 2390 1852 patre
2415 1788 2519 1835 solo
2550 1799 2647 1849 est,

522 1890 620 1920 non
640 1891 697 1920 ex
722 1884 889 1920 matre.
911 1873 1076 1920 Caeteri
1102 1887 1214 1917 vero
1231 1870 1452 1916 homines
1471 1862 1526 1916 ex
1543 1880 1677 1934 patre
1694 1868 1835 1917 simul
1856 1879 1903 1915 et
1922 1878 2071 1915 matre
2094 1877 2382 1932 generantur
2402 1886 2411 1913 ι
2434 1868 2528 1915 hoc
2552 1885 2652 1915 uno

521 1954 713 2017 quidem
743 1964 968 2019 excepto,
1004 1953 1086 2017 qui
1118 1969 1171 1998 ex
1211 1950 1310 1997 sola
1344 1960 1517 2009 matre,
1550 1961 1602 1996 ut
1633 1950 1814 1997 dictum
1843 1959 1942 2008 est,
1974 1950 2196 1996 nascitur.
2234 1947 2371 1995 Unde
2390 1958 2435 1995 et
2460 1950 2653 2015 proprie

521 2035 620 2099 ipse
646 2036 773 2082 solus
802 2035 925 2082 filius
950 2034 1180 2090 hominis,
1214 2048 1313 2078 non
1339 2031 1618 2090 hominum,
1643 2031 1796 2078 dictus
1825 2032 1944 2076 estss:
1974 2030 2086 2094 quia
2110 2047 2220 2076 eum
2247 2029 2466 2077 videlicet
2487 2047 2654 2078 secun·

523 2114 640 2161 dum
664 2131 856 2163 carnem
887 2113 987 2161 sola
1018 2113 1175 2176 virgo⁷
1201 2112 1385 2175 genuit,
1423 2121 1468 2158 et
1500 2112 1600 2177 ipse
1629 2112 1671 2158 ei
1696 2127 1890 2175 quoque
1924 2110 2130 2157 solus-et
2158 2110 2327 2157 unicus
2353 2110 2478 2157 filius
2505 2111 2655 2158 extitit

524 2199 644 2246 sicut
668 2207 715 2244 et
733 2197 881 2262 patri,
905 2205 956 2243 ut
971 2195 1071 2258 ejus
1089 2193 1373 2240 excellentiae
1391 2193 1709 2257 singularitas⁸
1730 2207 1815 2258 per
1840 2193 2003 2239 omnia
2018 2192 2398 2240 commendetur.

590 2278 763 2341 Hujus⁹
800 2277 994 2341 quidem
1021 2291 1130 2323 caro
1165 2274 1393 2338 Virginis,
1433 2291 1528 2338 qua
1561 2290 1610 2320 se
1641 2289 1780 2319 verus
1815 2289 1963 2337 agnus
1993 2271 2171 2332 induit,
2210 2272 2328 2318 illud
2360 2282 2427 2319 est
2460 2273 2654 2319 niveum

523 2359 672 2406 vellus
696 2357 1092 2405 innocentissimae
1115 2355 1242 2415 ovis,
1270 2354 1330 2402 de
1356 2371 1453 2419 quo
1480 2354 1724 2401 Psalmista
1754 2353 1896 2417 longe
1929 2363 2037 2400 ante
2064 2353 2338 2400 cecinerat¹⁰
2367 2371 2377 2398 ε
2409 2371 2431 2396 «
2449 2354 2656 2399 Descen-

525 2440 605 2487 det
634 2439 754 2485 sicut
777 2438 936 2504 pluvia
960 2438 1009 2484 in
1031 2436 1178 2483 vellus
1193 2471 1205 2495 ,
1233 2445 1322 2482 etc.
1353 2454 1375 2478 »
1405 2435 1623 2499 Legimus
1648 2434 1696 2480 in
1723 2431 1860 2480 Ll'btv
1882 2431 2153 2488 Jadicumss,
2178 2432 2239 2478 ad
2258 2432 2536 2497 petitionem
2562 2433 2655 2479 Ge-

525 2520 678 2579 deon,
709 2528 760 2565 ut
793 2517 1157 2566 confirmaretur
1195 2516 1257 2562 ad
1294 2515 1508 2581 praelium
1538 2531 1624 2580 per
1667 2513 1849 2561 visibile
1881 2512 2009 2581 sibi¹²¹
2034 2513 2246 2577 signum,
2287 2511 2434 2559 vellus
2468 2512 2516 2558 in
2548 2527 2659 2574 area

525 2603 731 2667 positum
760 2617 868 2648 rore
893 2602 957 2648 ita
993 2600 1133 2646 fuisse
1166 2598 1506 2656 madefactum,
1544 2607 1596 2644 ut
1621 2597 1994 2660 circumquaque
2023 2595 2146 2642 sicca
2177 2604 2302 2641 terra
2328 2602 2567 2651 maneret,
2601 2607 2657 2638 ac

524 2683 836 2748 postmodum
854 2682 915 2729 ad
936 2682 1215 2747 petitionem
1234 2679 1448 2744 ejusdem
1469 2697 1495 2727 e
1515 2695 1748 2726 converso
1765 2677 2032 2741 contigisse.
2053 2680 2161 2735 Quo
2179 2676 2375 2740 quidem
2392 2675 2528 2739 signo
2544 2691 2658 2740 prae-

526 2765 779 2829 figuratum
805 2763 995 2822 dicitur,
1024 2763 1221 2826 gratiam
1247 2762 1358 2819 Dei,
1387 2777 1491 2825 quae
1528 2776 1636 2806 rore
1661 2759 1951 2823 designatur,
1977 2757 2171 2822 judaico
2203 2755 2385 2822 populo
2415 2756 2464 2802 in
2497 2753 2657 2802 medio

529 2858 759 2894 terrarum
780 2845 895 2891 olim
914 2844 1173 2903 habitanti,
1201 2843 1335 2907 quasi
1354 2841 1517 2889 velleri
1539 2842 1586 2887 in
1605 2857 1713 2888 area
1731 2841 1887 2905 posito
1903 2875 1915 2898 ,
1936 2831 2155 2886 collatam
2174 2838 2331 2904 primo
2355 2836 2496 2883 fuisse
2509 2872 2521 2895 ,
2547 2853 2659 2900 gen-

529 2926 595 2973 tili
612 2925 793 2990 populo
815 2924 1071 2990 reprobato
1095 2942 1105 2970 :
1131 2939 1186 2970 ac
1202 2922 1515 2987 postmodum
1545 2921 1604 2967 ab
1621 2921 1712 2967 hac
1738 2921 1885 2985 gratia
1901 2920 2074 2967 vellere
2098 2920 2298 2978 siccato,
2326 2917 2376 2964 id
2405 2927 2476 2964 est
2499 2915 2660 2963 Judaea

527 3009 733 3074 privata,
755 3023 861 3054 eam
886 3007 1256 3069 circumquaque
1289 3014 1522 3051 terrarum
1553 3003 1602 3049 in
1636 3012 1798 3066 gentes
1824 3002 2090 3052 defluxisse.
2121 3001 2215 3048 Sed
2234 3000 2345 3064 quia
2367 3014 2445 3045 ros
2465 3013 2659 3062 compa-

530 3090 711 3136 ratione
734 3087 903 3153 pluviae
932 3087 1087 3134 tenuis
1118 3095 1213 3144 est,
1246 3095 1292 3132 et
1328 3085 1488 3131 minus
1519 3083 1712 3147 irrigare
1738 3083 1934 3143 sufficit3
1977 3082 2261 3130 descensum
2296 3079 2468 3126 divinae
2502 3077 2659 3141 gratiae

577 3272 586 3288 ¹
614 3270 667 3303 Sic
684 3270 750 3303 MS.
771 3271 891 3305 Eius.—
906 3273 1011 3305 Virtus
1026 3271 1113 3304 Edit.
1129 3270 1280 3303 Amb.—
1295 3269 1307 3287 ¹
1321 3269 1375 3302 Sic
1390 3269 1458 3302 MS.
1473 3269 1560 3301 Eius.
1619 3271 1744 3309 quidem
1771 3278 1874 3312 usque
1899 3270 1970 3300 haec
2001 3269 2099 3309 iqitur
2121 3266 2234 3297 mulier
2261 3262 2315 3295 hic
2347 3261 2464 3293 desunt
2486 3259 2521 3300 jn
2546 3254 2661 3290 codice

530 3344 551 3350 -
563 3327 616 3359 Ex
636 3326 728 3359 deest
743 3326 829 3359 Edit.
847 3327 942 3360 Amb.
959 3346 1002 3352 —-
1022 3327 1034 3344 ³
1046 3328 1113 3360 MS.
1132 3328 1252 3360 Eins.-
1266 3328 1351 3360 Illud
1370 3326 1461 3359 deest
1478 3324 1561 3358 Edit.
1619 3325 1724 3365 Eius„
1742 3325 1800 3357 sed
1822 3324 1983 3357 habentur
2005 3322 2123 3366 partim
2143 3320 2185 3354 ad
2208 3319 2307 3352 finem
2325 3317 2417 3350 istius
2431 3314 2596 3348 orationis.
2621 3331 2658 3337 —

532 3382 625 3416 Amh.
645 3398 688 3408 —-
702 3382 715 3399 ⁴
737 3383 908 3425 Contiyuus
923 3383 991 3416 MS.
1007 3384 1099 3417 Eins.
1118 3402 1159 3407 -
1175 3383 1187 3400 ⁶
1207 3383 1274 3416 MS.
1296 3383 1386 3416 Eins.
1400 3400 1423 3407 -
1435 3383 1567 3416 Novitas
1624 3382 1782 3416 ¹⁰Psalm.
1801 3377 1943 3423 Lxxxss'V.
1961 3382 1992 3413 6.
2006 3397 2051 3405 —
2065 3378 2093 3396 ¹¹
2110 3379 2204 3416 Iud„
2222 3387 2293 3419 cap.
2316 3386 2346 3408 vt
2358 3401 2366 3415 ,
2383 3385 2413 3407 v.
2431 3375 2530 3406 37.-
2545 3370 2575 3389 ¹¹
2592 3370 2659 3404 MS.

533 3440 619 3472 Edit.
644 3439 737 3473 Amb.
757 3456 800 3464 —
819 3440 831 3457 ‘³
845 3441 971 3474 Dictum
988 3449 1034 3473 est
1058 3441 1146 3473 Edit.
1166 3441 1262 3474 Amb.
1283 3458 1321 3464 —
1344 3440 1355 3457 ⁷
1378 3441 1484 3473 Mater
1499 3439 1568 3472 MS.
1625 3439 1715 3472 Eins.
1730 3457 1751 3463 -
1764 3440 1832 3472 Sibi
1844 3438 1937 3471 deest
1956 3436 2042 3470 Edit.
2061 3434 2156 3468 Amb.

533 3497 622 3529 Eins.
641 3514 677 3520 ——
695 3495 706 3513 ⁸
722 3497 927 3530 Excellentia
945 3500 1178 3540 sinyzclaritatis
1198 3497 1265 3530 MS.
1283 3498 1372 3530 Eins.
1385 3515 1426 3520 --
1439 3496 1452 3515 ⁹
1468 3497 1572 3538 Hujus
