2970 4152
559 385 654 432 476
1356 393 1525 440 PETRI
1561 395 1869 443 ABAELARDI

1120 681 1197 739 IN
1245 680 1548 742 OCTAVA
1579 635 2095 743 ⁸ASCENSIONIS⁴

1469 870 1616 900 SERMO
1651 870 1731 899 XVI
1738 890 1747 899 .

616 983 653 1026 Α
677 982 885 1030 minimis
907 986 1141 1033 Dominus
1163 987 1414 1048 inchoans,
1441 999 1493 1035 ut
1516 989 1576 1036 ad
1600 989 1780 1053 majora
1803 990 2067 1054 perveniat,
2094 999 2326 1054 tanquam
2349 1006 2376 1036 a
2398 990 2584 1036 minore
2606 988 2668 1036 ad

551 1063 701 1125 majus
730 1075 1063 1127 argumentum
1084 1066 1264 1114 ducens
1283 1105 1294 1127 ,
1326 1068 1472 1116 fidem
1501 1086 1556 1115 ex
1584 1069 1760 1115 infimis
1789 1070 1957 1116 astruit
1985 1070 2211 1127 summis;
2237 1079 2290 1116 ut
2318 1086 2470 1133 quum
2492 1069 2540 1115 in
2570 1069 2669 1115 istis

550 1158 722 1206 magna
743 1144 1019 1205 viderimus,
1039 1147 1088 1192 in
1112 1146 1200 1194 illis
1223 1147 1335 1195 talia
1357 1149 1519 1195 mirari
1536 1148 1835 1195 desistamus.
1859 1148 1996 1195 Unde
2015 1159 2185 1196 contra
2200 1148 2467 1195 infidelium
2483 1164 2668 1195 errores

549 1222 609 1269 de
631 1223 726 1282 his,
749 1241 854 1288 quae
876 1225 925 1271 in
947 1226 1103 1291 seipso
1126 1227 1404 1275 mirabiliter
1427 1229 1589 1292 gessit,
1611 1229 1830 1293 quaedam
1852 1229 1901 1275 in
1925 1229 2153 1276 creaturis
2176 1228 2392 1294 exempla
2413 1228 2638 1292 praemisit
2653 1265 2664 1286 ,

549 1303 723 1367 quibus
751 1305 971 1369 quaelibet
992 1306 1225 1354 haereseos
1247 1308 1503 1355 schismata
1536 1309 1691 1355 scindi
1724 1325 1780 1355 ac
1814 1309 2033 1374 dissipari
2065 1310 2268 1374 possint.
2312 1308 2457 1356 Verbi
2492 1307 2664 1371 gratia,
2702 1304 2704 1306 ’

547 1394 738 1448 partum
771 1388 965 1450 virginis
993 1386 1114 1434 adeo
1144 1389 1365 1435 nonnulli
1402 1389 1759 1436 abhorruerunt
1799 1389 2033 1448 haeretici,
2068 1400 2119 1437 ut
2147 1390 2361 1437 dicerent
2400 1408 2410 1436 ε
2445 1389 2494 1435 Si
2532 1389 2667 1452 virgo

546 1468 753 1532 peperit,
777 1468 1063 1533 phantasma
1085 1468 1188 1515 fuit.
1215 1470 1358 1533 Cujus
1380 1471 1577 1535 quidem
1601 1471 1774 1517 erroris
1795 1470 1982 1518 vulneri
2005 1470 2411 1517 medicamentum
2432 1469 2668 1516 Dominus

546 1564 795 1612 apponens
810 1585 821 1607 ,
848 1564 1199 1612 nonnunquam
1222 1556 1390 1613 equas,
1416 1560 1469 1596 ut
1490 1550 1659 1596 beatus
1681 1551 1731 1596 in
1758 1552 1953 1596 Cz’vc'tate
1974 1552 2070 1596 Dec·
2093 1550 2258 1597 asserit
2285 1549 2614 1613 Augustinus¹,
2640 1564 2668 1596 a

543 1629 712 1693 spiritu
735 1639 991 1676 ventorum
1019 1630 1272 1694 concipere
1301 1630 1435 1689 facit3
1474 1648 1572 1695 quo
1607 1631 1771 1677 mirari
1802 1631 2107 1690 desistamus,
2146 1631 2186 1678 si
2217 1648 2272 1678 ex
2295 1613 2472 1695 Spiritu
2500 1639 2666 1678 sancto

544 1709 678 1772 virgo
707 1710 996 1773 conceperit.
1030 1711 1211 1756 Corvos
1239 1727 1433 1774 quoque
1462 1710 1512 1756 in
1542 1710 1707 1757 osculo
1737 1710 1992 1775 concipere
2021 1720 2068 1757 et
2098 1725 2348 1774 nunquam
2375 1709 2504 1755 coire
2522 1745 2534 1768 ,
2568 1707 2668 1774 plu·

543 1789 674 1837 ribus
696 1807 796 1860 non
819 1807 919 1837 esse
941 1790 1160 1853 ignotum
1183 1791 1422 1838 novimus.
1449 1794 1571 1856 Apes
1594 1809 1788 1856 quoque
1817 1792 1919 1838 sine
1948 1792 2236 1839 detrimento
2265 1807 2360 1837 suae
2387 1789 2667 1853 integritatis

543 1857 812 1919 fructu'non
826 1872 1075 1936 privantur
1090 1872 1254 1937 prolis.
1273 1873 1500 1930 Quotidie
1513 1874 1708 1938 insuper
1724 1890 1780 1920 ex
1793 1872 2148 1920 insensibilibus
2171 1882 2218 1919 et
2238 1871 2475 1919 vilissimis
2496 1870 2662 1930 rebus,

542 1969 726 2000 vermes
748 1954 1049 2011 innumeros,
1076 1962 1124 1999 et
1145 1954 1462 2000 animantium
1484 1954 1670 2001 diversa
1693 1971 1866 2018 genera
1888 1954 2131 2019 procreari
2151 1952 2388 1999 videmus.
2415 1950 2554 1997 Unde
2576 1966 2666 1997 nec

541 2033 693 2079 vermi
706 2033 975 2098 comparari
988 2033 1224 2079 Dominus
1241 2033 1545 2097 dedignatur,
1566 2035 1644 2080 cui
1658 2034 1877 2081 dicitur²z
1904 2033 2047 2080 «Noli
2064 2033 2249 2091 timere,
2273 2032 2447 2079 vermis
2464 2029 2661 2078 Jacob.»

542 2114 635 2171 Qui
658 2114 801 2160 etiam
817 2113 877 2160 de
893 2113 1148 2177 semetipso
1166 2112 1324 2159 dicere
1342 2130 1442 2159 non
1461 2113 1717 2160 erubescit³
1735 2133 1744 2160 :
1771 2133 1794 2158 «
1811 2118 2039 2177 Ego-sum
2061 2104 2259 2171 vermis,
2277 2121 2323 2158 et
2339 2127 2439 2157 non
2453 2110 2662 2156 homo.»

541 2194 936 2259 Desperationem
948 2210 1141 2258 quoque
1154 2194 1515 2240 resurrectionis
1530 2193 1763 2258 phoenicis
1780 2194 1993 2240 defuncti
2009 2193 2178 2257 saepius
2194 2193 2243 2238 in
2261 2201 2393 2238 tanta
2408 2189 2664 2236 vivificatio

540 2274 679 2322 tollit.
723 2275 940 2338 Denique
979 2284 1026 2320 et
1063 2274 1258 2321 Domini
1297 2275 1626 2321 ascensionem
1666 2284 1829 2338 raptus
1863 2273 1973 2319 Eliae
2017 2272 2282 2337 praecessit,
2330 2271 2413 2335 qui
2462 2269 2664 2317 mortale

540 2355 698 2403 adhuc
720 2372 895 2420 corpus
917 2364 964 2400 et
991 2354 1301 2418 corruptibile
1324 2364 1534 2417 gestans,
1567 2370 1710 2400 curru
1733 2355 1874 2416 igneo
1896 2353 2153 2399 translatus
2176 2362 2246 2398 est
2268 2352 2317 2397 in
2347 2351 2659 2416 paradisum⁴.

538 2438 734 2483 Constat
761 2435 887 2498 ignei
915 2433 1137 2480 elementi
1165 2443 1389 2480 naturam
1416 2433 1594 2480 caeteris
1617 2433 1759 2496 longe
1781 2431 2080 2479 subtiliorem
2109 2448 2210 2478 esse
2241 2441 2384 2495 atque
2411 2430 2658 2477 leviorem.

538 2520 586 2566 Si
614 2536 727 2583 ergo
755 2518 866 2564 Eliae
888 2533 1062 2581 corpus
1091 2516 1248 2563 adhuc
1270 2526 1459 2563 terrena
1481 2516 1709 2579 gravitate
1731 2515 2062 2580 ponderosum
2090 2513 2170 2560 illa
2197 2514 2319 2576 ignis
2345 2512 2509 2559 levitas
2531 2513 2666 2559 susti-

538 2618 674 2660 nere,
713 2617 803 2647 nec
836 2597 1120 2645 comburere
1153 2597 1334 2662 potuit,
1374 2597 1492 2661 quid
1527 2597 1703 2643 mirum
1737 2596 1776 2642 si
1810 2595 1984 2642 Christi
2013 2594 2089 2642 vel
2123 2603 2288 2640 nostra
2325 2609 2531 2657 corpora
2561 2592 2662 2655 jam

537 2680 826 2728 immortalia
858 2678 1004 2737 facta,
1042 2694 1132 2723 nec
1165 2687 1265 2724 tam
1302 2676 1525 2724 animalia
1568 2693 1714 2741 quam
1748 2674 2009 2740 spiritualia
2042 2673 2270 2731 dicenda,
2307 2671 2424 2718 illud
2467 2688 2662 2735 quoque

536 2762 730 2825 igneum
763 2769 811 2807 et
844 2754 1133 2823 supremum
1157 2756 1355 2816 coelum,
1394 2756 1527 2821 quod
1559 2756 1692 2820 agnis
1720 2755 1912 2819 contegi
1945 2763 2156 2813 constat,
2194 2767 2478 2800 conservare
2511 2750 2662 2815 possit

536 2842 678 2889 illaesa
698 2843 716 2888 Ξ)

599 2924 842 2981 Quoniam
875 2931 1036 2969 autem
1064 2920 1126 2968 ad
1161 2919 1451 2966 ascensionis
1488 2918 1741 2965 dominicae
1775 2917 1946 2977 fidem,
1984 2916 2094 2963 Eliae
2130 2915 2492 2963 translationem
2525 2912 2660 2960 indu-

535 3006 710 3064 ximus,
751 3005 886 3069 juvat
929 3003 1136 3067 denique
1180 3001 1459 3066 mysterium
1504 3001 1646 3064 hujus
1690 3000 1980 3048 ascensionis
2024 2999 2085 3046 ab
2121 2998 2221 3044 Elia
2260 3012 2463 3044 sumere.
2504 2997 2659 3052 Quem

536 3103 648 3149 ergo
682 3087 855 3133 rectius
883 3085 1008 3132 Elias
1037 3101 1093 3131 ex
1115 3084 1218 3149 ipsa
1245 3099 1440 3147 quoque
1469 3082 1679 3128 nominis
1708 3081 2102 3146 interpretatione
2131 3078 2207 3125 vel
2235 3076 2485 3134 affinitate,
2511 3091 2657 3139 quam

536 3166 775 3212 Christum
795 3183 963 3213 verum
998 3165 1269 3212 animarum
1301 3162 1451 3210 solem
1485 3161 1682 3225 figurat?
1717 3165 1787 3208 De
1810 3178 1937 3225 quo,
1969 3170 2022 3206 ut
2049 3159 2216 3206 beatus
2244 3156 2462 3204 meminit
2483 3157 2658 3218 Grego-

535 3246 666 3303 rius⁵,
691 3246 740 3291 in
770 3246 957 3292 cantico
986 3244 1210 3292 Habacuc
1238 3242 1486 3308 prophetae
1504 3242 1517 3265 ⁶
1538 3241 1603 3288 ita
1630 3241 1933 3288 continetur:
1962 3259 1985 3284 «
2001 3239 2221 3286 Elevatus
2243 3246 2314 3284 est
2350 3235 2447 3294 sol,
2474 3245 2521 3281 et
2542 3233 2656 3281 luna

581 3435 589 3453 ¹
615 3435 686 3470 Lib.
702 3436 791 3476 XLI,
807 3446 881 3479 cap.
902 3447 932 3468 vi
944 3461 953 3476 ,
975 3437 1054 3477 Opp.
1077 3442 1099 3468 t.
1117 3434 1174 3468 Vll
1189 3460 1197 3475 ,
1215 3434 1279 3468 col.
1298 3435 1375 3467 624.
1389 3452 1430 3457 —
1447 3432 1460 3449 ³
1477 3432 1567 3466 lsaiae
1623 3442 1697 3474 cap.
1715 3442 1757 3472 11,
1771 3442 1800 3464 v.
1824 3433 1874 3463 11.
1891 3449 1932 3454 —
1944 3430 1957 3447 ⁸
1973 3431 2091 3464 Homil.
2109 3432 2142 3462 in
2161 3430 2290 3470 Evany.
2309 3427 2368 3460 lib.
2383 3427 2411 3460 11
2427 3452 2436 3467 ,
2456 3437 2530 3470 cap.
2549 3437 2629 3460 xxix
2642 3451 2651 3466 ‚

534 3504 606 3537 cap.
636 3504 708 3532 xm,
738 3504 768 3526 v.
803 3493 852 3525 ¹4.
868 3510 911 3518 --
928 3492 941 3509 ³
960 3492 1077 3525 Psalm.
1106 3503 1182 3532 xxi,
1208 3502 1237 3525 v.
1267 3493 1300 3524 7.
1318 3509 1355 3514 -
1372 3489 1386 3508 ⁴
1402 3491 1482 3532 Rey.
1507 3490 1566 3529 IV,
1626 3489 1708 3531 Opp.
1728 3494 1751 3521 t.
1769 3487 1802 3528 l,
1820 3488 1885 3521 col.
1909 3485 2078 3521 1573.-⁶
2095 3485 2234 3526 Babae„
2255 3495 2329 3528 cap.
2349 3495 2402 3526 ιιι,
2419 3494 2448 3517 v.
2470 3486 2520 3516 11.
