2970 4152
538 413 633 460 604
1334 409 1503 456 PETRI
1540 409 1852 457 ABAELARm
2216 431 2313 556 ’,ᾗ
2405 372 2519 491 f

2191 518 2222 549 Π

534 516 748 553 sanctam
781 504 1175 552 communionem
1212 503 1352 550 alicui
1381 503 1562 561 tradat,
1590 504 1680 550 nisi
1701 500 1802 550 haec
1834 521 1889 550 ex
1917 502 2062 549 corde
2098 518 2187 566 pro
2210 494 2218 513 ³
2242 533 2243 537 =
2314 505 2411 551 iare
2435 502 2642 554 noverit.

536 586 780 650 Siquidem
801 585 902 631 sine
930 583 1106 630 horum
1137 583 1334 629 scientia
1369 582 1544 634 nullu's
1546 583 1715 630 salvus
1749 600 1850 630 esse
1883 582 2074 647 poterit.
2105 585 2158 628 In
2182 599 2281 629 uno
2304 584 2433 630 enim
2455 584 2573 632 fides
2601 595 2648 632 et

535 665 785 712 credulitas
820 663 1077 709 christiana
1108 662 1405 721 continetur3
1433 663 1481 709 in
1507 662 1630 721 alio,
1670 663 1788 731 quid
1818 678 1956 708 orare
1979 671 2025 708 et
2046 671 2208 726 petere
2231 678 2258 709 a
2286 665 2388 710 Deo
2414 662 2647 711 debemus

535 746 869 810 exprimitur.»
899 743 1044 800 Quod
1066 760 1180 790 vero
1203 745 1305 790 sine
1328 743 1422 790 fide
1445 761 1589 791 nemo
1613 743 1762 808 possit
1784 743 1976 800 salvari,
2002 743 2238 790 Dominus
2269 744 2478 791 ostendit
2499 719 2651 822 ([υῶ

535 825 668 871 dicit¹
694 843 703 870 :
734 843 757 868 «
777 824 871 880 Qui
894 823 1149 870 crediderit
1182 833 1229 870 et
1259 823 1525 889 baptizatus
1556 823 1712 883 fuerit,
1739 823 1894 870 salvus
1918 822 2064 870 erit.»
2092 822 2255 870 Nullus
2278 834 2437 870 autem
2456 809 2689 874 credere-*⁸

534 914 691 968 potest
712 903 845 968 quod
868 904 1018 950 nescit
1033 920 1122 949 nec
1139 903 1337 951 audivit.
1360 905 1431 950 Ait
1453 904 1580 950 enim
1616 902 1813 950 Paulus²
1840 922 1849 949 :
1878 922 1902 947 «
1930 899 2190 960 Quomodo
2213 904 2411 950 credent
2434 903 2476 950 ei
2507 921 2653 968 quem

533 1002 633 1032 non
656 983 944 1031 audierunt?
966 1002 989 1027 »
1016 985 1112 1029 Nec
1133 982 1236 1030 sola
1257 983 1432 1029 sufficit
1455 982 1573 1029 fides
1602 983 1649 1028 in
1682 982 1854 1040 corde,
1891 983 1981 1028 nisi
2016 983 2159 1029 etiam
2185 983 2332 1030 verbo
2356 983 2648 1043 enuntietur,
2663 1004 2676 1017 ·

532 1075 585 1111 ut
608 1065 737 1111 idem
760 1063 1005 1128 apostolus
1034 1058 1170 1111 testss'
1187 1065 1283 1110 est³
1302 1082 1313 1109 :
1338 1083 1360 1107 «
1382 1063 1537 1109 Corde
1560 1062 1689 1108 enim
1711 1061 1921 1108 creditur
1944 1061 2005 1108 ad
2023 1061 2281 1124 justitiam;
2309 1080 2392 1109 ore
2414 1063 2653 1110 confessio

533 1145 586 1191 fit
608 1145 669 1192 ad
691 1144 909 1192 salutem.
936 1163 959 1188 »
986 1129 1150 1219 Nplliis
1173 1153 1334 1190 autem
1356 1143 1416 1189 de
1439 1141 1696 1189 stoliditate
1719 1158 1902 1200 sensus,
1922 1141 1998 1188 vel
2026 1141 2256 1189 tenuitate
2285 1142 2463 1205 ingenii
2486 1159 2652 1191 cause-

532 1235 631 1283 tur3
651 1225 763 1289 quia
783 1225 884 1271 haec
909 1235 1004 1271 tam
1029 1240 1176 1289 parva
1191 1227 1318 1282 sunt,
1336 1233 1389 1269 ut
1406 1239 1551 1269 nemo
1571 1232 1671 1269 tam
1686 1221 1834 1269 hebes
1851 1231 1897 1268 et
1917 1220 2150 1268 barbarus
2169 1222 2245 1281 sit,
2266 1223 2348 1286 qui
2364 1221 2459 1268 hoc
2475 1222 2651 1282 dicere,

532 1315 579 1351 et
600 1304 758 1351 verbis
794 1303 1021 1351 omnibus
1050 1304 1298 1350 enuntiare
1328 1320 1427 1349 non
1462 1302 1613 1367 possit
1642 1320 1651 1348 ε
1678 1312 1777 1349 tam
1805 1317 2001 1365 magna,
2026 1311 2080 1347 ut
2101 1302 2184 1365 qui
2205 1301 2382 1348 horum
2404 1302 2652 1349 scientiam

531 1385 734 1449 pleniter
756 1401 925 1450 capere
942 1385 1170 1449 potuerit,
1196 1383 1413 1431 sufficere
1435 1383 1526 1429 sibi
1543 1382 1767 1430 credatur
1789 1382 1851 1430 ad
1870 1382 2071 1429 salutem
2093 1392 2390 1447 perpetuam.

599 1465 721 1512 Illud
745 1466 887 1512 etiam
910 1464 1291 1524 observandum,
1320 1474 1373 1510 ut
1406 1462 1565 1510 nullus
1601 1462 1826 1527 suscipiat
1857 1462 2089 1508 infantem
2119 1461 2168 1507 in
2199 1461 2440 1525 baptismo
2470 1478 2496 1508 a
2520 1477 2655 1508 sacro

534 1546 682 1606 fonte,
709 1557 967 1610 antequam
1002 1545 1131 1592 idem
1158 1545 1433 1609 symbolum
1468 1555 1516 1591 et
1549 1544 1820 1590 orationem
1849 1542 2144 1589 dominicam
2178 1558 2342 1589 coram
2377 1541 2655 1606 presbytero

533 1626 770 1673 decantet.
799 1629 866 1673 Ex
888 1625 1093 1673 concilio
1108 1624 1431 1683 Cabilonensi‚
1456 1624 1667 1688 capitulo
1693 1641 1744 1670 111
1777 1642 1787 1669 ε
1818 1643 1841 1668 «
1859 1626 1882 1669 J
1887 1622 2135 1670 ubendum
2149 1632 2236 1681 est,
2253 1632 2306 1669 ut
2319 1622 2472 1668 oratio
2495 1621 2657 1668 domi-

531 1709 661 1766 nica,
687 1709 736 1755 in
769 1725 865 1772 qua
899 1708 1063 1755 omnia
1099 1707 1365 1753 necessaria
1393 1706 1616 1752 humanae
1644 1705 1752 1752 vitae
1780 1703 2282 1769 comprehenduntur3
2308 1713 2355 1750 et
2382 1699 2658 1767 symbolum

532 1787 883 1852 apostolorum,
911 1787 960 1833 in
983 1803 1081 1851 quo
1118 1786 1236 1833 fides
1270 1785 1505 1833 catholica
1539 1802 1593 1832 ex
1626 1785 1812 1848 integro
1853 1783 2298 1848 comprehenditur,
2332 1783 2393 1829 ab
2431 1781 2656 1829 omnibus

531 1869 739 1916 discatur
766 1880 866 1916 tam
900 1868 1046 1916 latine
1076 1884 1224 1932 quam
1250 1867 1523 1926 barbarice,
1553 1876 1606 1913 ut
1634 1866 1768 1931 quod
1791 1881 1876 1912 ore
1902 1864 2195 1912 confitentur
2218 1863 2364 1910 corde
2397 1862 2655 1910 credant.»

532 1951 597 1993 Ex
629 1948 833 1994 concilio
870 1949 1140 2006 Parisiensi‚
1166 1947 1376 2012 capitulo
1399 1964 1433 1993 11
1463 1966 1473 1993 ε
1504 1966 1526 1990 «
1556 1950 1618 1993 Ut
1639 1962 1784 1992 nemo
1809 1962 1836 1992 a
1858 1962 1994 1992 sacro
2018 1945 2150 1991 fonte
2175 1943 2383 2007 aliquem
2405 1942 2655 2007 suscipiat,

533 2029 622 2074 nisi
657 2029 926 2075 orationem
960 2028 1255 2075 dominicam
1283 2038 1330 2074 et
1367 2026 1642 2091 symbolum
1674 2027 1808 2089 juxta
1852 2025 2065 2089 linguam
2109 2041 2246 2071 suam
2283 2034 2329 2070 et
2366 2022 2659 2069 intellectum

533 2118 709 2166 teneat,
727 2119 773 2155 et
795 2126 960 2156 coram
978 2108 1258 2173 presbytero
1274 2108 1496 2154 decantet
1525 2126 1534 2153 :
1563 2117 1610 2154 et
1632 2117 1685 2153 ut
1706 2106 1973 2169 intelligant
1996 2122 2163 2152 omnes
2186 2115 2383 2169 pactum
2401 2102 2534 2167 quod
2550 2118 2661 2148 cum

534 2190 636 2233 Deo
659 2189 960 2252 pepigerunt.
995 2207 1017 2232 >2
1051 2192 1116 2234 Ex
1153 2187 1359 2234 concilio
1382 2187 1732 2244 Garinaziensi,
1765 2185 1976 2249 capitulo
1996 2202 2013 2231 1
2043 2203 2053 2230 :
2085 2204 2108 2228 «
2135 2187 2345 2230 Caveant
2367 2182 2656 2247 presbyteri,

534 2278 587 2313 ut
609 2285 765 2332 neque
786 2269 894 2327 viri,
915 2285 1070 2332 neque
1088 2268 1274 2314 feminae
1293 2268 1353 2313 de
1376 2284 1511 2314 sacro
1536 2267 1667 2313 fonte
1692 2265 1814 2311 filios
1837 2265 1913 2311 vel
1936 2264 2054 2311 filias
2071 2264 2345 2328 suscipiant,
2366 2263 2458 2309 nisi
2480 2278 2663 2309 memo·
2695 2322 2698 2324 v

536 2349 648 2394 riter
677 2347 949 2411 symbolum
978 2358 1025 2394 et
1054 2348 1323 2394 orationem
1353 2347 1648 2393 dominicam
1687 2345 1948 2392 tenuerint.
1977 2347 2102 2389 »Ex
2134 2342 2338 2389 concilio
2374 2341 2630 2405 Agathensi
2647 2378 2658 2399 ‚

537 2427 744 2492 capitulo
772 2445 874 2474 xli:
906 2426 1231 2490 «Symbolum
1265 2426 1410 2472 etiam
1431 2425 1610 2490 placuit
1633 2423 1694 2471 ab
1718 2422 1944 2470 omnibus
1979 2422 2198 2469 Ecclesiis
2237 2431 2406 2468 octava
2439 2421 2516 2467 die
2551 2412 2661 2467 ante

536 2505 830 2553 dominicam
853 2506 1252 2552 resurrectionem
1275 2504 1501 2569 publice
1490 2521 1539 2550 1n
1563 2503 1761 2551 ecclesia
1783 2501 2169 2567 competentibus
2190 2501 2387 2548 tradi.»

602 2589 700 2633 Hac
722 2586 881 2649 itaque
904 2586 1186 2633 auctoritate
1209 2595 1402 2650 patrum
1424 2584 1620 2642 eruditi,
1639 2583 1860 2648 praesenti
1883 2582 1961 2629 die
1986 2591 2096 2629 ante
2118 2581 2517 2628 resurrectionem
2539 2589 2667 2626 octa-

539 2684 597 2714 va
631 2667 927 2712 decrevimus
962 2666 1175 2731 praedicti
1209 2665 1416 2729 symboli
1445 2682 1545 2711 non
1581 2664 1730 2711 verba
1763 2664 1967 2721 docere,
2008 2679 2112 2727 quae
2141 2662 2242 2725 jam
2278 2660 2537 2718 didicistis,
2577 2646 2662 2706 sed

539 2748 720 2812 aperire
744 2764 938 2793 sensum
963 2764 1133 2794 eorum
1156 2764 1260 2811 quae
1282 2746 1528 2811 proferti53
1550 2762 1700 2810 quum
1723 2745 1882 2791 cordis
1905 2744 2065 2809 potius
2090 2741 2208 2789 fides
2227 2742 2286 2788 sit
2307 2757 2453 2805 quam
2480 2739 2575 2787 or'·
2584 2776 2626 2815 ,
2618 2749 2665 2785 et

539 2829 669 2892 prius
694 2828 795 2892 ipsa
831 2828 890 2874 sit
921 2827 1148 2874 habenda
1176 2844 1322 2892 quam
1351 2828 1452 2890 ejus
1477 2826 1779 2874 confessione
1808 2824 2043 2891 facienda.
2083 2827 2240 2881 Quem
2269 2813 2412 2869 etiam
2443 2838 2500 2869 or
2551 2788 2665 2876 ntfm

540 2906 793 2971 Apostolus
817 2908 1115 2971 assignans&
1138 2907 1349 2966 «Corde,
1371 2925 1394 2950 »
1415 2907 1588 2971 inquit,
1618 2905 1867 2953 «creditur
1888 2904 1950 2952 ad
1968 2904 2200 2968 justitiam
2224 2921 2233 2949 :
2262 2918 2345 2949 ore
2370 2911 2531 2949 autem
2552 2916 2667 2947 con-

542 2986 680 3033 fessio
702 2987 757 3033 fit
786 2987 848 3034 ad
871 2987 1133 3034 salutem.»
1158 2987 1283 3033 Dicit
1312 2987 1441 3033 enim
1467 2988 1709 3051 Scriptura
1738 3005 1747 3032 :
1778 3005 1801 3030 «
1823 2985 1993 3031 Omnis
2023 2984 2106 3048 qui
2133 2983 2285 3030 credit
2311 2983 2360 3028 in
2390 2997 2524 3039 eum,
2559 2995 2659 3026 non

547 3066 924 3114 «confundetur.
957 3086 977 3110 n
1005 3071 1062 3114 Et
1086 3077 1196 3132 post
1221 3067 1403 3131 aliqua⁵
1430 3085 1440 3113 :
1471 3086 1494 3111 «
1520 3066 1780 3123 Quomodo
1810 3075 1971 3113 autem
1993 3065 2191 3111 credent
2212 3064 2250 3110 si
2274 3079 2373 3109 non
2398 3059 2665 3117 audierint?

543 3147 802 3202 Quomodo
820 3158 979 3194 autem
1002 3147 1198 3194 audient
1220 3147 1322 3194 sine
1343 3146 1630 3211 praedicante
1649 3146 1772 3192 etc.?
1789 3164 1812 3189 »
1834 3149 1939 3192 Hoc
1961 3145 2120 3208 igitur,
2146 3142 2329 3201 fratres,
2354 3151 2454 3188 tam
2469 3138 2663 3187 salubre

543 3225 795 3272 consilium
816 3227 877 3273 ab
900 3238 1008 3274 ortu
1030 3244 1118 3274 suo
1142 3227 1351 3274 Ecclesia
1368 3226 1645 3291 providens,
1673 3225 2010 3272 brevissimum
2032 3224 2143 3271 fidei
2164 3221 2437 3286 symbolum
2459 3235 2664 3293 compo-

589 3369 722 3403 ¹.Marc
732 3381 827 3415 ‚.cap
842 3384 913 3412 xvi,
931 3386 960 3407 v.
980 3377 1028 3406 16.
1045 3393 1087 3398 -
1101 3373 1237 3415 ’Rom.,
1254 3385 1328 3419 cap.
1347 3387 1390 3415 x,
1408 3385 1440 3408 v.
1462 3375 1514 3406 14.
1533 3393 1575 3399 ——
1629 3374 1751 3408 stolicoe
1776 3371 1933 3407 doctrinae
1958 3372 2118 3405 sententia
2138 3379 2203 3407 tam
2228 3370 2324 3403 fidem
2350 3369 2444 3402 nobis
2464 3377 2560 3410 quam
2587 3363 2664 3397 fidei

545 3425 678 3467 ³1bid„
704 3439 732 3460 v
768 3430 820 3461 10.
833 3446 877 3455 —-
890 3429 1001 3463 ⁴1bid.
1027 3430 1062 3463 ln
1086 3431 1207 3463 Codice
1233 3431 1400 3465 Victorino
1426 3432 1486 3464 39¹1
1513 3431 1575 3464 ista
1629 3429 1866 3463 confessionem
1886 3428 2138 3467 commendans,
2161 3427 2226 3468 ait,
2254 3434 2317 3459 etc.
2336 3425 2508 3462 ·-.Rom‚
2526 3429 2598 3464 cap.
2619 3431 2665 3458 x,

544 3483 701 3526 expositio
721 3482 880 3518 Abaelardi
897 3485 951 3518 hic
970 3492 1091 3520 tantum
1112 3487 1226 3530 incipit
1240 3487 1291 3521 his
1306 3488 1411 3522 verbis
1427 3501 1435 3520 ε
1451 3500 1465 3516 ι
1485 3488 1574 3530 Αρο-
1628 3497 1659 3520 v.
1682 3487 1753 3519 10.
1755 3503 1797 3511 -
1811 3485 1824 3503 ⁵
1840 3484 1939 3524 lbld·›
1952 3495 1982 3517 V·
2004 3485 2057 3516 ¹4·
