2970 4152
606 405 697 450 570
1404 400 1574 447 PETRI
1609 401 1920 449 ABAELARDI

602 497 857 562 principes,
883 497 1103 554 Paulum,
1130 496 1414 554 Antonium,
1441 495 1757 555 Hilarionem,
1784 494 2096 542 Macharium.
2123 495 2182 538 Et
2203 501 2257 538 ut
2280 491 2342 538 ad
2365 492 2713 557 scripturarum

601 578 931 634 auctoritatem
956 577 1167 635 redeam,
1189 586 1352 623 noster
1373 576 1597 640 princeps
1617 576 1759 634 Elias,
1786 575 1998 632 Elisaeus,
2027 572 2180 619 nostri
2201 571 2347 619 duces
2369 572 2714 637 prophetarum

599 656 704 715 filii,
731 657 812 720 qui
835 656 1116 703 habitabant
1137 657 1187 702 in
1214 657 1336 720 agris
1359 666 1406 703 et
1436 656 1720 715 solitudine,
1755 665 1801 702 et
1835 652 2072 702 faciebant
2105 651 2195 700 sibi
2228 651 2534 700 tabernacula
2560 670 2713 719 prope

598 734 777 781 fluenta
799 735 1036 782 Jordanis.
1057 739 1128 782 De
1150 735 1225 782 his
1243 746 1354 783 sunt
1369 745 1417 782 et
1438 736 1504 782 illi
1529 735 1611 781 filii
1627 734 1843 793 Rechab‚
1869 734 1952 798 qui
1973 734 2143 780 vinum
2164 742 2211 780 et
2231 733 2435 780 ciceram
2458 749 2558 780 non
2575 732 2712 781 bihe-

596 813 730 873 bant‚
758 816 841 878 qui
864 815 1178 862 morabantur
1200 816 1250 862 in
1275 816 1515 874 tentoriis,
1542 815 1625 879 qui
1649 815 1735 862 Dei
1759 830 1842 878 per
1865 813 2118 860 Jeremiam
2138 829 2259 860 voce
2280 811 2553 872 laudantur,
2579 813 2712 878 quod

595 911 694 940 non
719 894 909 942 deficiat
936 896 996 943 de
1027 897 1172 961 stirpe
1197 913 1366 942 eorum
1387 897 1460 942 vir
1488 905 1616 942 stans
1639 911 1804 941 coram
1838 895 2068 941 Domino.
2091 912 2115 938 n
2153 893 2286 940 Idem
2316 891 2384 939 ad
2414 890 2711 940 Eustochium

596 977 841 1040 virginem,
861 977 921 1024 de
945 977 1143 1024 diversis
1160 977 1410 1040 generibus
1433 976 1830 1024 monachorum¹:
1861 994 1884 1021 «
1903 976 1973 1022 Ad
1995 975 2186 1023 tertium
2202 991 2350 1039 genus
2362 976 2570 1034 veniam,
2589 990 2711 1039 quos

593 1056 905 1104 anachoretas
927 1066 1131 1116 vocant,
1158 1067 1206 1104 et
1227 1058 1310 1122 qui
1337 1058 1398 1104 de
1422 1057 1652 1104 coenobiis
1675 1066 1917 1115 exeuntes,
1940 1065 2137 1120 excepto
2153 1071 2278 1120 pane
2300 1064 2347 1102 et
2368 1054 2481 1114 sale,
2508 1054 2711 1120 amplius

592 1138 652 1184 ad
676 1138 863 1185 deserta
886 1138 1006 1184 nihil
1029 1139 1292 1204 perferunt.
1320 1139 1469 1202 Hujus
1492 1139 1598 1184 vitae
1621 1147 1788 1184 auctor
1810 1137 1997 1196 Paulus,
2023 1136 2282 1183 illustrator
2303 1136 2562 1194 Antonius,
2588 1145 2636 1183 et
2655 1145 2710 1183 ut

591 1219 652 1265 ad
674 1219 922 1283 superiora
943 1220 1283 1278 conscendam,
1311 1220 1532 1284 princeps
1555 1222 1763 1266 Joannes
1785 1218 1996 1283 Baptista
2013 1217 2116 1264 fuit.
2144 1216 2306 1264 Talem
2327 1216 2487 1262 virum
2514 1227 2708 1281 quoque

588 1301 813 1347 ,ieremias
843 1299 1091 1360 describit,
1119 1301 1310 1347 dicens¹
1338 1319 1347 1346 :
1379 1303 1606 1346 «Bonum
1636 1309 1706 1347 est
1727 1300 1831 1346 viro
1862 1315 2013 1364 quum
2034 1298 2297 1364 portaverit
2312 1297 2483 1360 jugum
2505 1296 2566 1344 ab
2588 1295 2706 1344 adm

591 1398 615 1422 «
638 1378 862 1428 lescentia
884 1397 986 1438 sua,
1008 1374 1193 1427 sedebit
1206 1376 1441 1427 solitarius
1456 1390 1503 1427 et
1518 1379 1711 1438 tacebit,
1728 1380 1960 1444 quoniam
1981 1378 2169 1426 sustulit
2191 1390 2277 1442 per
2300 1392 2349 1423 se
2366 1376 2553 1439 jugum,
2572 1386 2664 1424 etc.
2679 1395 2704 1421 n

586 1457 980 1521 Chrysostomus,
1019 1459 1220 1507 homilia
1241 1462 1412 1519 XXIII,
1438 1476 1544 1523 quae
1565 1460 1632 1506 sic
1664 1459 1856 1523 incipit³
1890 1477 1900 1506 τ
1938 1461 2050 1505 «De
2085 1461 2270 1504 Joanne
2303 1455 2476 1502 dicitur
2516 1473 2526 1502 :
2564 1456 2708 1504 «Fuit

589 1557 610 1581 «
638 1537 788 1584 homo
813 1539 982 1585 missus
1006 1556 1033 1585 a
1052 1543 1178 1598 Deo,
1197 1540 1274 1586 cui
1293 1556 1473 1586 nomen
1496 1549 1598 1585 erat
1616 1542 1841 1585 Joannes.
1864 1557 1887 1582 »
1912 1538 2074 1584 Gratia
2096 1538 2145 1583 in
2171 1538 2368 1584 nomine
2385 1534 2708 1601 comprehen-

583 1616 727 1663 ditur.
755 1620 962 1665 Joannes
984 1619 1114 1665 enim
1135 1620 1475 1684 interpretatur
1497 1619 1694 1665 Domini
1717 1619 1882 1682 gratia,
1898 1617 2011 1682 quia
2032 1618 2264 1681 majorem
2279 1618 2463 1682 accepit
2485 1616 2701 1680 gratiam.

581 1699 834 1760 Propterea
857 1699 905 1743 in
930 1698 1128 1745 heremo
1151 1692 1543 1763 philosophatur,
1573 1708 1619 1745 et
1650 1708 1860 1745 reservat
1893 1715 1943 1745 se
1980 1698 2030 1744 in
2066 1694 2328 1745 adventum
2356 1695 2552 1757 Christi,
2592 1696 2706 1761 quia

580 1777 883 1823 nuntiaturus
913 1788 1014 1824 erat
1036 1778 1295 1825 Christum.
1333 1778 1502 1825 Statim
1530 1779 1580 1824 in
1609 1778 1807 1825 heremo
1836 1779 2068 1838 nutritur,
2097 1776 2256 1825 statim
2287 1777 2354 1824 ibi
2378 1776 2562 1824 crescit.
2596 1779 2703 1824 Non

580 1855 679 1902 vult
701 1871 813 1903 cum
836 1857 1116 1906 hominibus
1137 1860 1429 1918 conversari,
1449 1859 1499 1905 in
1521 1859 1719 1906 heremo
1739 1876 1851 1906 cum
1873 1859 2051 1923 angelis
2068 1858 2454 1924 philosophatur.
2477 1875 2501 1902 »

643 1937 969 1994 Considerate,
990 1939 1234 1997 monachi3
1252 1940 1534 2003 dignitatem
1552 1949 1777 1999 vestram,
1797 1944 2004 1988 Joannes
2023 1941 2246 2006 princeps
2261 1940 2405 1988 vestri
2422 1949 2493 1986 est
2507 1939 2704 2002 dogma-

579 2016 653 2062 tis.
682 2019 786 2080 Ipse
809 2018 1076 2065 monachus
1099 2019 1259 2066 statim
1275 2029 1328 2066 ut
1350 2029 1490 2067 natus
1513 2030 1584 2067 est
1606 2022 1653 2067 in
1679 2020 1875 2069 heremo
1891 2022 2026 2081 vivit,
2041 2022 2091 2068 in
2107 2021 2305 2068 heremo
2324 2019 2550 2078 nutritur,
2569 2018 2703 2066 Chri-

579 2104 705 2140 stum
718 2106 933 2159 expectat
950 2098 998 2142 in
1018 2097 1292 2144 solitudine.
1319 2100 1389 2145 Eo
1407 2108 1625 2163 tempore
1647 2117 1745 2164 quo
1761 2104 1969 2148 Joannes
1987 2111 2126 2148 natus
2142 2111 2229 2161 est,
2247 2110 2294 2148 et
2306 2101 2468 2148 eratin
2480 2101 2699 2159 heremo,

579 2174 672 2222 hoc
690 2177 923 2241 templum
936 2178 1070 2241 quod
1083 2178 1301 2224 videmus
1323 2195 1425 2225 esse
1439 2179 1754 2239 destructum,
1771 2191 1973 2244 quantas
1995 2181 2204 2228 habebat
2225 2181 2430 2240 divitias,
2447 2181 2564 2245 quid
2576 2182 2696 2241 auri,

578 2256 694 2319 quid
713 2259 912 2321 argenti,
939 2259 1173 2323 Josephus
1197 2259 1448 2317 describit3
1475 2270 1710 2323 quantum
1735 2278 2048 2324 gemmarum,
2074 2256 2310 2326 quantum
2332 2263 2469 2309 serici
2496 2280 2507 2308 ε
2533 2262 2701 2326 quanti

578 2347 713 2382 erant
736 2337 1025 2396 sacerdotes,
1052 2337 1216 2384 scribae
1237 2348 1285 2384 et
1307 2339 1528 2384 universa
1550 2356 1725 2401 genera
1745 2339 2033 2386 officiorum.
2055 2340 2225 2387 Videte
2239 2341 2489 2403 quomodo
2512 2357 2700 2406 semper

577 2415 790 2463 Christus
806 2416 1127 2464 humilitatem
1150 2418 1319 2480 diligit.
1346 2418 1560 2464 Christus
1584 2419 1672 2464 Dei
1694 2419 1818 2465 filius
1840 2420 1890 2465 in
1905 2420 2087 2484 templo
2112 2420 2338 2480 nescitur,
2357 2430 2405 2468 et
2426 2422 2476 2468 in
2500 2422 2698 2470 heremo

575 2495 875 2559 praedicatur.
915 2496 1117 2542 Humilis
1151 2497 1282 2541 enim
1311 2496 1515 2543 humiles
1544 2497 1711 2560 diligit.
1750 2501 1854 2544 Hoc
1880 2508 2038 2545 totum
2065 2516 2213 2564 quare
2241 2500 2379 2547 dico?
2408 2504 2470 2547 Ut
2498 2500 2699 2550 doceam

576 2574 813 2638 dogmatis
843 2576 996 2621 nostri
1030 2575 1299 2639 principem
1322 2592 1423 2638 esse
1453 2578 1690 2623 Joannem
1712 2578 1988 2642 Baptistam.
2027 2579 2114 2626 Hic
2145 2579 2285 2638 alter,
2317 2589 2370 2626 ut
2397 2580 2578 2627 dictum
2601 2590 2695 2641 est,

575 2653 697 2701 Elias
731 2656 780 2700 in
816 2655 1008 2719 spiritu,
1044 2656 1143 2701 imo
1172 2654 1387 2718 quodam
1415 2655 1662 2719 privilegio
1690 2657 1798 2703 vitae
1826 2658 1980 2721 major
2006 2658 2197 2706 habitus
2212 2697 2223 2719 ,
2255 2669 2390 2706 tanto
2418 2660 2650 2723 majorem
2669 2677 2697 2709 a

574 2734 784 2781 Domino
808 2735 1007 2797 gratiam
1025 2735 1259 2798 percepit,
1282 2744 1464 2799 quanto
1482 2735 1622 2799 hujus
1645 2736 1972 2785 excellentiam
1995 2739 2176 2802 gratiae,
2203 2755 2259 2786 ex
2280 2749 2519 2804 praecepto
2542 2740 2697 2804 angeli

574 2816 872 2862 nativitatem
895 2815 995 2878 ejus
1016 2816 1299 2874 nuntiantiS,
1319 2815 1498 2879 talique
1520 2818 1736 2877 nomine,
1757 2818 1891 2882 quod
1911 2819 2039 2866 hanc
2054 2820 2338 2885 exprimeret
2361 2821 2697 2883 gratianum&

574 2895 667 2940 ruit
700 2894 933 2957 insigniri.
974 2898 1079 2958 Ipse
1113 2911 1279 2941 revera
1307 2911 1486 2958 onager
1514 2896 1634 2943 liber
1664 2897 1775 2956 fuit,
1810 2899 1893 2962 qui
1921 2898 1983 2945 ab
2011 2899 2213 2947 infantia
2244 2900 2396 2964 rupt1s
2430 2898 2695 2948 carnalium

573 2973 882 3020 affectionum
904 2973 1122 3033 vinculis,
1149 2984 1403 3038 spretaque
1423 2974 1573 3022 domo
1597 2987 1869 3040 parentum,
1889 2978 1952 3025 ad
1973 2978 2225 3026 horridum
2246 2979 2429 3027 heremi
2450 2980 2693 3028 desertum

573 3068 621 3098 se
649 3052 852 3100 contulit
879 3072 889 3099 ε
918 3070 1019 3100 non
1048 3051 1246 3118 quidem
1275 3063 1329 3100 ut
1359 3054 1486 3101 Elias
1515 3065 1646 3102 metu
1674 3058 2020 3121 persecutionis
2042 3069 2259 3118 coactus,
2291 3059 2376 3107 sed
2397 3059 2691 3107 abstinentiae

574 3131 746 3178 virtute
768 3143 1077 3196 spontaneus.
1105 3134 1200 3190 Qui
1221 3134 1272 3179 in
1294 3133 1374 3181 illa
1395 3134 1668 3195 solitudine,
1686 3153 1832 3201 quam
1853 3138 2147 3202 salsugineos
2163 3149 2210 3186 et
2224 3139 2367 3186 aridae
2382 3148 2517 3186 terrae
2539 3140 2692 3188 taber-

573 3210 797 3257 naculum
815 3204 1023 3260 efficeret
1044 3230 1219 3279 corpus
1244 3230 1402 3274 suum,
1427 3215 1682 3279 Evangelia
1705 3217 1898 3265 docent.
1927 3218 2337 3267 Ubi-naturalibus
2353 3219 2488 3279 cibis,
2515 3229 2561 3268 et
2584 3237 2689 3286 quae

945 3279 973 3313 0

616 3356 624 3373 ¹
644 3357 747 3398 Epist.
765 3369 861 3396 xviii,
884 3361 963 3401 Opp.
983 3367 1007 3392 t.
1025 3360 1081 3402 IV,
1098 3368 1182 3404 part.
1199 3362 1249 3403 11,
1264 3372 1300 3405 p.
1315 3363 1422 3395 46.—
1435 3361 1448 3378 ¹
1467 3362 1600 3401 Thren„
1655 3374 1766 3397 verum
1802 3376 1873 3398 eam
1909 3366 2057 3400 invenies
2089 3367 2122 3399 in
2157 3367 2300 3400 editione
2333 3368 2432 3402 latina
2467 3379 2539 3411 quae
2564 3369 2685 3412 prodiit

572 3424 645 3455 cap.
675 3425 726 3453 m,
754 3425 786 3446 v.
813 3418 865 3448 27.
883 3434 923 3438 —
940 3417 952 3433 ³
971 3418 1047 3450 Haec
1066 3418 1206 3452 homelia
1225 3420 1334 3463 spuria
1353 3419 1513 3460 hahetur,
1540 3429 1602 3452 nec
1655 3422 1786 3455 Parisiis
1800 3448 1808 3462 ‚
1828 3424 1925 3464 1687,
1942 3423 2071 3463 iii-fol„
2088 3430 2107 3456 ι,
2129 3423 2193 3464 ΙΙΙ,
2210 3424 2274 3457 col.
2295 3425 2367 3457 165.

572 3470 688 3511 legitur
721 3471 750 3502 in
782 3470 977 3504 editionibus
1009 3485 1135 3515 graeeo-
1152 3475 1258 3508 latinis
1286 3476 1325 3508 D.
1353 3476 1599 3519 Chrysostomi;
