2970 4152
545 429 640 479 470
1344 433 1514 479 PETRI
1549 433 1862 480 ABAELARDI

545 524 864 571 sanctificatur
886 535 1027 588 atque
1050 523 1371 584 benedicitur,
1397 543 1480 573 seu
1502 526 1724 573 laudatur
1746 537 1793 573 et
1815 525 2129 590 glorificatur,
2161 544 2312 590 quum
2334 528 2434 591 ejus
2456 526 2662 593 populus

545 615 705 665 sancte
729 621 783 651 ac
805 605 1020 667 religiose
1043 605 1232 663 vixerit,
1251 615 1297 651 et
1319 605 1437 653 illud
1457 607 1667 653 vivendo
1691 607 2025 671 compleverit,
2049 606 2181 669 quod
2204 607 2403 671 ipsemet
2424 609 2658 672 praecipit,

545 684 725 730 dicens¹
754 702 763 729 :
795 703 817 728 «
839 687 1014 730 Luceat
1036 683 1114 730 lux
1138 694 1294 731 vestra
1324 702 1488 732 coram
1516 686 1818 745 hominibus,
1850 696 1904 732 ut
1924 686 2120 733 videant
2148 703 2294 751 opera
2323 696 2478 733 vestra
2505 687 2660 745 bona,

545 775 590 810 et
613 763 877 826 glorificent
899 774 1083 829 patrem
1107 774 1317 811 vestrum
1340 767 1422 830 qui
1443 767 1491 812 in
1516 767 1645 813 coelis
1669 777 1756 813 est.
1783 786 1807 810 »
1834 769 1904 813 De
1927 782 2023 830 qua
2045 767 2189 812 etiam
2212 765 2555 829 glorificatione
2576 766 2664 813 Dei

544 844 619 890 vel
634 844 1009 891 sanctificatione
1023 845 1172 892 divini
1190 846 1399 892 nominis
1415 863 1501 911 per
1517 846 1742 892 eumdem
1761 846 2050 910 prophetam
2067 855 2415 909 consequenter
2430 845 2665 892 Dominus

544 924 778 988 adjungit²
811 943 820 970 :
857 929 956 971 «Et
992 924 1302 972 sanctificabo
1338 942 1517 972 nomen
1547 943 1732 984 meum,
1770 925 1904 988 quod
1938 925 2175 989 pollutum
2204 936 2274 972 est
2313 926 2437 971 inter
2471 935 2662 988 gentes,

544 1005 675 1068 quod
698 1004 930 1068 polluistis
951 1006 1001 1051 in
1025 1005 1185 1052 medio
1209 1022 1390 1052 earum.
1413 1025 1436 1049 »
1463 1005 1607 1063 Quod
1630 1006 1773 1051 etiam
1797 1005 1999 1068 qualiter
2022 1004 2126 1062 fiat,
2153 1005 2497 1069 subsequenter
2518 1020 2665 1069 expo-

544 1086 637 1144 nit,
664 1085 847 1132 dicens³
871 1104 881 1131 ε
903 1089 996 1132 «Et
1018 1085 1189 1132 faciam
1211 1096 1263 1132 ut
1285 1087 1333 1131 in
1357 1086 1603 1150 praeceptis
1626 1085 1744 1131 meis
1767 1085 2037 1142 ambuletis,
2056 1094 2146 1130 etc.
2167 1104 2188 1127 υ
2216 1085 2346 1131 Sicut
2367 1086 2496 1131 enim
2517 1100 2668 1149 quan-

543 1176 646 1212 tum
667 1167 717 1212 in
742 1166 882 1212 nobis
905 1176 1001 1224 est,
1033 1166 1381 1213 inhonoramus
1410 1168 1588 1223 Deum,
1622 1182 1771 1228 quum
1802 1165 1902 1228 ejus
1930 1174 2167 1229 praecepta
2189 1166 2572 1224 contemnimus;
2602 1166 2668 1212 ita

544 1257 590 1294 et
622 1264 647 1293 e
671 1248 912 1294 contra'rio
942 1257 1106 1294 nostra
1135 1264 1245 1293 eum
1273 1247 1482 1293 honorat
1512 1246 1803 1293 obedientia.
1838 1249 2023 1292 Nomen
2053 1246 2214 1310 itaque
2242 1246 2365 1309 ejus,
2391 1246 2525 1310 quod
2545 1247 2595 1293 in
2618 1263 2669 1294 se

543 1314 762 1374 sanctum
784 1337 877 1385 est,
913 1328 961 1373 in
998 1326 1139 1373 nobis
1171 1327 1315 1373 etiam
1337 1325 1681 1384 sanctificatur,
1709 1344 1860 1390 quum
1882 1328 1949 1374 sic
1977 1326 2066 1373 sub
2090 1328 2287 1373 nomine
2309 1327 2409 1390 ejus
2436 1328 2665 1386 vivimus,

544 1418 595 1454 ut
616 1409 740 1473 ipse,
766 1408 899 1471 cujus
923 1407 1006 1454 filii
1029 1425 1129 1454 esse
1152 1408 1379 1467 dicimur,
1413 1425 1467 1454 ex
1489 1408 1587 1454 vita
1610 1418 1776 1455 nostra
1798 1407 2106 1471 glorificetur.
2135 1412 2197 1455 Ut
2219 1419 2379 1455 autem
2401 1410 2467 1455 ita
2489 1425 2668 1456 nomen

543 1488 642 1551 ejus
666 1487 985 1534 sanctificetur
1007 1488 1057 1533 in
1081 1487 1239 1546 nobis,
1267 1487 1506 1534 orandum
1530 1487 1670 1533 nobis
1693 1497 1765 1534 est
1786 1498 1856 1546 ut,
1884 1488 2079 1552 expulso
2103 1505 2132 1535 a
2154 1488 2295 1534 nobis
2317 1505 2466 1551 regno
2489 1488 2670 1536 diaboli

542 1569 640 1615 sive
668 1568 875 1632 peccati,
903 1567 962 1613 de
985 1584 1083 1631 quo
1107 1567 1222 1613 dicit
1244 1567 1525 1632 Apostolus⁴
1552 1586 1562 1614 z
1595 1587 1618 1611 t<
1636 1570 1742 1614 Non
1766 1578 1933 1631 regnet
1954 1578 2206 1632 peccatum
2228 1568 2277 1614 in
2299 1579 2459 1615 vestro
2482 1569 2672 1616 mortali

543 1658 738 1713 pectore
761 1648 822 1694 ad
846 1647 1173 1696 obediendum
1202 1648 1602 1712 concupiscentiis
1630 1647 1754 1711 ejus,
1777 1666 1800 1691 »
1826 1664 2028 1711 regnum
2057 1648 2144 1694 Dei
2172 1648 2396 1695 adveniat
2430 1649 2481 1695 in
2509 1648 2667 1695 nobis.

544 1732 601 1774 Et
627 1728 722 1774 hoc
745 1737 815 1774 est
837 1727 970 1791 quod
992 1726 1206 1773 secundo
1229 1728 1435 1791 petimus
1458 1727 1670 1774 dicentes
1692 1746 1702 1773 ε
1733 1746 1756 1771 «
1772 1728 2006 1774 Adveniat
2027 1744 2231 1791 regnum
2253 1738 2415 1787 tuum,
2437 1746 2460 1772 »
2485 1728 2580 1775 hoc
2602 1738 2674 1775 est

543 1819 680 1856 tuum
702 1809 751 1855 in
781 1809 922 1855 nobis
950 1808 1016 1854 ita
1045 1809 1105 1854 sit
1134 1807 1428 1866 dominium,
1466 1818 1520 1854 ut
1548 1808 1636 1854 tibi
1670 1818 1990 1873 spontaneam
2023 1809 2073 1855 in
2104 1809 2330 1855 omnibus
2363 1808 2672 1856 exhibeamus

544 1889 885 1936 obedientiam.
912 1888 1057 1946 Quod
1079 1898 1132 1935 ut
1155 1887 1237 1935 fiat
1259 1905 1284 1936 a
1308 1888 1450 1935 nobis
1470 1907 1479 1934 :
1504 1889 1638 1935 «Fiat
1660 1888 1882 1935 voluntas
1904 1899 1987 1936 tua
2009 1890 2058 1935 in
2082 1889 2247 1948 nobis,
2265 1907 2288 1933 »
2314 1906 2421 1952 quae
2443 1898 2514 1936 est
2534 1889 2675 1936 tertia

544 1969 727 2034 petitio.
752 1972 873 2027 Tua,
899 1969 1122 2031 inquam,
1144 1985 1249 2032 quae
1268 1984 1426 2014 errare
1449 1984 1550 2014 non
1573 1978 1755 2032 potest,
1781 1968 1858 2015 vel
1880 1968 2006 2016 mala
2028 1985 2144 2015 esse.
2172 1972 2304 2015 Tunc
2327 1978 2488 2015 autem
2509 1967 2676 2015 volun-

544 2058 691 2096 tatem
703 2049 792 2095 Dei
805 2049 1021 2106 facimus,
1039 2065 1189 2113 quum
1203 2048 1336 2112 quod
1350 2049 1450 2113 ipse
1467 2048 1706 2113 approbat
1723 2058 1770 2096 et
1785 2048 1927 2096 nobis
1941 2049 2166 2108 consulit,
2183 2049 2454 2114 implemus.
2481 2048 2633 2107 «Fiat,
2649 2066 2672 2092 »

545 2130 765 2194 inquam,
789 2130 945 2175 «sicut
966 2129 1015 2174 in
1039 2128 1184 2187 coelo,
1205 2139 1252 2188 et
1274 2129 1322 2175 in
1347 2139 1472 2175 terra
1491 2147 1500 2175 ε
1523 2147 1547 2173 »
1572 2139 1626 2175 ut
1647 2130 1750 2193 ips'a
1773 2130 1916 2176 etiam
1939 2130 1989 2175 in
2012 2130 2187 2176 coelum
2205 2139 2513 2176 convertatur
2529 2139 2671 2176 terra.

545 2213 648 2256 Hoc
676 2219 747 2256 est
774 2210 840 2256 sic
869 2225 895 2256 a
923 2209 1195 2256 carnalibus
1225 2219 1271 2255 et
1298 2219 1489 2256 terrena
1517 2209 1839 2274 quaerentibus
1868 2210 1948 2257 illa
1975 2210 2230 2275 impleatur
2250 2247 2261 2269 ,
2293 2210 2414 2256 sicut
2443 2226 2471 2256 a
2491 2209 2678 2274 spirita·

546 2288 669 2336 libus
692 2299 739 2336 et
760 2289 967 2336 coelestia
990 2289 1389 2336 desiderantibus.

615 2389 637 2414 «
658 2373 835 2417 Panem
857 2379 1077 2416 nostrum
1098 2369 1604 2435 supersubstantialem
1626 2370 1689 2416 da
1710 2369 1852 2417 nobis
1867 2370 2031 2417 hodie.
2062 2390 2085 2415 υ
2117 2370 2394 2428 Praemissis,
2420 2379 2473 2416 ut
2495 2369 2678 2416 dictum

547 2461 639 2509 est,
679 2451 831 2497 tribus
871 2449 1183 2515 petitionibus
1216 2450 1277 2497 ad
1309 2450 1550 2498 honorem
1584 2452 1673 2497 Dei
1714 2451 2090 2515 pertinentibus,
2132 2450 2194 2498 ad
2225 2461 2433 2515 quatuor
2472 2449 2679 2513 reliquas

546 2531 707 2578 stilum
729 2532 992 2590 convertit,
1019 2531 1194 2595 quibus
1217 2541 1424 2595 quatuor
1446 2532 1750 2597 postulantur
1777 2533 2007 2591 virtutes,
2047 2533 2096 2579 in
2126 2532 2301 2596 quibus
2329 2530 2482 2578 fidelis
2510 2530 2680 2577 animae

547 2612 775 2677 perfectio
795 2612 1028 2671 consistit,
1051 2612 1308 2677 prudentia
1324 2612 1519 2672 scilicet,
1533 2613 1732 2676 justitia,
1752 2613 2085 2678 temperantia,
2106 2612 2355 2660 fortitudO.
2374 2612 2504 2658 Sicut
2519 2620 2680 2657 autem

547 2693 804 2756 prudentia
824 2702 924 2739 tam
946 2702 1163 2756 tempore
1185 2692 1317 2757 prior
1335 2702 1406 2739 est
1427 2709 1574 2757 quam
1596 2703 1790 2752 natura,
1813 2694 1878 2740 ita
1901 2703 1970 2740 est
1992 2694 2091 2756 ejus
2113 2692 2281 2757 petitio
2303 2691 2437 2756 prior
2458 2689 2674 2755 ponitur,

547 2790 698 2838 quum
721 2773 895 2820 dicitur
922 2792 932 2819 :
974 2776 1192 2820 «Panem
1214 2783 1458 2834 nostrum,
1485 2784 1605 2833 etc.,
1632 2792 1654 2818 »
1680 2791 1785 2839 quae
1813 2785 1883 2821 est
1911 2775 2078 2839 petitio
2105 2783 2290 2838 quarta.
2325 2773 2401 2818 Sic
2425 2772 2596 2835 junge,
2627 2780 2680 2818 ut

549 2853 609 2899 ab
632 2852 858 2900 omnibus
887 2863 970 2899 tua
996 2852 1219 2900 voluntas
1248 2853 1519 2918 impleatur.
1561 2857 1656 2901 Has
1690 2853 1832 2901 nobis
1860 2855 2060 2900 virtutes
2094 2853 2364 2918 impertire,
2403 2868 2507 2916 quae
2534 2849 2684 2916 perse-

548 2934 760 2980 ctionem
778 2932 1069 2980 confirmant
1086 2933 1272 2980 animae.
1293 2933 1438 2980 Cibus
1456 2934 1626 2981 animae
1643 2944 1735 2994 est,
1757 2945 1804 2981 et
1825 2934 2048 2999 spiritalis
2071 2935 2171 2998 ejus
2193 2933 2331 2998 panis
2343 2969 2354 2991 ,
2374 2930 2683 2994 intelligentia

550 3012 699 3060 divini
720 3013 879 3071 verbi,
906 3013 966 3060 de
989 3030 1087 3077 quo
1109 3014 1420 3077 perMoysen
1446 3013 1640 3060 dicitur⁵
1664 3033 1674 3061 ε
1705 3034 1728 3059 «
1751 3017 1856 3061 Non
1887 3014 1936 3060 in
1967 3014 2071 3061 solo
2100 3030 2226 3078 pane
2254 3013 2372 3060 vivit
2398 3011 2572 3069 homo,
2598 3009 2682 3057 sed

550 3092 598 3138 in
622 3094 756 3140 omni
776 3093 927 3140 verbo
950 3093 1084 3158 quod
1106 3093 1327 3158 procedit
1355 3093 1416 3140 de
1446 3110 1529 3140 ore
1557 3095 1661 3141 Dei.
1685 3113 1708 3138 υ
1745 3097 1886 3141 Hunc
1913 3111 2114 3159 panem,
2147 3094 2198 3140 id
2226 3104 2296 3140 est
2324 3091 2683 3155 intelligentiam

551 3189 693 3219 sacrae
729 3174 971 3238 scripturae
1005 3174 1088 3238 qui
1120 3190 1221 3220 non
1259 3174 1470 3221 ruminat
1489 3211 1499 3233 ‚
1544 3185 1591 3221 et
1628 3175 1678 3221 in
1717 3192 1776 3222 eo
1819 3175 2107 3222 divisionem
2145 3173 2333 3237 ungulae
2369 3189 2470 3219 non
2503 3170 2652 3217 habet
2668 3207 2680 3229 ‚

552 3251 859 3299 immundum
882 3254 1059 3301 animal
1080 3254 1155 3301 lex
1173 3253 1381 3317 judicat,
1414 3254 1526 3317 quia
1548 3254 1678 3301 nulla
1701 3265 1771 3301 est
1794 3256 1967 3302 mentis
1990 3254 2256 3312 munditia,
2282 3253 2366 3299 ubi
2389 3268 2558 3299 eorum
2579 3267 2684 3314 quae

604 3454 612 3470 ¹
640 3453 768 3494 matth„
783 3465 857 3497 cap.
872 3465 903 3494 v,
919 3466 948 3488 v.
964 3457 1065 3488 22.-
1079 3454 1091 3471 ¹
1106 3456 1241 3495 Ezech.‚
1258 3467 1334 3500 cap.
1351 3467 1449 3490 xxxvi
1464 3482 1472 3497 ‚
1490 3468 1520 3490 v.
1537 3458 1591 3490 93.
1648 3457 1775 3491 mortali
1804 3468 1944 3500 corpore
1963 3481 1971 3495 ‚
2004 3464 2039 3490 ut
2073 3456 2231 3490 obediatis
2259 3454 2531 3498 concupiscentiis
2560 3451 2641 3495 ejus.
2667 3464 2683 3481 ι

558 3509 728 3549 -⁸1bid.,
742 3520 773 3543 v.
786 3510 903 3542 27.—⁴
915 3527 928 3538 α
943 3511 1013 3544 Non
1027 3522 1105 3554 ergo
1121 3520 1234 3555 regnet
1248 3519 1420 3556 peccatum
1437 3514 1468 3545 in
1486 3520 1592 3547 vesu-0
1648 3513 1776 3556 (Rom.,
1795 3525 1868 3557 cap.
1884 3525 1914 3546 vi
1926 3538 1935 3554 ‚
1953 3525 1970 3546 v
2002 3513 2111 3556 ¹2.)—
2129 3513 2141 3530 ⁹
2154 3511 2282 3551 Matth„
2297 3522 2369 3554 cap.
2387 3521 2431 3550 iv,
2449 3521 2478 3542 v.
2500 3510 2533 3542 4.
