2970 4152
546 411 638 456 422
1120 413 1290 458 PETRI
1326 413 1640 461 ABAELARDI
1674 416 1748 462 ET
1781 416 2081 463 HELOlSSAE

544 505 781 553 Christum
813 506 885 553 hae
903 507 1180 554 beatissimae
1214 507 1433 556 mulieres
1455 526 1509 557 ac
1526 527 1636 558 vere
1663 512 1893 559 moniales
1915 521 2085 558 secutae
2111 511 2309 566 fuerint,
2333 523 2654 577 quantamque

544 587 740 650 gratiam
770 598 815 633 et
838 587 1075 633 honorem
1098 588 1342 634 devotioni
1363 605 1526 636 earum
1551 601 1649 637 tam
1673 592 1772 657 ipse
1798 592 2009 638 Christus
2033 607 2177 655 quam
2212 592 2522 657 postmodum
2541 609 2654 658 apo-

543 667 650 713 stoli
667 667 980 727 exhibuerint,
1001 685 1141 714 sacrae
1163 667 1410 733 diligenter
1425 670 1631 719 historiae
1649 673 1912 719 continent.
1936 672 2153 735 Legimus
2168 672 2215 717 in
2236 672 2509 735 Evangelio¹
2526 689 2652 720 mur-

545 757 811 793 murantem
848 748 1155 808 Pharisaeum,
1190 750 1273 813 qui
1299 749 1506 815 hospitio
1538 752 1800 798 Dominum
1829 761 2123 817 susceperat,
2153 751 2213 798 ab
2237 752 2341 817 ipso
2370 768 2471 799 esse
2503 769 2654 800 corre-

543 837 671 872 ctum
690 829 720 886 ²,
750 838 797 874 et
820 829 1093 893 peccatricis
1125 829 1332 877 mulieris
1360 829 1643 895 obsequium
1668 831 1888 896 hospitio‘
1898 832 1998 895 ejus
2016 831 2156 895 longe
2175 848 2276 879 esse
2291 831 2553 899 p1aelatum.
2574 825 2671 899 Le(

542 908 694 970 gimus
712 909 785 954 ³et
809 911 983 955 Lazaro
1009 909 1108 972 jam
1138 911 1411 973 resuscitato
1447 928 1558 958 cum
1582 913 1759 958 caeteris
1796 912 2147 971 discumbente,
2177 910 2655 960 Martham⁸sororem
2703 914 2706 930 ²

541 990 640 1052 ejus
662 990 813 1036 solam
839 991 1014 1037 mensis
1031 992 1319 1052 ministrare,
1346 1002 1391 1039 et
1414 994 1610 1039 Mariam
1635 993 1817 1058 copiosi
1837 992 2006 1040 libram
2033 994 2259 1056 unguenti
2283 992 2484 1057 pedibus
2502 982 2654 1040 domiss

540 1070 657 1116 nicis
675 1071 949 1131 infundere,
975 1073 1275 1137 propriisque
1306 1072 1485 1137 capillis
1509 1073 1637 1138 ipsos
1671 1083 1937 1137 extergere,
1966 1072 2203 1136 hujusque
2228 1074 2407 1137 copiosi
2427 1074 2653 1137 unguenti

540 1150 689 1197 odore
706 1151 907 1198 domum
926 1153 1079 1217 ipsam
1094 1153 1340 1218 impletam
1355 1153 1497 1199 fuisse
1514 1189 1526 1212 ,
1557 1170 1612 1200 ac
1633 1153 1694 1200 de
1708 1154 1862 1219 pretio
1880 1153 2026 1217 ipsius
2037 1189 2049 1212 ,
2072 1153 2183 1217 quia
2208 1163 2303 1199 tam
2325 1154 2527 1200 inaniter
2542 1169 2658 1200 con-

540 1231 662 1277 sumi
676 1231 934 1292 videretur‚
958 1235 982 1279 J
986 1232 1129 1279 udam
1146 1234 1195 1279 in
1212 1234 1650 1298 concupiscentiam
1666 1233 1891 1293 ductum,
1912 1243 1958 1280 et
1971 1233 2228 1298 discipulos
2253 1232 2522 1298 indignatos
2534 1249 2651 1280 esse.

539 1313 786 1377 Satagente
807 1314 964 1377 itaque
982 1313 1165 1361 Martha
1182 1313 1242 1360 de
1258 1313 1399 1374 cibis,
1421 1315 1567 1361 Maria
1593 1314 1802 1380 disponit
1815 1315 1828 1338 ⁴
1843 1314 1904 1361 de
1924 1314 2199 1378 unguentis,
2229 1323 2275 1360 et
2293 1330 2436 1377 quem
2456 1313 2536 1360 illa
2550 1312 2655 1360 refi-

539 1393 600 1439 cit
618 1394 813 1441 interius
831 1431 842 1454 ,
865 1394 966 1442 haec
989 1394 1212 1442 lassatum
1232 1394 1409 1441 refovet
1426 1397 1439 1419 ⁵
1456 1395 1674 1442 exterius.
1675 1367 1804 1530 [Nec
1820 1395 1910 1442 nisi
1929 1395 2126 1442 feminas
2141 1394 2350 1441 Domino
2371 1394 2656 1441 ministrasse
2692 1410 2694 1412 ’

540 1474 771 1538 scriptura
797 1486 1143 1522 commemorat
1154 1475 1423 1539 evangelica
1438 1477 1465 1521 ⁶.
1490 1478 1606 1532 Quae
1617 1493 1675 1540 pr
1710 1476 1836 1540 prias
1848 1476 1993 1522 etiam
2010 1474 2250 1521 facultates
2263 1475 2312 1520 in
2329 1473 2657 1538 quotidianam

537 1556 636 1617 ejus
652 1556 927 1602 alimoniam
950 1557 1194 1616 dicabant,
1222 1567 1268 1603 et
1293 1557 1333 1603 ei
1359 1557 1592 1620 praecipue
1617 1556 1758 1619 hujus
1781 1557 1883 1602 vitae
1906 1556 2168 1602 necessaria
2192 1554 2529 1619 procurabant.
2553 1557 2658 1620 lpse

537 1636 778 1701 discipulis
798 1638 846 1683 in
866 1654 1056 1696 mensa,
1086 1638 1188 1703 ipse
1217 1638 1265 1683 in
1294 1637 1536 1683 ablutione
1563 1637 1741 1700 pedum
1760 1635 2082 1683 humillimum
2100 1652 2158 1682 se
2176 1636 2443 1682 ministrum
2469 1635 2658 1682 exhibe-

539 1716 622 1762 bat
640 1720 667 1762 ⁷.
695 1721 730 1762 A
756 1717 888 1764 nullo
915 1734 1027 1786 vero
1054 1718 1395 1782 discipulorum
1411 1754 1422 1776 ,
1451 1717 1526 1764 vel
1553 1718 1696 1764 etiam
1723 1717 1964 1776 virorum,
1986 1716 2082 1763 hoc
2109 1732 2220 1763 eum
2245 1716 2659 1780 suscepissenovi-

539 1813 644 1842 mus
678 1797 963 1861 obsequium
987 1817 997 1844 :
1028 1798 1111 1844 sed
1138 1798 1286 1856 solas,
1317 1808 1368 1843 ut
1393 1797 1620 1856 diximus,
1654 1797 1852 1843 feminas
1880 1798 1930 1843 in
1955 1797 2028 1843 his
2053 1795 2126 1843 vel
2153 1797 2331 1843 caeteris
2352 1784 2660 1844 humanitatis

539 1875 779 1939 obsequiis
805 1877 1120 1923 ministerium
1155 1876 1461 1940 impendisse.
1491 1877 1692 1923 Et'sicut
1725 1877 1772 1921 in
1800 1876 1880 1922 illo
1906 1875 2124 1934 Marthae,
2153 1876 2216 1921 ita
2241 1876 2292 1921 in
2319 1875 2410 1921 isto
2429 1866 2658 1921 ‘novimus

538 1955 824 2019 obsequium
842 1958 1036 2002 Maria-3⁸.
1074 1955 1405 2019 Quae‘quidem
1435 1956 1482 2001 in
1515 1955 1610 2001 hoc
1630 1955 1900 2002 exhibendo
1926 1963 2059 2001 tanto
2089 1955 2181 2001 fuit
2205 1955 2440 2014 devotior,
2475 1964 2655 2018 quanto

537 2046 645 2082 ante
663 2036 812 2082 fuerat
830 2036 1144 2082 criminosior.
1165 2036 1424 2093 Dominus,
1450 2051 1571 2099 aqua
1594 2036 1641 2081 in
1669 2036 1845 2100 pelvim
1871 2036 2035 2095 missa,
2059 2035 2182 2082 illius
2206 2035 2461 2082 ablutionis
2477 2036 2656 2100 peregit

539 2114 775 2174 officium3
806 2115 899 2162 hoc
928 2132 1039 2162 vero
1065 2116 1167 2180 ipsa
1192 2117 1234 2162 ei
1269 2116 1489 2179 lacrymis
1515 2116 1690 2162 intimae
1716 2116 2123 2180 compunctionis,
2154 2131 2250 2162 non
2286 2116 2508 2162 exteriori
2534 2130 2658 2180 aqua

538 2196 764 2243 exhibuit.
808 2196 1005 2243 Ablutos
1030 2187 1374 2262 discipulorum
1405 2196 1551 2261 pedes
1576 2197 1722 2243 linteo
1750 2197 1985 2243 Dominus
2010 2196 2226 2255 extersit3
2263 2195 2365 2242 haec
2397 2209 2486 2260 pro
2509 2195 2656 2243 linteo

539 2277 716 2342 capillis
744 2294 827 2324 usa
850 2287 934 2324 est.
965 2280 1194 2324 Fomenta
1213 2287 1568 2340 unguentorum
1593 2278 1786 2342 insuper
1809 2276 2013 2336 addidit,
2034 2293 2147 2340 ‘quae
2171 2288 2472 2340 nequaquam
2496 2277 2657 2323 Domi-

541 2373 657 2403 num
676 2356 950 2405 adhibuisse
974 2357 1190 2422 legimus,
1222 2358 1338 2415 Quis
1357 2358 1499 2405 etiam
1518 2358 1704 2421 ignoret
1732 2357 1977 2403 mulierem
1998 2357 2237 2404 intantum
2257 2356 2317 2403 de
2345 2357 2491 2422 ipsius
2508 2358 2657 2421 'gratia

537 2439 909 2504 praesumpsis'se,
935 2447 985 2485 ut
1002 2449 1146 2503 caput
1158 2456 1352 2503 quoque
1366 2440 1466 2502 ejus
1485 2439 1731 2504 superfuso
1751 2438 2001 2486 delibuerit
2014 2438 2291 2502 unguento?
2310 2438 2454 2495 Quod
2463 2437 2656 2502 quidem

538 2529 834 2583 unguentum
854 2536 952 2566 non
971 2519 1032 2566 de
1045 2519 1280 2566 alabastro
1300 2529 1561 2566 extractum
1574 2556 1585 2578 ,
1607 2519 1691 2566 sed
1710 2519 1857 2566 fracto
1875 2518 2108 2565 alabastro
2126 2527 2419 2564 memoratur
2436 2518 2655 2575 effusum,

540 2610 591 2646 ut
615 2600 772 2647 nimiae
796 2600 1066 2647 devotionis
1087 2599 1350 2647 vehemens
1377 2600 1721 2664 exprimeretur
1741 2599 2031 2646 desiderium
2050 2634 2065 2658 ,.
2082 2615 2188 2663 quae
2210 2598 2271 2644 ad
2301 2598 2486 2646 nullum
2500 2600 2518 2623 ⁰
2533 2598 2665 2645 ulte-¹

539 2682 634 2727 rius
671 2697 810 2727 usum
835 2680 953 2727 illud
989 2680 1331 2727 reservandum
1367 2679 1611 2739 censebat,
1641 2697 1738 2744 quo
1763 2680 1812 2726 in
1841 2689 1973 2726 tanto
2005 2694 2089 2725 usa
2114 2679 2172 2724 sit
2197 2677 2444 2741 obsequio.
2474 2681 2527 2724 In
2560 2695 2656 2741 quo

539 2762 679 2808 etiam
705 2762 859 2827 ipsum
876 2762 976 2825 jam
994 2761 1232 2807 unctionis
1248 2761 1486 2808 defectum
1508 2761 1640 2807 factis
1653 2761 1766 2825 ipsis
1786 2760 1999 2816 exhibet,
2031 2775 2176 2823 quem
2194 2768 2333 2805 antea
2351 2757 2517 2804 Daniel
2533 2758 2658 2805 futu·

538 2858 643 2886 rum
662 2841 938 2906 praedixerat
953 2843 978 2865 ¹⁰
1000 2859 1009 2885 z
1030 2851 1286 2905 postquam
1303 2840 1520 2887 videlicet
1544 2840 2054 2904 ungeretur¹¹‘Sanctus
2072 2848 2362 2885 sanctorum.
2387 2839 2658 2885 Ecceenim

538 2923 763 2968 Sanctum
788 2931 1062 2968 sanctorum
1093 2920 1263 2968 mulier
1286 2921 1498 2986 inungit,
1530 2930 1577 2968 et
1610 2937 1721 2967 eum
1747 2920 1922 2985 pariter
1947 2919 2078 2966 hunc
2102 2936 2202 2966 esse
2231 2935 2375 2983 quem
2406 2919 2556 2966 credit
2572 2955 2584 2977 ‚
2611 2929 2658 2966 et

538 3020 681 3066 quem
700 3002 856 3050 verbis
875 3002 1109 3068 propheta
1127 3003 1513 3068 praesignaverat,
1537 3003 1668 3049 factis
1692 3003 1793 3067 ipsa
1807 3002 2086 3066 proclamat.
2116 3004 2232 3058 Quae
2251 3011 2322 3048 est
2339 3002 2426 3048 ista
2441 3037 2453 3060 ,
2469 3017 2651 3065 quaeso,

540 3083 732 3128 Domini
751 3082 1044 3146 benignitas;
1073 3093 1154 3129 aut
1173 3099 1278 3147 quae
1303 3082 1556 3130 mulierum
1576 3082 1800 3145 dignitas,
1829 3092 1880 3127 ut
1911 3091 2007 3127 tam
2040 3080 2182 3145 caput
2207 3096 2352 3144 quam
2377 3079 2523 3144 pedes
2547 3096 2657 3127 suos

542 3164 642 3227 ipse
667 3179 766 3209 non
793 3164 881 3210 nisi
906 3163 1091 3210 feminis
1118 3162 1349 3228 praeberet
1376 3162 1718 3227 inungendos?
1743 3164 1859 3219 Quae
1889 3171 1959 3208 est
1984 3161 2097 3220 ista,
2127 3160 2353 3218 obsecro,
2382 3158 2656 3207 infirmioris

542 3260 677 3290 sexus
709 3244 1036 3308 praerogativa,
1067 3254 1118 3290 ut
1143 3260 1383 3291 summurn
1402 3243 1649 3290 'Christum
1668 3242 1892 3289 omnibus
1917 3242 2117 3307 Spiritus
2142 3241 2290 3287 sancti
2316 3240 2569 3303 unguentis
2595 3238 2656 3285 ab

588 3388 596 3404 ¹
623 3388 718 3427 Luc.‚
746 3398 817 3430 cap.
847 3399 907 3429 vn,
935 3399 966 3420 v.
997 3390 1033 3420 37
1063 3396 1095 3421 et
1119 3399 1169 3432 sq.
1187 3406 1226 3412 -
1247 3387 1260 3405 ’
1282 3390 1464 3429 Coi-replum
1483 3388 1520 3421 C.
1534 3404 1579 3412 —·
1623 3399 1652 3420 v.
1673 3389 1704 3419 5.
1723 3406 1753 3411 —
1773 3387 1785 3403 '³
1805 3388 1919 3425 Mam„
1936 3397 2009 3429 cap.
2027 3396 2094 3423 xiv,
2113 3396 2141 3417 v.
2158 3387 2190 3417 3.
2206 3384 2267 3407 —--⁹
2282 3384 2336 3417 Sic
2350 3385 2562 3417 l).-Mulmm
2577 3383 2682 3416 Edd..

543 3445 554 3461 ³
573 3445 682 3485 Joan.,
698 3455 770 3486 cap.
786 3456 829 3476 xu
842 3470 850 3483 ‚
867 3456 896 3476 v.
916 3447 947 3476 3.
959 3462 1000 3468 -
1013 3444 1025 3460 ⁴
1039 3445 1092 3477 Sic
1106 3444 1432 3486 1).-DisposuicEdd.
1445 3463 1474 3468 —-
1490 3444 1503 3462 ⁸
1518 3446 1579 3477 Fo-
1624 3463 1662 3468 —-
1680 3444 1709 3461 ¹⁰
1728 3444 1824 3482 Dan.,
1841 3455 1914 3486 cap.
1933 3455 1961 3475 ix
1974 3470 1982 3483 ,
2002 3454 2031 3475 v.
2053 3444 2108 3474 ⁶24.
2123 3460 2164 3464 —
2182 3441 2208 3458 ¹¹
2230 3443 2438 3482 Immqeretm·
2457 3440 2493 3472 D.

543 3509 589 3534 vet
605 3501 670 3534 CD.
684 3519 727 3526 --
745 3500 756 3518 ⁰
774 3501 868 3541 Luc.‚
893 3512 966 3544 cap.
992 3513 1064 3540 viu,
1082 3513 1110 3533 v.
1134 3504 1166 3534 2.
1185 3520 1221 3524 —
1241 3502 1252 3519 '¹
1270 3502 1379 3542 Joan.,
1403 3512 1475 3544 cap.
1497 3512 1575 3539 xm,

2699 3067 2762 3119 ,J
