2970 4152
745 370 1056 418 EXPOSlTIO
1091 369 1248 417 FIDEI
1284 369 1341 417 ΙΝ
1374 367 1690 415 SYMBOLUM
1723 365 2054 416 ATHANASH.
2372 368 2466 414 6117

355 465 559 525 riuntur,
592 464 668 512 vel
689 465 772 530 qui
794 465 878 513 diu
898 449 1141 523 vixerunt,
1165 461 1285 511 illud
1305 460 1485 522 solum,
1511 461 1600 509 vel.
1613 460 1733 510 illud
1757 470 1946 509 tantum
1967 459 2036 507 ibi
2057 460 2152 508 sint
2173 459 2383 507 habituri
2407 459 2467 508 de

354 547 618 610 quantitate
650 562 746 594 suae
771 545 1104 612 corpulentiae,
1135 543 1268 609 quod
1287 542 1368 603 hic
1387 542 1684 603 habuerunt,
1711 541 1945 590 nonnulla
1979 551 2050 589 est
2070 542 2285 607 quaestio.
2317 541 2469 598 Quid-

351 625 473 690 quid
500 636 661 674 tamen
687 626 749 674 de
769 626 865 674 hoc
885 626 1169 675 aestimemus
1181 660 1194 686 ,
1215 623 1334 689 illud
1356 622 1695 692 proculdubio
1718 632 1906 671 constat
1918 660 1929 682 ,
1948 622 2356 669 <resurrectionem
2376 621 2470 668 dici

356 720 457 752 non
483 721 626 771 posse
658 705 839 771 absque
871 705 951 754 illa
971 704 1188 771 corporis
1219 703 1486 752 substantia
1502 739 1515 762 ,
1539 718 1644 767 quae
1664 701 1859 767 pertulit
1885 718 2050 750 casum
2078 701 2129 749 in
2161 711 2334 748 morte.
2365 721 2387 746 «
2414 704 2471 747 Et

356 784 590 832 reddituri
613 801 795 833 sumus.
818 803 843 830 »
874 786 923 832 Si
951 784 1046 832 hoc
1066 799 1259 849 quoque
1289 781 1571 848 generaliter
1591 781 1653 830 de
1676 780 1902 829 omnibus
1923 780 2228 845 intelligatur,
2255 797 2469 845 quaeren-

357 864 475 912 dum
501 865 690 914 videtur
718 865 968 931 quomodo
998 864 1207 931 parvulis
1241 862 1559 912 morientibus
1592 862 1643 910 id
1664 861 1920 910 conveniat
1937 899 1949 920 ,
1974 861 2050 908 vel
2070 862 2290 927 perfectis
2308 863 2466 925 justis,

356 944 439 1008 qui
458 944 618 1010 potius
639 955 751 992 sunt
771 944 839 992 ibi
855 945 1113 1009 judicaturi
1137 942 1285 1010 quam
1299 942 1566 1008 Judicandi.
1595 942 1911 1008 Quippehquae
1932 942 2055 989 ratio
2081 942 2141 988 de
2158 942 2253 988 suis
2275 952 2390 988 tunc
2410 942 2471 989 ab

357 1026 425 1072 eis
446 1025 674 1090 exigenda
697 1035 790 1086 est,
815 1024 1045 1074 discussio
1069 1035 1139 1073 est
1161 1023 1400 1086 facienda,
1427 1024 1510 1089 qui
1531 1023 1582 1071 in
1604 1033 1738 1070 tanta
1758 1022 2050 1088 perfectione
2066 1022 2374 1070 beatitudinis
2397 1039 2474 1087 ap-

357 1103 618 1170 parebunt,
643 1114 697 1152 ut
728 1122 840 1153 cum
861 1106 966 1171 ipso
998 1106 1209 1153 Domino
1240 1104 1480 1153 resideant
1497 1102 1791 1167 judicantes,
1818 1118 1907 1149 nec
1929 1110 2027 1149 tam
2055 1119 2144 1166 pro
2168 1119 2217 1149 se
2237 1103 2473 1149 rationem

357 1183 616 1246 reddituri,
651 1201 797 1250 quam
825 1201 852 1233 a
876 1186 1054 1233 caeteris
1091 1186 1318 1233 exacturi.
1347 1184 1565 1249 Denique
1588 1181 1774 1249 parvuli
1791 1220 1803 1242 ,
1830 1181 2002 1247 quibus
2031 1182 2161 1229 nulla
2194 1181 2474 1248 imputanda

358 1275 470 1313 sunt
490 1282 660 1331 opera,
688 1282 835 1331 quam
854 1265 923 1314 ibi
943 1264 1125 1313 habent
1145 1266 1383 1314 rationem
1404 1264 1606 1312 reddere
1630 1262 1690 1310 de
1712 1262 1919 1328 propriis
1938 1262 2100 1309 factis?
2121 1262 2214 1310 Sed
2236 1263 2471 1328 profecto,

353 1344 770 1411 quemadmodum
797 1344 1001 1394 diximus
1025 1361 1194 1394 omnes
1215 1344 1438 1394 homines
1459 1343 1528 1391 ibi
1549 1358 1818 1406 resurgere,
1848 1358 1948 1389 non
1970 1351 2024 1388 ut
2053 1341 2114 1389 de
2137 1342 2331 1405 singulis
2362 1352 2477 1389 tunc

358 1426 691 1494 resurrecturis
713 1424 763 1474 id
785 1442 1014 1490 cogamur
1031 1425 1293 1490 intelligere
1308 1462 1319 1484 ‚
1345 1423 1430 1473 sed
1450 1424 1519 1471 ita
1538 1433 1654 1472 tunc
1679 1422 1899 1471 omnium
1920 1422 2321 1469 resurrectionem
2343 1439 2476 1469 com-

359 1504 503 1570 pleri,
527 1515 581 1554 ut
604 1504 734 1554 nulla
753 1505 950 1557 ulterius
970 1504 1054 1554 fiat
1080 1524 1091 1553 ε
1116 1506 1183 1554 ita
1204 1515 1252 1553 et
1266 1504 1362 1553 hoc
1377 1503 1488 1552 loco
1510 1519 1680 1553 omnes
1702 1512 1819 1552 tunc
1840 1501 2043 1554 reddere
2058 1501 2297 1549 rationem
2315 1501 2480 1549 dicun-

359 1595 455 1646 tur,
474 1596 528 1634 ut
547 1595 663 1634 tunc
684 1585 745 1635 de
774 1585 1002 1635 omnibus
1024 1587 1090 1635 ita
1111 1586 1172 1635 sit
1197 1595 1587 1634 consummatum
1603 1583 1864 1650 judicium,
1889 1593 1942 1632 ut
1967 1582 2098 1631 nulla
2121 1582 2346 1647 deinceps
2382 1583 2477 1630 dis-

359 1667 516 1714 cussio
534 1675 679 1715 restet
689 1687 710 1726 ,‘
727 1682 789 1714 ne
807 1666 869 1714 de
889 1681 1137 1732 quoquam
1153 1664 1357 1732 amplius
1369 1663 1633 1725 dubitetur,
1651 1673 1816 1712 utrum
1830 1664 2028 1730 praemio
2051 1662 2126 1710 vel
2147 1678 2291 1727 poena
2308 1661 2481 1726 dignus

359 1747 436 1794 sit.
455 1748 513 1793 Et
534 1745 630 1794 hoc
652 1754 724 1794 est
744 1762 827 1794 eos
850 1745 919 1794 ibi
940 1745 1002 1793 de
1025 1745 1233 1812 propriis
1254 1743 1482 1811 operibus
1503 1742 1707 1792 reddere
1728 1743 1991 1803 rationem,
2011 1741 2304 1790 manifestari
2323 1742 2481 1788 omni-

359 1825 590 1893 busquid
611 1826 789 1875 horum
811 1826 1091 1875 meruerint.
1117 1829 1235 1886 Quae
1255 1825 1354 1875 duo
1376 1825 1537 1874 statim
1554 1823 1843 1873 determinat
1860 1861 1871 1883 ,
1891 1833 1992 1872 tam
2007 1821 2256 1889 praemium
2279 1821 2457 1870 scilicet
2469 1859 2480 1881 ‚

360 1922 508 1973 quam
526 1923 739 1978 poenam,
764 1906 929 1956 dicens
949 1925 960 1955 t
990 1910 1091 1955 «Et
1113 1907 1197 1973 qui
1216 1906 1350 1956 bona
1364 1915 1564 1971 egerunt
1580 1942 1593 1966 ‚
1616 1923 1640 1950 »
1665 1904 1761 1954 hoc
1779 1913 1867 1965 est,
1894 1904 1950 1964 in,
1967 1903 2217 1970 proposito
2241 1902 2485 1951 bonorum

362 2005 567 2055 operum
598 1989 748 2037 vitam
792 1997 1276 2048 consummaverunt,
1313 1986 1663 2053 qualiacunque
1699 1984 2027 2051 praecesserint
2064 2000 2228 2050 opera.
2277 2004 2300 2029 «
2329 1985 2487 2031 Vitam

358 2079 611 2129 aeternam,
638 2089 661 2115 »
686 2069 781 2117 hoc
815 2080 887 2118 est
921 2068 1272 2118 beatitudinem
1299 2057 1670 2116 indeficientem.
1706 2070 1916 2131 «Ignem
1949 2075 2179 2113 aeternum
2194 2102 2205 2124 ‚
2235 2085 2258 2109 n
2289 2065 2385 2112 hoc
2419 2076 2489 2112 est

358 2163 604 2198 summum
640 2157 783 2214 atque
819 2148 1173 2196 indeficientem
1211 2148 1475 2196 cruciatum
1490 2183 1503 2206 ,
1527 2148 1628 2194 sive
1663 2145 1741 2193 ille
1774 2146 1896 2210 ignis
1917 2161 2180 2210 corporeus
2212 2153 2400 2191 tantum
2431 2145 2490 2190 sit

363 2238 506 2295 atque
533 2227 814 2287 materialis,
847 2228 946 2277 sive
982 2227 1260 2293 quicunque
1292 2226 1493 2274 interior
1522 2225 1694 2272 animae
1722 2225 1958 2271 cruciatus
1972 2261 1984 2282 ,
2019 2224 2102 2288 qui
2139 2222 2336 2269 nomine
2370 2223 2490 2286 ignis

364 2311 568 2363 maxime
590 2326 680 2357 nos
700 2308 955 2357 cruciantis
971 2346 984 2368 ,
1009 2318 1057 2357 et
1083 2306 1287 2356 validius
1308 2305 1636 2355 consumentis
1653 2341 1665 2364 ,
1691 2320 1843 2370 quum
1864 2305 1924 2352 sit
1947 2304 2129 2352 acutius
2164 2302 2454 2350 elementum
2475 2340 2486 2361 ,

366 2400 413 2438 et
435 2389 774 2456 penetrabilius
798 2390 1004 2448 caeteris,
1026 2406 1126 2454 quo
1148 2389 1307 2436 minus
1329 2388 1373 2435 ei
1395 2387 1548 2434 resisti
1567 2395 1734 2451 queat,
1757 2385 2053 2450 exprimitur.
2076 2387 2135 2431 Et
2156 2383 2350 2430 attende
2373 2383 2490 2429 nihil

365 2470 445 2519 hic
461 2468 521 2517 de
539 2467 747 2534 parvulis
769 2469 851 2533 qui
878 2467 997 2516 nihil
1017 2466 1200 2515 habent
1221 2467 1528 2525 meritorum,
1550 2464 1733 2513 dictum
1754 2464 1906 2512 videri
1921 2482 1933 2523 ;
1951 2463 2169 2528 quamvis
2191 2479 2274 2511 eos
2296 2478 2491 2527 quoque

367 2566 468 2600 non
503 2549 661 2596 minus
696 2546 890 2613 [quam]
923 2546 1113 2595 adultos
1146 2545 1319 2594 salvari
1351 2554 1542 2593 constet
1568 2554 1650 2592 aut
1680 2543 2076 2600 damnari28icut
2103 2543 2233 2590 enim
2264 2551 2363 2590 tam
2391 2540 2491 2589 haec

366 2632 599 2696 scriptura
620 2645 768 2695 quam
790 2637 967 2677 caeterae
990 2627 1184 2675 nonnisi
1206 2625 1380 2675 adult1s
1395 2663 1408 2685 ,
1433 2635 1481 2674 et
1502 2626 1586 2691 qui
1610 2638 1807 2691 capaces
1843 2633 1955 2672 sunt
1982 2624 2204 2683 rationis,
2230 2621 2293 2670 ad
2330 2621 2489 2669 erudi·

367 2711 550 2765 tionem
580 2708 702 2757 fiunt
722 2727 733 2755 :
760 2710 824 2757 ita
846 2708 957 2759 satis
979 2708 1135 2756 visum
1157 2716 1228 2755 est
1253 2706 1349 2755 hoc
1379 2705 1489 2754 loco
1519 2715 1706 2757 tantum
1734 2704 1796 2753 de
1818 2703 1892 2752 his
1916 2720 1999 2752 eos
2022 2703 2279 2762 instruere,
2305 2718 2411 2767 quae
2429 2701 2491 2749 ad

368 2790 498 2855 ipsos
521 2789 781 2855 pertinent.
