2970 4152
886 392 946 438 IN
980 389 1425 438 CIRCUMCISIONE
1458 389 1668 440 DOMINI
1702 390 1918 439 SERMO.
1971 414 1973 416 ·
2365 387 2450 435 37⁴

345 482 593 528 ditionem.
633 481 758 528 Alius
792 499 904 530 vero
938 501 1049 531 cum
1077 493 1174 530 tota
1203 483 1351 530 domo
1376 500 1483 544 sua,
1522 484 1572 530 id
1606 495 1676 532 est
1710 488 1833 544 Noe,
1868 500 1896 530 a
1929 481 2108 529 diluvio
2132 480 2378 539 liberatus,
2411 480 2461 525 in

345 565 649 612 seminarium
664 564 863 613 humani
879 567 1061 631 generis
1079 565 1207 613 solus
1225 567 1456 613 reservari
1477 567 1666 614 meruit.
1694 566 1785 614 Job
1807 581 1999 631 quoque
2024 561 2207 629 gentilis
2226 561 2460 620 sanctitas,

343 662 488 710 quem
527 645 668 710 longe
715 657 825 712 post
872 647 1108 695 Abraham
1136 652 1322 696 constat
1347 648 1575 709 extitisse,
1603 648 1725 696 adeo
1750 647 1994 695 dominico
2022 644 2295 693 testimonio
2330 659 2466 689 com-

346 725 623 785 mendatur,
653 737 703 773 ut
721 744 820 773 non
841 729 899 774 sit
921 729 965 775 ei
986 729 1058 774 vir
1081 727 1243 774 similis
1267 727 1316 773 in
1341 730 1504 788 terra¹,
1527 729 1751 775 nimirum
1779 743 1837 775 eo
1862 737 2079 791 tempore
2110 741 2208 789 quo
2242 723 2378 770 multi
2407 722 2467 768 de

346 804 452 852 filiis
478 806 675 853 Abrahae
697 807 794 870 jam
821 809 1086 856 circumcisi
1113 818 1405 874 supererant.
1450 811 1607 867 Quem
1643 809 1840 874 quidem
1874 808 1949 855 lex
1981 806 2228 864 naturalis,
2267 806 2386 852 sicut
2422 813 2468 850 et

345 885 599 950 plerosque
620 887 736 934 alios
755 889 951 951 gentiles
972 890 1128 936 verius
1147 889 1440 953 justificavit,
1470 907 1615 955 quam
1645 890 1833 938 Judaeos
1858 890 2031 954 scripta
2058 888 2231 935 fecerit.
2260 889 2330 933 De
2353 901 2468 949 qua-

347 964 462 1012 libet
484 966 678 1030 quidem
695 968 742 1014 in
764 969 931 1016 eadem
951 970 1171 1035 epistola,
1195 987 1338 1035 supra
1357 987 1741 1018 commemorans
1761 969 2013 1036 Apostolus
2032 969 2096 1015 ait
2116 971 2153 1015 :²
2173 988 2196 1013 ι(
2218 970 2324 1014 Non
2342 967 2471 1014 enim

346 1044 587 1093 auditores
612 1046 725 1111 legis
745 1048 857 1110 justi
886 1059 997 1096 sunt
1030 1050 1158 1117 apud
1187 1053 1364 1111 Deum,
1405 1051 1489 1098 sed
1516 1051 1718 1098 factores
1740 1051 1855 1114 legis
1881 1048 2279 1113 justificabuntur.
2310 1050 2469 1104 Quum

346 1127 472 1173 enim
491 1137 670 1191 gentes,
693 1145 798 1192 quae
813 1130 966 1194 legem
980 1147 1079 1177 non
1094 1131 1289 1191 habent,
1312 1132 1589 1184 naturaliter
1605 1149 1661 1179 ea
1677 1149 1781 1196 quae
1799 1132 1914 1196 legis
1933 1141 2043 1178 sunt
2059 1130 2252 1187 faciunt,
2275 1129 2476 1191 ejusmo-

344 1205 397 1257 di
420 1206 573 1270 legem
596 1225 694 1255 non
720 1209 950 1256 habentes
975 1211 1065 1275 ipsi
1090 1211 1179 1257 sibi
1207 1222 1318 1258 sunt
1343 1212 1440 1272 lex,
1472 1212 1555 1276 qui
1583 1212 1843 1267 ostendunt
1876 1228 1998 1276 opus
2033 1211 2147 1274 legis
2172 1209 2400 1273 scriptum
2424 1209 2471 1254 in

347 1287 573 1334 cordibus
599 1289 710 1348 suis,
734 1290 1059 1336 testimonium
1080 1289 1168 1338 illis
1188 1291 1421 1339 reddente
1443 1293 1736 1339 conscientia
1755 1293 1984 1356 ipsorum,
2007 1310 2031 1335 >2
2058 1293 2115 1336 Et
2130 1299 2238 1354 post
2260 1287 2438 1351 aliqua3
2460 1307 2468 1334 :

351 1369 434 1415 «Si
450 1369 590 1433 igitur
606 1371 891 1435 praeputium
906 1371 1108 1434 justitias
1127 1371 1241 1437 legis
1259 1372 1518 1432 custodiat,
1538 1390 1703 1420 nonne
1720 1372 2005 1438 praeputium
2020 1370 2143 1417 illius
2162 1370 2212 1416 in
2232 1370 2477 1416 circumci-

347 1448 531 1498 sionem
557 1451 878 1516 reputabitur,
906 1463 954 1499 et
972 1453 1205 1517 judicabit
1238 1453 1371 1518 quod
1398 1471 1450 1502 ex
1475 1464 1643 1502 natura
1667 1464 1737 1502 est
1760 1453 2045 1519 praeputium
2069 1449 2221 1514 legem
2256 1465 2477 1496 consum-

349 1545 485 1575 mans
506 1539 573 1588 te,
601 1530 683 1593 qui
707 1547 793 1596 per
827 1531 1029 1580 litteram
1064 1543 1111 1580 et
1139 1534 1552 1582 circumcisionem
1576 1535 1735 1582 carnis
1760 1534 2093 1599 praevaricator
2118 1531 2232 1595 legis
2258 1530 2341 1577 es?
2371 1534 2474 1577 Non

349 1609 505 1671 enim,
535 1611 618 1675 qui
636 1612 683 1657 in
705 1613 953 1660 manifesto
972 1614 1161 1662 Judaeus
1180 1626 1271 1675 est,
1294 1632 1452 1680 neque
1470 1633 1575 1680 quae
1600 1617 1648 1662 in
1675 1616 1927 1662 manifesto
1947 1624 2018 1662 est
2035 1614 2084 1660 in
2104 1628 2247 1660 carne
2276 1612 2476 1658 circum·

350 1692 492 1751 cisio3
515 1692 598 1740 sed
613 1693 759 1757 quiin
777 1694 1059 1743 abscondito
1079 1697 1268 1744 Judaeus
1287 1707 1381 1757 est,
1411 1708 1458 1745 et
1482 1698 1780 1745 circumcisio
1806 1696 1964 1744 cordis
1989 1697 2037 1743 in
2063 1695 2252 1761 spiritu,
2279 1710 2377 1765 non
2405 1694 2477 1741 lit-

351 1783 451 1820 tera
472 1792 481 1820 :
504 1774 637 1837 cujus
657 1774 758 1823 laus
777 1793 876 1823 non
896 1793 951 1841 01(
971 1777 1273 1839 hominibus,
1296 1779 1381 1827 sed
1401 1797 1458 1827 ex
1477 1783 1581 1827 Deo
1601 1790 1686 1828 est.
1716 1799 1739 1824 »
1768 1783 1826 1827 Et
1850 1781 2096 1826 rursum⁴z
2138 1799 2161 1823 α
2184 1777 2477 1826 Arbitramur
2523 1839 2529 1844 .

349 1853 479 1911 enim
498 1852 743 1901 hominem
758 1855 1003 1918 justificari
1023 1874 1109 1922 per
1124 1857 1268 1906 fidem
1290 1860 1391 1907 sine
1411 1860 1637 1925 operibus
1659 1860 1790 1924 legiS.
1828 1863 1897 1907 An
1924 1858 2198 1906 Judaeorum
2220 1861 2348 1905 Deus
2376 1868 2475 1905 tan-

350 1935 490 1982 tum?
520 1951 683 1983 nonne
716 1947 761 1983 et
791 1938 1039 2001 gentium?
1065 1942 1168 1987 Imo
1194 1951 1241 1987 et
1265 1942 1493 2005 gentium.
1522 1942 1763 1999 Quoniam
1785 1941 1981 2006 quidem
2010 1956 2135 1986 unus
2153 1949 2222 1986 est
2241 1942 2369 1987 Deus
2394 1939 2474 2002 qui

343 2015 567 2079 justificat
592 2016 1001 2066 circumcisionem
1022 2037 1077 2068 ex
1098 2020 1193 2068 fide.
1207 2058 1219 2082 ‚
1243 2032 1290 2070 et
1307 2024 1590 2088 praeputium
1610 2040 1697 2088 per
1713 2022 1875 2070 fidem.
1902 2041 1923 2067 υ
1946 2021 2091 2080 Quod
2117 2031 2162 2069 et
2186 2021 2351 2069 beatus
2374 2020 2477 2066 Hie-

350 2114 580 2162 ronymus
598 2098 847 2163 diligenter
876 2101 1148 2163 attendens,
1173 2114 1219 2151 et
1240 2104 1404 2151 talium
1424 2106 1569 2152 vitam
1589 2115 1814 2169 tanquam
1841 2107 1943 2151 Deo
1969 2114 2214 2170 acceptam
2233 2118 2474 2150 commen-

348 2181 462 2228 dare
488 2197 588 2227 non
615 2181 816 2242 verituS,
848 2183 1061 2247 quodam
1080 2184 1188 2232 Ioco
1208 2186 1482 2234 Matthaeum
1510 2203 1779 2252 exponens,
1799 2187 1887 2233 ait⁵
1909 2204 1918 2232 ε
1954 2205 1978 2231 «
1996 2189 2062 2232 Ex
2082 2202 2141 2233 eo
2157 2185 2290 2251 quod
2322 2185 2475 2235 malus

347 2277 510 2310 servus
526 2277 667 2308 ausus
687 2272 756 2309 est
771 2248 978 2311 dicere‘:
1005 2284 1029 2310 «
1041 2266 1173 2313 Metis
1188 2266 1270 2313 ubi
1283 2283 1381 2314 non
1402 2267 1662 2328 seminasti,
1677 2277 1723 2315 et
1733 2283 1991 2332 congregas
2004 2266 2087 2314 ubi
2100 2284 2199 2314 non
2212 2269 2437 2331 sparsisti,
2449 2286 2470 2311 »

348 2339 664 2404 intelligamus
688 2343 831 2389 etiam
862 2344 1108 2408 gentilium
1133 2356 1181 2393 et
1205 2346 1605 2411 philosophorum
1626 2347 1805 2394 bonam
1832 2348 1974 2394 vitam
1997 2347 2205 2412 recipere
2221 2350 2399 2408 Deum,
2429 2361 2474 2396 et

348 2420 482 2468 aliter
505 2419 682 2467 habere
708 2437 790 2468 eos
815 2424 898 2486 qui
918 2423 1062 2486 juste,
1082 2424 1216 2472 aliter
1237 2442 1318 2473 eos
1334 2427 1416 2490 qui
1436 2427 1609 2490 injuste
1624 2437 1769 2491 agunt
1783 2423 1860 2487 ,et
1875 2426 1935 2474 ad
1949 2427 2357 2491 comparationem
2374 2428 2473 2491 ejus

339 2500 431 2566 qui
450 2502 653 2549 naturali
669 2502 771 2566 lege
784 2505 977 2564 serviat,
999 2506 1323 2554 condemnare
1341 2524 1425 2554 eos
1442 2508 1524 2571 qui
1545 2508 1768 2573 scriptam
1786 2507 1939 2572 legem
1955 2501 2209 2571 n'egligant.
2235 2526 2257 2551 υ
2280 2511 2475 2557 Constat

348 2597 461 2645 ergo
489 2581 538 2628 in
562 2582 758 2646 antiquo
800 2584 983 2649 populo
1010 2602 1143 2649 aeque
1165 2587 1523 2634 incircumcisos
1547 2587 1668 2634 sicut
1694 2597 1741 2635 et
1775 2587 2079 2634 circumcisos
2100 2603 2154 2634 ex
2183 2587 2277 2635 fide
2297 2588 2475 2651 justifl-

348 2662 444 2710 cari
468 2681 478 2708 ε
500 2679 588 2710 nec
608 2679 690 2710 eos
713 2665 795 2728 qui
814 2666 1078 2713 circumcisi
1097 2677 1231 2728 sunt,
1255 2685 1310 2716 ex
1328 2668 1692 2716 circumcisione
1713 2668 1832 2729 hoc,
1859 2679 1911 2716 ut
1931 2669 2045 2732 justi
2069 2669 2262 2730 fierent,
2290 2686 2474 2717 assecu-

349 2752 424 2789 tos
444 2759 572 2803 esse,
599 2744 682 2791 sed
707 2745 856 2809 magis
881 2762 938 2793 ex
961 2745 1056 2794 fide
1087 2764 1176 2812 per
1206 2748 1537 2808 dilectionem,
1568 2759 1620 2796 ut
1650 2749 1715 2796 ait
1746 2749 1999 2815 Apostolus
2012 2752 2042 2810 ⁷,
2072 2759 2318 2816 operante.
2346 2751 2475 2808 Quid

348 2824 491 2888 igitur
511 2841 663 2872 causae
684 2826 821 2874 fuerit
840 2837 892 2874 ut
912 2828 1008 2875 hoc
1023 2829 1398 2878 circumcisionis
1417 2831 1605 2895 signum
1624 2831 1753 2878 solus
1778 2831 2015 2879 Abraham
2033 2848 2145 2878 cum
2163 2833 2345 2879 semine
2364 2847 2469 2892 suo,

347 2903 423 2951 vel
460 2921 582 2969 quos
618 2907 893 2971 possidebat
935 2919 1032 2955 tam
1068 2909 1130 2957 de
1166 2912 1451 2975 cognatione
1482 2927 1567 2958 sua
1592 2928 1737 2976 quam
1762 2911 1823 2959 de
1849 2912 2123 2975 alienigenis
2153 2929 2211 2959 ex
2236 2920 2475 2978 praecepto

346 2984 541 3031 Domini
563 2988 845 3052 susceperit,
883 2989 1052 3036 merito
1078 2991 1319 3054 quaeritur.
1353 2995 1506 3057 Ipsam
1534 2992 1712 3057 quippe
1729 2992 1986 3055 justitiam,
2016 2993 2150 3056 cujus
2175 2992 2269 3039 hoc
2288 2993 2475 3056 signum

344 3080 445 3112 esse
468 3066 722 3130 Apostolus
751 3069 815 3115 ait
828 3071 857 3129 ⁸,
891 3087 1024 3134 aeque
1062 3071 1111 3118 in
1155 3073 1345 3132 ceteris,
1375 3082 1428 3119 ut
1453 3072 1633 3120 dictum
1656 3083 1749 3133 est,
1776 3075 1895 3121 sicut
1923 3075 1971 3120 in
1999 3073 2253 3134 Abraham,
2288 3083 2474 3121 constat

344 3144 549 3192 extitisse
572 3164 584 3192 :
610 3163 699 3194 nec
734 3158 893 3197 tamen
919 3149 981 3196 ad
1006 3149 1100 3198 hoc
1128 3152 1315 3216 signum
1342 3169 1424 3200 eos
1448 3153 1727 3218 constringit
1750 3164 2064 3219 praeceptum,
2094 3154 2179 3202 sed
2212 3153 2393 3210 solum,
2422 3163 2473 3200 ut

344 3224 573 3287 diximus,
603 3227 841 3277 Abraham
866 3247 977 3278 curn
1003 3233 1183 3281 semine
1213 3251 1325 3295 suo,
1360 3234 1435 3282 vel
1462 3234 1522 3282 ad
1546 3235 1897 3300 possessionem
1932 3252 2065 3283 suam
2103 3234 2464 3301 pertinentibus.

390 3367 399 3384 ⁴
426 3368 509 3407 Joh,
526 3379 598 3414 cap.
618 3381 646 3410 1,
662 3381 694 3403 v.
709 3372 741 3404 8.
757 3389 796 3394 -
811 3371 824 3389 ⁸
842 3373 951 3412 Rom„
972 3383 1043 3418 cap.
1061 3386 1100 3416 n,
1116 3387 1149 3409 v.
1170 3377 1277 3410 13.7—
1293 3377 1381 3418 ³112„
1436 3393 1479 3403 -·
1500 3377 1510 3393 '¹
1539 3390 1554 3406 α
1576 3377 1670 3410 Fides
1699 3390 1771 3422 quae
1800 3389 1860 3423 per
1889 3379 2079 3413 charitatem
2107 3385 2269 3422 operatur.
2299 3390 2314 3406 ι
2344 3376 2468 3420 (Galat.

346 3433 375 3455 v.
395 3425 450 3456 26.
463 3439 509 3451 ·-·
523 3424 537 3442 ⁴
554 3425 654 3469 lbid„
676 3437 750 3471 cap.
776 3440 828 3469 m,
845 3440 878 3462 v.
894 3431 950 3462 28.
964 3445 1009 3455 ·—
1023 3430 1035 3447 ¹⁵
1065 3433 1183 3466 Comm.
1199 3436 1231 3466 in
1248 3434 1380 3474 naath„
1439 3445 1511 3478 cap.
1533 3446 1611 3474 xxv,
1630 3445 1660 3468 v.
1678 3436 1735 3478 6.)
1752 3454 1787 3459 -—
1804 3435 1817 3453 ⁸
1834 3437 1942 3477 Rom,
1959 3446 2033 3480 cap.
2051 3447 2095 3478 iv,
2110 3446 2138 3468 v.
2152 3437 2187 3468 3.

352 3480 450 3521 Ορρ.,
466 3489 489 3514 t.
503 3481 559 3523 IV,
572 3490 658 3526 part.
674 3484 707 3524 I,
722 3485 786 3519 col.
808 3486 1087 3528 123.-—⁰Matth.‚
1106 3497 1179 3532 cap.
1196 3500 1274 3531 xxv,
1288 3501 1319 3523 v.
1331 3491 1385 3523 24.
