2970 4152
552 392 645 435 728
1450 394 1763 443 APPENDlX.

552 501 686 545 parco
712 486 769 532 de
792 490 936 534 Pons.
963 486 1163 532 Tandem
1187 486 1384 532 occurrit
1402 488 1544 535 1248.
1575 491 1639 534 Ex
1656 489 1911 535 calendario
1935 490 2048 535 obiit
2072 507 2119 536 1v
2137 491 2219 537 cal.
2244 495 2523 555 septembris.
2549 498 2672 542 Jacet

550 567 595 611 in
620 568 776 613 choro.

577 688 583 693 .
617 650 674 692 V.
713 648 858 693 Maria
881 650 902 693 I
931 664 1060 694 soror
1082 647 1259 694 Odonis
1288 648 1663 712 Rothomagensis
1688 650 2012 713 archiepiscopi
2029 652 2164 714 coepit
2191 669 2344 716 regere
2366 655 2483 700 circa
2500 671 2668 701 annum

553 728 694 776 1249.
711 727 781 772 Ab
800 728 1066 774 Innocentio
1082 729 1166 787 IV,
1189 745 1310 774 anno
1329 746 1378 775 xi
1394 729 1486 791 ejus
1506 729 1810 792 pontificatus,
1830 746 1901 776 vn
1922 730 2007 776 cal.
2031 732 2135 777 maii
2158 734 2300 792 1254,
2325 728 2580 796 impetravit
2597 745 2665 795 ut,

548 808 583 852 si
606 810 652 854 in
676 825 778 855 casu
803 809 1078 855 infirmitatis
1101 809 1278 856 abbatia
1301 810 1458 856 cedere
1483 821 1741 873 cogeretur,
1758 810 1912 857 locum
1935 829 2068 874 quem
2092 824 2221 859 antea
2240 816 2485 878 occupabat
2502 816 2549 862 in
2571 833 2669 862 mo-

549 890 743 935 nasterio
772 890 828 934 ad
855 889 992 936 vitam
1022 890 1217 935 retinere
1239 888 1423 936 valeret.
1457 891 1689 936 Concessit
1717 891 1851 936 etiam
1885 890 1950 936 illi
1984 891 2103 938 idem
2126 894 2328 956 pontifex
2351 895 2473 957 quod
2497 895 2544 941 in
2568 912 2667 943 mo-

548 971 742 1015 nasterio
767 970 863 1032 ipso
896 968 1185 1015 Paraclitensi
1213 986 1349 1015 unam
1377 969 1610 1016 mulierem
1639 970 1848 1016 idoneam
1881 971 1927 1016 in
1960 972 2200 1018 monialem
2224 974 2457 1020 instituere
2478 974 2662 1035 valeret,

548 1068 639 1095 non
666 1051 870 1096 obstante
890 1060 1057 1096 statuto
1081 1049 1137 1095 de
1159 1060 1282 1095 certo
1304 1049 1563 1100 monialium
1589 1066 1796 1109 numero,
1817 1050 2015 1112 ejusdem
2033 1054 2291 1099 monasterii
2305 1054 2580 1115 juramento,
2597 1055 2664 1101 vel

545 1131 890 1176 confirmatione
919 1131 1036 1176 sedis
1058 1130 1334 1193 apostolicae,
1368 1148 1444 1176 seu
1475 1147 1742 1193 quacunque
1765 1130 1976 1177 firmitate
1999 1131 2178 1179 vallato.
2201 1133 2308 1179 Dies
2328 1134 2420 1195 ejus
2445 1135 2595 1181 obitus
2617 1136 2664 1180 in
2733 1127 2735 1129 ¹

543 1213 799 1259 calendario
819 1212 1110 1260 Paraclitensi
1128 1214 1418 1276 consignatur
1442 1230 1498 1259 111
1524 1230 1667 1258 nonas
1692 1214 1972 1275 septembris.

610 1296 689 1339 VI.
731 1293 925 1355 Heloysa
940 1296 985 1339 II
1009 1310 1063 1338 ex
1084 1294 1236 1339 charta
1260 1292 1548 1339 Paraclitensi
1572 1303 1761 1355 praeerat
1781 1293 1923 1341 1266.

609 1377 712 1420 VII.
753 1375 898 1419 Maria
924 1375 969 1418 II
1000 1373 1169 1419 litteras
1192 1373 1316 1418 dedit
1339 1390 1458 1418 anno
1490 1374 1615 1422 1278
1642 1389 1777 1436 super
1799 1383 2064 1419 testamento
2090 1373 2253 1419 nobilis
2284 1375 2478 1421 dominae
2508 1378 2664 1422 Mariae

542 1456 596 1499 dc
616 1456 863 1516 Esternayo
882 1470 980 1515 quae
997 1470 1121 1499 suam
1136 1452 1269 1515 elegit
1290 1453 1563 1515 sepulturam
1582 1452 1702 1515 apud
1727 1451 2013 1498 Paraclitum.
2037 1454 2290 1511 Quamdam
2310 1455 2495 1502 domum
2510 1457 2665 1522 vendit

541 1535 684 1581 1280.
712 1534 954 1595 Reperitur
978 1544 1022 1578 et
1044 1549 1164 1578 anno
1187 1534 1329 1580 1282.
1357 1532 1525 1577 Eadem
1549 1549 1642 1577 esse
1660 1532 1838 1579 videtur
1860 1549 1961 1578 cum
1977 1535 2043 1578 M.
2067 1551 2165 1595 quae
2182 1551 2234 1578 ex
2253 1535 2418 1580 chartis
2434 1535 2659 1593 Paracliti,

538 1614 721 1676 regebat
746 1614 875 1659 annis
901 1614 1045 1671 1295,
1071 1614 1214 1660 1298.
1523 1667 1526 1672 .
2395 1614 2398 1616 ’
2485 1616 2489 1618 ’

602 1696 730 1739 VIII.
772 1694 1013 1739 Catharina
1036 1696 1057 1738 I
1091 1693 1295 1756 quaedam
1318 1704 1566 1740 commutat
1588 1711 1708 1740 anno
1736 1695 1880 1754 1320,
1909 1711 2063 1740 mense
2088 1688 2322 1741 novembri
2357 1712 2458 1741 cum
2486 1697 2661 1759 AEg-idio

537 1775 895 1837 Sandionysiano
910 1774 1087 1833 abbate,
1108 1790 1160 1819 ex
1183 1773 1344 1820 tabulis
1369 1775 1521 1819 Sancti
1545 1775 1779 1836 Dionysii,
1806 1775 1884 1820 ubi
1910 1774 2007 1820 aliae
2026 1775 2316 1837 reperiuntur
2335 1774 2494 1822 litterae
2509 1793 2660 1822 mense

536 1866 578 1900 et
592 1872 713 1901 anno
731 1855 899 1901 eisdem
926 1855 1057 1900 datae.
1088 1855 1195 1900 Dies
1218 1855 1311 1916 ejus
1334 1855 1483 1900 obitus
1507 1865 1691 1900 notatur
1710 1855 1757 1900 in
1781 1854 2036 1900 calendario
2060 1872 2109 1900 lx
2130 1855 2214 1901 cal.
2239 1855 2502 1902 decembris.

600 1939 681 1981 IX.
722 1936 823 1981 Alix
846 1935 925 1981 des
954 1939 1131 1981 Bar-res
1165 1952 1266 1981 cum
1294 1936 1504 1980 Guidone
1537 1936 1697 1981 abbate
1725 1934 2080 1981 Vallis-lucentis
2114 1936 2384 1982 discordiam
2407 1938 2662 1999 composuit

533 2032 654 2061 anno
684 2019 827 2064 1337.
860 2018 974 2062 Cum
998 2015 1189 2062 Cellensi
1215 2017 1489 2062 monasterio
1506 2004 1710 2078 quaedam
1734 2016 2007 2078 permutavit
2028 2016 2169 2063 1339.
2200 2017 2412 2062 Occurrit
2434 2016 2482 2062 in
2504 2018 2660 2064 charta

533 2099 739 2143 Paracliti
774 2099 917 2155 1347,
951 2099 998 2142 in
1027 2098 1182 2143 charta
1210 2099 1382 2143 Sanctae
1411 2098 1595 2143 Thomae
1621 2098 1676 2143 de
1702 2096 1829 2143 Valle
1855 2098 1980 2144 1348
2015 2097 2126 2143 feria
2162 2098 2357 2144 secunda
2379 2108 2483 2144 ante
2513 2096 2658 2144 natale

531 2180 734 2224 Domini.

598 2261 656 2303 X.
695 2258 917 2304 Elisendis
940 2258 1021 2304 des
1039 2263 1216 2304 Barres
1235 2275 1355 2303 anno
1383 2261 1498 2305 1371
1533 2259 1576 2303 in
1599 2259 1754 2303 charta
1777 2255 2000 2303 Paracliti.

595 2340 676 2383 XI.
715 2339 923 2383 Johanna
948 2341 968 2382 I
992 2337 1072 2382 des
1096 2340 1273 2382 Barres
1291 2354 1412 2382 anno
1433 2339 1557 2385 1403
1583 2339 1797 2398 transegit
1821 2353 1923 2382 cum
1946 2334 2209 2381 Theobaldo
2235 2336 2395 2381 abbate
2423 2335 2562 2381 sancti
2580 2337 2655 2383 Ja-

531 2420 631 2467 cobi
656 2419 962 2464 Pruvinensis.

593 2501 698 2544 XII.
737 2499 942 2544 Johanna
963 2501 1005 2542 II
1023 2497 1079 2543 de
1098 2498 1143 2543 la
1169 2496 1324 2544 Bor-cle
1350 2498 1474 2543 1415
1498 2497 1544 2542 in
1562 2496 1727 2542 chartis
1748 2495 1924 2557 Regalis
1949 2495 2130 2540 montis.

593 2582 722 2624 XIII.
765 2579 1010 2624 Catharina
1027 2580 1069 2621 11
1094 2577 1174 2622 cles
1196 2581 1373 2623 Barres
1395 2578 1534 2624 1420.

593 2661 720 2705 XIV.
761 2657 1048 2703 Guillelmeta
1071 2659 1091 2700 Ι
1108 2656 1165 2702 cle
1191 2656 1240 2701 la
1264 2656 1422 2701 Mothe
1438 2657 1564 2717 juxta
1583 2655 1886 2701 calendarium
1903 2655 2052 2700 vivere
2074 2653 2237 2698 desinit
2260 2652 2433 2698 calend.
2458 2654 2653 2715 januarii

528 2740 671 2787 1431.
700 2738 883 2801 Sepulta
901 2747 1005 2784 ante
1031 2738 1172 2799 majus
1196 2736 1350 2782 altare.

590 2822 693 2865 XV.
734 2818 1019 2865 Guillelmeta
1047 2820 1091 2874 II
1117 2817 1174 2863 de
1204 2817 1252 2863 la
1283 2816 1442 2863 Mothe
1468 2827 1656 2879 praeerat
1683 2816 1811 2861 annis
1839 2817 1964 2863 1457
1993 2825 2038 2860 et
2070 2815 2214 2871 1474,
2244 2830 2297 2859 ex
2320 2813 2485 2859 chartis
2510 2815 2654 2860 Para-

525 2899 634 2945 oliti.
662 2902 792 2944 Juxta
814 2897 1132 2966 Necrologium
1158 2897 1387 2943 Neofortis
1410 2897 1523 2942 obiit
1544 2898 1603 2943 14
1626 2895 1892 2942 decembris.

589 2980 716 3024 XVI.
757 2978 1002 3023 Catharina
1021 2979 1089 3021 III
1105 2976 1163 3022 (le
1190 2975 1470 3034 courcelles,
1498 2974 1592 3020 filia
1615 2975 1833 3020 Johannis
1856 2973 1913 3019 de
1939 2971 2217 3029 Coarcelles,
2240 2970 2394 3017 militis
2410 2981 2454 3016 et
2478 2971 2650 3016 domini

524 3061 578 3105 de
606 3062 770 3105 Sancto
790 3058 1052 3104 Theobaldo
1069 3059 1161 3120 jam
1186 3068 1283 3102 erat
1314 3056 1624 3102 Paraclitensis
1647 3056 1867 3100 abbatissa
1887 3071 2008 3099 anno
2035 3054 2159 3102 1482
2176 3069 2268 3114 quo
2291 3050 2433 3097 bullas
2453 3051 2651 3096 obtinuit

525 3140 629 3184 latas
654 3156 701 3185 1v
727 3139 789 3184 id.
816 3139 1015 3184 octobris
1035 3155 1119 3200 pro
1145 3137 1322 3183 abbatia
1346 3146 1509 3182 sanctoe
1526 3136 1682 3181 Mariae
1701 3135 1947 3180 Trecensis.
1976 3134 2150 3179 Struxit
2172 3131 2439 3190 claustrum,
2461 3130 2649 3176 refecto-

523 3219 657 3274 rium,
682 3218 1018 3276 dormitorium,
1034 3228 1078 3262 et
1105 3216 1190 3262 alia
1213 3215 1415 3262 aedificia.
1444 3218 1556 3261 Ossa
1584 3215 1707 3259 Petri
1732 3213 1956 3259 Abaelardi
1982 3223 2025 3258 et
2046 3211 2248 3274 Heloysae
2271 3227 2323 3256 ex
2346 3208 2513 3272 capella
2533 3210 2648 3255 Dio-

524 3298 638 3360 nysii
661 3315 759 3360 quae
781 3296 915 3360 vulgo
942 3298 1175 3343 dicebatur
1201 3296 1243 3342 le
1260 3297 1385 3359 petit
1407 3297 1649 3351 Moustier,
1679 3311 1781 3339 cum
1806 3293 1985 3339 licentia
2013 3292 2167 3338 Jacobi
2196 3290 2394 3353 episcopi
2417 3290 2648 3335 Trecensis

526 3394 646 3423 anno
672 3378 817 3435 1497,
847 3380 876 3424 2
900 3378 1023 3433 maii,
1050 3376 1278 3422 transtulit
1303 3377 1349 3420 in
1373 3376 1561 3420 chorum
1588 3372 1817 3431 Ecclesiae,
1841 3372 2064 3418 Abaelardi
2083 3389 2109 3417 a
2131 3370 2297 3416 dextris
2323 3379 2369 3414 et
2393 3367 2596 3431 Heloysae
2617 3386 2647 3413 a

527 3457 734 3502 sinistris.
760 3456 845 3502 Sed
867 3457 957 3518 jam
975 3457 1148 3519 pridem
1168 3456 1326 3502 exinde
1350 3465 1563 3513 extracta,
1586 3455 1632 3499 in
1656 3453 1947 3499 subterraneo
1964 3468 2098 3515 specu
2118 3451 2200 3496 sub
2217 3448 2343 3495 altari
2363 3458 2525 3496 sanctae
2546 3448 2645 3493 Tri-
