2970 4152
996 402 999 416 2
1049 347 1131 421 vs,
1190 377 1511 425 ErisToLAE.
1812 386 1818 417 f
2320 374 2402 420 444

312 473 485 519 rimum
503 487 603 519 esse
618 471 946 531 considerans,
967 472 1222 520 Eustochio
1237 475 1249 498 ¹
1269 472 1330 519 de
1345 470 1614 535 improvisis
1637 469 1920 520 feminarum
1938 467 2060 517 votis
2081 466 2286 518 consulit
2299 501 2318 525 ‚,
2339 466 2414 512 his

311 552 466 600 verbis
483 553 511 598 ².
539 571 564 596 α
582 552 630 598 Si
648 563 804 601 autem
823 553 870 599 et
882 552 972 600 illae
985 555 1129 617 ,1quae
1149 552 1352 616 virgines
1367 561 1499 610 sunt,
1520 550 1583 597 ob
1602 550 1713 596 alias
1730 559 1888 598 tamen
1903 548 2067 613 culpas
2080 583 2092 607 ,
2114 563 2211 600 non
2231 545 2414 593 solvan-

289 616 388 678 >tur
410 649 420 677 :
449 630 564 695 quid
588 630 670 678 fiet
696 631 808 691 illis,
836 648 948 695 quae·
959 632 1303 697 prostituerunt
1326 630 1539 684 membra
1565 628 1758 687 Christi,
1787 638 1835 675 et
1860 635 2163 674 mutaverunt
2184 625 2414 690 templum

310 710 507 776 Spiritus
529 712 678 758 sancti
696 711 745 758 in
769 711 996 776 lupanar?
1011 712 1216 758 Rectius
1235 709 1385 757 fuerat
1408 709 1596 756 homini
1619 708 1800 755 subisse
1823 708 2119 771 conjugium,
2153 704 2416 759 ambulasse

308 806 394 854 per
421 791 589 857 plana,
622 807 767 855 quam
794 790 959 838 altiora
987 780 1313 838 intendentem
1344 791 1394 837 in
1425 788 1718 854 profundum
1742 788 1913 834 inferni
1940 787 2125 834 cadere.
2146 805 2170 831 »
2204 788 2416 843 Quarum

309 871 451 918 etiam
478 871 734 918 temerariae
766 871 1049 935 professioni
1083 881 1272 918 sanctus
1308 870 1591 934 Augustinus
1619 867 1897 928 consulens,
1931 867 1980 913 in
2013 866 2135 912 libro
2165 865 2223 912 de
2253 865 2415 911 Conti-

309 951 471 997 nentia
490 949 667 997 vz'daali
687 950 748 997 ad
773 950 1012 997 Julianum
1038 950 1196 998 scribit
1227 951 1301 997 his
1331 949 1486 997 verbis
1503 951 1518 974 ³
1540 967 1549 995 ε
1579 967 1602 992 «
1618 951 1734 1006 Quae
1752 964 1851 994 non
1870 947 2012 1010 coepit
2032 945 2280 1005 deliberet,
2314 962 2417 1008 quae

307 1045 535 1093 aggressa:
546 1040 616 1076 est
630 1039 912 1094 perseveret.
934 1029 1070 1076 Nulla
1088 1029 1358 1077 adversario
1374 1029 1513 1076 detur
1531 1027 1740 1087 occasio,
1764 1026 1894 1073 nulla
1912 1025 2098 1072 Christo
2119 1024 2418 1071 subtrahatur

307 1107 502 1156 oblatio.
529 1127 553 1152 »
583 1109 704 1155 Hinc
722 1108 865 1155 etiam
889 1125 1097 1156 canones
1114 1119 1287 1156 nostrae
1304 1108 1561 1155 infirmitati
1582 1106 1885 1154 consulentes
1901 1104 2236 1163 decreverunt,
2260 1103 2427 1150 (liaco-

307 1188 454 1234 ni‘ssas
481 1198 590 1235 ante
614 1188 928 1252 quadraginta
946 1205 1098 1237 annos
1116 1188 1329 1235 ordinari
1350 1205 1447 1235 non
1468 1187 1665 1246 debere,
1695 1196 1743 1234 et
1759 1186 1854 1233 hoc
1872 1202 1980 1232 cum
2007 1185 2217 1248 diligenti
2245 1184 2420 1248 proba-

306 1268 461 1327 tione3
490 1285 640 1332 quum
656 1284 683 1315 a
699 1268 865 1332 viginti
892 1268 1029 1315 annis
1057 1268 1192 1315 liceat
1219 1268 1446 1315 diaconos
1473 1267 1761 1333 promoveri.
1786 1261 1904 1313 Sunt
1920 1276 1967 1313 et
1994 1266 2039 1311 in
2060 1267 2073 1288 ¹·
2097 1264 2417 1322 monasteriis,

306 1347 388 1411 qui
405 1347 640 1411 regulares
656 1347 880 1394 dicuntur
896 1348 1114 1394 canonici
1130 1349 1257 1394 Beati
1278 1348 1521 1411 Augustini
1538 1346 1796 1411 quamdam
1809 1382 1821 1405 ,
1844 1355 1894 1392 ut
1911 1346 2059 1403 aiunt,
2084 1343 2292 1407 regulam
2310 1360 2420 1407 pro·

306 1426 489 1474 fitentes
503 1463 515 1487 ,
538 1427 620 1491 qui
644 1444 693 1474 se
717 1427 962 1474 inferiores
986 1426 1233 1474 monachis
1255 1427 1522 1474 nullatenus
1541 1427 1846 1485 arbitrantur,
1872 1425 1980 1472 licet
1998 1441 2080 1472 eos
2100 1434 2147 1472 et
2174 1423 2300 1471 vesci
2324 1439 2422 1469 car·

273 1506 446 1564 ,nibus
478 1516 525 1554 et
559 1506 696 1553 lineis
728 1507 798 1554 uti
831 1507 1094 1554 videamus.
1131 1510 1348 1565 Quorum
1383 1506 1579 1571 quidem
1615 1508 1838 1554 virtutem
1871 1507 1908 1552 si
1946 1515 2108 1561 nostra
2137 1521 2380 1568 exaequare
2410 1507 2422 1527 ¹

305 1584 554 1633 infirmitas
587 1596 774 1651 posset,
813 1587 1031 1650 nunquid
1059 1604 1149 1653 pro
1177 1588 1377 1634 minimo
1404 1587 1681 1634 habendum
1709 1585 1861 1633 esset?
1880 1589 1956 1633 ,Ui
1984 1595 2142 1632 autem
2171 1583 2310 1631 nobis
2327 1583 2423 1631 ⁶·de

306 1665 531 1713 omnibus
558 1666 676 1721 cibis
713 1667 859 1713 tutius
889 1683 945 1714 ac
974 1667 1128 1714 lenius
1159 1667 1479 1731 indulgeatur,
1511 1668 1612 1732 ipsa
1645 1683 1838 1731 quoque
1863 1677 2030 1714 natura
2046 1666 2279 1731 providit,
2319 1682 2423 1729 quae

305 1745 485 1809 majore
514 1745 691 1792 scilicet
720 1745 984 1793 sobrietatis
1021 1747 1194 1794 virtute
1228 1763 1393 1793 sexum
1423 1756 1641 1793 nostrum
1675 1746 1991 1811 praemunivit.
2027 1748 2221 1792 Constat
2247 1745 2423 1808 quippe

305 1824 455 1872 multo
474 1826 690 1890 parciore
709 1836 903 1890 sumptu
919 1836 966 1873 et
984 1826 1210 1873 alimonia
1230 1828 1415 1874 minore
1434 1826 1631 1874 feminas
1657 1843 1800 1890 quam
1825 1827 1953 1874 viros
1967 1825 2225 1874 sustentari
2252 1841 2419 1889 posse,

304 1920 393 1952 nec
411 1921 490 1952 eas
509 1915 605 1952 tam
624 1905 791 1952 leviter
809 1905 1032 1967 inebriari
1059 1905 1255 1971 physica
1280 1916 1582 1971 protestatur.
1609 1906 1747 1952 Unde
1775 1916 1819 1952 et
1846 1905 2116 1953 Macrobius
2131 1903 2425 1952 Theodosius

304 1985 689 2032 Saturnaliorum
722 1985 845 2033 libro
865 1989 948 2033 Vll
978 1986 1197 2033 meminit
1229 1985 1303 2033 his
1330 1986 1512 2033 verbis'
1535 2004 1545 2032 τ
1579 2005 1604 2031 «
1624 1985 1895 2033 Aristoteles
1928 2003 1938 2030 ι
1966 1984 2210 2043 MuliereS‚
2238 1983 2391 2048 inquit
2409 2021 2420 2043 ,

306 2080 414 2112 raro
440 2065 791 2125 inebriantur',
829 2065 997 2113 crebro
1023 2083 1176 2113 senes.
1215 2066 1381 2113 Mulier
1418 2066 1775 2113 humectissimo
1801 2075 1872 2112 est
1902 2081 2120 2130 corpore.
2148 2067 2300 2111 Docet
2332 2063 2423 2110 hoc

306 2155 352 2192 et
375 2145 539 2193 levitas
557 2147 678 2193 cutis
697 2157 743 2194 et
759 2146 1004 2212 splendor.
1024 2149 1211 2193 Docent
1231 2147 1467 2212 praecipue
1492 2146 1689 2194 assiduae
1712 2147 2016 2211 purgationes
2045 2145 2286 2210 superfluo
2312 2161 2423 2192 exo·

305 2235 524 2272 nerantes
560 2241 735 2290 corpus
775 2225 994 2273 humore.
1030 2227 1191 2283 Quum
1230 2242 1341 2291 ergo
1377 2235 1574 2291 epotum
1603 2226 1770 2272 vinum
1799 2226 1847 2273 in
1873 2235 1969 2272 tam
1994 2224 2177 2289 largum
2204 2223 2422 2271 ceciderit

304 2303 558 2352 humorem
578 2341 590 2364 ,
624 2306 722 2352 vim
755 2322 891 2353 suam
928 2306 1108 2371 perdit,
1153 2323 1240 2354 nec
1275 2305 1409 2354 facile
1449 2305 1634 2353 cerebri
1674 2306 1837 2353 sedem
1876 2305 1980 2352 ferit
2016 2304 2288 2352 fortitudine
2324 2304 2423 2368 ejus

304 2384 523 2431 extincta.
547 2403 571 2430 »
600 2386 742 2433 Item⁹
761 2405 771 2430 :
800 2403 824 2430 «
846 2385 1076 2433 Muliebre
1100 2403 1276 2452 corpus
1294 2385 1470 2434 crebris
1492 2385 1854 2451 purgationibus
1878 2385 2180 2450 deputatum,
2209 2384 2423 2450 pluribus

303 2474 576 2512 consertum
601 2466 911 2513 foraminibus
932 2477 1166 2532 utfpateat
1190 2468 1238 2514 in
1258 2477 1440 2514 meatus
1453 2503 1465 2527 ,
1489 2478 1536 2514 et
1553 2468 1652 2514 vias
1671 2466 1878 2531 praebeat
1893 2466 2086 2512 humori
2105 2467 2153 2512 in
2172 2466 2423 2528 egestionis

303 2546 481 2594 exitum
504 2542 780 2594 confluenti.
813 2550 901 2594 Per
923 2547 1025 2594 haec
1049 2548 1283 2595 foramina
1308 2564 1457 2613 vapor
1476 2548 1573 2595 vini
1593 2547 1807 2595 celeriter
1827 2547 2079 2593 evanescit.
2107 2549 2284 2592 Contra
2303 2547 2424 2593 seni-

301 2625 390 2673 bus
419 2627 597 2672 siccum
625 2636 693 2673 est
718 2643 916 2692 corpus,
948 2627 1082 2692 quod
1109 2628 1280 2692 probat
1311 2629 1537 2692 asperitas
1566 2637 1611 2674 et
1637 2627 1808 2674 scallor
1839 2627 1973 2673 cutis.
2001 2645 2025 2671 υ
2056 2629 2123 2672 Ex
2162 2626 2234 2672 his
2266 2626 2423 2690 itaque

303 2704 546 2769 perpende
563 2715 744 2769 quanto
765 2706 909 2754 tutius
930 2722 986 2753 ac
1005 2706 1175 2770 justius
1202 2716 1379 2754 naturae
1405 2717 1451 2753 et
1475 2707 1735 2754 infirmitati
1757 2716 1928 2754 nostrae
1946 2706 2080 2753 cibus
2098 2705 2318 2770 quislibet
2329 2707 2355 2731 ¹⁰
2378 2716 2424 2753 et

303 2792 444 2847 potus
464 2783 700 2848 indulgeri
718 2785 887 2850 possit,
920 2802 1124 2850 quarum
1145 2786 1362 2833 videlicet
1379 2786 1526 2833 corda
1545 2786 1737 2851 crapula
1763 2796 1810 2833 et
1828 2785 2053 2833 ebrietate
2078 2785 2259 2849 gravari
2291 2784 2423 2832 facile

303 2877 402 2908 non
419 2873 620 2926 possunt
644 2881 653 2909 ε
684 2880 833 2927 quum
854 2864 915 2911 ab
933 2865 1012 2912 illa
1032 2881 1121 2912 nos
1138 2865 1232 2912 cibi
1250 2866 1476 2931 parcitas,
1497 2865 1558 2913 ab
1583 2867 1670 2913 ista
1688 2865 1876 2913 feminei
1893 2866 2108 2931 corporis
2126 2864 2348 2928 qualitas,
2372 2875 2425 2911 ut

301 2940 482 2988 dictum
505 2951 600 3002 est,
629 2952 861 3007 protegat.
886 2945 1005 2992 Satis
1024 2955 1197 2992 nostrae
1222 2962 1322 2993 esse
1339 2945 1602 2993 infirmitati
1630 2955 1678 2993 et
1711 2946 1972 2992 maximum
2000 2945 2223 3010 imputari
2250 2943 2392 2991 debet
2408 2981 2419 3003 ,

302 3021 339 3067 si
374 3021 673 3069 continenter
701 3039 756 3069 ac
787 3023 889 3071 sine
913 3010 1199 3090 proprietate
1229 3025 1468 3086 viventes,
1502 3036 1550 3073 et
1580 3024 1748 3072 officiis
1786 3035 2027 3090 occupatae
2062 3024 2261 3083 divinis,
2297 3025 2425 3090 ipsos

302 3099 510 3148 ecclesiae
549 3100 695 3149 duces
727 3102 802 3149 vel
835 3103 1077 3168 religiosos
1110 3104 1255 3152 laicos
1279 3105 1330 3151 in
1362 3105 1490 3153 victu
1523 3105 1846 3169 adaequemus,
1884 3105 1958 3152 vel
1995 3122 2078 3153 eos
2107 3105 2313 3169 denique
2343 3106 2424 3168 qui

305 3179 539 3244 regulares
563 3182 779 3230 canonici
799 3183 1050 3244 dicuntur,
1071 3195 1118 3231 et
1136 3201 1186 3233 se
1204 3185 1440 3251 praecipue
1464 3186 1610 3233 vitam
1635 3184 1953 3249 apostolicam
1965 3186 2097 3249 sequi
2121 3183 2419 3250 profitentur.

348 3333 358 3350 ¹
381 3276 557 3386 nuum
578 3337 638 3369 Ed.
657 3337 820 3371 Amb.-¹
833 3339 934 3384 Epist.
953 3349 1040 3379 xviii,
1057 3343 1102 3374 ad
1113 3341 1338 3382 Eustochium,
1385 3341 1480 3375 Δηὼ.
1496 3359 1540 3368 —-
1554 3341 1567 3360 ⁶
1590 3342 1644 3375 Sic
1674 3341 1711 3374 l).
1725 3359 1749 3366 -
1765 3341 1860 3375 Nobis
1894 3340 1987 3375 deest
2020 3340 2105 3374 Edd.
2125 3358 2168 3366 -
2189 3340 2200 3358 '
2221 3341 2300 3383 Cap.
2336 3351 2367 3372 v.
2393 3358 2423 3363 <-

307 3390 404 3431 Opp„
431 3397 456 3424 t·
477 3391 538 3434 lv,
558 3404 590 3437 p.
618 3394 672 3426 29.
689 3411 729 3418 -
751 3394 765 3413 ⁸
784 3395 832 3428 De
850 3396 941 3429 Bono
970 3397 1162 3437 Viduitatis,
1186 3409 1257 3442 cap.
1283 3410 1315 3432 ix
1329 3424 1338 3438 ‚
1386 3397 1398 3416 ⁸
1411 3390 1593 3450 Ebriamffi
1604 3398 1642 3431 D.
1655 3415 1697 3422 —
1715 3397 1727 3415 ⁹
1745 3398 1826 3442 Cap.
1842 3409 1873 3431 v.
1893 3416 1931 3423 ·-
1944 3397 1973 3415 ¹⁰
1997 3399 2134 3439 Quilibet
2150 3396 2215 3430 MS.
2232 3395 2326 3429 Δηὼ.

309 3445 389 3488 Ορρ.
410 3453 435 3480 ι.
451 3446 493 3482 Vl
505 3473 515 3489 ,
533 3459 566 3493 p.
590 3451 725 3483 375.—
737 3450 751 3468 ⁴
767 3452 804 3485 In
821 3452 973 3486 deest-D.
988 3452 1053 3498 ἢ·
1072 3454 1253 3495 Aaoequare
1269 3450 1368 3506 us&
1584 3463 1614 3491 Υ
