2970 4152
588 400 679 445 462
1160 400 1328 446 PETRt
1369 400 1679 448 ABAELARDI
1714 402 1787 448 ET
1821 402 2119 449 HELOlSSAE

586 496 739 541 amico
763 505 922 559 parata
946 504 1044 540 erat
1067 494 1250 540 dicere¹
1279 513 1289 540 :
1323 514 1345 539 «
1370 496 1481 541 Lavi
1507 495 1651 559 pedes
1676 513 1808 543 meos
1826 532 1839 556 ,
1865 496 2112 560 quomodo
2137 495 2397 559 inquinabo
2422 496 2561 543 illos?
2589 516 2611 541 υ
2649 500 2691 543 Ο

585 585 771 638 quantae
796 574 881 620 sibi
906 575 1194 637 imputarent
1214 575 1395 637 injuriae
1424 576 1633 640 episcopi
1661 576 1733 623 vel
1765 576 1943 641 praelati
1967 576 2108 638 hujus
2134 576 2359 640 temporis
2375 611 2388 634 ,
2417 577 2454 622 si
2484 575 2609 623 hanc
2631 576 2691 623 ab

588 655 777 700 Arsenio
800 653 874 700 vel
897 653 957 699 ab
975 653 1063 700 hac
1087 654 1267 718 virgine
1282 655 1519 719 repulsam
1536 654 1864 721 pertulissent!
1884 655 2173 702 Erubescant
2188 655 2249 703 ad
2271 656 2382 715 ista,
2404 656 2441 702 si
2461 656 2543 719 qui
2560 672 2689 702 nunc

582 734 628 778 iu
641 732 894 791 solitudine
907 744 1152 779 morantur
1169 734 1408 795 monachi,
1428 752 1577 799 quum
1595 736 1929 800 episcoporum
1943 735 2204 798 frequentia
2217 735 2439 798 gaudent,
2454 751 2603 799 quum
2621 736 2687 782 eis

580 813 812 877 proprias,
841 813 887 859 in
911 812 1082 876 quibus
1104 814 1417 877 suscipiantur
1433 850 1445 874 ,
1470 814 1699 861 fabricant
1722 814 1893 860 domos
1914 833 1923 860 :
1951 830 2101 877 quum
2125 814 2270 861 seculi
2292 823 2510 879 potentes
2528 848 2541 873 ,
2567 829 2688 877 quos

580 891 715 940 turba
741 894 1022 952 comitatur,
1054 894 1126 941 vel
1150 894 1211 940 ad
1236 911 1357 958 quos
1381 896 1607 954 confluit,
1634 912 1732 941 non
1757 895 1912 941 solum
1936 911 2036 941 non
2061 895 2270 958 fugiunt,
2299 895 2385 943 sed
2399 895 2683 953 adsciscunt,

577 982 623 1018 et
647 974 899 1020 occasione
923 973 1165 1038 hospitum
1193 973 1364 1021 domos
1388 975 1775 1040 multiplicantesss,
1798 991 1943 1038 quam
1961 975 2244 1038 quaesierunt
2266 975 2588 1034 solitudinem,
2614 990 2685 1022 re·

576 1052 742 1116 digunt
783 1054 831 1099 in
867 1054 1119 1100 civitatem.
1158 1057 1257 1100 Hac
1298 1055 1509 1119 profecto
1549 1055 1731 1118 antiqui
1767 1065 1814 1101 et
1854 1054 2008 1116 callidi
2051 1056 2295 1102 tentatoris
2332 1054 2683 1101 machinatione

575 1134 736 1179 omnia
765 1134 859 1180 fere
887 1133 1028 1197 hujus
1055 1135 1280 1199 temporis
1299 1135 1584 1181 monasteria
1602 1171 1613 1193 ,
1643 1151 1791 1198 quum
1811 1135 1940 1198 prius
1961 1135 2008 1181 in
2031 1134 2284 1181 solitudine
2301 1135 2557 1181 constituta
2574 1133 2682 1180 fuis-
2749 1144 2756 1151 ’

574 1223 704 1272 sent,
734 1223 785 1260 ut
814 1212 1033 1260 homines
1068 1214 1367 1277 fugerentur,
1396 1224 1562 1278 postea
1586 1213 1768 1260 fervore
1798 1214 2036 1278 religionis
2069 1214 2398 1278 refrigescente
2417 1249 2430 1273 ,
2462 1213 2682 1261 homines

574 1292 901 1351 adsciverunt,
932 1303 978 1340 et
1002 1310 1162 1340 servos
1187 1303 1328 1357 atque
1351 1294 1543 1340 ancillas
1566 1305 1906 1357 congregantes
1922 1329 1934 1352 ,
1962 1294 2092 1341 villas
2116 1295 2343 1341 maximas
2369 1295 2417 1340 in
2442 1293 2559 1340 locis
2575 1309 2680 1340 mo-

572 1373 759 1418 nasticis
782 1382 1174 1432 construxerunt3
1204 1382 1249 1418 et
1273 1373 1339 1418 sic
1366 1372 1427 1418 ad
1456 1373 1668 1419 seculum
1694 1373 1963 1432 redierunt,
1995 1374 2092 1420 imo
2121 1374 2182 1420 ad
2210 1390 2260 1421 se
2286 1383 2526 1420 traxerunt
2545 1389 2678 1419 secu-

570 1450 687 1498 lum.
720 1454 813 1510 Qui
838 1470 886 1500 se
915 1452 1110 1498 miseriis
1138 1451 1353 1498 maximis
1379 1452 1672 1515 implicantes
1690 1488 1702 1511 ,
1732 1463 1776 1499 et
1803 1454 2016 1500 maximae
2046 1454 2253 1499 servituti
2276 1463 2373 1500 tam
2402 1452 2678 1500 ecclesiasti-

569 1547 731 1578 carum
760 1549 905 1596 quam
930 1543 1223 1578 terrenarum
1245 1541 1532 1595 potestatum
1555 1531 1794 1595 alligantes
1810 1567 1823 1591 ,
1851 1526 1967 1578 dum
2003 1533 2154 1579 otiose
2176 1542 2454 1596 appeterent
2484 1532 2641 1580 vivere
2659 1568 2673 1592 ,

568 1622 614 1658 et
641 1612 701 1659 de
725 1613 879 1659 alieno
905 1613 1112 1658 victitare
1140 1611 1330 1672 labore,
1366 1613 1522 1676 ipsum
1549 1628 1740 1676 quoque
1766 1612 1990 1658 monachi
2009 1647 2022 1673 ,
2061 1612 2156 1659 hoc
2186 1622 2257 1659 est
2280 1612 2472 1659 solitarii
2497 1629 2674 1660 nomen

567 1693 740 1754 pariter
761 1693 1019 1739 amiserunt
1042 1702 1088 1739 et
1112 1693 1273 1738 vitam.
1296 1692 1388 1749 Qui
1410 1693 1551 1739 etiam
1575 1709 1696 1757 saepe
1719 1693 1858 1739 tantis
1881 1703 2109 1757 urgentur
2127 1693 2445 1740 incommodis
2459 1729 2471 1753 ,
2495 1703 2546 1740 ut
2557 1692 2675 1739 dum

566 1788 676 1818 suos
709 1783 755 1819 et
781 1790 855 1820 res
883 1790 1048 1820 eorum
1073 1772 1212 1819 tutari
1240 1771 1486 1831 laborant,
1515 1773 1731 1837 proprias
1765 1773 2010 1832 amittant,
2039 1784 2085 1820 et
2106 1773 2341 1837 frequenti
2361 1773 2584 1820 incendio
2606 1774 2675 1819 vi-

565 1853 779 1899 cinarum
813 1853 1070 1900 domorum
1099 1854 1200 1917 ipsa
1222 1869 1414 1917 quoque
1445 1852 1728 1899 monasteria
1754 1863 2040 1900 cremantur.
2067 1857 2163 1900 Nec
2188 1854 2255 1900 sic
2286 1863 2444 1900 tamen
2475 1853 2672 1907 ambitio

566 1934 840 1981 refrenatur.
872 1936 926 1980 Hi
956 1951 1148 1999 quoque
1170 1935 1515 1981 districtionem
1543 1935 1815 1981 monasterii
1838 1934 2219 1998 qualemcunque
2254 1933 2353 1981 non
2380 1935 2594 1994 ferentes,
2615 1950 2673 1981 ac

564 2006 649 2077 per
685 2015 815 2062 villas
835 2052 846 2073 ,
888 2015 1102 2074 castella,
1142 2015 1351 2061 civitates
1386 2031 1486 2061 sese
1527 2015 1878 2080 dispergentes,
1920 2014 2114 2079 binique
2140 2015 2214 2062 vel
2238 2015 2389 2073 terni,
2419 2024 2499 2061 aut
2530 2014 2671 2061 etiam

562 2094 729 2157 singuli
753 2095 854 2141 sine
880 2095 1034 2158 aliqua
1060 2094 1391 2141 observatione
1414 2095 1584 2158 regulae
1619 2095 1883 2141 victitantes
1903 2130 1915 2153 ,
1943 2105 2075 2141 tanto
2095 2093 2382 2140 secularibus
2413 2093 2671 2140 deteriores

562 2184 670 2220 sunt
693 2174 993 2234 hominibus,
1025 2185 1204 2239 quanto
1228 2191 1254 2220 a
1277 2175 1568 2239 professione
1593 2191 1678 2221 sua
1703 2173 1905 2238 amplius
1932 2183 2273 2238 apostatantur.
2303 2173 2393 2230 Qui
2420 2173 2670 2220 habitatio-

560 2270 676 2300 num
700 2271 891 2319 quoque
916 2272 1108 2301 suarum
1130 2255 1249 2300 sicut
1290 2265 1336 2301 et
1373 2271 1454 2300 sua
1492 2254 1766 2314 abutentes,
1801 2253 2106 2300 Obedientias
2133 2253 2237 2300 loca
2265 2269 2347 2299 sua
2385 2254 2663 2312 nominant,

561 2333 640 2379 ubi
670 2334 798 2381 nulla
818 2335 977 2398 regula
1003 2344 1218 2393 tenetur,
1250 2333 1329 2380 ubi
1353 2334 1470 2380 nulli
1494 2334 1560 2380 rei
1580 2335 1669 2380 nisi
1689 2333 1841 2380 ventri
1856 2344 1900 2380 et
1919 2334 2050 2380 carni
2063 2333 2309 2393 obeditur,
2340 2332 2419 2379 ubi
2437 2349 2670 2398 cumpro·

557 2414 745 2477 pinquis
769 2415 843 2461 vel
862 2414 1166 2461 familiaribus
1191 2415 1286 2461 suis
1307 2424 1568 2471 manentes,
1593 2424 1725 2460 tanto
1748 2413 1939 2461 liberius
1965 2424 2109 2477 agunt
2127 2414 2259 2477 quod
2283 2413 2464 2472 volunt,
2487 2423 2667 2477 quanto

557 2494 713 2540 minus
740 2511 765 2540 a
796 2496 1095 2542 conscientiis
1126 2495 1220 2541 suis
1247 2505 1486 2541 verentur.
1514 2498 1565 2540 ln
1584 2493 1756 2558 quibus
1774 2495 1987 2558 profecto
2007 2494 2427 2558 impudentissimis
2443 2495 2666 2559 apostatis

556 2593 770 2623 excessus
789 2577 894 2623 illos
913 2577 1179 2624 criminales
1202 2593 1302 2623 esse
1328 2576 1529 2622 dubium
1556 2592 1654 2622 non
1687 2585 1787 2635 est,
1813 2576 1896 2639 qui
1918 2575 1966 2621 in
1994 2566 2174 2622 caeteris
2205 2575 2410 2622 veniales
2442 2585 2551 2622 sunt
2579 2575 2666 2622 ho·
2734 2598 2738 2603 ·

556 2657 778 2703 minibus.
807 2657 1029 2715 Qualium
1062 2657 1262 2703 omnino
1295 2657 1440 2703 vitam
1466 2672 1567 2702 non
1603 2655 1759 2702 solum
1797 2656 2053 2719 attingere,
2094 2655 2178 2701 sed
2211 2672 2301 2702 nec
2330 2655 2493 2702 audire
2532 2656 2668 2702 susti·

554 2738 718 2783 neatis.
748 2740 923 2784 Vestrae
946 2754 1059 2784 vero
1085 2736 1347 2787 infirmitati
1369 2747 1500 2783 tanto
1521 2736 1668 2799 magis
1696 2746 1765 2783 est
1797 2735 2004 2782 solitudo
2033 2736 2322 2795 necessaria,
2358 2746 2538 2799 quanto
2566 2752 2666 2782 car-

554 2817 731 2862 nalium
771 2817 1088 2863 tentationum
1121 2816 1255 2870 bellis
1285 2817 1442 2862 minus
1467 2816 1546 2862 hic
1582 2815 1886 2874 infestamur,
1927 2825 1972 2861 et
2007 2816 2163 2861 minus
2193 2815 2253 2861 ad
2285 2814 2549 2879 corporalia
2578 2832 2666 2879 per

553 2913 714 2955 sensus
739 2913 1007 2960 evagamur.
1039 2895 1177 2942 Unde
1203 2905 1248 2941 et
1274 2894 1440 2941 beatus
1471 2894 1699 2940 Antonius
1715 2897 1728 2919 ²
1751 2912 1760 2940 ε
1795 2914 1816 2938 «
1841 2895 1936 2951 Qui
1962 2894 2096 2940 sedet
2112 2930 2124 2951 ,
2157 2914 2180 2938 υ
2212 2894 2391 2957 inquit,
2433 2914 2455 2938 (ι
2478 2894 2530 2940 in.
2551 2894 2662 2941 soli·

551 2976 713 3022 tudine
731 3013 742 3035 ,
771 2986 816 3022 et
835 2968 1032 3039 quiescit
1051 3012 1061 3033 ,
1092 2992 1118 3021 a
1147 2975 1295 3022 tribus
1320 2974 1458 3021 bellis
1479 2975 1674 3039 eripitur
1689 3010 1702 3034 ,
1732 2974 1779 3020 id
1797 2984 1867 3021 est
1883 2975 2070 3022 auditus
2087 3011 2098 3033 ,
2127 2975 2380 3022 locutionis
2394 3011 2406 3035 ,
2433 2986 2479 3023 et
2502 2977 2626 3023 visus
2644 3013 2656 3034 ‚

552 3065 598 3101 et
618 3065 781 3101 contra
809 3072 956 3101 unum
986 3054 1319 3101 tantummodo
1344 3053 1538 3100 habebit
1561 3070 1771 3118 pugnam
1787 3089 1800 3113 ,
1826 3054 1875 3100 id
1900 3064 1970 3101 est
1991 3054 2166 3101 cordis.
2198 3073 2224 3100 »
2250 3058 2344 3101 Has
2369 3055 2564 3119 quidem
2586 3057 2664 3103 vel

550 3144 735 3180 caeteras
757 3135 939 3181 heremi
960 3133 1323 3181 commoditates
1346 3134 1538 3197 insignis
1561 3133 1776 3180 Ecclesiae
1799 3134 1969 3180 doctor
1986 3134 2302 3197 Hieronymus
2324 3134 2571 3198 diligenter
2594 3146 2661 3182 at—

549 3214 746 3260 tendens
764 3250 775 3272 ,
811 3225 856 3260 et
887 3215 947 3261 ad
983 3231 1060 3261 eas
1099 3214 1410 3261 Heliodorum
1448 3213 1739 3260 monachum
1762 3213 2069 3260 vehementer
2101 3214 2387 3275 adhortans,
2429 3215 2661 3272 exclamat

546 3294 736 3340 dicens³
757 3312 765 3339 2
800 3314 820 3337 «
849 3296 890 3339 Ο
913 3294 1134 3340 heremus
1160 3294 1373 3340 familiari
1395 3296 1494 3340 Deo
1516 3293 1754 3356 gaudens!
1785 3293 1911 3350 Quid
1938 3294 2057 3357 agis,
2089 3293 2255 3353 frater,
2285 3295 2331 3341 in
2356 3295 2517 3342 seculo
2537 3332 2549 3354 ,
2573 3296 2657 3359 qui

594 3480 601 3495 ¹
630 3479 738 3507 rant..
757 3488 829 3510 can.
852 3489 885 3513 vt.
906 3489 933 3509 v.
967 3480 1051 3511 3.-
1069 3479 1080 3495 ¹
1108 3481 1167 3509 Vix.
1197 3481 1326 3511 Parrum
1341 3505 1348 3511 .
1372 3479 1429 3512 lib.
1452 3479 1489 3519 V,
1516 3481 1555 3512 de
1581 3481 1706 3519 Quiete,
1726 3490 1759 3522 p.
1782 3480 1852 3512 141.
1868 3497 1909 3505 -
1927 3479 1939 3496 ⁸
1956 3479 2058 3523 Epist.
2077 3490 2127 3520 vi,
2146 3480 2223 3522 Opp.
2244 3486 2266 3512 t.
2286 3479 2341 3519 tv,
2358 3480 2422 3513 col.
2445 3483 2494 3512 11.
2520 3495 2522 3498 ·
