2970 4152
536 397 632 443 454
1335 392 1506 440 PETRI
1541 391 1854 441 ABAELARDI

536 492 659 538 male
683 490 869 536 locutus
893 504 1021 546 sum,
1049 487 1376 535 testimonium
1404 488 1603 554 perhibe
1632 488 1693 535 de
1721 488 1849 536 malo
1881 507 1890 534 :
1919 489 1958 535 si
1987 497 2148 535 autem
2177 488 2321 549 bene,
2352 507 2438 537 cur
2467 508 2544 538 me
2573 507 2656 538 cae-

536 572 635 617 dis?
656 590 679 614 »
704 574 949 632 Tanquam
972 567 1263 632 superfluam
1287 578 1333 616 et
1356 569 1776 616 inconvenientem
1798 568 2036 615 Dominus
2064 568 2486 634 arguithpontificis'
2511 571 2656 617 inter-

536 652 850 714 rogationem.
883 647 1132 713 Superflua
1164 648 1382 713 quidem,
1410 650 1522 714 quia
1556 636 1688 714 quod
1723 648 1883 713 palam
1918 647 2101 695 dictum
2137 648 2311 709 fuerat,
2350 659 2398 696 et
2431 651 2655 699 omnibus

536 742 727 789 notum,
767 729 1060 776 documento
1098 746 1198 776 non
1231 740 1352 793 eget.
1392 733 1662 793 Incongrua
1689 745 1828 788 vero,
1862 729 1974 792 quia
2003 745 2148 775 nemo
2177 729 2376 794 proprio
2411 740 2656 779 commen·

534 810 721 856 dandus
745 819 816 856 est
837 809 1129 856 testimonio,
1157 808 1296 856 Unde
1318 809 1441 856 bene
1465 810 1700 856 Dominus
1730 826 1812 855 eos
1842 809 1925 872 qui
1949 808 2227 868 audierunt,
2255 809 2414 874 potius
2437 826 2584 874 quam
2605 827 2676 858 se·

533 908 675 955 super
697 889 770 936 his
799 899 960 937 censet
982 890 1349 953 interrogandos
1372 882 1487 938 esse.
1521 893 1664 937 «Hoc
1688 899 1849 937 autem
1871 907 2023 954 quum
2045 889 2261 950 dixisset,
2287 907 2412 937 unus
2435 891 2656 939 assistens

534 972 885 1030 ministrorum,
913 982 1003 1018 etc.
1029 990 1051 1015 »
1077 975 1325 1036 Tanquam
1347 981 1652 1037 contemptor
1675 971 1898 1036 praecepti
1921 970 2185 1036 pontificis,
2209 971 2291 1035 qui
2315 970 2375 1018 de
2399 988 2449 1018 se
2472 971 2535 1019 ad
2557 972 2657 1035 ejus

532 1054 786 1118 imperium
815 1053 1143 1100 testimonium
1178 1071 1276 1101 non
1318 1054 1476 1113 dedit,
1510 1053 1648 1118 alapa
1676 1052 1888 1099 caeditur.
1929 1071 1952 1097 «
1984 1053 2330 1100 Testimonium
2362 1052 2561 1117 perhibe
2595 1052 2656 1100 de

532 1134 682 1192 malo,
708 1153 730 1177 »
757 1134 870 1198 quia
893 1144 1002 1181 ante
1025 1150 1219 1199 poenam
1241 1135 1453 1181 criminis
1476 1143 1618 1180 testes
1642 1143 1754 1180 sunt
1777 1132 2054 1180 inducendi.
2090 1152 2113 1177 «
2145 1133 2386 1198 Principes
2408 1142 2570 1180 autem
2591 1148 2660 1181 sa-

532 1214 783 1261 cerdotum
805 1225 852 1261 et
875 1231 1020 1261 omne
1043 1215 1297 1262 consilium
1320 1214 1597 1279 quaerebant
1626 1213 1798 1261 falsum
1827 1214 2156 1261 testimonium
2188 1223 2359 1261 contra
2390 1217 2550 1261 Jesum
2567 1250 2579 1273 ‚
2606 1224 2659 1260 ut

531 1314 642 1344 eum
664 1297 809 1343 morti
830 1297 1090 1344 traderent.
1119 1300 1176 1343 Et
1199 1314 1300 1343 non
1330 1297 1639 1356 invenerunt,
1667 1313 1819 1361 quum
1848 1296 1987 1343 multi
2016 1295 2122 1343 falsi
2155 1305 2297 1343 testes
2332 1295 2655 1343 accessissent.

532 1377 794 1424 Novissime
817 1387 976 1424 autem
999 1387 1234 1424 venerunt
1256 1377 1355 1424 duo
1386 1377 1490 1425 falsi
1512 1383 1677 1436 testes,
1705 1387 1752 1424 et
1781 1377 2002 1424 dixerunt
2033 1395 2043 1423 2
2076 1396 2099 1420 «
2122 1376 2209 1422 Hic
2239 1375 2357 1422 dixit
2381 1394 2390 1421 :
2421 1378 2661 1422 «Possum

532 1459 811 1505 «destruere
835 1458 1067 1523 templum
1084 1459 1194 1517 Dei,
1213 1469 1258 1505 et
1275 1469 1385 1524 post
1407 1459 1623 1506 triduum
1645 1458 1932 1505 reaedificare
1955 1457 2114 1504 illud¹.
2137 1475 2160 1500 »
2180 1460 2428 1521 Tanquam
2443 1456 2663 1503 occasio-

530 1558 642 1587 nem
664 1540 777 1587 hinc
799 1550 1063 1598 sumentes,
1091 1539 1224 1603 quod
1255 1539 1439 1587 dixerat
1467 1543 1599 1587 Jesus
1631 1558 1640 1586 :
1675 1559 1697 1584 «
1720 1540 1770 1585 Si
1798 1539 1922 1585 male
1951 1539 2140 1585 locutus
2170 1554 2300 1595 sum,
2333 1536 2663 1583 testimonium

528 1620 726 1685 perhibe
749 1621 810 1668 de
833 1621 976 1669 malo.
1000 1641 1021 1665 »
1042 1621 1203 1669 Falsos
1226 1631 1367 1669 testes
1391 1622 1641 1686 inquirunt
1665 1620 1726 1667 de
1749 1619 2016 1667 maledictis
2032 1619 2157 1682 ejus,
2180 1618 2262 1683 qui
2278 1634 2420 1664 veros
2434 1617 2664 1665 inducere

529 1717 627 1746 non
652 1712 876 1765 possunt,
903 1718 992 1748 nec
1017 1701 1140 1748 facta
1163 1701 1262 1764 ejus
1286 1718 1500 1765 arguere.
1529 1704 1637 1747 Duo
1668 1700 1772 1747 falsi
1802 1709 1968 1758 testeS‚
1996 1708 2228 1762 tanquam
2258 1697 2308 1743 in
2339 1713 2423 1743 ore
2453 1695 2663 1743 duorum

528 1779 755 1827 falsorum
777 1782 949 1828 veritas
972 1790 1140 1839 staret,
1168 1780 1331 1827 fals0s2
1354 1797 1455 1827 esse
1479 1781 1834 1827 convincuntur
1858 1779 1906 1825 in
1932 1778 2006 1823 his
2025 1793 2130 1840 quae
2147 1776 2360 1822 Domino
2383 1776 2658 1840 imponunt.

529 1861 620 1916 Qui
644 1862 773 1907 enim
796 1861 978 1909 dixerat
1007 1881 1016 1907 :
1047 1881 1071 1905 «
1091 1861 1269 1908 Solvite
1291 1861 1526 1925 templum
1547 1860 1666 1918 hoc,
1689 1879 1711 1904 »
1741 1873 2048 1922 nequaquam
2071 1873 2121 1902 se
2144 1855 2263 1902 illud
2292 1855 2532 1903 factarum
2561 1872 2663 1902 esse

528 1943 601 1989 vel
626 1944 778 1991 facere
801 1962 942 2010 posse
964 1945 1267 2009 praedixerat,
1289 1942 1374 1988 sed
1396 1943 1490 1988 hoc
1514 1942 1575 1988 ab
1598 1942 1688 1987 illis
1705 1941 1865 2005 potius
1883 1955 1985 1985 esse
2003 1937 2280 1985 faciendum
2299 1938 2540 1996 innuerat,
2559 1953 2662 1983 non

529 2024 724 2086 quidem
747 2025 807 2071 de
837 2025 1018 2089 templo
1042 2039 1190 2069 manu
1214 2022 1363 2080 facto,
1391 2022 1512 2068 sicut
1534 2021 1600 2066 illi
1627 2018 2001 2077 mentiebantur,
2029 2017 2114 2083 sed
2137 2017 2198 2063 de
2227 2017 2411 2083 templo
2447 2016 2663 2082 corporis

529 2105 602 2150 sui
624 2115 778 2151 morte
801 2122 887 2169 per
909 2121 991 2151 eos
1015 2102 1339 2151 dissolvendo.
1361 2121 1384 2146 (ι
1402 2106 1461 2148 Et
1483 2118 1681 2164 surgens
1703 2100 1927 2165 princeps
1950 2099 2256 2147 sacerdotum
2285 2099 2350 2145 ait
2371 2098 2440 2145 illi
2459 2117 2468 2145 ε
2491 2118 2514 2143 α
2539 2098 2664 2145 Nihil

529 2184 791 2249 respondes
815 2183 876 2230 ad
900 2199 955 2230 ea
978 2200 1082 2247 quae
1111 2181 1472 2247 istifadversum
1500 2190 1547 2227 te
1577 2179 1919 2227 testificantur?
1946 2198 1969 2223 »
2005 2183 2138 2226 Jesus
2173 2188 2334 2225 autem
2365 2177 2578 2236 tacebat,
2617 2187 2664 2224 et
2695 2214 2698 2217 .

531 2267 754 2331 princeps
776 2264 1080 2312 sacerdotum
1104 2264 1167 2310 ait
1190 2262 1257 2309 illi
1278 2281 1287 2308 :
1319 2281 1342 2307 «
1363 2262 1543 2325 Adjuro
1567 2271 1613 2308 te
1637 2278 1722 2326 per
1745 2264 1902 2307 Deum
1925 2260 2112 2320 vivum,
2139 2269 2194 2306 ut
2224 2259 2356 2305 dicas
2387 2258 2527 2305 nobis
2549 2258 2589 2304 si
2610 2267 2663 2304 tu

532 2362 580 2391 es
611 2345 824 2391 Christus
852 2343 975 2390 filius
998 2345 1086 2391 Dei
1108 2343 1221 2390 vivi.
1247 2362 1270 2387 »
1297 2345 1503 2405 Surgens
1532 2341 1770 2407 pontifex,
1798 2350 1844 2387 et
1867 2340 2145 2405 impatiens,
2173 2355 2324 2403 quum
2353 2354 2455 2384 non
2484 2337 2666 2384 inveni-

532 2435 603 2471 ret
637 2425 799 2471 locum
833 2423 1105 2485 calumniae,
1142 2434 1278 2470 motu
1313 2423 1530 2487 corporis
1561 2422 1742 2469 indicat
1770 2422 2008 2468 insaniam
2038 2420 2235 2479 mentis,
2263 2429 2311 2466 et
2339 2428 2573 2484 provocat
2602 2417 2664 2465 ad

532 2504 947 2570 respondendum,
975 2515 1028 2551 ut
1051 2504 1313 2568 quamlibet
1336 2504 1641 2550 occasionem
1664 2502 1922 2549 accusandi
1945 2502 2174 2549 inveniat.
2192 2504 2333 2547 Tacet
2349 2500 2586 2546 Dominus
2601 2498 2664 2545 ad

535 2587 776 2650 objectum
798 2587 1149 2646 testimonium,
1177 2585 1310 2650 quod
1332 2596 1432 2632 tam
1461 2585 1710 2632 manifeste
1739 2584 1912 2631 falsum
1941 2583 2073 2630 nulla
2105 2599 2161 2629 ex
2194 2581 2448 2629 occasione
2476 2579 2554 2627 vel
2587 2595 2665 2625 re-

534 2668 792 2733 sponsione
815 2678 977 2715 censet
993 2667 1210 2731 dignum.
1232 2666 1375 2724 Quod
1393 2676 1439 2713 et
1455 2665 1670 2731 pontifex
1686 2664 1952 2729 intelligens
1969 2663 2238 2728 adjurando
2255 2679 2365 2709 eum
2381 2671 2663 2724 extorquere

534 2751 700 2796 nititur
721 2747 1094 2812 blasphemiam,
1120 2764 1216 2811 qua
1239 2747 1488 2794 manifeste
1511 2747 1734 2793 convinci
1756 2746 1991 2806 videatur,
2013 2755 2060 2791 et
2076 2759 2275 2791 summae
2296 2741 2510 2789 falsitatis
2533 2756 2659 2798 reus,

534 2845 772 2875 summam
801 2827 1032 2893 profitens
1060 2827 1325 2874 veritatem.
1354 2827 1609 2890 Adjuratus
1638 2827 1875 2873 Dominus
1903 2842 1990 2890 per
2020 2828 2178 2871 Deum
2215 2823 2380 2869 vivum
2421 2838 2482 2867 ne
2521 2828 2664 2867 tantae

534 2910 789 2972 majestatis
804 2909 922 2956 laesae
944 2926 1052 2956 reus
1075 2908 1230 2970 fieret,
1255 2909 1505 2956 veritatem
1524 2907 1804 2974 profitetur„
1818 2924 1907 2972 pro
1931 2906 2130 2953 veritate
2156 2903 2484 2961 damnandus,
2511 2901 2594 2965 qui
2616 2909 2662 2946 et

532 2991 634 3054 ipsa
657 3002 726 3038 est
747 2992 939 3039 veritas.
967 2991 1092 3038 Dicit
1115 2991 1276 3055 itaque
1299 2991 1388 3037 illis
1411 2994 1560 3037 Jesus.
1669 2990 1882 3053 (Caetera
1910 2988 2126 3051 desunt.)

580 3134 588 3150 ¹
615 3135 741 3175 Matth„
760 3148 833 3181 cap.
852 3149 947 3178 xxw,
963 3149 993 3170 v.
1013 3138 1054 3171 59
1071 3144 1103 3170 et
1122 3148 1171 3180 sq.
1190 3155 1232 3161 —
1250 3135 1262 3153 ²
1278 3135 1466 3179 Legendum
1482 3137 1573 3176 falsi.

1493 3322 1705 3329 ————.-
