2970 4152
1250 406 1257 420 κ
1282 387 1479 439 NozrAE.
2380 392 2442 451 47·

326 485 366 516 et
376 479 446 519 sub
456 478 599 517 honore
618 485 750 517 sanctas
769 479 838 516 Dei
856 478 1047 527 genitricis
1062 485 1099 515 et
1114 485 1302 527 perpetuae
1318 479 1475 528 virginis
1494 470 1631 526 Mariae,
1649 480 1900 529 omnipotenti
1918 480 2083 517 Domino
2097 479 2259 525 dedicari
2273 488 2311 517 et
2322 494 2449 518 conse—

329 542 424 578 crari
442 541 572 579 voluit.
593 555 611 574 ι
629 540 712 580 Imo
729 547 768 579 et
792 539 1032 581 ecclesiarum
1059 552 1101 578 ac
1122 539 1293 584 villarum
1308 568 1319 586 ,
1339 552 1433 590 quas
1455 540 1636 589 plurimas
1651 540 1774 582 eidem
1795 541 1956 580 contulit
1981 542 2230 589 monasterio,
2254 542 2451 578 confirma—

330 605 469 640 tionem
487 603 700 652 impetravit
718 616 740 641 a
757 602 926 641 Roberto
943 614 1044 651 rege.
1066 602 1163 641 Nam
1186 603 1226 641 iu
1244 602 1476 643 chartulario
1493 603 1748 652 manuscripto
1769 604 1894 643 Sancti
1913 604 2102 653 Dionysii,
2124 604 2226 654 quod
2246 605 2301 641 vir
2321 605 2451 641 multi-

328 666 416 714 plici
435 666 632 704 nobilitate
648 673 686 703 et
702 654 920 704 eruditione
942 665 1209 704 celeberrimus
1223 662 1598 716 {amburit-agustus
1627 666 1809 704 Thuanus
1828 675 1987 705 asservat
2009 669 2047 705 in
2074 679 2140 705 sua
2161 667 2449 716 locupletissima

327 728 565 774 bibliotheca,
585 728 657 769 tale
675 733 899 777 praeceptum
917 726 1007 764 inde
1022 722 1296 776 fecissemgem
1312 728 1393 775 ejus
1409 728 1528 765 filium
1544 729 1688 777 reperi:

774 818 925 855 Donum
943 817 1152 867 quodficit
1169 797 1358 857 Robertus
1376 831 1447 857 rex
1465 820 1689 857 monialibus
1709 819 1755 856 de
1774 822 2009 869 Argentolio.

378 913 394 930 a
410 897 523 946 Regis
542 908 673 946 regum
691 903 788 936 nutu
805 897 1035 933 Francorum
1055 911 1118 935 rex
1134 898 1336 946 Robertus,
1356 911 1443 935 cum
1461 900 1599 936 nostris
1618 898 1790 935 fidelibus
1809 901 1954 937 cunctis
1972 900 2165 936 catholicis
2186 902 2303 949 palam
2317 902 2356 937 id
2373 902 2452 937 fieri

329 958 511 997 volumus.
526 959 561 996 A
576 958 887 1008 praedecessorum
907 966 1122 996 nostrorum
1142 960 1247 997 cultu
1261 989 1271 1008 ,
1288 961 1389 999 circa
1411 973 1520 998 sacrae
1547 960 1741 1011 religionis
1759 961 1847 1010 jura
1874 964 2097 1008 constituto,
2126 976 2360 1012 nequaquam
2389 962 2454 1000 de-

329 1021 426 1058 viare
448 1021 631 1067 volentes,
653 1021 852 1059 hortamur
878 1034 1006 1058 omnes
1023 1022 1071 1058 ad
1090 1022 1202 1059 finem
1222 1022 1467 1065 beatitudinis
1495 1023 1714 1069 tendentes,
1741 1031 1926 1074 quatenus
1952 1037 2188 1074 summopere
2208 1026 2248 1061 in
2268 1026 2454 1074 vigilando

327 1082 555 1120 auxilientur
571 1083 699 1128 nobis,
725 1082 772 1119 ad
795 1083 990 1133 privilegia
1008 1096 1097 1133 erga
1113 1096 1172 1120 res
1190 1085 1261 1121 Dei
1281 1075 1572 1135 sanctorumque
1594 1085 1675 1134 ejus
1694 1086 1991 1132 corroboranda,
2020 1088 2076 1123 uti
2100 1077 2280 1136 recipiant
2298 1088 2367 1136 ipsi
2386 1101 2454 1123 no·-

329 1144 470 1185 biscum
490 1145 747 1182 remissionem
766 1147 1024 1194 peccaminum
1042 1158 1112 1194 pro
1129 1146 1347 1196 hujusmodi
1368 1161 1409 1184 re
1429 1148 1543 1198 digne
1561 1148 1791 1199 exequenda.
1811 1149 1993 1186 Precibus
2017 1150 2157 1186 etenim
2184 1157 2318 1188 nostrae
2350 1152 2454 1199 geni-

329 1206 450 1252 tricis,
470 1207 611 1244 scilicet
631 1207 823 1250 Adelaidis
841 1209 979 1258 reginas
997 1207 1156 1258 insignis
1169 1236 1181 1257 ,
1196 1210 1258 1246 cui
1276 1221 1429 1259 prorsus
1449 1209 1546 1247 nihil
1563 1209 1766 1260 denegare,
1786 1223 1916 1247 verum
1937 1212 2164 1251 omnimodis
2182 1212 2313 1249 devote
2337 1214 2454 1248 inser-

330 1269 405 1305 vire
430 1269 633 1315 debemus,
661 1270 848 1319 promoti,
878 1282 990 1320 super
1017 1270 1267 1321 quarumdam
1295 1271 1535 1309 ecclesiarum
1563 1272 1811 1323 villarumque
1838 1274 2100 1323 astipulatione
2127 1277 2323 1324 praecepti,
2345 1287 2424 1325 quae
2443 1276 2453 1294 ¹

327 1330 552 1367 monialibus
573 1332 652 1368 Deo
669 1331 936 1368 famulantibus
952 1333 992 1368 in
1011 1333 1238 1370 monasterio
1253 1333 1396 1370 Sanctae
1412 1334 1538 1371 Mariae
1554 1335 1776 1385 Argentolio
1791 1362 1802 1383 ,
1823 1335 1872 1372 ob
1887 1336 2017 1372 animae
2044 1349 2137 1383 suae,
2164 1337 2280 1386 patris
2309 1349 2457 1386 quoque

327 1394 464 1439 nostri,
478 1394 652 1431 videlicet
667 1395 839 1443 Hugonis
856 1394 969 1431 beatae
989 1396 1175 1432 memoriae
1187 1423 1197 1442 ,
1219 1402 1333 1446 atque
1348 1403 1482 1433 nostrae
1500 1397 1682 1447 requiem,
1703 1397 1830 1443 dedit,
1855 1398 2016 1435 libenter
2033 1399 2113 1447 ejus
2132 1398 2312 1436 voluntati
2331 1399 2456 1447 parui-

327 1467 408 1491 mus
422 1483 432 1500 ,
452 1462 489 1492 et
507 1456 617 1492 dictis
635 1456 819 1502 faventes,
839 1457 1060 1505 petitionem
1081 1458 1198 1506 ipsius
1217 1458 1352 1496 idonea
1368 1459 1513 1496 ratione
1533 1460 1739 1508 persolvere
1757 1460 1977 1496 curavimus.
1992 1461 2088 1498 Sunt
2101 1469 2226 1498 autem
2246 1474 2303 1498 res
2320 1461 2457 1497 collatae

325 1517 393 1553 bae.
411 1516 457 1552 Iu
476 1517 607 1565 primis
626 1529 669 1553 ea
687 1530 766 1567 quae
783 1518 996 1568 possidebat
1014 1519 1236 1568 Argentolio
1255 1532 1319 1557 rex
1336 1521 1468 1569 Hugo,
1490 1520 1634 1558 donans
1659 1521 1732 1558 illa·
1745 1521 1825 1558 Deo
1849 1524 2000 1559 sacratis
2026 1523 2121 1559 inibi
2141 1523 2376 1573 degentibus.
2397 1523 2455 1559 Ad

326 1577 398 1614 hoc
415 1578 656 1623 Cavenoilus,
674 1579 740 1616 ubi
761 1579 891 1618 haberi
911 1580 1141 1619 aestimantur
1165 1595 1292 1619 mansa
1309 1595 1395 1631 xxx,
1419 1595 1506 1619 cum
1523 1583 1676 1622 ecclesia
1694 1584 1733 1622 in
1753 1584 1896 1621 honore
1913 1585 2030 1622 sancti
2050 1585 2167 1622 Petri.
2189 1585 2291 1624 Villa
2307 1597 2455 1635 quoque

326 1639 564 1677 Montiliacus
583 1653 668 1677 cum
688 1642 825 1678 mansis
843 1654 894 1678 vu
908 1670 919 1688 ,
939 1649 978 1679 et
995 1643 1146 1680 ecclesia
1165 1644 1206 1680 in
1222 1643 1368 1682 honore
1397 1646 1515 1685 sancti
1542 1646 1711 1683 Martini.
1738 1646 1781 1682 In
1809 1646 1995 1684 Aconiaco
2014 1659 2100 1683 vero
2119 1647 2200 1684 vico
2218 1659 2343 1683 mansa
2364 1647 2452 1683 duo.

328 1703 371 1740 In
398 1702 579 1741 Otrevilla
608 1704 782 1741 similiter
798 1705 873 1743 duo
891 1718 1016 1743 mansa
1039 1713 1078 1743 et
1097 1705 1310 1744 dimidium.
1338 1708 1444 1745 Inter
1468 1708 1657 1745 Alncdum
1684 1715 1722 1745 et
1748 1709 1953 1746 Lisivillam
1980 1722 2151 1747 mansum
2179 1723 2203 1746 1.
2232 1710 2277 1746 In
2307 1709 2456 1748 Villena

325 1778 415 1817 ergo
433 1779 604 1803 mansum
617 1781 645 1804 1.
666 1768 711 1803 In
727 1767 923 1805 Satrovilla
939 1782 985 1805 xx
1005 1782 1131 1806 mansa
1148 1783 1234 1806 cum
1254 1770 1400 1807 duabus
1420 1771 1702 1820 piscationibus.
1723 1772 1769 1808 In
1789 1772 1910 1808 insula
1927 1772 2104 1810 Berliseia
2116 1801 2126 1819 ,
2153 1780 2192 1810 et
2216 1773 2258 1809 in
2276 1774 2354 1822 ipsa
2372 1773 2455 1809 villa

324 1827 498 1864 Cornelia
522 1828 635 1865 altera
664 1829 831 1879 piscatio.
850 1829 895 1865 In
918 1830 1140 1877 Argentolio
1164 1839 1370 1868 mercatum
1386 1839 1424 1869 et
1443 1832 1663 1869 theloneum
1684 1840 1852 1869 rotarum
1871 1840 1983 1883 atque
2001 1841 2279 1872 tensamentum
2298 1836 2387 1871 vini.
2409 1836 2454 1872 In

325 1888 536 1938 Lupocurte
564 1902 588 1925 v
613 1903 753 1928 mansa.
780 1890 882 1929 Villa
909 1891 1052 1939 Trapas
1080 1903 1251 1942 quoque,
1276 1899 1314 1928 et
1337 1893 1520 1942 quicquid
1545 1893 1593 1930 ad
1618 1905 1699 1930 eam
1724 1895 1890 1943 pertinet
1916 1907 2002 1932 cum
2033 1895 2199 1933 ecclesia.
2228 1896 2453 1934 Anilecortis

326 1962 412 1987 vero
429 1951 515 1987 villa
527 1979 536 1997 ,
555 1959 594 1989 et
607 1951 790 2002 quicquid
804 1952 851 1989 ad
869 1965 951 1989 eam
968 1954 1135 2002 pertinet
1150 1966 1237 1990 cum
1253 1954 1421 1992 ecclesia.
1442 1954 1700 1992 Burduneium
1717 1966 1867 2005 quoque
1884 1956 1987 2003 villa,
2007 1964 2045 1994 et
2063 1958 2188 1994 omnia
2204 1957 2251 1994 ad
2268 1970 2347 1994 eam
2367 1970 2452 2006 per-

323 2013 482 2051 tinentia
496 2026 582 2050 cum
604 2014 771 2053 ecclesia.
792 2015 1061 2052 Monsterolum
1079 2016 1233 2065 quidem
1251 2015 1335 2053 villa
1350 2045 1360 2062 ,
1380 2028 1468 2053 cum
1489 2017 1654 2055 ecclesia.
1672 2018 1853 2055 Sanctum
1871 2018 2053 2055 Loanium
2064 2021 2079 2041 ⁹
2097 2020 2180 2056 villa
2197 2033 2283 2056 cum
2301 2020 2454 2056 ecclesia

324 2082 362 2112 et
389 2076 607 2113 molendino
631 2089 725 2123 uno,
756 2082 794 2114 et
816 2089 902 2113 cum
921 2078 1097 2126 arpennis
1123 2085 1317 2127 pratorum
1339 2091 1403 2116 xu.
1429 2079 1622 2116 Bratheias
1647 2079 1732 2116 villa
1759 2092 1846 2117 cum
1872 2082 2047 2118 omnibus
2074 2082 2304 2132 appendiciis
2325 2083 2398 2118 suis
2417 2089 2454 2117 et

323 2137 500 2177 ecclesiis.
518 2138 679 2176 Merlant
697 2151 847 2189 quoque
865 2139 964 2177 villa.
986 2140 1153 2177 Carisius
1180 2152 1332 2190 quoque
1353 2141 1438 2178 villa
1458 2154 1543 2178 cum
1562 2142 1683 2178 tribus
1709 2142 1935 2180 molendinis
1954 2150 2066 2194 atque
2086 2145 2214 2193 pratis.
2233 2145 2312 2182 Hoc
2329 2144 2451 2181 omnia

324 2199 535 2248 supradicta
553 2199 740 2249 praedictis
763 2201 987 2238 monialibus
1003 2200 1091 2239 data
1117 2201 1166 2238 ob
1193 2214 1359 2240 amorem
1384 2203 1454 2240 Dei
1474 2209 1513 2240 et
1530 2204 1777 2241 reverentiam
1795 2205 2012 2243 beatissimae
2031 2206 2099 2243 Dei
2119 2206 2310 2256 genitricis
2331 2207 2452 2243 Mariae

323 2261 585 2299 confirmamus
603 2262 826 2300 auctoritate
839 2292 848 2309 ,
869 2270 1054 2313 quatenus
1072 2276 1219 2314 semper
1236 2265 1305 2302 sub
1322 2265 1535 2315 plenissima
1557 2265 1794 2313 defensione,
1813 2274 1851 2304 et
1865 2269 2083 2306 emunitatis
2098 2269 2257 2306 tuitione
2273 2276 2351 2306 rata
2369 2281 2453 2318 per-

325 2327 507 2361 maneant.
529 2325 586 2362 Ita
603 2324 775 2362 videlicet
793 2333 836 2362 ut
856 2325 981 2363 nullus
999 2325 1136 2363 abhinc
1155 2326 1201 2363 ad
1221 2339 1349 2364 causas
1372 2328 1590 2377 exigendas,
1612 2336 1678 2366 aut
1695 2329 1800 2366 freda
1824 2330 1880 2367 vel
1905 2331 2066 2374 tributa,
2087 2338 2151 2368 aut
2168 2332 2376 2368 mansiones
2396 2332 2451 2367 vel

326 2392 469 2432 paratas
496 2386 704 2433 faciendas,
726 2386 786 2424 vel
808 2387 1042 2437 fidejussores
1063 2388 1268 2435 tollendos,
1287 2397 1352 2426 aut
1373 2390 1548 2428 homines
1565 2391 1645 2439 ejus
1671 2391 1832 2429 ecclesiae
1854 2399 1930 2429 tam
1959 2393 2140 2442 ingenuos
2168 2406 2281 2445 quam
2309 2406 2450 2443 ser-VOS,

324 2458 435 2496 super
457 2455 595 2485 terram
613 2461 741 2486 earum
767 2458 1064 2498 commanentes,
1093 2451 1232 2500 injuste
1257 2451 1555 2502 distringendos,
1575 2466 1643 2491 nec
1663 2453 1757 2491 ullos
1777 2454 1948 2492 redditus
1975 2462 2040 2492 aut
2069 2455 2216 2492 illicitas
2243 2456 2450 2492 occasiones

323 2509 567 2559 requirendas
594 2512 731 2548 nostris
757 2519 795 2549 et
822 2513 960 2550 futuris
987 2512 1220 2563 temporibus
1247 2515 1395 2563 ingredi
1415 2515 1569 2564 audeat,
1597 2516 1652 2553 vel
1676 2530 1719 2553 ea
1736 2529 1815 2566 quae
1839 2512 1951 2566 supra
1969 2525 2171 2554 memorata
2191 2525 2278 2554 suut
2303 2518 2450 2566 exigere

323 2581 531 2620 praesumat.
551 2574 624 2611 Sed
640 2574 748 2612 liceat
767 2576 856 2624 ipsis
874 2575 1087 2624 supradicta
1108 2577 1178 2613 sub
1195 2577 1384 2614 firmitatis
1400 2576 1615 2615 defensione
1641 2581 1772 2629 quieto
1798 2579 1932 2616 ordine
1955 2580 2144 2629 possidere
2157 2609 2167 2627 ,
2195 2581 2240 2617 ad
2266 2581 2450 2630 stipendia

321 2646 448 2671 earum
477 2635 550 2672 fine
576 2643 686 2673 tenus
712 2636 764 2673 ibi
790 2638 869 2674 Deo
896 2638 1154 2675 militantium.
1179 2639 1225 2676 Et
1249 2639 1347 2676 hanc
1369 2641 1648 2686 auctoritatem,
1666 2649 1711 2678 ut
1734 2642 1878 2679 firmior
1894 2643 1934 2680 in
1953 2643 2021 2680 Dei
2042 2644 2193 2681 nomine
2214 2643 2409 2688 habeatur,
2429 2658 2448 2678 a

323 2695 493 2734 fidelibus
509 2710 661 2748 quoque
678 2706 810 2736 sanctae
828 2700 897 2737 Dei
914 2701 1089 2738 Ecclesiae‘
1108 2708 1146 2738 et
1168 2703 1305 2738 nostris
1322 2702 1544 2752 diligentius
1561 2711 1814 2751 conservetur,
1834 2718 1948 2742 manu
1970 2707 2124 2755 propria
2144 2707 2270 2743 subter
2287 2707 2447 2742 firmavi-

324 2770 419 2803 mus,
432 2765 470 2795 et
482 2759 595 2808 sigilli
608 2761 725 2798 nostri
744 2761 987 2811 impressione
1004 2763 1145 2812 signari
1157 2763 1353 2812 jussimus.
1370 2767 1509 2802 Actum
1522 2766 1563 2802 in
1574 2767 1715 2804 Pascha
1729 2767 1829 2817 apud
1842 2768 2020 2805 Sanctum
2037 2769 2269 2818 Dionysium,
2283 2781 2380 2806 auno
2396 2781 2443 2805 xn

326 2820 431 2868 regni
443 2819 598 2859 Roberti
615 2822 870 2872 gloriosissimi
885 2825 982 2874 regis
993 2824 1238 2873 Francorum,
1255 2827 1388 2864 indict.
1405 2840 1428 2864 ι.
1443 2829 1588 2865 Franco
1601 2829 1842 2867 cancellarius
1857 2843 1902 2868 ex
1914 2831 2019 2880 regio
2035 2839 2217 2881 praecepto
2231 2832 2441 2881 recognovi,

323 2889 434 2931 atque
450 2882 664 2932 subscripsi.
681 2900 699 2918 »

369 2972 539 3019 Qualiter
555 2981 679 3012 autem
698 2971 920 3014 monialibus
936 2978 1008 3015 illis
1025 2979 1204 3029 expulsis,
1222 2980 1432 3031 Argentolii
1449 2984 1716 3020 monasterium
1736 2995 1865 3020 rursus
1882 2983 1930 3020 ad
1942 2985 2142 3022 monachos
2163 2985 2331 3031 redierit,
2351 2987 2444 3022 infra

321 3035 491 3082 pluribus
511 3036 765 3076 adnotabitur.

1142 3124 1239 3162 Nota
1263 3125 1417 3172 xxm,
1443 3140 1532 3177 pag.
1560 3131 1617 3166 ⁴6.

366 3210 406 3246 Ε
406 3212 437 3246 is
450 3211 627 3249 vIdelc'cet
639 3215 806 3262 cot-poris
824 3217 898 3251 mei
911 3216 1083 3263 partibus
1099 3221 1628 3268 amputatis....—Quomodo
1640 3229 1819 3259 castratus
1830 3223 1876 3260 de
1894 3231 2003 3261 nocte
2021 3224 2135 3262 fucrit
2152 3225 2383 3272 Abaelardus,
2404 3234 2442 3263 et

319 3271 479 3320 qualiter
510 3286 638 3311 omnes
672 3277 883 3324 parisiensis
914 3278 1071 3316 civitatis
1105 3280 1255 3318 ordines
1286 3281 1333 3318 ad
1365 3296 1452 3320 eum
1486 3297 1595 3321 mane
1626 3287 1840 3334 congregati
1876 3287 2109 3336 stupuerim,
2145 3296 2210 3325 aut
2238 3296 2376 3338 quanta
2405 3302 2443 3326 se

320 3333 515 3372 afflixerint
534 3336 821 3386 lamentatione,
841 3340 987 3390 plagam
1009 3341 1109 3380 illam
1133 3345 1301 3394 corporis
1321 3345 1403 3393 ejus
1426 3346 1662 3396 plangenteS,
1693 3347 1839 3384 feminae
1868 3350 2092 3397 praesertim,
2123 3351 2264 3399 optime
2292 3363 2441 3400 quoque

358 3474 371 3489 Υ
387 3477 455 3510 Lege
467 3485 539 3511 quas.
553 3491 589 3499 -—-
603 3477 614 3492 ⁹
631 3477 703 3513 Imp·-
714 3480 741 3507 S.
764 3481 884 3507 umus.
