2970 4152
562 393 656 439 584
1096 425 1097 430 ,
1361 389 1531 435 PETRI
1567 389 1879 436 ABAELARDI

557 487 682 534 hanc
708 487 1066 550 derelinquere,
1094 483 1170 530 vel
1193 484 1409 531 minuere
1432 494 1632 549 propter
1655 484 1788 531 illam
1809 482 1939 530 velit
1975 480 2069 528 Sed
2090 479 2343 528 fortassis
2331 483 2542 546 lnquies,
2567 481 2676 556 quia

557 568 651 614 hoc
677 567 812 613 inviti
834 564 1059 612 monachi
1082 581 1205 611 onus
1226 564 1512 629 suscipiunt,
1531 563 1786 621 constricti
1809 561 2032 608 videlicet
2055 558 2330 619 obedientia
2352 553 2676 625 praelatorum,

558 657 604 693 et
628 647 830 692 maxime
851 661 941 709 pro
972 643 1107 690 lucro
1131 643 1336 690 aliorum
1356 659 1451 690 suae
1471 643 1713 706 religionis
1736 641 1945 688 tolerant·
1974 638 2312 704 dispendium,
2339 639 2569 702 eligentes
2586 655 2682 687 ma-

559 728 626 789 gis
660 725 902 772 mediocre
930 724 1156 771 meritum
1181 740 1293 770 cum
1329 723 1490 771 multis
1517 723 1696 770 habere
1730 737 2016 779 commune,
2056 736 2203 784 quam
2226 726 2467 783 >magnum
2501 719 2681 775 habere
2718 741 2722 743 Δ

557 806 809 869 singulare.
843 808 995 869 Atque
1017 805 1203 852 utinam
1223 805 1290 851 ita
1312 804 1394 864 sit,
1416 814 1470 850 ut
1493 804 1630 850 inviti
1654 802 1831 849 scilicet
1854 801 2126 859 trahantur,
2153 811 2200 847 et
2224 799 2318 847 hac
2338 794 2507 848 saltem
2530 800 2685 861 intam-

557 887 689 932 tione
711 902 806 949 qua
828 885 1032 932 diximus
1047 923 1057 943 ,
1084 884 1145 931 de
1167 884 1416 931 monachis
1438 883 1556 930 fiant
1578 882 1790 947 episcopi
1818 898 1908 946 pro
1931 880 2082 927 salute
2103 880 2282 927 scilicet
2305 880 2537 938 aliorum;
2562 881 2683 931 sicut
2707 911 2714 918 ‹

560 983 586 1012 e
605 983 864 1024 converso,
891 975 944 1012 ut
970 965 1153 1012 dictum
1174 975 1267 1023 est,
1294 964 1354 1011 de
1377 964 1612 1028 episcopis
1636 977 1990 1025 nonnunquam
2018 960 2244 1008 monachi
2273 960 2420 1019 fiunt,
2456 961 2540 1024 qui
2576 953 2690 1025 pim-⁴

559 1047 673 1110 priae
695 1045 890 1092 student
912 1044 1066 1091 saluti.
1094 1043 1188 1090 Sed
1209 1043 1426 1108 profecto
1451 1043 1572 1088 sicu't
1595 1040 1822 1087 credibile
1857 1050 1928 1087 est
1962 1057 2044 1087 eos
2062 1040 2183 1104 ,qui
2215 1049 2386 1104 sponte
2415 1038 2476 1086 de
2509 1038 2688 1087 divitiis

561 1127 621 1174 ad
646 1135 979 1190 paupertatem
1003 1134 1275 1182 transeunt,
1308 1139 1451 1170 causa
1479 1122 1722 1185 religionis
1752 1121 1802 1167 id
1836 1121 2014 1179 sacere;
2052 1121 2117 1166 ita
2144 1119 2398 1166 verisimile
2420 1115 2681 1182 judicamur,

560 1210 598 1254 si
621 1225 647 1254 e
668 1223 902 1255 converso
931 1205 1036 1264 fiat,
1076 1204 1351 1269 ambitionis
1381 1220 1524 1251 causa
1551 1203 1755 1249 maxime
1783 1202 1963 1266 peragi.
1994 1200 2139 1258 Quod
2175 1200 2371 1264 quidem
2400 1216 2497 1265 qua
2526 1190 2687 1246 inten-

559 1290 691 1335 tione
730 1282 990 1376 coeperint,
1036 1285 1133 1331 vita
1172 1301 1376 1348 sequens
1415 1282 1627 1341 indicat3
1666 1299 1818 1346 quum
1862 1281 2086 1328 videlicet
2126 1282 2367 1328 remissius
2405 1297 2460 1328 ac
2494 1271 2686 1355 mollius

562 1369 726 1414 vivant
760 1367 1000 1431 episcopi,
1036 1382 1182 1429 quam
1219 1365 1430 1410 fecerant
1466 1362 1718 1421 monachi,
1750 1372 1797 1409 et
1827 1361 2073 1408 delicatius
2102 1378 2151 1408 se
2178 1371 2278 1409 tam
2310 1363 2359 1408 in
2389 1361 2507 1408 cibis
2544 1351 2689 1425 quam
2740 1352 2748 1363 '

564 1449 611 1494 in
640 1447 933 1495 vestimentis
957 1455 1140 1509 gerant.
1168 1444 1311 1502 Quod
1345 1444 1427 1508 qui
1457 1460 1557 1489 non
1594 1443 1757 1501 faciat,
1786 1443 2031 1489 neminem
2054 1441 2304 1500 videmus,
2329 1451 2376 1488 et
2405 1441 2444 1488 si
2465 1441 2572 1505 quis
2592 1439 2690 1486 hoc

565 1545 665 1574 non
689 1527 877 1584 fecerit,
903 1535 957 1571 ut
987 1524 1209 1572 videlicet
1232 1523 1413 1570 deliciis
1442 1523 1633 1581 affluat,
1661 1539 1750 1568 nec
1781 1538 1861 1568 eas
1894 1522 2067 1568 sentiat
2085 1558 2096 1580 ,
2131 1537 2276 1585 supra
2295 1521 2548 1573 hominem
2580 1534 2715 1589 ιθιψικ

564 1608 888 1654 aestimamus:
916 1615 963 1651 et
986 1604 1099 1651 forti
1132 1604 1295 1650 animo
1335 1620 1385 1649 se
1415 1602 1677 1667 praedicant
1717 1619 1844 1660 esse,
1883 1602 1966 1665 qui
2001 1617 2058 1648 ea
2097 1618 2203 1665 quae
2234 1601 2454 1664 religioni
2489 1599 2693 1647 maxime

566 1688 895 1744 adversantur,
924 1696 971 1732 et
998 1701 1104 1749 quae
1133 1684 1210 1731 alii
1241 1701 1331 1748 pro
1361 1683 1591 1747 religione
1615 1638 1890 1742 dimitturit,
1916 1699 2029 1729 cum
2051 1682 2282 1746 religione
2313 1681 2566 1750 possidere
2582 1697 2696 1729 con-

566 1768 738 1814 fidunt.
779 1770 874 1813 Nec
905 1766 1179 1829 quicunque
1218 1763 1336 1811 tales
1368 1773 1509 1822 sunt,
1541 1779 1570 1810 a
1602 1764 1868 1810 tentatione
1906 1763 1995 1809 Dei
2030 1762 2253 1809 recedere
2290 1761 2549 1808 videntur.
2565 1760 2696 1818 Quid

567 1848 696 1893 enim
729 1856 800 1893 est
827 1845 956 1892 aliud
988 1855 1172 1891 tentare
1204 1847 1383 1903 Deum,
1413 1859 1560 1907 quam
1595 1853 1767 1908 sponte
1801 1842 2014 1907 periculo
2046 1843 2262 1906 ingerere
2290 1841 2424 1905 quod
2457 1831 2608 1905 possit
2631 1840 2698 1907 vi-

567 1927 695 1973 tare?
717 1925 864 1972 Verbi
889 1925 1061 1988 gratia,
1097 1924 1136 1971 si
1160 1924 1266 1988 quis
1291 1923 1496 1970 flammis
1519 1939 1568 1969 se
1591 1922 1793 1985 injiciat,
1822 1921 2073 1969 confidens
2107 1938 2156 1968 se
2179 1921 2293 1967 inde
2321 1920 2486 1966 divina
2506 1917 2698 1966 liberari

570 2008 740 2052 virtute
759 2043 769 2063 ,
795 2022 822 2051 a
845 2022 941 2069 quo
964 2015 1126 2051 tamen
1149 2003 1363 2068 periculo
1387 2003 1477 2050 sibi
1499 2019 1667 2050 cavere
1685 2012 1843 2067 potest
1869 2002 2050 2066 absque
2073 2002 2242 2049 animae
2264 2017 2359 2048 suae
2381 1990 2692 2058 detrimento,
2720 1995 2726 1999 ,.

569 2085 618 2131 id
642 2086 805 2148 utique
828 2094 899 2130 est
920 2087 1075 2130 Deum
1103 2094 1304 2130 tentare.
1334 2083 1462 2140 Quid
1494 2092 1652 2129 autem
1676 2082 1873 2142 divitiae,
1904 2082 1980 2128 vel
2002 2082 2158 2129 saeculi
2181 2091 2292 2128 sunt
2319 2079 2574 2138 illecebrae,
2605 2078 2699 2129 nisi
2716 2112 2732 2122 ..
2758 2071 2771 2086 '⁸
2811 2077 2818 2082 ’

571 2165 790 2229 quaedam
829 2165 1032 2211 flammae
1065 2164 1139 2211 vel
1182 2164 1424 2211 incentiva
1460 2163 1711 2222 vitiorum,
1756 2179 1861 2226 quae
1898 2162 2144 2210 desideriis
2181 2160 2450 2208 carnalibus
2487 2160 2698 2213 animam,
2750 2164 2753 2165 ⁷

572 2256 770 2294 aestuare
795 2245 1119 2310 compellunt?

637 2327 783 2384 Quod
803 2328 843 2374 si
865 2327 987 2374 sorte
1009 2326 1324 2392 respondeas,
1350 2335 1396 2374 te
1419 2325 1480 2374 ad
1501 2325 1596 2374 hoc
1621 2342 1743 2373 onus
1765 2343 1851 2391 per
1874 2324 2184 2374 obedentiam
2206 2325 2339 2388 cogi,
2369 2322 2442 2371 vel
2465 2338 2554 2369 nec
2575 2320 2703 2373 ulla-

572 2417 711 2453 tenus
744 2416 791 2454 te
819 2407 869 2453 id
900 2423 1041 2471 posse
1069 2423 1290 2453 recusare
1313 2407 1415 2453 sine
1445 2407 1625 2453 damno
1658 2407 1828 2454 animae
1857 2417 1972 2464 tuae;
2004 2423 2104 2452 non
2135 2404 2271 2451 facile
2294 2404 2431 2450 tibia
2453 2394 2700 2467 quoquam

572 2485 869 2533 credendum
887 2486 1111 2534 arbitror.
1132 2486 1226 2533 Sed
1242 2503 1393 2550 quum
1413 2486 1699 2533 obedientiae
1721 2486 1963 2544 actionem
1985 2485 2193 2550 opponis
2206 2521 2217 2542 ,
2242 2483 2362 2529 illud
2380 2498 2549 2528 omnes
2571 2475 2703 2527 de‘te

573 2567 884 2630 proverbium
906 2584 1151 2614 susurrare
1173 2568 1293 2615 scias
1321 2586 1331 2614 ε
1362 2587 1386 2612 «
1416 2568 1535 2614 Satis
1558 2577 1691 2615 catus
1710 2567 1846 2614 novit
1868 2566 2002 2630 cujus
2023 2565 2226 2612 barbam
2247 2563 2433 2610 lambit.
2455 2581 2478 2606 η
2500 2558 2559 2616 Et
2576 2570 2705 2608 certe
2729 2562 2746 2578 ³

573 2665 723 2711 quum
745 2649 850 2712 quis
873 2649 1126 2713 episcopus
1153 2648 1228 2695 vel
1258 2648 1406 2695 abbas
1436 2649 1526 2695 sub
1560 2649 1759 2695 nomine
1790 2647 2076 2693 obedientiae
2103 2644 2399 2691 monachum
2430 2642 2492 2689 ad
2519 2643 2702 2706 episco-

573 2729 789 2792 pandum
811 2729 997 2787 invitat,
1021 2746 1122 2775 non
1145 2730 1310 2792 utique
1333 2729 1508 2775 diffidit
1531 2729 1592 2775 ab
1614 2728 1952 2792 impetratione
1975 2742 2069 2773 suae
2086 2725 2330 2788 jussionis,
2351 2724 2495 2770 etiam
2507 2719 2704 2786 quando

572 2809 705 2855 illum
713 2826 893 2872 ,quum
904 2808 1024 2854 hoc
1013 2807 1649 2871 lnjungit,reluctar1vldet
1637 2824 1687 2853 in
1705 2807 1880 2866 verbis,
1901 2816 1948 2852 et
1970 2806 2180 2870 seipsum
2203 2814 2432 2867 tanquam
2453 2797 2705 2865 indignum
2737 2808 2753 2825 ¹

575 2904 818 2947 accusare,
852 2898 898 2934 et
926 2904 1280 2951 nonnunquam
1316 2887 1673 2952 qualescunque
1701 2887 1934 2951 lacrymas
1964 2885 2182 2933 fundere.
2209 2888 2279 2932 Ita
2308 2885 2487 2962 quippe
2516 2892 2707 2929 natura-

576 2968 681 3015 liter
704 2967 931 3015 omnibus
953 2967 1155 3015 honoris
1180 2967 1379 3014 ambitio
1403 2968 1545 3015 insita
1567 2978 1660 3025 est,
1687 2978 1740 3014 ut
1761 2984 1912 3031 quum
1934 2967 2040 3031 quis
2070 2965 2132 3013 ad
2157 2982 2269 3012 eum
2290 2960 2582 3029 pervenerit,
2608 2978 2706 3026 quo

576 3065 624 3093 se
650 3058 760 3095 ante
782 3047 1038 3111 indignum
1061 3046 1309 3103 censebat,
1337 3047 1494 3093 modis
1518 3047 1744 3094 omnibus
1766 3047 1858 3094 sibi
1880 3046 2135 3093 vendicare
2158 3062 2213 3092 ac
2232 3043 2494 3091 defendere
2513 3047 2709 3089 conten-

578 3127 670 3185 dit,
705 3138 752 3174 et
780 3145 931 3191 quum
961 3137 1209 3174 accusatur
1231 3137 1285 3174 ut
1308 3126 1480 3190 dignus
1503 3126 1803 3191 depositione
1827 3119 2064 3185 videatur,
2090 3130 2517 3190 quantumcunque
2548 3118 2707 3186 potest

578 3223 799 3253 excusare
822 3224 871 3253 se
896 3201 1080 3266 nititur,
1107 3218 1161 3254 ut
1182 3207 1423 3254 honorem
1443 3217 1719 3271 susceptum
1740 3208 1966 3266 retineat,
1997 3222 2144 3270 quem
2166 3214 2424 3267 antequam
2445 3200 2706 3265 susciperet

579 3304 637 3337 eo
660 3305 709 3334 se
731 3288 982 3350 indignum
1005 3288 1245 3337 censebat.
1268 3291 1336 3334 Ex
1358 3305 1456 3353 quo
1478 3287 1716 3352 liquidum
1738 3298 1809 3334 est
1831 3288 2187 3334 excusationem
2208 3285 2339 3332 illam
2360 3282 2707 3331 simulatoriam

580 3368 727 3430 magis
750 3384 895 3431 quarn
916 3385 1079 3414 veram
1102 3368 1266 3427 fuisse,
1293 3378 1339 3414 et
1368 3384 1418 3414 se
1441 3384 1605 3414 amore
1628 3368 1777 3430 magis
1800 3384 1946 3431 quam
1969 3366 2219 3414 coactione
2242 3364 2291 3410 in
2315 3363 2406 3410 hac
2429 3361 2705 3427 praelatione
2773 3427 2776 3430 ἢ

578 3447 845 3511 praesidere.
868 3450 1044 3494 Notum
1066 3449 1243 3513 quippe
1266 3447 1492 3495 omnibus
1511 3447 1823 3513 proverbium
1836 3458 1906 3494 est
1928 3466 1938 3493 ε
1960 3466 1983 3492 (ι
2001 3449 2117 3504 Quae
2138 3447 2240 3492 sine
2263 3461 2427 3492 amore
2449 3441 2702 3508 possiden-

2823 687 2894 736 Ο
