2970 4152
527 394 588 440 68
1253 389 1526 437 ANDREAE-
1544 389 1910 447 QU'ERCETANI

527 488 617 535 ejus.
636 502 652 519 n
673 487 829 533 Ipseque
844 485 954 520 etiam
975 482 1195 518 monialibus
1213 481 1286 518 illis
1306 482 1473 519 modium
1490 483 1668 520 frumenti
1690 482 1846 531 singulis
1872 483 2000 524 annis,
2028 489 2066 517 et
2091 488 2205 518 totam
2232 483 2472 531 piscationem
2494 485 2532 519 in
2552 495 2634 519 mo-

527 548 688 585 lendinis
705 548 780 583 suis
796 545 892 594 apud
914 546 1047 580 Pontes
1064 543 1189 589 dedit,
1211 551 1253 580 ut
1270 545 1308 580 in
1325 544 1460 581 litteris
1477 544 1619 581 domini
1636 546 1794 594 Eugenii
1814 545 1870 581 111
1887 556 1987 594 papae
2005 556 2114 592 supra
2135 544 2259 581 relatis
2275 547 2502 582 continetur.

573 611 629 647 Ad
656 611 732 645 haec
746 638 755 650 ,
784 623 800 640 «
816 607 912 643 Galo
927 614 965 642 et
983 606 1184 642 Adelaudis
1199 618 1293 642 uxor
1307 606 1387 654 ejus
1404 619 1510 644 soror
1530 607 1723 644 Ermelinae
1740 620 1819 657 quae
1840 620 1876 643 se
1895 608 1974 643 Deo
1996 613 2034 643 et
2053 606 2213 643 ecclesiae
2230 607 2409 643 Paracleti
2433 609 2471 644 in
2496 610 2632 645 sancti-

525 673 721 710 monialem
751 671 872 714 dedit,
903 669 1145 705 laudaverunt
1171 677 1208 705 et
1232 678 1493 707 concesserunt
1516 671 1595 707 Deo
1624 677 1661 707 et
1691 671 1797 707 dictae
1829 670 1987 707 ecclesiae
2017 670 2197 707 Paracleti
2228 676 2265 706 et
2288 670 2630 707 sanctimonialibus

523 736 660 771 ibidem
681 735 757 769 Deo
776 731 1021 768 servientibus
1038 731 1272 768 medietatem
1288 732 1491 769 molendini
1510 733 1556 768 de
1568 734 1770 777 Crevecor,
1789 740 1827 769 et
1838 734 1962 768 vineas
1980 733 2091 768 etiam
2110 732 2156 768 de
2171 733 2372 777 Crevecor,
2392 739 2430 769 et
2441 744 2482 767 xt
2495 732 2631 769 solidos

521 809 649 832 census
665 812 671 831 ε
694 803 732 831 et
751 796 786 831 in
807 795 878 830 hoc
897 806 1007 830 censu
1026 794 1239 830 habuerunt
1256 796 1551 832 sanctimoniales
1570 795 1750 831 Paracleti
1768 807 1919 831 censum
1938 795 2090 831 Pruvini
2105 823 2115 840 ,
2143 802 2181 831 et
2197 794 2268 830 hoc
2287 794 2387 844 quod
2408 794 2568 831 restabat
2586 795 2631 831 ad

519 857 798 906 percipiendum
829 856 875 892 de
902 869 944 891 xa
969 856 1094 892 solidis
1121 863 1301 904 ceperunt
1330 857 1430 905 apud
1461 858 1618 893 Lezinas.
1647 858 1807 905 Haecque
1836 857 2023 892 concessio
2049 857 2143 893 facta
2168 863 2225 892 est
2250 856 2349 904 apud
2365 856 2573 893 Pruvinum
2593 857 2630 893 in

520 920 711 966 praesentia
738 917 883 954 comitis
899 917 1104 953 'Pheobaldi
1122 945 1132 962 ,
1152 924 1189 954 et
1207 917 1398 954 Mathildis
1421 919 1614 954 comitissae
1628 919 1753 969 uxoris
1779 918 1878 966 ejus,
1897 926 1934 954 et
1953 931 2019 964 per
2037 931 2188 954 manum
2206 919 2317 954 etiam
2334 919 2451 967 ipsius
2469 919 2630 956 comitis.

519 981 594 1027 Qui
610 992 732 1016 comes
744 1008 753 1023 ,
775 987 818 1014 ut
838 980 913 1014 haec
930 979 1071 1015 stabilis
1089 986 1127 1015 et
1145 979 1357 1015 inconvulsa
1376 987 1624 1027 permaneret,
1657 992 1738 1015 eam
1756 980 1866 1028 sigilli
1888 981 1943 1016 sui
1965 981 2187 1017 auctoritate
2207 980 2441 1017 corroborari
2459 982 2632 1028 praecepit

515 1054 613 1077 anno
632 1042 678 1077 ab
700 1043 841 1079 incarn.
864 1041 1015 1076 Domini
1033 1052 1188 1076 Mcxxxm
1202 1069 1212 1085 ‚
1234 1048 1414 1089 regnante
1432 1040 1621 1076 Ludovico
1646 1053 1733 1088 rege
1752 1042 1980 1077 Francorum
1996 1070 2005 1087 ‚
2026 1042 2205 1078 Hainrico
2224 1042 2503 1090 archiepiscopo
2522 1053 2630 1078 seno-

517 1104 620 1139 nensi
640 1102 813 1139 cathedra
834 1102 1038 1146 residente,
1057 1102 1204 1138 Hatone
1219 1114 1304 1138 vero
1321 1101 1494 1150 episcopo
1514 1102 1757 1138 Trecensium
1776 1103 1969 1139 existente.
1990 1118 2006 1135 »

563 1164 770 1200 Ludovicus
789 1176 938 1212 quoque
955 1164 1033 1211 ipse
1051 1163 1278 1199 Francorum
1297 1175 1360 1199 rex
1383 1162 1523 1198 eisdem
1552 1178 1568 1195 ι(
1585 1164 1927 1199 sanctimonialibus
1953 1164 2000 1199 de
2020 1164 2210 1200 Paracleto
2237 1165 2275 1200 in
2295 1172 2519 1213 perpetuum
2540 1177 2632 1200 con-

515 1226 621 1262 cessit
632 1255 641 1271 ,
658 1234 700 1262 ut
719 1238 909 1274 nunquam
929 1226 975 1261 de
993 1224 1223 1273 quibuslibet
1239 1225 1360 1269 rebus,
1382 1237 1472 1274 quas
1489 1225 1575 1272 ipsae
1591 1225 1648 1260 vel
1665 1226 1864 1261 servientes
1879 1226 2043 1273 ipsarum
2061 1226 2109 1262 ad
2129 1239 2215 1262 usus
2232 1226 2446 1263 earumdem
2464 1235 2631 1264 emerent

514 1289 569 1324 vel
586 1301 654 1336 pro
671 1289 746 1324 suis
765 1288 1045 1324 necessitatibus
1060 1287 1107 1323 de
1125 1287 1200 1323 suis
1218 1286 1379 1335 propriis
1397 1287 1506 1323 rebus
1522 1286 1741 1333 venderent,
1763 1287 1925 1336 aliquam
1941 1287 1995 1324 illi
2014 1288 2070 1324 vel
2089 1289 2362 1325 successoribus
2379 1290 2455 1325 suis
2471 1301 2628 1326 consue-

512 1350 681 1387 tudinem
701 1352 738 1386 in
758 1357 833 1387 tota
854 1358 952 1386 terra
966 1362 1028 1385 sua
1050 1349 1313 1397 persolverent.
1333 1349 1446 1395 Quod
1466 1356 1509 1385 ut
1528 1356 1651 1385 ratum
1668 1350 1981 1386 etinconcussum
2001 1358 2257 1398 permaneret,
2283 1352 2423 1399 scripto
2439 1363 2629 1387 commen-

513 1413 591 1449 dari
615 1414 806 1461 praecepit,
839 1420 876 1448 et
892 1425 938 1448 ne
959 1418 1081 1461 posset
1103 1423 1122 1446 a
1146 1412 1303 1460 posteris
1328 1411 1503 1459 infringi,
1532 1411 1645 1460 sigilli
1670 1412 1727 1447 sui
1745 1413 1967 1448 auctoritate
1985 1403 2240 1449 corroboravit
2256 1413 2404 1461 publice
2420 1413 2522 1461 apud
2535 1413 2628 1450 San-

512 1483 612 1511 ctum
630 1476 862 1512 Germanum
880 1476 917 1511 in
935 1476 1046 1522 Leya,
1068 1487 1164 1510 anno
1179 1474 1360 1509 incarnati
1378 1474 1494 1510 Verbi
1514 1486 1675 1519 mcxxxV,
1706 1475 1813 1523 regni
1835 1476 1890 1510 sui
1915 1487 2034 1519 xxvn,
2059 1476 2246 1512 Ludovico
2266 1476 2342 1512 filio
2361 1488 2428 1512 suo
2446 1477 2484 1512 in
2502 1488 2627 1525 regem

513 1538 750 1588 sublimsat]o
769 1551 866 1574 anno
885 1551 938 1576 ιιι.
963 1554 979 1572 n

558 1603 735 1639 Praeterea
758 1602 948 1638 Mathildis
966 1602 1168 1645 comitissa,
1190 1601 1398 1637 Theobaldi
1417 1602 1567 1649 conjux,
1596 1602 1780 1638 abbatiam
1800 1603 1839 1637 in
1858 1601 1939 1637 loco
1958 1602 2120 1638 Pomerii
2138 1609 2387 1640 constructam
2407 1614 2427 1637 a
2445 1614 2495 1647 se,
2521 1614 2629 1650 para·

512 1664 661 1700 cletensi
692 1664 860 1700 coenobio
892 1664 1077 1699 subditam
1100 1675 1177 1699 esse
1195 1663 1327 1700 voluit.
1347 1664 1394 1698 Et
1411 1675 1480 1711 pro
1501 1665 1737 1699 concessione
1758 1663 1924 1711 praedicti
1943 1663 2034 1708 loci,
2064 1676 2175 1712 quem
2200 1664 2366 1700 Heloissa
2388 1664 2463 1712 ipsa
2478 1693 2487 1709 ‚
2509 1665 2628 1713 prima

511 1727 690 1762 Paracleti
708 1726 888 1762 abbatissa
906 1756 914 1771 ,
939 1726 1197 1774 religiosorum
1216 1726 1430 1761 interventu
1447 1726 1612 1762 virorum
1631 1727 1664 1762 ei
1686 1725 1838 1762 dederat
1855 1725 1902 1761 ad
1916 1726 2231 1762 constructionem
2244 1755 2253 1771 ,
2282 1742 2299 1759 «
2315 1726 2419 1762 dedit
2445 1727 2630 1763 comitissa

512 1788 670 1825 ecclesiae
696 1787 873 1824 Paracleti
900 1794 976 1824 tres
1001 1787 1145 1823 modios
1171 1787 1350 1823 frumenti
1372 1800 1440 1836 per
1464 1788 1630 1835 singulos
1655 1800 1771 1824 annos
1787 1788 1824 1823 in
1851 1788 2066 1823 molendino
2086 1800 2152 1824 suo
2168 1789 2320 1824 Provini
2338 1789 2407 1824 sub
2424 1789 2629 1833 Crevecor,

511 1852 619 1887 laude
647 1851 805 1887 filiorum
843 1863 995 1887 suorum
1023 1850 1203 1886 comitum
1230 1849 1405 1894 Henrici,
1437 1849 1664 1896 Theobaldi,
1696 1857 1734 1885 et
1758 1850 1958 1898 Stephani,
1975 1865 1993 1883 »
2025 1850 2120 1886 sicut
2146 1857 2201 1886 est
2231 1851 2270 1886 in
2296 1851 2434 1887 litteris
2459 1851 2632 1900 Hugonis

511 1913 778 1962 archiepiscopi
799 1913 1012 1948 senonensis
1029 1912 1099 1947 hac
1117 1911 1163 1947 de
1182 1923 1223 1947 re
1240 1911 1438 1956 confectis;
1464 1923 1555 1960 quas
1570 1912 1681 1947 etiam
1700 1924 1810 1959 supra
1828 1924 1913 1947 cum
1931 1911 2151 1959 pontificum
2171 1925 2412 1948 romanorum
2441 1913 2630 1962 rescriptis

512 1976 674 2023 integras
693 1974 903 2010 retulimus.
921 1973 1047 2021 [Vide
1066 1972 1111 2008 ad
1129 1972 1265 2008 calcem
1287 1972 1442 2019 hujusce
1458 1972 1657 2008 voluminis
1684 1972 1721 2008 in
1746 1972 1989 2021 appendice.]
2017 1974 2174 2022 Insuper
2200 1974 2429 2010 confirmavit
2449 1974 2630 2010 decimam

510 2038 556 2074 de
574 2038 708 2074 Sancto
727 2038 886 2073 Martino
904 2036 950 2072 de
967 2036 1116 2084 Campis
1133 2043 1172 2071 et
1188 2035 1234 2071 de
1251 2035 1356 2080 Boal,
1378 2047 1489 2084 quam
1505 2034 1731 2071 Guillelmus
1750 2035 1908 2070 clericus
1925 2035 2004 2082 ejus
2029 2035 2134 2071 dedit
2157 2043 2241 2083 post
2260 2036 2451 2072 decessum
2472 2036 2631 2073 ecclesiae

510 2101 684 2136 Paracleti
699 2108 736 2136 et
753 2099 1095 2137 sanctimonialibus
1111 2098 1251 2134 ibidem
1269 2098 1347 2134 Deo
1363 2097 1619 2143 servientibus,
1637 2110 1734 2134 anno
1754 2100 1865 2142 ⁴⁴54,
1884 2105 2063 2145 regnante
2078 2097 2264 2134 Ludovico
2280 2099 2509 2134 Francorum
2528 2111 2629 2147 rege,

511 2165 671 2212 Hugone
688 2163 965 2210 archiepiscopo
983 2161 1176 2197 senonensi
1194 2161 1388 2197 existente.
1409 2160 1487 2197 Nec
1502 2172 1577 2197 non
1596 2167 1634 2197 et
1651 2160 1720 2196 alia
1740 2160 1900 2209 plurima
1916 2160 2012 2196 bona
2028 2160 2149 2196 eidem
2171 2160 2340 2196 coenobio
2361 2160 2534 2208 contulit,
2551 2173 2631 2210 quae

512 2221 833 2273 recitarelongum
851 2237 892 2260 ac
908 2223 1140 2260 fastidiosum
1156 2223 1267 2259 soret.

556 2288 725 2337 Denique
746 2304 762 2321 «
780 2288 878 2323 Hato
898 2288 975 2335 ipse
992 2287 1169 2323 trecensis
1188 2287 1384 2335 episcopus
1399 2285 1636 2323 medietatem
1652 2287 1773 2322 omnis
1787 2286 1936 2322 decimae
1952 2286 1998 2322 de
2013 2287 2148 2323 Sancto
2163 2286 2319 2332 Albino,
2341 2294 2378 2323 et
2393 2287 2628 2324 medietatem

510 2353 744 2389 candelarum
768 2353 804 2387 in
820 2351 1078 2400 purificatione
1094 2351 1207 2386 beatae
1225 2350 1348 2386 Mariae
1362 2349 1467 2386 dedit
1494 2366 1500 2385 :
1530 2349 1621 2387 Milo
1639 2350 1686 2386 de
1704 2350 1890 2397 Quinceio
1903 2378 1913 2395 ,
1934 2350 2060 2396 miles,
2082 2350 2128 2386 de
2145 2362 2294 2386 assensu
2312 2351 2437 2386 uxoris
2467 2363 2538 2387 suae
2558 2351 2630 2388 Pe-

510 2414 685 2458 tronillae,
707 2421 744 2450 et
765 2414 827 2449 filii
848 2414 902 2448 sui
922 2413 1118 2456 Garnerii,
1141 2420 1178 2448 et
1197 2412 1277 2447 filiae
1295 2424 1367 2448 suae
1383 2411 1522 2459 Isabel,
1539 2412 1720 2461 quicquid
1737 2412 1897 2448 habebat
1915 2414 1954 2448 in
1972 2412 2115 2448 decima
2138 2413 2185 2448 de
2202 2413 2399 2481 Quifipeio.
2418 2427 2436 2445 n
2458 2412 2631 2449 Ansellus

507 2477 680 2514 dominus
705 2475 901 2523 Trianguli
932 2476 1137 2523 prioratum
1162 2474 1442 2510 conventualem
1459 2475 1575 2510 Beatae
1591 2475 1716 2510 Mariae
1736 2474 1783 2510 de
1802 2474 2008 2522 Triangulo
2034 2475 2071 2510 in
2096 2475 2256 2511 trecensi
2281 2474 2442 2519 diocesi,
2464 2487 2533 2510 nec
2557 2487 2632 2511 non

510 2539 679 2576 Ansellus
704 2539 798 2574 filius
822 2539 922 2586 ejus,
951 2538 1189 2574 medietatem
1210 2539 1325 2574 totius
1339 2539 1502 2574 nemoris
1518 2538 1619 2587 quod
1638 2545 1790 2574 vocatur
1806 2538 1999 2587 Couldroy
2013 2568 2021 2583 ‚
2050 2540 2087 2574 in
2106 2539 2298 2575 territorio
2316 2539 2363 2575 de
2381 2539 2630 2578 Marcelliaco.

512 2603 596 2647 Alii,
617 2614 777 2651 quorum
797 2601 946 2637 nomina
966 2613 1039 2636 non
1061 2601 1204 2648 reperi,
1223 2601 1413 2649 prioratus
1433 2600 1480 2636 de
1499 2600 1682 2645 Leavalle,
1704 2601 1743 2636 in
1763 2600 1893 2636 eadem
1911 2600 2071 2646 diocesi,
2092 2600 2139 2636 de
2156 2601 2351 2637 Neofortio
2368 2601 2407 2637 in
2422 2601 2602 2638 Meldensi
2617 2628 2628 2646 ,

510 2673 546 2701 et
571 2665 695 2702 Sancti
722 2663 874 2699 Martini
898 2663 944 2698 de
970 2663 1150 2698 Beaurain
1178 2663 1215 2698 in
1247 2662 1467 2698 Belvaceusi.
1498 2677 1515 2695 α
1533 2663 1717 2698 Manasses
1739 2662 1939 2698 Meldensis
1965 2663 2160 2711 episcopus
2189 2669 2352 2699 octavam
2384 2669 2527 2710 partem
2554 2669 2630 2699 tam

510 2740 648 2776 magnae
665 2739 776 2776 quam
795 2738 913 2774 parvae
929 2725 1079 2761 decimae
1097 2725 1142 2761 de
1159 2724 1329 2761 Melnillo
1341 2752 1352 2771 ,
1373 2731 1411 2760 et
1429 2724 1666 2761 medietatem
1684 2726 1835 2760 minutae
1852 2724 2003 2760 decimae
2019 2724 2065 2760 de
2084 2724 2207 2760 Tilliis
2219 2751 2230 2767 ,
2248 2731 2286 2760 et
2302 2732 2472 2773 quartam
2487 2732 2630 2774 partem

510 2792 657 2826 minutae
674 2789 824 2825 decimae
843 2788 889 2824 de
906 2789 1041 2824 Sancto
1059 2788 1234 2823 Maximo.
1251 2786 1467 2832 Beucelina,
1486 2799 1581 2822 uxor
1597 2787 1772 2824 Guerrici
1793 2786 1839 2822 de
1858 2786 2061 2831 Pontibus,
2082 2795 2162 2835 quae
2183 2799 2220 2823 se
2241 2788 2439 2823 monialem
2459 2788 2496 2823 in
2514 2789 2629 2825 Para-

510 2852 604 2888 cleto
620 2851 804 2896 reddidit,
818 2850 970 2886 domum
990 2862 1075 2885 eum
1093 2849 1242 2884 cellario
1261 2848 1430 2885 Sesamiae
1449 2848 1572 2884 sitam.
1591 2848 1735 2884 Nobilis
1753 2848 1889 2884 mulier
1906 2848 2014 2885 Helia
2028 2847 2075 2884 de
2088 2848 2321 2885 Villamauro
2335 2849 2464 2885 relicta
2475 2848 2629 2886 Milonis

509 2914 555 2949 de
577 2914 741 2949 Pruvino
763 2912 951 2962 quondam
974 2910 1183 2947 marescalci
1201 2910 1410 2958 Campaniae
1428 2909 1556 2945 decem
1581 2909 1694 2945 libras
1720 2909 1834 2945 annui
1864 2909 2032 2946 redditus
2059 2909 2106 2945 de
2124 2911 2278 2958 proprio
2302 2909 2528 2958 patrimonio
2545 2921 2626 2947 suo.

510 2976 625 3011 Maria
642 2976 817 3011 trecensis
830 2974 1014 3010 comitissa
1029 2973 1187 3021 plateam
1203 2984 1306 3007 suam
1322 2972 1484 3008 Provini.
1504 2971 1664 3006 Demum
1681 2971 1808 3018 Agnes
1824 2971 1870 3007 de
1887 2972 2114 3019 marigniaco
2129 2984 2198 3019 pro
2213 2972 2449 3019 susceptione
2464 2971 2520 3007 sui
2536 2970 2628 3007 duas

510 3045 631 3086 partes
648 3038 796 3072 minutae
813 3036 964 3072 decimae
991 3034 1081 3071 villae
1101 3034 1344 3082 Marigniacy.
1365 3034 1550 3070 Manasses
1573 3045 1688 3081 nepos
1705 3033 1785 3080 ejus
1802 3034 1952 3069 tertiam
1980 3040 2122 3082 partem
2138 3062 2148 3078 ,
2167 3033 2408 3070 Theobaldus
2433 3034 2513 3081 ejus
2533 3033 2629 3069 filius

511 3100 657 3136 tertiam
674 3105 816 3146 partem
834 3098 1009 3133 laudante
1028 3097 1172 3133 Letuisa
1193 3107 1308 3132 uxore
1327 3094 1442 3131 illius.
1462 3111 1480 3128 »
1495 3095 1621 3144 Atque
1638 3095 1677 3130 hi
1700 3102 1786 3130 sunt
1801 3095 1976 3143 praecipui
1997 3095 2258 3144 paracletensis
2279 3095 2495 3132 monasterii
2509 3094 2625 3131 bene-

509 3162 663 3197 factores
679 3176 686 3196 :
703 3161 838 3209 quibus
857 3167 893 3195 et
916 3160 1057 3209 aliquot
1073 3159 1164 3195 alios
1181 3158 1319 3195 addere
1335 3169 1491 3207 possem.
1513 3156 1586 3194 Sed
1605 3156 1652 3192 ad
1669 3169 1710 3193 ea
1729 3169 1808 3206 quae
1825 3157 1989 3194 notanda
2009 3165 2230 3207 supersunt,
2250 3158 2400 3194 festinat
2418 3158 2548 3205 stylus.

1361 3265 1457 3302 Nota
1477 3265 1583 3311 LIII,
1605 3277 1688 3314 pag.
1710 3268 1769 3303 34.

556 3355 622 3392 Illi
641 3357 761 3391 sorori
776 3360 915 3390 nostra?
935 3365 1020 3402 quoe
1039 3356 1183 3389 coeteris
1205 3350 1661 3401 praeerat.—Heloissam
1686 3352 1777 3388 dicit
1801 3352 1959 3400 primam
1982 3353 2165 3390 Paracleti
2189 3352 2432 3398 abbatissam,
2455 3353 2503 3389 de
2522 3354 2628 3401 cujus

509 3416 678 3453 doctrina
708 3423 745 3452 et
771 3415 952 3464 religione
972 3416 1022 3451 sic
1049 3415 1173 3463 paucis
1188 3415 1323 3451 Petrus
1346 3414 1601 3451 Cluniacensis
1628 3414 1739 3450 abbas
1770 3413 1816 3449 ad
1845 3427 1925 3450 eam
1955 3414 2120 3451 scribens
2147 3429 2154 3449 ε
2187 3430 2205 3447 «
2221 3414 2389 3451 Necdum
2405 3443 2415 3459 ‚
2435 3430 2453 3448 »ι
2480 3415 2628 3464 inquit,

511 3495 527 3511 «
548 3486 664 3515 metas
681 3478 932 3515 adolescentiae
957 3489 1201 3523 excesseram,
1232 3476 1391 3514 necdum
1410 3476 1450 3513 in
1460 3476 1643 3524 juveniles
1665 3488 1782 3513 annos
1807 3489 2010 3523 evaseram,
2040 3476 2192 3526 quando
2216 3489 2352 3514 nomen
2379 3489 2453 3514 non
2473 3477 2626 3527 quidem
