2970 4152
551 376 646 423 554
1028 342 1039 354 ⁸
1346 370 1516 417 PETm
1552 370 1863 445 ABAELARm

546 472 705 535 quiete
739 470 1008 517 fruerentur
1038 465 1287 531 ampliore.
1314 467 1384 512 De
1409 481 1616 529 quorum
1629 482 1833 529 quoque
1856 479 2078 520 numero,
2104 461 2225 508 sicut
2243 471 2290 507 et
2310 460 2371 508 de
2393 468 2518 507 coetu
2542 476 2660 526 apo-

544 552 712 598 stolico
736 549 972 597 diabolica
993 547 1258 594 tentatione
1281 562 1380 592 uno
1403 545 1612 616 cribrato
1636 555 1682 592 et
1703 544 1932 592 ventilato
1946 580 1958 603 ,
1990 559 2069 589 sex
2097 551 2285 588 tantum
2307 541 2497 588 diaconi
2518 540 2661 604 hujus

544 632 633 677 viri
656 629 923 678 Salomonis
945 627 1104 674 lectuli
1126 626 1366 686 custodes,
1393 636 1440 673 et
1461 636 1693 689 tanquam
1715 625 1923 672 excubiae
1945 632 2194 670 nocturnae
2215 632 2562 669 remanserunt.
2589 625 2660 669 De

542 710 716 773 quibus
738 725 868 755 nunc
891 707 1064 754 dicitur
1083 725 1094 753 :
1121 726 1143 751 «
1164 709 1234 753 En
1257 706 1484 754 lectulum
1513 706 1799 764 Salomonis,
1826 714 1916 751 etc.
1944 723 1967 747 »
2007 706 2071 749 Ac
2093 703 2132 748 si
2154 712 2372 767 patenter
2391 701 2655 749 diceretur:

540 795 644 838 Jam
667 791 716 837 in
738 790 830 836 hac
852 788 1084 836 incarnati
1099 787 1244 836 Verbi
1267 787 1517 838 manifesta
1540 787 1853 834 foederatione
1873 784 1974 831 veri
1997 783 2264 831 Salomonis
2277 782 2505 830 lectulum
2527 798 2660 843 sexa-

476 923 479 926 ,
540 871 670 933 ginta
694 870 784 916 viri
809 869 954 916 fortes
977 868 1227 932 diligenter
1244 867 1503 915 ambiendo
1521 878 1567 915 et
1589 864 2022 930 circumspiciendo
2043 873 2324 929 protegunt3
2351 880 2413 910 ne
2435 880 2533 927 quo
2556 863 2658 911 dia-

538 950 705 997 bolicae
743 950 1021 998 tentationis
1055 949 1289 997 adulterio
1317 949 1545 1007 violetur,
1580 965 1641 994 ne
1675 964 1773 1012 quo
1809 945 2073 993 carnalium
2100 945 2401 1010 voluptatum
2436 945 2658 1008 contagio

538 1030 821 1089 maculetur,
845 1040 926 1077 aut
948 1046 1073 1076 curae
1096 1029 1351 1076 mundialis
1373 1028 1655 1075 tumultibus
1678 1027 1983 1091 inquietetur.

601 1110 940 1174 Sexagenarius
975 1126 1203 1156 numerus
1235 1118 1421 1156 constat
1449 1126 1503 1154 ex
1544 1108 1732 1155 senario
1762 1116 1905 1170 atque
1934 1106 2157 1164 denario,
2189 1105 2302 1170 quia
2322 1106 2470 1152 sexies
2491 1105 2659 1152 decem

536 1190 780 1253 sexaginta
802 1188 940 1236 fiunt.
970 1191 1060 1235 Sex
1084 1198 1244 1236 autem
1266 1187 1332 1234 illi
1355 1187 1546 1234 diaconi
1570 1197 1669 1233 tam
1691 1186 1932 1233 senarium
1955 1185 2004 1231 in
2028 1201 2231 1231 numero
2255 1201 2342 1231 suo
2364 1183 2655 1242 habuerunt,

535 1285 682 1331 quam
702 1269 752 1315 in
776 1268 1070 1333 perfectione
1093 1278 1140 1314 et
1162 1267 1381 1314 custodia
1404 1266 1745 1313 mandatorum
1767 1266 1872 1324 Dei,
1899 1281 2004 1329 quae
2025 1281 2111 1330 per
2133 1264 2416 1328 decalogum
2437 1263 2551 1328 legis
2573 1261 2658 1309 de-

534 1349 806 1411 signantur,
836 1348 1090 1395 denarium
1113 1357 1387 1394 tenuerunt.
1424 1347 1501 1392 Sic
1530 1347 1674 1410 igitur
1701 1347 1751 1392 in
1781 1346 1847 1393 eis
1875 1346 2066 1392 senario
2092 1356 2235 1410 atque
2258 1344 2457 1392 denario
2481 1343 2661 1409 pariter

534 1429 825 1491 conjunctis,
857 1438 985 1475 recte
1008 1428 1251 1491 sexaginta
1274 1427 1414 1474 fuisse
1437 1426 1771 1492 perhibentur.
1806 1429 1970 1472 Fortes
1991 1427 2252 1491 praecipue,
2279 1443 2368 1473 nec
2390 1426 2440 1472 in
2464 1423 2661 1472 carnali-

532 1506 624 1553 bus
659 1509 881 1554 remissos
903 1507 1230 1572 voluptatibus
1253 1523 1353 1553 esse
1377 1507 1619 1571 oportuit,
1649 1507 1732 1569 qui
1753 1515 2028 1552 sanctarum
2047 1506 2340 1552 castimoniae
2372 1504 2660 1552 feminarum

532 1587 755 1634 custodes
767 1588 1026 1652 praepositi.
1052 1591 1122 1633 De
1136 1603 1345 1651 quorum
1361 1586 1562 1649 collegio
1582 1586 1660 1632 ille
1673 1586 1802 1632 solus
1823 1585 1993 1650 expelli
2016 1586 2207 1646 meruit,
2227 1586 2310 1650 qui
2325 1585 2428 1632 zelo
2447 1583 2659 1650 pulchrae

532 1667 748 1730 conjugis
782 1684 878 1724 suae
908 1667 1114 1713 nimium
1142 1683 1387 1725 accensus,
1414 1682 1504 1712 nec
1528 1666 1588 1712 ab
1610 1665 1702 1712 hac
1725 1666 2125 1731 concupiscentiae
2151 1665 2354 1713 carnalis
2382 1664 2658 1713 infirmitate

532 1747 606 1793 vel
641 1757 890 1812 correptus
934 1747 1138 1806 destitit,
1186 1746 1271 1793 sed
1304 1746 1602 1793 vehementis
1638 1745 1819 1793 doloris
1847 1747 2042 1794 vesania
2071 1757 2367 1807 commotus,
2401 1758 2500 1795 tam
2528 1746 2659 1813 illam

530 1844 684 1887 suam,
711 1828 772 1875 de
795 1845 891 1893 qua
913 1826 1279 1893 corripiebatur,
1297 1844 1444 1891 quam
1461 1837 1651 1874 caeteras
1666 1827 1864 1874 feminas
1880 1827 2114 1893 publicari
2129 1829 2328 1876 censuit.
2357 1831 2514 1886 Quem
2535 1828 2658 1876 adeo

531 1908 869 1956 detestandum
888 1908 1092 1974 apostoli
1115 1907 1448 1967 decreverunt,
1475 1918 1528 1955 ut
1550 1908 1599 1954 in
1623 1908 1786 1955 locum
1808 1908 1907 1972 ejus
1933 1909 2176 1955 neminem
2193 1909 2465 1973 judicarent
2483 1908 2658 1955 substi-

530 1989 766 2036 tuendum
784 2027 795 2048 ,
833 1990 955 2036 sicut
986 1990 1036 2036 in
1071 1989 1270 2036 Matthia
1304 1989 1476 2036 Judam
1505 1992 1930 2037 restauraverunt¹.
1971 1992 2024 2036 In
2054 1991 2187 2036 omni
2211 1993 2390 2055 quippe
2418 1989 2658 2053 religionis

531 2080 774 2117 conventu
795 2070 1091 2116 tolerabilior
1114 2070 1312 2118 avaritia
1329 2069 1537 2130 videtur,
1555 2081 1603 2117 et
1623 2071 1824 2117 minoris
1846 2070 2070 2130 infamiae,
2093 2088 2240 2135 quam
2256 2056 2506 2135 turpitudo
2529 2070 2672 2117 luxu·.

532 2151 633 2210 riae,
659 2161 706 2197 et
728 2151 932 2197 maxime
952 2151 1003 2196 in
1027 2150 1213 2197 devotis
1240 2151 1446 2219 feminis.
1480 2154 1589 2197 Haec
1620 2151 1751 2198 labes
1777 2162 1847 2198 est
1876 2151 2182 2210 detestanda,
2208 2163 2255 2199 et
2284 2153 2345 2199 ab
2374 2153 2440 2199 eis
2468 2152 2657 2217 penitus

532 2229 843 2277 semovenda.
883 2230 1091 2295 Expulso
1126 2230 1334 2295 denique
1368 2229 1449 2277 illo
1482 2230 1657 2277 misero
1692 2241 1739 2277 et
1764 2240 1860 2277 tam
1887 2229 2064 2277 infirmi
2088 2232 2235 2278 animi
2263 2231 2459 2279 Nicolao
2482 2249 2510 2279 a
2535 2248 2656 2297 prae-

533 2311 662 2358 dicto
686 2310 768 2357 illo
793 2311 1111 2359 diaconorum
1134 2311 1244 2358 sorti
1265 2312 1535 2370 consortio,
1568 2312 1794 2375 mysticus
1823 2311 1900 2358 ille
1931 2328 2076 2375 quem
2098 2311 2303 2359 diximus
2327 2312 2658 2376 sexagenarius

533 2407 760 2438 numerus
784 2401 911 2438 recte
934 2402 1004 2438 est
1028 2401 1354 2438 conservatus.
1393 2394 1460 2438 Ex
1483 2392 1751 2438 fortissimis
1774 2392 1914 2438 lsrael
1937 2392 1988 2438 hi
2011 2402 2123 2439 sunt
2145 2392 2336 2439 diaconi
2361 2393 2520 2453 electi,
2546 2394 2658 2458 quia

532 2488 587 2517 ex
603 2471 845 2537 discipulis
859 2471 1033 2519 Christi
1048 2473 1169 2520 mira
1182 2473 1488 2520 continentiae
1502 2483 1549 2520 et
1562 2472 1860 2520 abstinentiae
1873 2473 2046 2532 virtute
2060 2474 2268 2538 praeditis
2281 2484 2393 2521 sunt
2406 2475 2652 2541 assumpti.

533 2550 671 2598 Unde
693 2551 859 2614 gladiis
883 2552 1054 2599 armati
1076 2562 1123 2599 et
1152 2552 1214 2599 ad
1235 2552 1359 2599 bella
1384 2552 1649 2599 doctissimi
1672 2552 2026 2612 describuntur,
2050 2553 2163 2617 quia
2184 2553 2416 2601 doctrinis
2438 2555 2656 2602 instructi

532 2632 681 2678 divini
695 2631 847 2691 verbi,
865 2633 948 2697 qui
971 2622 1153 2697 gladius
1176 2633 1368 2698 spiritus
1387 2643 1712 2698 nuncupatur,
1738 2633 1961 2698 quaelibet
1983 2634 2166 2698 antiqui
2191 2634 2342 2682 hostis
2360 2644 2656 2682 tentamenta

532 2729 643 2759 cum
664 2713 760 2760 hoc
784 2713 941 2777 gladio
964 2714 1261 2774 resecabant,
1287 2725 1334 2761 et
1355 2724 1453 2762 tam
1478 2716 1785 2762 continentiae
1806 2732 1951 2779 quam
1975 2715 2273 2763 abstinentiae
2290 2715 2466 2782 clypeis
2484 2717 2655 2764 muniti

533 2794 671 2855 ignea
691 2792 785 2840 tela
807 2792 929 2840 illius
953 2794 1231 2858 nequissimi
1254 2795 1389 2859 quasi
1411 2794 1626 2859 quodam
1647 2794 1862 2842 umbone
1884 2795 2043 2842 valido
2067 2796 2378 2861 repellebant.
2399 2797 2494 2854 Qui
2511 2797 2655 2845 etiam

533 2872 581 2917 in
617 2873 820 2935 quasui
853 2881 988 2937 parte
1023 2872 1204 2936 gladios
1239 2874 1475 2938 praecipue
1512 2884 1749 2938 gestarent
1776 2875 1977 2939 provide
2006 2886 2076 2922 est
2105 2876 2478 2924 determinatum
2505 2893 2657 2941 quum

533 2949 777 2997 subditur:
803 2951 1227 3015 «Uniuscujusque
1266 2953 1390 2999 ensis
1424 2970 1567 3018 super
1602 2954 1756 3000 femur
1789 2972 1992 3001 suum.»
2033 2956 2126 3012 Qui
2164 2957 2293 3002 enim
2329 2957 2655 3003 sanctimoniae

533 3040 766 3094 praeerant
789 3030 1097 3090 seminarum,
1130 3041 1177 3078 et
1210 3032 1491 3096 praedictum
1521 3035 1748 3081 miserum
1776 3034 1836 3081 de
1865 3036 2253 3100 concupiscentia
2273 3019 2429 3083 carnis
2452 3031 2654 3083 damna-

533 3117 636 3155 tum
659 3127 685 3157 a
707 3113 951 3159 consortio
975 3130 1063 3159 suo
1086 3124 1338 3160 moverant
1361 3114 1565 3177 ejectum
1583 3151 1594 3172 ,
1624 3115 1685 3161 ab
1717 3115 1812 3162 boc
1834 3116 1926 3163 sibi
1947 3117 2063 3164 vitio
2087 3118 2291 3165 maxime
2312 3117 2649 3182 providebant,

534 3199 580 3235 et
609 3191 847 3240 incentiva
873 3193 1084 3241 libidinis
1108 3195 1414 3241 continentiae
1438 3194 1596 3257 gladio
1620 3212 1647 3242 a
1669 3213 1719 3242 se
1742 3198 1947 3245 maxime
1971 3198 2266 3246 resecabant.
2295 3197 2432 3244 Unde
2458 3208 2504 3244 et
2528 3198 2653 3245 hene

532 3285 675 3334 super
696 3271 825 3318 illam
848 3275 1063 3338 corporis
1087 3284 1273 3339 partem
1295 3291 1430 3322 enses
1452 3273 1629 3322 habere
1652 3275 2006 3337 describuntur,
2032 3277 2115 3325 ubi
2137 3277 2300 3325 sedem
2323 3277 2516 3325 luxuriae
2537 3295 2653 3326 con-

579 3452 588 3469 *
607 3454 677 3485 Ace.
691 3454 817 3495 Apost„
831 3464 904 3497 cap.
925 3466 955 3496 1,
970 3466 1001 3489 v.
1018 3457 1073 3489 26.
