2970 4152
492 413 587 459 292
1189 411 1491 459 HELOISSAE
1524 412 1918 461 PROBLEMATA

491 506 581 553 bus
601 522 650 553 se
675 504 1002 570 copulaverint
1015 540 1027 564 ,
1044 503 1329 551 adulterium
1348 506 1678 567 committunt3
1700 507 1790 573 ipsi
1808 517 1966 554 autem
1986 506 2210 570 conjuges
2230 516 2440 554 manent.
2463 507 2608 556 Plane

493 587 652 633 uxoris
685 585 929 632 voluntate
962 584 1190 632 adhibere
1224 585 1390 646 aliam,
1427 586 1557 634 unde
1589 604 1871 635 communes
1904 587 1989 633 filii
2021 597 2276 634 nascantur
2308 589 2449 635 unius
2476 605 2607 636 com-

491 667 750 725 mixtione,
774 682 828 712 ac
854 666 1033 713 semine
1050 702 1062 725 ,
1085 665 1275 713 alterius
1299 677 1458 714 autem
1471 647 1579 731 jure
1603 685 1659 715 ac
1676 678 1934 733 potestate,
1957 666 2087 732 apud
2111 668 2331 732 antiquos
2357 678 2513 733 patres
2541 669 2609 716 fas

492 756 620 792 erat:
645 755 804 792 utrum
832 755 878 792 θῖ
895 762 1025 792 nunc
1046 746 1111 792 fas
1131 746 1212 807 sit,
1234 763 1334 794 non
1354 757 1531 795 temere
1561 747 1777 794 dixerim.
1807 751 1911 794 Non
1939 757 2009 794 θεῖ
2039 748 2167 795 enim
2196 747 2492 813 propagandi
2522 764 2606 795 ne·

490 826 705 885 cessitas,
737 843 843 890 quae
867 836 982 873 tunc
1019 827 1104 874 fuit
1124 845 1134 873 z
1156 827 1351 892 quando
1377 838 1425 875 θῖ
1458 828 1751 893 parientibus
1776 827 2058 891 conjugibus
2081 827 2194 875 alias
2228 838 2426 893 propter
2444 829 2608 893 copio-

490 908 669 953 siorem
699 907 1055 971 posteritatem,
1090 908 1409 973 superducere
1438 907 1638 968 licebat,
1667 907 1799 973 quod
1824 925 1954 955 nunc
1973 918 2099 955 certe
2118 923 2217 955 non
2237 907 2361 956 licet.
2388 928 2411 953 υ
2432 911 2603 956 Item¹:

493 1006 516 1031 «
548 986 693 1044 Quod
728 997 798 1034 est
832 987 967 1034 cibus
993 988 1054 1035 ad
1091 988 1291 1036 salutem
1317 988 1551 1050 hominis,
1584 989 1680 1036 hoc
1718 999 1788 1036 est
1822 988 2105 1036 concubitus
2142 988 2203 1036 ad
2239 989 2440 1043 salutem
2471 1005 2611 1054 gene·

490 1068 575 1126 ris,
603 1077 649 1114 et
688 1077 943 1133 utrumque
974 1085 1074 1115 non
1116 1080 1186 1116 est
1220 1069 1321 1117 sine
1355 1069 1670 1117 delectatione
1708 1069 1886 1126 carnali
1925 1087 1935 1116 τ
1973 1086 2079 1134 quae
2117 1078 2276 1116 tamen
2310 1068 2605 1128 modificata,

488 1158 533 1194 et
582 1149 894 1213 temperantia
949 1148 1215 1196 refrenante
1264 1150 1313 1196 in
1362 1160 1506 1196 usum⁴
1557 1148 1822 1196 naturalem
1872 1148 2087 1208 redacta,
2150 1148 2300 1196 libido
2355 1165 2457 1196 esse
2507 1165 2608 1196 non

487 1236 660 1291 potest.
705 1228 849 1285 Quod
893 1238 961 1275 est
996 1238 1155 1276 mitem
1180 1230 1228 1276 in
1263 1229 1574 1276 sustentanda
1604 1229 1701 1277 vita
1739 1229 1927 1276 illicitus
1960 1228 2095 1276 cibus
2121 1264 2134 1289 ,
2156 1228 2252 1276 hoc
2287 1239 2358 1276 est
2396 1229 2447 1276 in
2485 1245 2610 1294 quae-

485 1307 634 1355 renda
674 1308 808 1372 prole
854 1308 1136 1357 fornicarius
1164 1309 1239 1357 vel
1271 1309 1565 1357 adulterinus
1603 1310 1901 1358 concubitus.
1949 1313 2008 1358 Et
2047 1309 2180 1375 quod
2219 1319 2289 1357 est
2334 1309 2382 1357 in
2425 1309 2611 1357 luxuria

486 1390 662 1436 ventris
703 1400 749 1437 et
781 1391 980 1454 gutturis
1012 1391 1199 1437 illicitus
1222 1390 1384 1450 cibus,
1421 1390 1517 1438 hoc
1541 1400 1611 1438 est
1643 1392 1692 1438 in
1727 1390 1924 1438 libidine
1946 1390 2126 1438 nullam
2159 1390 2346 1456 prolem
2370 1400 2610 1455 quaerente

486 1468 672 1517 illicitus
703 1470 1002 1518 concubituS.
1039 1474 1097 1518 Et
1138 1471 1271 1535 quod
1312 1482 1383 1518 est
1427 1472 1477 1518 in
1517 1471 1626 1518 cibo
1665 1471 1794 1519 licito
1830 1471 2092 1518 nonnullus
2132 1471 2495 1518 immoderatior
2529 1487 2608 1537 ap·

486 1550 657 1614 petitus
687 1586 698 1609 ,
717 1551 810 1598 hoc
835 1561 905 1598 est
934 1552 984 1598 in
1005 1550 1287 1615 conjugibus
1304 1551 1501 1599 venialis
1528 1551 1606 1598 ille
1629 1550 1930 1598 concubitus.
1960 1552 2091 1599 Sicut
2108 1567 2221 1615 ergo
2238 1551 2382 1598 satius
2402 1561 2472 1598 est
2487 1553 2610 1598 mori

485 1630 630 1689 fame,
670 1647 815 1694 quam
837 1631 1116 1695 idolothytis
1138 1631 1265 1678 vesci
1291 1649 1301 1677 z
1331 1632 1395 1678 ita
1429 1632 1574 1678 satius
1593 1641 1663 1678 est
1696 1631 1887 1695 defungi
1913 1632 2013 1678 sine
2037 1630 2197 1678 liberis
2216 1667 2228 1691 ,
2269 1647 2416 1695 quam
2437 1647 2494 1679 ex
2524 1630 2611 1678 illi-

485 1711 580 1757 cito
599 1712 726 1757 coitu
751 1712 944 1776 stirpem
964 1728 1189 1775 quaerere.
1214 1711 1546 1776 Undecunque
1569 1721 1730 1759 autem
1753 1721 2010 1759 nascantur
2033 1711 2278 1773 homines,
2300 1713 2339 1759 si
2357 1722 2610 1777 parentum

483 1791 593 1837 vitia
617 1808 716 1839 non
743 1802 996 1853 sectentur,
1028 1802 1076 1840 et
1105 1795 1260 1840 Deum
1289 1802 1416 1840 recte
1444 1792 1626 1853 colant,
1655 1791 1845 1840 honesti
1873 1802 1920 1840 et
1946 1792 2064 1841 salvi
2091 1801 2248 1840 erunt.
2278 1794 2449 1840 Semen
2481 1794 2610 1841 enim

484 1870 691 1919 hominis
710 1889 765 1919 ex
781 1873 1101 1938 qualicunque
1120 1872 1342 1934 homine,
1363 1873 1451 1919 Dei
1469 1883 1683 1920 creatura
1701 1883 1794 1932 est,-
1816 1883 1863 1920 et
1880 1890 1938 1921 eo
1959 1873 2082 1921 male
2098 1873 2340 1921 utentibus
2360 1873 2484 1921 male
2501 1874 2606 1933 erit,

483 1968 581 1999 non
602 1954 757 2018 ipsum
780 1954 1039 2018 aliquando
1065 1953 1245 2001 malum
1268 1954 1372 2001 erit.
1405 1954 1535 2000 Sicut
1561 1964 1721 2001 autem
1746 1953 1828 2001 filii
1853 1953 1971 2001 boni
1999 1953 2349 2014 adulterorum,
2375 1953 2505 2001 nulla
2530 1953 2611 2002 de-

482 2032 632 2080 fensio
661 2045 731 2081 est
754 2034 1124 2082 adulteriorum:
1147 2035 1212 2081 sic
1237 2034 1350 2080 mali
1376 2033 1459 2081 filii
1486 2035 1880 2099 conjugatorum,
1910 2034 2097 2081 nullum
2124 2035 2306 2082 crimen
2332 2044 2403 2082 est
2426 2035 2612 2100 nuptia-

484 2131 607 2161 rum.
643 2134 665 2159 »
693 2115 827 2162 Idem
851 2117 1016 2180 supra'
1047 2134 1057 2161 z
1089 2135 1113 2160 «
1142 2116 1263 2162 Sunt
1286 2115 1374 2162 viri
1399 2132 1550 2179 usque
1573 2115 1695 2162 adeo
1718 2115 2087 2176 incontinentes,
2115 2124 2170 2163 ut
2193 2114 2493 2180 conjugibus,
2522 2126 2633 2163 nec

484 2195 687 2258 gravidis
707 2206 917 2261 parcant.
942 2195 1188 2260 Quidquid
1207 2212 1320 2260 ergo
1343 2196 1468 2243 inter
1486 2212 1536 2243 se
1555 2196 1796 2261 conjugati
1815 2195 2155 2244 immodestum
2169 2232 2181 2256 ,
2204 2196 2605 2256 inverecundum,

483 2275 791 2324 sordidumve
823 2287 1023 2341 gerunt,
1051 2278 1220 2324 vitium
1251 2277 1508 2324 hominum
1536 2288 1634 2337 est,
1667 2294 1767 2324 non
1799 2277 1939 2343 culpa
1971 2278 2264 2343 nuptiarum.
2297 2280 2400 2324 Jam
2430 2277 2479 2325 in
2508 2278 2611 2343 ipsa

484 2373 678 2420 quoque
711 2357 1100 2405 immoderatiore
1133 2357 1377 2405 exactione
1409 2356 1557 2404 debiti
1581 2357 1782 2404 carnalis
1799 2393 1811 2417 ,
1839 2374 1986 2421 quam
2010 2358 2077 2405 eis
2101 2374 2203 2404 non
2229 2356 2496 2404 secundum
2520 2358 2611 2405 im—

482 2439 669 2503 perium
703 2441 937 2505 praecipit,
979 2439 1063 2488 sed
1093 2439 1360 2487 secundum
1390 2439 1581 2486 veniam
1613 2438 1834 2487 concedit
1865 2438 2153 2504 Apostolus³,
2185 2448 2240 2486 ut
2273 2439 2414 2486 etiam
2442 2448 2613 2504 praeter

483 2539 673 2570 causam
698 2521 986 2588 procreandi
1014 2520 1104 2567 sibi
1130 2521 1447 2579 misceantur3
1472 2529 1518 2567 et
1542 2520 1580 2567 si
1605 2536 1688 2567 eos
1711 2520 1848 2585 pravi
1871 2536 2032 2567 mores
2054 2519 2116 2566 ad
2143 2519 2284 2566 talem
2302 2518 2610 2566 concubitum

483 2603 759 2667 impellunt,
789 2603 966 2667 nuptiae
989 2612 1148 2650 tamen
1175 2600 1236 2647 ab
1259 2600 1495 2647 adulterio
1523 2617 1605 2647 seu
1634 2600 1949 2647 fornicatione
1977 2598 2257 2647 defendunt.
2292 2602 2456 2663 Neque
2482 2599 2611 2647 enim

482 2683 600 2732 illud
616 2695 814 2750 propter
838 2684 1027 2749 nuptias
1047 2683 1328 2741 admittitur,
1352 2681 1436 2728 sed
1452 2690 1651 2747 propter
1674 2681 1864 2747 nuptias
1889 2680 2167 2744 ignoscitur.
2187 2678 2376 2727 Debent
2392 2695 2505 2743 ergo
2525 2677 2615 2725 sibi

484 2765 723 2829 conjugati
742 2781 842 2811 non
860 2763 1014 2810 solum
1035 2764 1180 2827 ipsius
1198 2778 1336 2810 sexus
1354 2762 1427 2808 sui
1451 2761 1795 2808 commiscendi
1814 2760 1961 2808 fidem
1973 2796 1985 2820 ,
2013 2759 2275 2807 liberorum
2294 2758 2618 2824 procreando-

484 2863 590 2892 rum
624 2862 786 2905 causa,
819 2861 924 2909 quae
952 2844 1106 2909 prima
1134 2853 1204 2890 est
1232 2842 1432 2889 humani
1462 2842 1646 2905 generis
1677 2843 1725 2887 in
1758 2841 1847 2888 ista
1877 2840 2162 2888 mortalitate
2191 2840 2413 2899 societas,
2444 2855 2612 2886 verum

484 2927 623 2972 etiam
647 2926 931 2973 infirmitatis
956 2924 1159 2971 invicem
1178 2921 1466 2988 excipiendae
1484 2921 1544 2969 ad
1570 2921 1756 2969 illicitos
1779 2921 2061 2968 concubitus
2086 2920 2362 2978 evitandOS,
2393 2930 2608 2967 mutuam

485 3005 694 3068 quodam
720 3006 868 3053 modo
888 3006 1191 3062 servitutem3
1222 3012 1272 3049 ut
1300 3012 1347 3049 θῖ
1377 3003 1415 3049 si
1447 3001 1580 3049 alteri
1612 3018 1780 3048 eorum
1810 3012 2041 3067 perpetua
2066 3000 2359 3048 continentia
2388 2999 2573 3065 placeat
2592 3037 2604 3059 ,

485 3086 573 3131 nisi
598 3103 654 3132 ex
679 3087 868 3134 alterius
887 3102 1122 3134 consensu
1143 3101 1243 3131 non
1261 3084 1426 3149 possit.
1451 3085 1507 3129 Et
1532 3082 1594 3129 ad
1616 3082 1710 3129 hoc
1738 3082 1867 3129 enim
1892 3099 2013 3129 uxor
2036 3098 2135 3129 non
2160 3080 2303 3128 habet
2326 3089 2608 3145 potestatem

485 3166 556 3211 sui
575 3169 812 3231 corporiS,
840 3168 923 3215 sed
943 3168 1014 3214 vir
1031 3186 1044 3227 3
1064 3165 1276 3214 similiter
1296 3174 1342 3212 et
1361 3164 1432 3210 vir
1448 3180 1548 3210 non
1571 3162 1716 3210 habet
1742 3173 2027 3228 potestatem
2047 3163 2119 3210 sui
2138 3162 2352 3227 corporis
2366 3197 2378 3221 ,
2400 3160 2486 3208 sed
2505 3177 2608 3208 mu—

485 3243 570 3290 lier
593 3264 601 3291 ε
626 3257 678 3292 ut
702 3258 747 3294 et
772 3249 904 3311 quod
928 3265 1028 3295 non
1058 3247 1265 3294 filiorum
1294 3243 1707 3311 procreandorum
1727 3280 1738 3302 ,
1768 3244 1850 3292 sed
1876 3243 2161 3291 infirmitatis
2184 3252 2231 3289 et
2254 3241 2608 3288 incontinentiae

486 3340 625 3372 causa
650 3329 844 3392 expetit,
874 3328 947 3376 vel
967 3328 1044 3375 ille
1063 3328 1124 3376 de
1149 3326 1485 3385 matrimonio,
1508 3325 1582 3372 vel
1598 3325 1677 3373 illa
1696 3324 1756 3372 de
1778 3325 1972 3384 marito,
1993 3340 2092 3371 non
2111 3322 2199 3370 sibi
2225 3322 2502 3371 alterutrum
2525 3338 2607 3369 ne-

535 3510 543 3527 ¹
571 3510 712 3542 Corinth.
741 3511 774 3549 I,
800 3520 874 3553 cap.
897 3522 969 3554 xvi,
984 3513 1047 3546 col.
1066 3514 1143 3546 330.
1158 3531 1196 3538 -
1214 3513 1225 3530 ¹
1239 3513 1312 3547 lbid
1331 3538 1339 3554 ,
1365 3523 1440 3556 cap.
1458 3522 1509 3549 v1,
1532 3509 1596 3544 col.
1619 3511 1694 3543 323.
1712 3527 1751 3533 —
1767 3509 1781 3527 ³
1795 3509 1939 3543 Corinth.
1961 3508 1993 3547 t,
2007 3517 2082 3550 cap.
2099 3516 2160 3547 vn.
2176 3516 2207 3539 v,
2223 3507 2256 3539 6.
