2970 4152
1276 420 1593 467 EPISTOLAE.
2401 423 2421 467 4
2432 422 2494 468 29

386 524 438 562 ut
460 515 510 562 in
534 516 646 562 viris
670 515 1001 581 multiplicata,
1025 515 1074 562 in
1092 515 1198 580 ipso
1218 516 1376 562 statim
1394 513 1611 561 Ecclesiae
1633 516 1866 562 nascentis
1884 515 2083 562 exordio
2100 531 2234 579 aeque
2251 516 2371 562 sicut
2385 515 2492 574 viri,

386 596 450 642 ita
483 606 528 642 et
556 595 740 643 seminae
763 596 1071 662 propriorum
1094 611 1182 660 per
1205 612 1255 643 se
1280 595 1680 642 monasteriorum
1706 595 1975 643 habitacula
1999 595 2328 661 possederunt.
2358 595 2497 641 Unde

388 685 434 722 et
459 676 785 723 Ecclesiastica
814 679 1022 723 Historia
1043 676 1241 731 laudem
1260 675 1479 722 >Philonis
1509 674 1801 722 disertissimi
1836 675 2006 736 Judaei,
2041 692 2186 740 quam
2213 691 2314 722 non
2343 674 2498 721 solum

388 755 527 816 dixit,
569 773 733 804 verum
762 757 903 803 etiam
940 755 1188 820 magnifice
1219 755 1403 821 scripsit
1429 755 1491 802 de
1520 754 1824 802 alexandrina
1859 756 1949 803 sub
1976 759 2135 803 Marco
2172 756 2366 804 ecclesia
2383 791 2395 814 ‚
2437 756 2499 802 ita

322 832 329 846 ‘
389 836 513 883 inter
551 847 717 884 caetera
745 836 868 884 libro
904 840 973 897 Il,
1017 836 1224 901 capitulo
1259 853 1339 884 xvi
1371 846 1752 883 commemorat:
1787 854 1810 880 α
1840 839 1895 882 In
1934 837 2094 883 multis
2128 847 2220 897 est,
2253 855 2275 880 »
2312 836 2467 900 inquit
2485 872 2497 895 ,

392 936 415 962 α
439 917 567 964 orbis
584 927 718 964 terrae
736 916 950 983 partibus
969 917 1062 964 hoc
1078 934 1226 982 genus
1242 901 1512 964 hominum.
1542 935 1566 960 »
1585 920 1644 963 Et
1667 926 1776 981 post
1798 916 1956 981 aliqua
1974 936 1983 963 :
2011 937 2034 962 α
2055 920 2133 964 Est
2153 927 2313 964 autem
2331 918 2381 963 in
2405 917 2502 963 sin—

388 996 507 1060 gulis
524 996 640 1044 locis
651 1007 925 1045 consecrata
936 998 1142 1045 orationi
1162 997 1352 1058 domus,
1380 1014 1485 1062 quae
1504 997 1768 1063 appellatur
1787 998 1978 1044 senivor
1995 997 2132 1061 (sic),
2161 998 2237 1045 vel
2264 1006 2503 1044 monaste·

390 1077 516 1124 rium
532 1079 560 1124 ¹.
585 1096 608 1121 »
626 1081 744 1125 Item
765 1078 935 1125 infra²z
967 1099 990 1123 «
1008 1066 1171 1143 ltaque
1188 1095 1289 1125 non
1314 1077 1471 1126 solum
1495 1077 1743 1125 subtilium
1763 1077 2246 1142 intelligunthymnos
2269 1088 2502 1136 veterum,

391 1157 475 1205 sed
502 1148 592 1223 ipsi
619 1158 796 1206 faciunt
823 1176 977 1206 novos
1006 1160 1056 1206 in
1082 1162 1235 1206 Deum
1251 1195 1264 1219 ,
1293 1158 1517 1206 omnibus
1536 1175 1620 1206 eos
1640 1169 1687 1205 et
1704 1159 1867 1205 metris
1886 1168 1932 1205 et
1953 1159 2083 1205 sonis
2106 1158 2308 1206 honesta
2327 1159 2437 1205 satis
2462 1168 2509 1205 et

391 1240 523 1287 suavi
535 1257 765 1307 compage
778 1240 1096 1288 modulantes.
1117 1260 1140 1285 »
1159 1244 1296 1302 Item,
1317 1241 1554 1306 plerisque
1573 1240 1633 1288 de
1649 1239 1933 1287 abstinentia
1958 1242 2150 1287 eorum³
2167 1240 2433 1305 praemissis,
2463 1249 2510 1286 et

391 1319 540 1367 divini
558 1320 711 1368 cultus
726 1321 909 1382 officiis,
932 1321 1149 1386 adjecit⁸2
1170 1324 1329 1369 «Cum
1344 1321 1456 1368 viris
1474 1327 1651 1380 autem,
1672 1337 1794 1385 quos
1812 1320 2030 1380 dicimus,
2053 1330 2164 1368 sunt
2179 1330 2225 1367 et
2238 1319 2440 1378 feminae,
2459 1320 2509 1366 in

391 1399 564 1464 quibus
588 1401 748 1466 plures
769 1403 869 1465 jam
903 1402 1163 1467 grandaevae
1181 1412 1293 1449 sunt
1323 1402 1553 1466 virgines,
1589 1402 1906 1467 integritatem
1931 1419 1986 1449 ac
2015 1402 2275 1449 castitatem
2298 1400 2512 1465 corporis

391 1496 492 1528 non
523 1482 801 1529 necessitate
828 1482 1008 1547 aliqua,
1047 1482 1131 1530 sed
1166 1482 1423 1530 devotione
1448 1493 1714 1542 servantes3
1754 1483 1872 1530 dum
1904 1483 2143 1548 sapientiae
2170 1481 2338 1528 studiis
2365 1490 2514 1527 semet

394 1560 598 1623 gestiunt
620 1578 718 1609 non
746 1562 902 1609 solum
920 1564 1080 1610 anima
1095 1599 1108 1623 ,
1139 1562 1223 1610 sed
1252 1563 1395 1610 etiam
1413 1566 1427 1588 ¹⁵
1449 1579 1653 1628 corpore
1674 1579 1979 1622 consecrare,
2008 1562 2259 1626 indignum
2287 1561 2514 1608 ducentes

393 1639 580 1688 libidini
598 1643 870 1708 mancipare
889 1660 972 1690 vas
989 1643 1051 1690 ad
1077 1642 1360 1709 capiendam
1378 1643 1657 1708 sapientiam
1672 1653 1989 1709 praeparatum
2003 1679 2015 1703 ,
2046 1653 2093 1690 et
2107 1643 2250 1691 edere
2265 1641 2516 1706 mortalem

396 1731 586 1786 partum
610 1739 711 1783 eas,
740 1739 768 1769 a
793 1723 965 1788 quibus
990 1723 1138 1770 divini
1163 1723 1296 1771 verbi
1325 1723 1608 1772 concubitus
1637 1716 1978 1785 sacrosanctus]
1995 1735 2042 1771 et
2064 1723 2346 1771 immortalis
2375 1738 2515 1788 expe-

394 1802 532 1849 titur:
546 1820 603 1850 ex
619 1820 716 1867 quo
730 1804 979 1868 posteritas
997 1805 1293 1869 relinquatur
1308 1821 1614 1869 nequaquam
1631 1804 1911 1870 corruptelae
1927 1805 2228 1852 mortalitatis
2244 1804 2468 1851 obnoxia.
2490 1821 2512 1845 »

399 1887 514 1930 item
534 1882 712 1930 ibidem
737 1883 798 1931 de
818 1884 1018 1931 Philone
1040 1902 1054 1930 τ
1083 1904 1104 1928 «
1125 1885 1277 1931 Etiam
1302 1884 1363 1931 de
1387 1884 1702 1932 conventibus
1715 1900 1884 1931 eorum
1899 1885 2087 1944 scribit,
2111 1896 2163 1932 ut
2182 1901 2396 1932 seorsum
2416 1884 2518 1946 qui-

397 1963 509 2011 dem
534 1964 645 2024 viri,
674 1981 889 2011 seorsum
916 1965 1058 2012 etiam
1089 1965 1137 2011 in
1171 1964 1351 2011 eisdem
1381 1964 1499 2011 locis
1529 1964 1714 2011 feminae
1739 1974 2110 2027 congregentur,
2151 1974 2200 2011 et
2229 1974 2280 2011 ut
2307 1963 2515 2027 vigilias,

399 2045 520 2092 sicut
543 2044 673 2111 apud
697 2061 787 2092 nos
812 2044 915 2092 fieri
940 2046 1073 2092 mos⁶
1097 2054 1193 2104 est,
1221 2054 1467 2110 peragant.
1493 2063 1516 2088 υ
1539 2045 1660 2091 Hinc
1678 2043 1797 2091 illud
1817 2054 1883 2091 est
1904 2045 1953 2090 in
1979 2043 2121 2091 laude
2135 2044 2402 2091 christianae
2417 2043 2521 2108 phi-

399 2123 645 2191 losophiae,
663 2125 759 2173 hoc
777 2136 848 2173 est
862 2126 1133 2173 monasticae
1150 2125 1486 2190 praerogafivae,
1504 2124 1637 2190 quod
1658 2126 1918 2189 Tripartica
1932 2134 2278 2172 commemorat
2288 2126 2516 2181 Historia,

402 2221 501 2252 non
528 2205 686 2252 minus
719 2222 747 2252 a
776 2206 962 2253 feminis
995 2207 1227 2270 quam.a⁷
1256 2205 1368 2252 viris
1401 2214 1615 2270 arreptae.
1650 2205 1723 2251 Ait
1757 2205 1936 2270 quippe
1967 2205 2034 2251 sic
2064 2203 2187 2251 libro
2217 2206 2263 2264 1,
2299 2219 2403 2269 cap.
2437 2220 2519 2250 XI:
2590 2216 2592 2218 ·

404 2304 429 2331 «
449 2286 599 2349 Hujus
624 2286 980 2351 elegantissimae
1002 2286 1319 2353 philosophiae
1342 2286 1565 2352 princeps
1595 2285 1682 2333 fuit
1706 2285 1926 2350 quidem,
1950 2285 2087 2332 sicuti
2111 2284 2309 2350 quidam
2327 2284 2520 2343 dicunt,

400 2365 524 2414 Elias
554 2366 788 2432 propheta
806 2402 818 2426 ,
860 2376 908 2415 et
931 2367 1138 2433 Baptista
1161 2369 1383 2414 Joannes.
1406 2384 1431 2411 n
1467 2365 1604 2413 Philo
1639 2375 1799 2412 autem
1838 2365 2175 2430 pythagoricus
2215 2365 2312 2412 suis
2342 2374 2525 2429 tempo-

400 2445 532 2494 ribus
567 2447 709 2495 refert
742 2447 956 2512 undique
993 2447 1205 2513 egregios
1235 2446 1544 2494 Hebraeorum
1582 2446 1631 2493 in
1674 2445 1887 2510 quodam
1918 2445 2099 2511 praedio
2143 2445 2268 2493 circa
2306 2455 2525 2508 stagnum

402 2526 548 2574 Maria
580 2527 629 2573 in
665 2527 787 2575 colle
820 2529 1030 2594 positum
1063 2519 1446 2593 philosophatos.
1477 2525 1810 2572 Habitaculum
1834 2542 1950 2586 vero
1979 2542 2175 2586 eorum,
2212 2535 2260 2573 et
2283 2524 2415 2572 cibos
2431 2560 2443 2583 ‚
2479 2534 2525 2571 et

401 2607 813 2654 conversationem
839 2608 982 2655 talem
1008 2608 1292 2668 introducit,
1321 2606 1513 2672 qualem
1538 2616 1585 2653 et
1600 2622 1691 2653 nos
1709 2622 1839 2652 nunc
1857 2605 1987 2671 apud
2002 2606 2333 2670 AEgyptiorum
2356 2620 2525 2651 mona·

401 2685 518 2734 chos
545 2703 645 2734 esse
663 2689 999 2753 conspicimus.
1031 2687 1202 2735 Scribit
1222 2704 1304 2735 eos
1331 2697 1440 2734 ante
1461 2685 1575 2733 solis
1599 2702 1822 2733 occasum
1847 2702 1947 2732 non
1977 2695 2164 2749 gustare
2194 2684 2381 2743 cibum,
2409 2685 2523 2731 vino

402 2783 590 2831 semper
619 2777 666 2815 et
693 2769 973 2833 sanguinem
1005 2767 1293 2816 habentibus
1324 2767 1588 2826 abstinere,
1623 2766 1783 2813 cibum
1816 2766 1882 2813 eis
1908 2782 2010 2814 esse
2039 2766 2203 2831 panis,
2239 2775 2287 2813 et
2314 2765 2448 2824 salis,
2477 2775 2525 2812 et

404 2848 586 2913 hysopy
600 2884 612 2908 ‚
641 2859 687 2895 et
711 2859 881 2914 potum
905 2865 1063 2914 aquae3
1088 2849 1396 2896 mulieresveis
1415 2847 1691 2896 cohabitare
1708 2848 1918 2895 seniores
1936 2848 2156 2911 virgines,
2179 2856 2376 2911 propter
2393 2862 2525 2893 amo-

403 2944 504 2975 rem
521 2928 836 2994 philosophiae
854 2940 1117 2995 spontanea
1142 2928 1386 2977 voluntate
1411 2929 1588 2995 nuptiis
1604 2928 1912 2977 abstinentes.
1935 2929 2056 2975 Hinc
2074 2938 2120 2975 et
2138 2927 2254 2975 illud
2273 2937 2343 2974 est
2360 2927 2525 2974 Hiero-

403 3009 534 3072 nymi
561 3009 611 3055 in
641 3008 765 3056 libro
785 3009 842 3056 de
866 3009 1133 3057 Illum-tribas·
1162 3013 1209 3058 V
1209 3012 1315 3068 iris,
1346 3009 1555 3075 capitulo
1583 3026 1666 3056 vm
1691 3009 1752 3057 de
1777 3009 1918 3057 laude
1942 3010 2087 3056 Marci
2112 3018 2158 3055 et
2191 3008 2429 3068 Ecclesiae,
2458 3008 2524 3054 sic

402 3088 649 3136 scribentis
668 3108 678 3136 :
711 3109 735 3134 r<
757 3090 942 3137 Primus
964 3089 1254 3138 Alexandriae
1272 3090 1513 3138 Christum
1538 3090 1828 3136 annuntians
1847 3090 2091 3136 constituit
2111 3089 2358 3136 ecclesiam
2384 3097 2524 3135 tantae

403 3168 656 3231 doctrinae,
695 3181 741 3218 et
765 3171 871 3218 vitae
912 3171 1238 3231 continentiae,
1278 3182 1329 3218 ut
1362 3188 1532 3219 omnes
1566 3181 1821 3219 sectatores
1853 3171 2025 3218 Christi
2054 3171 2117 3218 ad
2148 3170 2418 3236 exemplum
2451 3170 2523 3217 sui

403 3260 608 3316 cogeret.
642 3251 859 3316 Denique
887 3250 1049 3311 Philo,
1088 3251 1422 3300 disertissimus
1449 3251 1746 3311 Judaeorum,
1786 3251 1954 3299 videns
1992 3251 2282 3299 Alexandriae
2318 3251 2522 3316 primam

448 3399 457 3415 ⁶
479 3396 528 3432 Ἐν
544 3401 657 3446 ἑκάστῃ
674 3401 707 3433 δὲ
722 3400 803 3433 ἔστιν
820 3401 936 3442 οἴκημα
964 3403 1042 3445 ἱερὸν
1060 3401 1077 3433 ὃ
1092 3403 1234 3434 καλεῖται
1260 3408 1396 3444 emmau
1421 3404 1440 3439 ἦ
1486 3401 1567 3433 msc.
1587 3401 1728 3439 Eccles„
1755 3398 1812 3432 lib.
1830 3399 1878 3441 11,
1898 3411 1970 3444 cap.
1993 3411 2058 3433 xvi.
2072 3417 2116 3424 —
2131 3400 2143 3418 ⁸
2158 3401 2203 3432 Et
2221 3400 2259 3431 1).
2280 3416 2319 3421 ——
2338 3370 2622 3458 ‘fflf-S(
2732 3375 2744 3384 =

402 3461 621 3501 μοναστήριον.
647 3456 783 3496 Euseb„
806 3458 888 3490 Hm.
906 3458 1048 3495 Eccles„
1073 3456 1129 3490 lib.
1151 3457 1200 3499 11,
1221 3468 1294 3501 cap.
1316 3469 1385 3491 xvn.
1399 3476 1440 3482 —
1487 3475 1526 3481 -—
1542 3456 1554 3474 ἵ
1568 3457 1622 3490 Sic
1639 3456 1679 3489 1).
1692 3474 1717 3481 -
1730 3457 1757 3489 Δ
1772 3456 1864 3490 deest
1882 3455 1963 3489 Edd.

404 3510 416 3526 ¹
434 3510 533 3551 lbid..
549 3511 628 3545 ibid.
642 3530 683 3537 ——
693 3512 768 3546 ⁸Sic
784 3512 822 3545 D.
836 3531 858 3538 -
871 3514 992 3546 Eorum
1009 3512 1101 3546 deest
1116 3512 1201 3546 Edd.
1215 3531 1260 3541 -·
1272 3513 1286 3531 ⁴
1305 3514 1439 3555 Euneb„

564 3580 578 3609 1
2252 3569 2362 3609 -17

2620 3255 2724 3291 “x

2776 3364 2810 3380 ιν
2826 3358 2841 3367 “
2878 3335 2901 3358 μ)
