2970 4152
547 382 641 430 348

595 479 678 526 Ipsa
696 479 786 515 fides
804 492 879 516 non
900 481 957 528 vi,
973 480 1036 516 sed
1055 482 1197 517 ratione
1211 482 1331 524 venit3

547 537 701 574 Mentiri
715 546 846 576 natura
862 541 994 589 nequit
1013 540 1222 577 firmissima
1241 553 1397 590 semper.

594 598 822 647 Conjectura
839 601 912 638 fuit
930 614 1041 650 quam
1062 601 1168 638 dedit
1185 603 1255 639 iste
1271 602 1387 639 locus.

550 659 732 707 Expensas
750 660 944 697 moderare
962 669 1044 698 tuas
1061 669 1103 698 ut
1116 674 1174 698 res
1187 669 1251 699 tua
1269 664 1408 711 poscit,

596 718 672 755 Nec
689 719 768 756 fore
785 721 944 768 majores
959 734 1073 771 quam
1092 729 1154 758 tua
1173 722 1276 759 lucra
1293 722 1402 760 feras.

550 779 689 814 Damna
704 780 813 817 timet
828 793 983 830 pauper,
999 788 1256 830 contemptum
1270 782 1405 820 nobilis
1415 783 1557 820 horret.

549 899 610 934 Est
630 900 669 935 in
684 901 842 948 peccatis
857 902 950 938 mala
969 903 1172 940 consolatio
1183 903 1348 953 quaedam
1361 931 1370 948 ‚

594 959 632 996 Si
645 961 784 1008 majora
799 962 872 998 tuis
885 963 1042 999 crimina
1057 963 1244 1011 respicias.

547 1019 624 1055 Scit
641 1020 711 1056 sibi
724 1048 733 1065 ,
754 1033 830 1057 non
842 1021 943 1068 aliis,
965 1023 1033 1071 qui
1054 1023 1173 1059 nescit
1184 1024 1273 1059 scita
1286 1022 1420 1058 docere
1434 1038 1443 1064 ;

594 1080 789 1130 Tanquam
808 1082 862 1118 nil
877 1083 1002 1119 scierit
1017 1082 1100 1119 talis
1117 1083 1312 1119 habendus
1327 1084 1412 1118 erit.

548 1141 674 1187 Quum
691 1143 815 1179 minus
832 1143 990 1192 accipiat
1004 1143 1117 1189 lucri,
1134 1143 1216 1192 plus
1236 1143 1381 1179 Martha
1396 1142 1560 1189 laborat,

590 1201 644 1237 Ut
659 1203 795 1239 merito
811 1215 916 1240 soror
933 1204 1031 1240 hanc
1046 1211 1220 1253 torqueat
1234 1203 1386 1239 invidia.

546 1262 732 1299 Fertilitas
744 1263 911 1312 largum,
931 1277 1084 1314 parcum
1103 1271 1139 1300 te
1157 1270 1332 1313 agnoscat
1347 1269 1489 1311 egestas
1502 1291 1511 1308 ,

593 1322 644 1359 Ut
661 1323 725 1360 fiat
742 1323 851 1361 donis
864 1326 982 1374 gratia
995 1326 1111 1362 multa
1131 1325 1218 1361 tuis.

545 1383 583 1420 Si
604 1390 722 1421 taceat
738 1385 892 1431 stultus,
911 1386 1055 1435 sapiens
1074 1385 1309 1434 reputabitur
1325 1395 1423 1428 esse;

592 1444 654 1480 Nil
670 1445 722 1481 sic
737 1453 778 1482 ut
789 1458 909 1483 sermo
922 1447 1079 1496 perdere
1098 1446 1208 1482 corda
1227 1445 1331 1481 solet.

544 1505 649 1541 Falsa
667 1505 820 1555 figurari
839 1520 915 1544 non
931 1515 988 1544 est
1005 1506 1175 1543 mirabile
1191 1506 1311 1550 falsis,
1416 1514 1451 1538 O

591 1566 644 1602 Ut
659 1566 792 1603 falsum
807 1569 932 1604 ornari
945 1557 1112 1617 qualibet
1131 1575 1209 1604 arte
1229 1574 1354 1616 queat.

546 1627 631 1662 Non
646 1635 731 1676 eget
749 1635 885 1665 ornatu
903 1641 1014 1677 quem
1033 1628 1136 1664 nullo
1151 1634 1294 1663 constat
1307 1639 1428 1676 egere.

593 1687 670 1724 Nec
687 1700 819 1725 manus
833 1689 984 1725 artificis
998 1689 1100 1724 hunc
1117 1688 1294 1724 decorare
1314 1694 1447 1736 potest.

547 1749 632 1793 Quo
656 1760 693 1784 se
711 1748 860 1785 mollius
878 1749 943 1785 hic
964 1749 1088 1785 studet
1108 1749 1364 1798 unusquisque
1385 1748 1509 1784 fovere

593 1809 654 1845 Ad
672 1821 819 1857 poenam
837 1817 1006 1846 tenerum
1027 1822 1064 1846 se
1082 1810 1200 1858 magis
1217 1811 1296 1857 ipse
1312 1816 1429 1858 parat.

544 1869 733 1918 Corrigias
751 1870 854 1906 corio
871 1870 990 1917 largas
1005 1870 1094 1907 facit
1110 1883 1154 1905 ex
1171 1869 1292 1906 alieno

590 1931 667 1977 Qui
685 1943 802 1979 quum
818 1930 1019 1967 distribuat
1036 1931 1196 1978 plurima
1207 1958 1216 1975 ‚
1236 1930 1341 1978 plura
1359 1930 1475 1977 rapit:

547 1991 618 2027 Cui
638 1991 734 2027 bene
751 1991 872 2027 fecisti
891 2004 938 2026 ne
957 1990 1084 2027 credas
1101 1990 1274 2027 laudibus
1290 1991 1369 2037 ejus
1383 2005 1390 2024 ε

591 2051 757 2087 Cuilibet
771 2051 842 2087 hoc
855 2051 965 2088 faciet
979 2052 1045 2100 qui
1061 2051 1150 2087 facit
1165 2050 1259 2087 illud
1272 2050 1320 2086 ei.

545 2111 725 2160 Quisquis
737 2123 776 2147 se
796 2111 939 2154 laudat,
956 2111 1117 2147 multum
1134 2111 1203 2147 sibi
1221 2110 1386 2147 detrahit
1398 2111 1476 2158 ipse
1491 2125 1497 2145 z

590 2171 732 2208 Laudet
750 2184 786 2208 se
801 2172 926 2217 factis,
944 2184 1009 2208 ore
1024 2178 1168 2207 tacente
1187 2183 1265 2206 su0.

543 2233 755 2281 Discipulus
773 2232 918 2280 sapiens
933 2239 989 2268 est
1007 2232 1123 2282 gloria
1141 2243 1285 2267 summa
1304 2230 1472 2278 magistri
1491 2246 1497 2264 ε

590 2293 703 2329 Istius
720 2293 800 2329 laus
819 2300 875 2329 est
892 2292 992 2330 illius
1012 2292 1165 2328 utilitas.

542 2356 678 2392 Notius
695 2362 751 2392 est
763 2367 910 2404 semper
926 2355 1059 2391 vitium
1074 2355 1265 2403 virtusque
1284 2355 1447 2402 potentis
1464 2370 1470 2389 :

588 2416 675 2462 Quo
694 2415 812 2464 magis
826 2415 965 2452 eminet
984 2415 1066 2461 hic,
1090 2421 1176 2451 sunt
1192 2426 1257 2450 sua
1273 2421 1358 2450 nota
1379 2415 1509 2462 magiS.

542 2477 592 2512 Ut
610 2483 646 2512 te
665 2475 726 2512 alii
740 2475 914 2521 laudent,
935 2475 1025 2512 alios
1043 2474 1228 2511 laudando
1246 2474 1400 2511 mereris
1418 2491 1424 2509 :

588 2536 747 2572 Laudari
764 2537 919 2584 cupiens
930 2564 939 2582 ,
959 2536 1172 2585 vituperare
1185 2547 1283 2572 cave.

540 2597 657 2632 Multa
675 2595 753 2633 Deo
769 2596 871 2633 dives
883 2624 894 2644 ,
912 2596 1133 2645 quia·multa
1152 2594 1334 2644 possidet,
1354 2595 1485 2640 offert5

585 2657 632 2693 Et
649 2657 749 2693 velut
765 2669 809 2693 ex
827 2657 971 2693 vomitu
985 2656 1087 2706 quod
1106 2663 1274 2705 superest
1288 2656 1423 2704 rejicit.

538 2717 654 2753 Multa
669 2717 750 2762 dat,
772 2724 810 2753 et
827 2717 954 2753 damni
967 2717 1021 2753 nil
1037 2718 1150 2753 sentit
1166 2718 1269 2765 copia
1287 2716 1424 2763 multa3

585 2778 748 2815 Censum
766 2790 842 2814 non
856 2778 1023 2814 animum
1034 2806 1044 2824 ,
1060 2778 1200 2826 cogitat
1217 2777 1408 2826 insipiens.
1471 2777 1542 2826 [est
1557 2805 1567 2822 ,

537 2839 668 2876 Credit
682 2838 820 2875 habere
835 2839 956 2874 Deum
966 2850 1035 2887 pro
1048 2850 1182 2886 magno
1194 2838 1297 2887 quod
1309 2838 1377 2874 sihi
1390 2850 1567 2887 magnum

583 2900 668 2935 Non
687 2899 804 2936 viduae
819 2912 977 2948 pensans
990 2899 1051 2935 illa
1069 2899 1214 2935 minuta
1229 2899 1318 2935 duo.

537 2961 596 2996 Sic
611 2960 705 2996 male
719 2959 766 2997 de
783 2960 890 2996 venia
907 2959 1097 2996 confidens
1112 2958 1340 3007 liberiusque

579 3094 587 3110 ¹
617 3094 735 3128 Praeter
757 3095 814 3128 illa
839 3094 1003 3136 carmina,
1026 3093 1178 3128 tribuitur
1196 3093 1292 3127 etiam
1320 3092 1491 3127 Abaelardo
1510 3103 1570 3127 se-

537 3160 638 3192 quens
654 3151 815 3185 distichon
834 3165 842 3184 ε

692 3237 802 3264 Arbiter
812 3238 858 3264 hic
870 3238 950 3264 ambo
963 3246 1040 3273 reges
1053 3238 1195 3272 conjunxit
1207 3245 1298 3265 amore

727 3287 760 3312 Et
775 3291 848 3313 tenet
860 3287 974 3314 illustris
986 3292 1097 3314 stemma
1108 3287 1144 3313 ab
1155 3291 1273 3322 utroque
1285 3286 1377 3314 decus.

536 3373 650 3407 Gallioe
670 3374 862 3409 Christianae
884 3383 1034 3409 auctores
1053 3376 1097 3416 (t.
1119 3375 1197 3418 vll,
1213 3386 1246 3418 p.
1270 3374 1351 3417 595)
1372 3374 1435 3408 hoc
1451 3373 1563 3409 dicunt

1349 390 1520 437 PETRI
1556 390 1725 437 ABAEL
1731 392 1867 439 ARDI

1679 484 1908 534 Delinquens
1922 513 1932 530 ,
1952 485 2059 521 donis
2080 492 2238 522 mortem
2252 486 2342 522 emit
2358 487 2437 534 ipse
2455 488 2541 523 suis.

1633 545 1822 590 Scribere,
1844 546 1938 582 scire
1953 543 2080 589 stude,
2102 545 2211 580 simul
2226 557 2267 581 ac
2285 545 2426 581 dictare
2443 546 2568 582 labora
2583 561 2590 581 :

1680 605 1750 642 His
1770 605 1849 641 sine
1861 611 2046 641 secretum
2065 604 2189 640 nullus
2207 604 2345 641 habere
2362 612 2496 654 potest.

1622 650 1781 713 xScripto
1800 677 1837 701 se
1855 665 1966 701 faciet
1987 671 2206 712 praesentem
2226 664 2386 713 quilibet
2401 666 2543 710 absens,

1678 726 1798 762 Nemo
1814 727 1932 774 magis
1951 726 2047 761 fidus
2063 726 2220 761 nuntius
2233 737 2311 762 esse
2332 731 2466 774 potest.

1630 785 1846 821 Dissimulat
1858 813 1867 829 ‚
1891 784 2041 821 simulat
2059 785 2205 833 sapiens
2224 797 2292 833 pro
2312 792 2479 834 tempore
2497 785 2631 830 multa,

1676 845 1872 893 Paucaque
1889 845 1924 880 vi
1938 845 2106 894 peragit,
2128 845 2289 893 plurima
2309 845 2476 882 consilio.

1630 905 1674 940 In
1689 905 1833 940 cunctis
1851 906 1995 953 sapiens
2010 911 2086 940 tam
2103 912 2269 953 tempora
2280 917 2391 954 quam
2410 905 2487 941 loca
2506 912 2646 954 pensat.

1627 1025 1856 1061 Persuadere
1875 1025 2018 1061 bonum
2031 1025 2146 1062 stulto
2158 1038 2234 1062 non
2248 1032 2303 1064 est
2316 1025 2394 1061 leve
2410 1025 2589 1075 quiddam
2605 1043 2611 1061 ε

1682 1086 1790 1126 Solus
1810 1085 1924 1121 habet
1943 1085 2087 1134 sapiens
2107 1085 2260 1121 credere
2280 1085 2448 1121 consilio.

1629 1148 1772 1185 Multus
1783 1146 1946 1192 vicinus,
1961 1157 2067 1181 rarus
2085 1145 2302 1181 circumstat
2320 1145 2472 1180 amicus.

1630 1269 1774 1304 Iratum
1793 1279 1986 1316 nunquam
2001 1278 2199 1316 praesumas
2217 1264 2348 1301 cedere
2363 1276 2589 1314 quemquam
2605 1281 2612 1300 :

1678 1327 1842 1376 Impedit
1858 1328 1899 1364 in
1918 1328 2062 1364 cunctis
2079 1327 2135 1363 ira
2150 1332 2278 1362 tenere
2296 1324 2464 1361 modum.

1630 1387 1787 1424 Distulit
1800 1387 1980 1436 insipiens
1993 1386 2159 1423 oblatum
2177 1397 2323 1421 sumere
2340 1384 2481 1420 donum
2497 1401 2507 1429 ;

1679 1447 1818 1496 Saepius
1833 1448 1906 1484 hoc
1923 1448 2046 1496 ipsum
2065 1445 2216 1482 nemine
2234 1445 2349 1481 dante
2364 1445 2471 1494 petit.

1630 1508 1719 1544 Post
1736 1507 1865 1556 epulas
1877 1507 1984 1543 facile
2001 1506 2142 1555 poteris
2159 1506 2324 1554 reperire
2337 1505 2505 1542 datorem
2522 1521 2529 1540 :

1679 1570 1788 1605 Tunc
1805 1576 1891 1617 pete
1905 1596 1915 1613 ,
1939 1568 1969 1603 si
1988 1580 2061 1617 qua
2076 1567 2149 1611 vis,
2168 1579 2287 1615 quum
2304 1566 2413 1603 dator
2429 1574 2485 1603 est
2502 1566 2645 1603 hilaris.

1632 1630 1818 1666 Femineis
1830 1629 2005 1678 lacrymis
2017 1639 2107 1677 quas
2124 1639 2225 1663 mors
2238 1633 2436 1676 extorquet
2451 1627 2560 1663 amici

1677 1689 1763 1725 Non
1781 1689 1951 1725 modicus
1965 1687 2089 1737 pudor
2106 1695 2162 1724 est
2178 1699 2243 1724 ora
2261 1687 2412 1724 madere
2433 1688 2517 1725 viri.

1631 1750 1759 1796 Quum
1773 1749 1868 1786 male
1881 1756 2015 1786 cuncta
2027 1761 2149 1798 geras,
2165 1750 2194 1785 si
2210 1749 2304 1798 quid
2318 1749 2400 1785 volo
2412 1748 2537 1785 dicere
2546 1748 2593 1785 de
2605 1755 2641 1785 te
2650 1777 2660 1793 ,

1678 1810 1831 1846 Mentiri
1846 1821 1970 1858 cogar,
1992 1809 2032 1846 ni
2050 1809 2145 1846 mala
2162 1809 2238 1845 sola
2253 1809 2399 1858 loquar.

1629 1869 1834 1918 Indignare
1852 1870 1943 1915 tibi,
1959 1882 2078 1919 quum
2096 1876 2135 1906 te
2152 1876 2215 1906 tua
2233 1869 2340 1918 culpa
2358 1869 2540 1918 flagellat,

1677 1931 1763 1967 Non
1783 1931 1836 1967 illi
1853 1932 1919 1980 qui
1939 1931 2003 1968 dat
2021 1931 2173 1967 verbera
2186 1931 2287 1978 justa
2305 1932 2389 1968 tibi.

1631 1992 1735 2038 Quos
1751 1999 2008 2040 paupertatem
2021 1991 2080 2027 vel
2095 2004 2223 2028 rerum
2241 1991 2375 2028 damna
2393 1992 2568 2028 timentes

1676 2056 1853 2092 Converti
1871 2054 1993 2091 videas
2005 2083 2014 2100 ,
2036 2067 2083 2091 ne
2102 2055 2171 2091 tibi
2190 2067 2270 2103 spes
2289 2056 2338 2092 sit
2356 2055 2396 2091 in
2413 2055 2497 2099 his;

1628 2115 1697 2151 His
1713 2128 1863 2164 quoque
1879 2128 1973 2164 quos
1984 2119 2126 2163 'pueros
2142 2116 2258 2151 traxit
2274 2115 2422 2152 devotio
2445 2122 2607 2152 matrum
2619 2143 2629 2159 ,

1675 2175 1891 2211 Mirandum
1912 2176 1941 2211 si
1959 2175 2051 2224 quid
2073 2175 2268 2224 religionis
2289 2176 2400 2212 inest.

1627 2236 1827 2284 Sanguinis
1846 2235 2014 2282 ejusdem
2037 2235 2161 2283 plures
2178 2235 2216 2271 in
2235 2235 2441 2284 relligionis

1673 2296 1869 2332 Conventu
1882 2324 1892 2339 ,
1911 2295 1988 2331 noli
2002 2295 2215 2331 consociare
2228 2295 2312 2331 tibi.

1626 2356 1671 2391 In
1686 2355 1824 2404 quibus
1840 2354 1987 2390 offensis
2002 2354 2130 2390 multis
2143 2367 2262 2404 quum
2280 2354 2479 2391 offenderis
2498 2367 2614 2391 unum
2626 2383 2635 2400 ‚

1673 2416 1882 2452 Adversum
1900 2415 2037 2451 multos
2054 2415 2102 2451 sit
2125 2415 2195 2451 tibi
2212 2427 2339 2464 pugna
2359 2414 2491 2463 gravis.

1626 2477 1665 2513 Si
1682 2476 1766 2525 quis
1779 2488 1867 2525 opes
1883 2476 1966 2524 plus
1979 2488 2092 2525 quam
2110 2487 2230 2512 mores
2247 2475 2286 2511 in
2304 2475 2466 2523 conjuge
2478 2482 2634 2523 quaerat,

1672 2537 1711 2574 Si
1731 2536 1981 2572 moechabitur
1994 2536 2088 2581 haec,
2108 2548 2184 2572 non
2198 2535 2313 2572 habet
2324 2535 2425 2571 uude
2442 2536 2564 2584 queri.

1627 2597 1747 2633 Multa
1764 2597 1828 2633 dat
1846 2597 2025 2645 insipiens
2036 2624 2046 2642 ,
2073 2609 2142 2632 nec
2160 2597 2276 2646 gratis
2292 2595 2381 2632 inde
2401 2590 2586 2637 meretum

1672 2657 1790 2693 Multa
1804 2663 2023 2705 recepturus
2033 2685 2043 2702 ,
2060 2669 2175 2705 pauca
2189 2656 2294 2692 dabit
2310 2655 2467 2704 sapiens.

1625 2718 1668 2754 In
1683 2718 1815 2754 dandis
1831 2717 1976 2766 sapiens
1995 2724 2072 2753 tam
2092 2723 2264 2765 tempora
2282 2729 2395 2766 quam
2408 2715 2489 2752 loca
2505 2722 2654 2763 pensat;

1670 2780 1886 2815 Mensuram
1905 2778 2011 2826 pensi
2027 2790 2102 2814 non
2116 2777 2230 2814 habet
2244 2776 2436 2825 insipiens.

1623 2837 1775 2886 Ignarat
1792 2837 1973 2872 trutinam
1991 2848 2059 2872 nec
2074 2835 2177 2871 librae
2193 2835 2358 2884 pondera
2377 2835 2479 2871 novit
2493 2850 2500 2868 ε

1672 2897 1737 2933 Est
1754 2897 1838 2932 ideo
1851 2896 1960 2932 donis
1978 2896 2097 2945 gratia
2113 2895 2214 2932 nulla
2230 2896 2318 2932 suis.

1624 2958 1676 2996 Vi
1695 2957 1873 2994 sathanas
1893 2963 2058 3006 pugnat,
2084 2956 2227 3005 patiens
2249 2956 2388 2991 virtute
2405 2953 2546 2990 resistit
2562 2958 2635 2988 ¹....

1623 3091 1790 3126 conditum
1815 3091 1912 3125 fuisse
1936 3093 1969 3125 in
1992 3092 2119 3125 honore
2147 3090 2306 3135 Alphonsi
2335 3089 2377 3123 de
2409 3088 2568 3122 Goulaine
2601 3087 2655 3130 qui

1622 3148 1740 3183 missus
1774 3149 1817 3182 ad
1844 3159 1938 3193 reges
1961 3149 2106 3182 Franciae
2133 3155 2167 3182 et
2191 3147 2336 3191 Angliae,
2366 3157 2464 3191 quum
2482 3145 2568 3178 inter
2598 3155 2656 3178 eos

1622 3215 1739 3248 pacem
1755 3205 1981 3247 reformasset,
1997 3205 2092 3239 ambo
2107 3204 2252 3239 Franciae
2267 3203 2394 3238 scilieet
2414 3201 2583 3246 Philippus
2596 3200 2610 3233 l
2623 3207 2657 3234 et

1620 3261 1744 3305 Angliae
1764 3261 1954 3297 Guillelmus
1974 3261 2089 3304 Rufus,
2109 3272 2169 3295 sua
2181 3261 2229 3295 illi
2245 3260 2407 3294 dederunt
2420 3258 2570 3302 insignia.
2591 3256 2655 3291 Res

1618 3325 1726 3353 autem
1752 3329 1957 3364 nequaquam
1976 3325 2122 3362 constat,
2132 3328 2195 3353 nec
2207 3328 2319 3352 versus
2333 3327 2389 3351 eos
2407 3314 2568 3350 Abaelardi
2583 3324 2654 3348 esse

1617 3382 1741 3410 certum
1759 3383 1820 3409 est.
