2970 4152
579 410 674 456 202
1164 406 1333 452 PETRI
1371 406 1683 454 ABAELARDI
1719 407 1791 454 ΕΤ
1825 407 2127 455 HELOlSSAE

581 502 691 549 dem
717 512 769 549 ut
790 501 851 548 ad
873 518 1013 548 suum
1035 500 1226 547 trahant
1244 499 1512 547 dominium
1529 532 1545 561 -,
1574 517 1725 566 quum
1749 515 1914 566 aspera
1931 500 2162 548 deberent
2181 499 2522 568 eis-praedicare
2541 540 2553 564 ,
2581 503 2705 552 lenia

579 582 888 647 promittunt,
923 589 969 627 et
998 580 1129 627 nulla
1156 580 1505 628 examinatione
1543 591 1682 628 antea
1721 580 1950 647 probatos
1977 597 2099 645 quos
2130 581 2380 629 indiscrete
2416 584 2700 650 suscipiunt,

578 661 711 709 facile
733 668 1055 727 apostatantes
1082 661 1305 725 perdunt.
1338 660 1526 708 Talibus
1542 697 1554 721 ,
1584 671 1636 718 ut
1654 662 1820 721 video,
1849 661 2208 727 improperabat·
2231 663 2411 710 Veritas
2431 687 2452 724 ,r
2472 663 2663 712 dicens¹
2688 683 2696 711 :

580 761 601 785 «
621 743 700 788 Vae
720 740 855 804 robis
871 742 953 805 qui
968 741 1172 788 circuitis
1187 758 1318 788 mare
1338 751 1385 789 et
1402 741 1602 802 aridam,
1621 752 1672 789 ut
1690 742 1868 789 faciatis
1885 745 2035 789 unum
2054 742 2356 807 proselitum!
2379 746 2534 801 Quem
2551 762 2702 809 quum

575 821 800 882 feceritis,
830 821 978 869 facitis
1003 821 1137 868 illum
1167 821 1318 869 filium
1347 822 1574 887 gehennae
1602 822 1750 888 duplo
1776 839 1921 887 quam
1945 836 2046 870 vos.
2069 842 2095 868 ·»
2124 824 2218 881 Qui
2232 824 2447 889 profecto
2468 824 2627 872 minus
2641 825 2702 873 de

575 893 879 950 multitudine
913 902 1260 967 gloriarentur,
1304 903 1343 949 si
1374 902 1575 950 salutem
1608 904 1875 950 animarum
1903 904 2051 968 magis
2076 919 2222 968 quam
2246 919 2501 951 numerum
2525 921 2703 970 quaere-

574 992 707 1043 rent,
746 993 793 1030 et
817 983 878 1030 de
902 984 998 1030 suis
1023 982 1201 1030 viribus
1227 984 1274 1030 in
1303 983 1485 1031 ratione
1511 984 1583 1030 sui
1612 983 1853 1048 regiminis
1882 983 2128 1031 reddenda
2156 985 2314 1031 minus
2342 996 2696 1049 praesumerent.

574 1065 755 1111 Paucos
781 1065 1015 1111 Dominus
1041 1064 1179 1128 elegit
1201 1064 1470 1130 apostolos,
1499 1074 1545 1111 et
1571 1063 1632 1111 de
1660 1065 1762 1130 ipsa
1787 1064 2018 1112 electione
2045 1081 2129 1112 sua
2155 1082 2279 1122 unus
2303 1066 2350 1112 in
2376 1075 2560 1114 tantum
2586 1079 2702 1132 apo-

572 1146 787 1206 statavit,
819 1155 870 1192 ut
892 1163 982 1211 pro
1008 1146 1112 1210 ipso
1138 1146 1372 1193 Dominus
1401 1146 1638 1193 diceret²z
1673 1165 1694 1191 «
1721 1146 1948 1210 Nunquid
1964 1148 1978 1171 ³
2002 1163 2090 1211 ego
2116 1145 2375 1215 duodecim
2393 1163 2479 1194 vos
2498 1146 2635 1212 elegi,
2654 1157 2702 1196 et

572 1241 696 1273 unus
721 1242 777 1273 ex
800 1226 937 1273 vohis
956 1226 1173 1273 diabolus
1199 1226 1302 1274 est?
1325 1246 1348 1271 »
1378 1227 1508 1274 Sicut
1533 1236 1694 1273 autem
1719 1226 1780 1273 de
1806 1226 2033 1292 apostolis
2057 1226 2231 1288 Judas,
2262 1227 2327 1274 sic
2354 1237 2400 1274 et
2433 1227 2494 1275 de
2517 1237 2700 1295 septem

571 1306 852 1354 diaconibus
880 1307 1100 1354 Nicolaus
1123 1307 1278 1373 periit.
1311 1310 1369 1354 Et
1397 1323 1548 1372 quum
1564 1324 1744 1372 paucos
1762 1307 1921 1354 adhuc
1941 1307 2145 1373 apostoli
2164 1319 2556 1373 congregassent,
2582 1313 2701 1357 Ana—

570 1389 670 1434 nias
698 1399 744 1436 et
762 1388 978 1454 Saphira,
1007 1405 1128 1436 uxor
1151 1389 1268 1452 ejus,
1292 1389 1458 1435 mortis
1487 1389 1703 1453 excipere
1730 1389 2014 1435 sententiam
2039 1399 2332 1436 meruerunt.
2363 1389 2554 1454 Quippe
2571 1399 2619 1437 et
2637 1389 2698 1437 ab

568 1469 671 1532 ipso
702 1480 841 1518 antea
868 1471 1079 1517 Domino
1111 1487 1262 1534 quum
1300 1469 1438 1516 multi
1465 1469 1689 1516 abiissent
1719 1469 2065 1533 discipulorum
2094 1479 2353 1516 retrorsum
2374 1506 2384 1526 ‚
2420 1471 2560 1534 pauci
2586 1487 2697 1518 cum

567 1549 672 1614 ipso
708 1561 1055 1598 remanserunt.
1091 1553 1226 1598 Arcta
1255 1551 1434 1615 quippe
1455 1550 1531 1596 via
1562 1560 1660 1608 est,
1696 1566 1801 1614 quae
1827 1549 1959 1596 ducit
1986 1549 2047 1596 ad
2079 1550 2223 1596 vitam
2241 1583 2257 1608 «,
2299 1559 2345 1597 et
2376 1550 2520 1615 pauci
2550 1551 2699 1616 ingre-

567 1629 763 1678 diuntur
787 1649 873 1697 per
899 1649 1020 1679 eam.
1051 1633 1180 1679 Sicut
1205 1649 1230 1678 e
1256 1631 1498 1678 contrario
1528 1630 1621 1677 lata
1649 1640 1718 1677 est
1749 1640 1796 1677 et
1823 1631 2057 1695 spatiosa,
2085 1647 2190 1694 quae
2219 1629 2356 1678 ducit⁴
2374 1630 2435 1677 ad
2458 1641 2692 1692 mortem;

567 1720 612 1757 et
636 1711 774 1758 multi
812 1722 923 1759 sunt
944 1713 1027 1777 qui
1059 1729 1108 1759 se
1138 1711 1263 1758 ultro
1292 1712 1510 1775 ingerant
1526 1713 1556 1757 ⁴.
1590 1711 1714 1768 Quia
1746 1711 1866 1757 sicut
1894 1711 1994 1775 ipse
2021 1710 2256 1757 Dominus
2289 1720 2485 1758 testatur
2517 1710 2690 1758 alibi⁸t

568 1811 590 1835 «
611 1791 745 1839 Multi
763 1793 944 1853 vocati,
974 1793 1115 1858 pauci
1138 1809 1251 1839 vero
1278 1792 1430 1840 electi.
1460 1810 1483 1835 »
1515 1794 1572 1837 Et
1590 1791 1723 1854 juxta
1751 1790 2058 1837 Salomonem
2075 1793 2117 1837 ⁶:
2157 1811 2180 1835 «
2202 1791 2464 1838 Stultorum
2482 1791 2695 1841 infinitus

564 1882 634 1919 est
657 1888 901 1921 numerus.
931 1892 953 1918 »
980 1875 1161 1920 Timeat
1185 1874 1344 1937 itaque
1380 1872 1593 1936 quisquis
1617 1871 1677 1918 de
1705 1871 2010 1919 multitudine
2047 1871 2220 1936 gaudet
2245 1872 2600 1937 subjectorum,
2632 1891 2695 1923 ne

564 1941 704 2000 ineis
725 1954 859 2017 juxta
884 1952 1177 2001 dominicam
1206 1953 1519 2000 assertionem
1536 1989 1548 2012 ,
1580 1954 1719 2018 pauci
1744 1953 2043 2018 reperiantur
2065 1953 2230 2013 electi,
2254 1963 2302 2001 et
2331 1955 2430 2019 ipse
2461 1955 2695 2004 immode-

563 2044 662 2081 rate
687 2050 876 2099 gregem
897 2051 1038 2081 suum
1063 2034 1406 2100 multiplicans,
1441 2034 1600 2080 minus
1625 2033 1686 2080 ad
1715 2033 1984 2080 custodiam
2019 2033 2118 2097 ejus
2148 2033 2379 2094 sufficiat,
2411 2044 2463 2082 ut
2491 2035 2534 2082 ei
2567 2046 2694 2084 recte

563 2131 590 2162 a
617 2113 903 2181 spiritalibus
919 2115 1036 2162 illud
1053 2115 1389 2181 propheticum
1409 2114 1504 2161 dici
1529 2114 1679 2180 possit
1695 2117 1708 2139 '¹
1729 2132 1738 2161 :
1766 2134 1790 2159 «
1813 2113 2132 2180 Multiplicasti
2151 2125 2341 2180 gentem
2358 2152 2370 2175 ,
2399 2132 2498 2162 non
2518 2118 2694 2181 magni·

563 2194 711 2243 ficasti
735 2196 958 2243 laetitiam.
984 2214 1007 2240 υ
1038 2195 1171 2243 Tales
1200 2196 1364 2260 utique
1392 2195 1569 2243 scilicet
1593 2195 1654 2242 de
1681 2194 1986 2242 multitudine
2016 2194 2298 2259 gloriantes,
2331 2195 2449 2243 dum
2479 2206 2577 2243 tam
2601 2214 2691 2262 pro

561 2277 656 2323 suis
692 2294 838 2342 quam
880 2294 1079 2324 suorum
1121 2276 1479 2324 necessitatibus
1511 2277 1679 2342 saepius
1713 2277 1872 2337 exire,
1911 2286 2053 2341 atque
2081 2276 2141 2323 ad
2175 2277 2387 2325 seculum
2411 2277 2598 2339 redire,
2646 2289 2694 2339 et

560 2357 880 2404 mendicando
904 2358 1168 2405 discurrere
1190 2367 1453 2421 coguntur,
1479 2357 1603 2404 curis
1631 2373 1681 2404 se
1704 2356 2033 2422 corporalibus
2053 2357 2201 2421 magis
2231 2374 2376 2422 quam
2405 2357 2692 2423 spiritalibus

559 2429 830 2503 implicant,
861 2448 907 2486 et
925 2438 1170 2485 infamiam
1194 2438 1283 2485 sibi
1308 2439 1457 2502 magis
1482 2454 1626 2503 quam
1654 2437 1852 2502 gloriam
1877 2438 2144 2502 acquirunt.
2169 2437 2313 2495 Quod
2339 2439 2534 2503 quidem
2558 2439 2607 2487 in
2628 2440 2692 2488 fe-

559 2520 699 2567 minis
724 2530 856 2567 tanto
884 2521 1031 2584 magis
1052 2530 1122 2568 est
1142 2519 1548 2579 erubescendum,
1576 2530 1757 2584 quanto
1784 2536 1862 2567 eas
1886 2536 1973 2585 per
1994 2519 2232 2566 mundum
2250 2519 2515 2568 discurrere
2533 2521 2691 2569 minus
2747 2525 2756 2530 ’

557 2600 744 2669 videtur
768 2611 940 2648 tutum.
970 2601 1192 2665 Quisquis
1217 2601 1357 2664 igitur
1382 2601 1540 2665 quiete
1565 2600 1641 2648 vel
1662 2600 1864 2647 honeste
1885 2601 2016 2665 cupit
2041 2601 2199 2647 vivere
2220 2636 2231 2659 ,
2262 2611 2308 2647 et
2333 2600 2499 2648 officiis
2511 2618 2690 2650 vacare

558 2680 729 2728 divinis
746 2718 757 2740 ,
786 2692 831 2729 et
853 2692 948 2728 tam
968 2685 1070 2729 Deo
1089 2699 1235 2747 quam
1257 2681 1418 2729 seculo
1435 2680 1607 2729 charus
1621 2681 1816 2741 haberi,
1841 2682 2004 2728 timeat
2022 2698 2274 2746 aggregare
2293 2698 2414 2745 quos
2430 2699 2529 2729 non
2545 2684 2693 2748 possit

559 2777 843 2826 procurare,
873 2779 962 2810 nec
988 2763 1036 2809 in
1063 2764 1281 2828 expensis
1306 2763 1402 2810 suis
1429 2763 1490 2810 de
1525 2763 1689 2810 alienis
1716 2763 1928 2810 confidat
1955 2763 2237 2827 marsupiis;
2266 2779 2356 2809 nec
2380 2762 2692 2828 eleemosynis

555 2844 801 2908 petendis,
831 2844 916 2891 sed
935 2844 1106 2891 dandis
1132 2843 1358 2907 invigilet.
1392 2844 1669 2909 Apostolus,
1701 2843 1780 2890 ille
1807 2860 2008 2907 magnus
2036 2843 2275 2908 Evangelii
2301 2843 2609 2909 praedicator,
2645 2855 2692 2893 et

553 2923 737 2971 habens
770 2934 1054 2990 potestatem
1079 2924 1139 2972 de
1166 2924 1422 2988 Evangelio
1445 2934 1664 2989 sumptus
1692 2924 1906 2989 accipere
1924 2960 1936 2984 ,
1974 2922 2158 2970 laborat
2189 2923 2435 2983 manibus,
2473 2941 2535 2971 ne
2569 2942 2690 2990 quos

555 3021 748 3068 gravare
773 3005 1019 3065 videatur,
1050 3016 1096 3053 et
1122 3005 1322 3069 gloriam
1351 3022 1486 3052 suam
1515 3007 1753 3052 evacuet⁸.
1786 3006 1881 3051 Nos
1900 3021 2043 3069 erg0,
2068 3006 2281 3070 vquorum
2307 3022 2406 3052 non
2432 3016 2502 3053 est
2526 3006 2690 3072 praedi-

555 3101 691 3144 care,
723 3085 806 3132 sed
832 3095 1026 3150 peccata
1050 3085 1277 3151 plangere
1293 3121 1306 3145 ,
1335 3102 1430 3150 qua
1457 3085 1721 3132 temeritate
1746 3084 1821 3132 vel
1849 3085 2147 3150 impudentia
2166 3084 2492 3134 mendicantes
2517 3086 2687 3150 quaeri·

556 3165 694 3212 mus?
732 3166 870 3213 Unde
898 3166 987 3213 hos
1005 3202 1017 3225 ,
1059 3183 1180 3231 quos
1210 3165 1562 3215 inconsiderate
1588 3182 1962 3230 congregamus,
1995 3176 2257 3213 sustentare
2277 3166 2567 3231 possumus?
2593 3169 2686 3226 Qui

552 3247 695 3294 etiam
719 3263 842 3311 saepe
868 3247 917 3293 in
948 3257 1126 3294 tantam
1163 3247 1522 3312 prorumpimus
1556 3246 1816 3307 insaniam,
1849 3257 1901 3293 ut
1926 3264 2075 3312 quum
2101 3246 2357 3312 praedicare
2388 3247 2681 3308 nesciamus,

601 3456 608 3471 ¹
636 3455 763 3495 Matth„
783 3465 856 3498 cap.
874 3467 972 3495 xxm.
992 3469 1019 3490 v.
1041 3458 1089 3491 15.
1108 3475 1145 3480 —
1169 3457 1180 3474 ¹
1199 3456 1308 3498 Joan.‚
1324 3467 1398 3500 cap.
1424 3468 1472 3497 vi,
1493 3467 1523 3488 v.
1540 3457 1594 3488 71.
1644 3456 1655 3473 ⁸
1677 3455 1775 3499 lbid.‚
1796 3467 1870 3500 cap.
1899 3468 1962 3496 xx,
1989 3468 2021 3490 v.
2051 3460 2101 3490 16.
2120 3475 2156 3480 -
2178 3456 2190 3474 ⁰
2207 3458 2349 3495 Eccles„
2370 3467 2444 3501 cap.
2466 3469 2499 3498 ι,
2515 3469 2546 3491 v.
2573 3444 2622 3492 t5.
2640 3476 2684 3484 —-

544 3525 594 3536 2-—
610 3512 622 3528 ³
638 3512 749 3545 Nonne
776 3512 842 3545 MS.
870 3512 966 3545 Amb.
985 3531 1021 3536 —-
1041 3512 1052 3529 ⁴
1074 3513 1203 3555 March„
1229 3524 1303 3558 cap.
1334 3524 1396 3556 vu,
1423 3524 1456 3546 v.
1489 3515 1539 3546 13.
1554 3530 1598 3538 -—-
1645 3512 1656 3530 '·
1677 3513 1767 3554 lsai..
1785 3524 1859 3557 cap.
1879 3525 1931 3555 ix,
1949 3525 1981 3547 v.
1996 3516 2032 3547 3.
2049 3533 2084 3537 -
2105 3513 2116 3531 ⁸
2135 3515 2275 3547 Corinth.
2297 3515 2421 3558 neap.
2440 3526 2486 3547 ix.
