2970 4152
951 376 1262 425 EXPOSlTIO
1297 376 1356 423 ΙΝ
1389 374 1782 423 HEXAMERON.
2335 375 2428 423 655

315 474 362 520 in
386 489 436 519 se
457 472 756 530 defecerunt,
787 488 877 519 nec
903 471 1201 535 jam-eadem
1229 485 1432 516 numero
1460 478 1745 534 permanent
1762 483 1879 533 :quse
1910 467 2043 533 prius
2072 467 2194 515 facta
2221 478 2354 528 sunt,
2381 469 2431 515 in

314 569 419 600 suo.
437 562 598 599 tamen
633 568 805 616 genere
839 550 1203 617 quodammodo
1231 558 1420 615 semper
1446 550 1640 610 vivunt,
1672 549 1786 613 quia
1814 547 2146 595 decidentibus
2174 548 2432 595 individuis

315 647 463 694 genus
483 632 584 679 sive
604 632 784 696 species
815 647 916 679 non
938 629 1141 696 deperit.
1167 630 1348 677 Vivunt
1376 645 1490 692 ergo
1524 629 1574 675 in
1604 645 1800 693 genere,
1831 627 1926 675 hoc
1956 637 2026 674 est
2054 629 2104 674 in
2137 627 2293 693 specie
2322 643 2430 686 sua,

314 727 420 774 quae
446 711 604 775 primo
638 722 795 759 creata
819 721 957 771 sunt,
983 711 1070 759 etsi
1096 702 1197 775 jam
1224 697 1359 756 inse
1387 725 1488 756 non
1516 709 1698 756 vivant.
1734 709 1865 755 Sicut
1898 718 1946 755 et
1977 708 2038 755 de
2066 707 2227 773 aliquo
2259 707 2436 754 dicitur

316 800 521 854 tyranno
537 791 638 854 Jam
660 801 878 851 mortuo,
901 791 1014 856 quia
1033 791 1151 838 vivit
1172 790 1221 836 in
1248 788 1357 835 filiis
1380 789 1493 835 suis.
1520 791 1580 835 Et
1600 798 1717 835 nota
1742 788 1876 853 quod
1902 804 2051 852 quum
2082 789 2147 835 ait
2172 807 2195 832 «
2227 788 2436 835 animam

315 870 555 918 viventem
582 890 605 916 υ
630 871 795 919 dehis
828 887 936 936 quae
969 871 1029 918 de
1061 881 1187 918 terra
1220 869 1470 935 produxit,
1495 885 1597 916 non
1627 868 1804 932 adjecit
1834 867 2120 918 motabilem.
2143 869 2264 916 sicut
2306 869 2437 933 prius

315 948 381 997 de
398 949 473 998 his
509 968 614 1015 quae
648 967 782 1016 aquae
817 952 1177 1017 produxerunt,
1210 952 1323 1016 quia
1351 949 1823 1016 quum-elementum
1854 966 1989 1015 aquae
2016 950 2166 997 levius
2195 951 2254 997 sit
2284 960 2434 1010 terra,

316 1030 533 1094 profecto
577 1031 799 1080 animalia
834 1032 896 1080 de
939 1033 1075 1097 aquis
1103 1032 1341 1097 producta
1368 1030 1629 1079 faciliorem
1664 1029 1847 1077 hahent
1885 1039 2102 1089 motum,
2143 1039 2190 1077 et
2233 1047 2439 1096 corpora

315 1125 486 1157 eorum
522 1110 704 1158 facilius
744 1111 807 1159 ab
834 1112 996 1160 anima
1025 1111 1210 1159 moveri
1242 1121 1386 1176 atque
1422 1110 1589 1175 agitari
1622 1119 1851 1184 possunt,
1888 1119 1941 1156 ut
1969 1110 2070 1174 jam
2099 1126 2240 1174 supra
2271 1110 2439 1195 memi—

316 1189 492 1238 nimus.

385 1287 409 1316 α
435 1273 675 1319 Jumenta.
699 1291 723 1316 »
747 1271 803 1319 Id
824 1282 895 1319 est
915 1271 1248 1338 quadrupedia
1266 1272 1532 1320 domestica
1552 1271 1688 1337 quasi
1711 1269 1838 1318 sub
1821 1288 1937 1335 jugo
1960 1280 2007 1318 et
2030 1270 2249 1318 dominio
2271 1280 2438 1318 nostro

318 1361 490 1414 posna.

385 1449 410 1477 «
423 1430 626 1496 Reptilia
639 1441 793 1480 terrae.
809 1452 832 1477 »
857 1433 934 1480 Sic
956 1434 1087 1481 enim
1102 1427 1405 1497 jungendum
1427 1442 1498 1480 est
1514 1432 1576 1480 ad
1600 1431 1919 1480 differentiam
1940 1431 2118 1479 scilieet
2139 1430 2438 1496 supradicto·

319 1526 427 1559 rum
447 1512 690 1577 reptilium
712 1530 863 1578 aquae.

342 1615 345 1620 ·
387 1610 412 1636 «
434 1593 627 1640 Bestias.
651 1609 675 1636 »
699 1592 931 1640 Videlicet
951 1593 1225 1658 sylvestres,
1264 1603 1318 1641 ut
1342 1594 1486 1652 feras,
1517 1592 1593 1640 vel
1614 1608 1926 1658 quascunque
1948 1608 1977 1639 a
1999 1601 2163 1640 nostra
2185 1607 2439 1638 conversa-

319 1672 451 1719 tione
475 1682 700 1720 remotas.

388 1770 412 1796 «
445 1754 503 1799 Et
526 1752 651 1799 fecit.
677 1771 702 1798 »
739 1753 898 1800 Primo
928 1752 1047 1800 dixit
1074 1765 1138 1801 :·«
1166 1757 1363 1801 Factum
1395 1762 1468 1800 est
1499 1753 1591 1813 ita,
1619 1772 1644 1797 n
1678 1752 1812 1818 quod
1846 1752 2023 1800 scilicet
2057 1761 2183 1799 terra
2216 1752 2442 1818 produxit

317 1832 565 1891 animalia,
589 1834 855 1881 secundum
877 1835 1095 1900 corporis
1117 1834 1434 1882 substantiam
1457 1851 1468 1881 ε
1494 1834 1579 1882 sed
1601 1833 1912 1900 postmodum
1936 1833 2037 1881 haec
2065 1834 2301 1880 Dominus
2323 1849 2440 1880 con·

318 1912 609 1960 summando
634 1912 767 1973 fecit,
792 1915 928 1979 quasi
956 1913 1176 1980 perfecit,
1210 1914 1407 1962 vitalem
1439 1914 1659 1980 spiritum
1689 1915 1758 1961 eis
1789 1913 1954 1962 dando
1976 1913 2038 1961 de
2059 1930 2209 1978 aqua,
2235 1923 2289 1960 ut
2321 1930 2443 1960 non·

322 1992 463 2040 nullis
484 1994 697 2054 videtur,
724 1995 824 2042 sive
847 1995 908 2043 de
939 1996 1119 2043 caeteris
1141 1995 1411 2054 elementis,
1441 2012 1541 2042 non
1564 1995 1629 2042 ita
1660 1994 1954 2061 corpulentis
1977 2004 2059 2042 aut
2087 1993 2333 2060 gravibus,
2359 1993 2443 2040 sed

321 2074 470 2137 magis
483 2074 667 2122 levibus
683 2084 825 2139 atque
838 2075 1115 2124 mobilibus.
1141 2077 1248 2123 Non
1267 2076 1441 2123 dicitur
1458 2078 1586 2123 Deus
1601 2075 1899 2123 benedixisse
1916 2074 2080 2122 bestiis
2098 2074 2220 2120 sicut
2234 2069 2444 2139 piscibus

321 2161 368 2199 et
388 2153 688 2213 volucribus,
714 2156 827 2219 quia
856 2171 1053 2237 serpens
1080 2156 1158 2202 cui
1183 2155 1521 2202 maledicturus
1551 2165 1653 2202 erat
1680 2154 1742 2201 de
1767 2154 1930 2201 bestiis
1956 2163 2074 2200 tunc
2098 2162 2216 2200 erat.
2250 2153 2444 2200 Homini

320 2249 436 2282 vero
464 2234 711 2282 benedixit
736 2229 1016 2300 quanquam
1043 2245 1326 2300 peccaturus
1354 2244 1501 2294 esset,
1535 2251 1625 2282 nec
1648 2251 1777 2294 eum,
1803 2234 1889 2281 sed
1912 2243 2089 2282 terram
2110 2244 2309 2299 propter
2331 2250 2444 2280 eum

320 2314 637 2362 maledictam
646 2315 779 2363 dicit.

390 2412 414 2439 «
440 2395 684 2443 Faciamus
699 2394 966 2442 hominem.
991 2413 1014 2439 n
1037 2395 1216 2442 Creatis
1237 2395 1417 2442 caeteris
1439 2394 1781 2442 omnibussive
1802 2395 2043 2460 dispositis
2065 2404 2263 2460 propter
2286 2394 2445 2441 homi-

323 2490 459 2532 nem,
486 2490 597 2521 eum
625 2475 882 2522 novissime
909 2475 1156 2534 condidit,
1190 2485 1238 2523 et
1258 2485 1490 2540 tanquam
1513 2476 1562 2522 in
1586 2474 1683 2522 fine
1704 2492 1903 2523 suorum
1931 2491 2133 2540 operum
2158 2475 2405 2522 constituit
2432 2493 2441 2521 :

324 2554 386 2600 ad
419 2571 565 2618 quem
598 2564 829 2619 tanquam
859 2554 1006 2602 finem
1036 2565 1084 2603 et
1117 2571 1310 2603 causam
1347 2572 1443 2603 suae
1475 2555 1729 2603 creationis
1757 2565 1927 2602 caetera
1961 2555 2125 2602 omnia
2155 2554 2442 2613 tendebant,

323 2651 475 2698 quum
505 2645 703 2701 propter
725 2653 837 2685 eum
858 2635 1027 2683 fierent
1057 2637 1308 2684 universa.
1324 2636 1463 2684 Unde
1485 2653 1576 2684 nec
1598 2651 1709 2683 eum
1737 2636 1890 2683 creari
1918 2636 2132 2702 oportuit
2152 2636 2243 2683 nisi
2260 2635 2446 2682 caeteris

325 2715 499 2780 quibus
520 2733 722 2781 praeesse
742 2716 972 2776 debebat,
997 2716 1074 2765 vel
1094 2733 1200 2782 quae
1227 2717 1315 2782 ipsi
1340 2718 1388 2764 in
1419 2729 1553 2765 esu'm
1582 2716 1869 2775 necessaria,
1895 2715 1971 2763 vel
2002 2716 2170 2763 saltem
2194 2715 2254 2763 ad
2278 2714 2449 2780 glorifi-

325 2795 536 2842 candum
570 2799 725 2843 Deum
744 2812 960 2860 congrua
987 2806 1125 2844 erant
1143 2834 1154 2856 ,
1180 2807 1291 2845 ante
1313 2798 1482 2845 creatis
1514 2806 1562 2845 et
1583 2798 1635 2844 ei
1667 2797 1964 2862 praeparatis,
1991 2813 2053 2844 ne
2085 2796 2202 2861 quid
2232 2796 2353 2843 sorte
2387 2795 2448 2843 de

326 2875 589 2939 indigentia
609 2877 658 2922 in
682 2877 1141 2924 excusationem-sui
1170 2877 1670 2943 peccatisspraetendere
1698 2887 1887 2943 posset,
1920 2887 1967 2924 et
1994 2886 2130 2925 tanto
2162 2877 2364 2942 'amplius
2387 2876 2447 2924 ab

327 2954 511 3002 offensa
531 2955 619 3002 Dei
641 2956 856 3003 revocari
886 2966 1070 3021 posset,-
1096 2966 1280 3022 quanto
1305 2957 1538 3021 majorem
1567 2957 1836 3005 dilectionis
1865 2957 1965 3021 ejus
1997 2973 2189 3004 causam
2219 2956 2444 3015 haberet,

327 3034 409 3097 qui
433 3050 546 3081 eum
573 3034 835 3099 praefecerit
863 3036 1096 3084 universis
1110 3074 1121 3095 ,
1148 3036 1225 3084 vel
1248 3037 1392 3084 etiam
1413 3046 1524 3103 post
1545 3053 1709 3085 casum
1741 3037 1802 3085 ad
1825 3037 2155 3102 poenitentiam
2183 3037 2320 3083 citius
2343 3053 2448 3083 mo·

327 3125 540 3174 veretur,
567 3115 736 3163 dolens
761 3132 811 3164 se
833 3116 968 3164 illum
997 3116 1256 3166 offendisse
1277 3119 1354 3165 cui
1383 3128 1516 3166 tanta
1545 3118 1769 3167 debehat.
1801 3119 1955 3184 Cujus·
1973 3118 2170 3184 quidem
2197 3118 2450 3165 creationis

328 3194 654 3243 excellentiam
677 3206 895 3261 patenter
914 3197 1159 3257 insinuat,
1173 3214 1326 3263 quum
1343 3199 1479 3264 quasi
1501 3214 1557 3246 ex
1580 3198 1794 3263 quodam
1815 3198 2017 3246 consilio
2040 3197 2269 3263 loquens,
2296 3197 2411 3244 dicit
2436 3216 2445 3242 ε

333 3293 358 3319 «
382 3275 643 3324 Faciamus.
674 3294 697 3321 »
721 3276 816 3324 Sed
847 3293 933 3324 cur
963 3277 1209 3342 pluraliter
1240 3263 1511 3326 diciturss‘«
1534 3279 1780 3327 Faciamus
1812 3278 2062 3326 hominem
2096 3278 2158 3326 ad
2194 3277 2450 3342 imaginem

330 3365 569 3416 nostram,
591 3375 616 3402 »
636 3357 675 3404 si
706 3357 839 3404 nulla
859 3374 1056 3422 prorsus
1086 3353 1332 3423 pluralitas
1352 3359 1400 3406 in
1424 3360 1527 3406 Deo
1550 3359 1634 3418 sit,
1656 3360 1738 3424 qui
1761 3358 1890 3406 solus
1911 3358 2161 3406 hominem
2184 3374 2366 3406 creasse
2389 3357 2449 3404 ad

333 3435 588 3498 imaginem
617 3453 752 3485 suam
782 3447 945 3502 postea
975 3448 1269 3486 memoratur
1290 3438 1364 3486 his
1386 3438 1545 3486 verbis
1578 3457 1588 3485 ε
1618 3458 1641 3483 «
1672 3442 1729 3486 Et
1759 3439 1935 3487 creavit
1965 3442 2093 3487 Deus
2117 3438 2365 3486 bominem
2388 3436 2449 3483 ad
