2970 4152
567 417 628 461 80
1141 417 1310 462 PETRI
1347 417 1660 465 ABAELARDl
1697 418 1770 465 ET
1803 419 2104 466 HELOlSSAE

568 509 669 570 ejus
695 509 903 556 fidelium
932 509 1171 556 orationes
1195 509 1464 569 obtineant,
1494 521 1540 558 et
1564 513 1768 559 maxime
1793 513 2045 559 mulierum
2064 529 2152 577 pro
2179 512 2332 559 charis
2348 515 2467 572 suis,
2496 524 2542 560 et
2562 530 2675 560 uxo-

570 606 674 634 rum
700 605 787 652 pro
823 588 934 633 viris
951 624 962 646 ,
992 587 1139 634 multa
1170 589 1310 636 nobis
1335 601 1593 638 occurrunt
1619 593 1886 638 testimonia
1922 602 1967 638 et
1993 591 2223 656 exempla.
2260 592 2403 648 Quod
2428 592 2675 657 diligenter

568 668 814 713 attendens
833 667 1098 731 apostolus¹
1113 704 1124 726 ,
1155 670 1255 715 sine
1274 670 1622 718 intermissione
1642 687 1778 718 orare
1797 688 1886 718 nos
1904 672 2146 718 admonet.
2170 672 2386 735 Legimus
2414 673 2674 719 Dominum

566 748 714 806 Moysi
731 747 952 793 dixisse²z
978 767 1000 791 α
1023 748 1216 795 Dimitte
1236 766 1312 796 me
1331 759 1382 796 ut
1400 751 1624 797 irascatur
1644 751 1772 796 furor
1794 767 1943 797 meus.
1968 770 1989 794 »
2013 753 2070 796 Et
2080 751 2312 797 Jeremiae³
2335 768 2344 796 ε
2363 770 2386 795 «
2409 754 2476 797 Tu
2497 767 2628 810 vero,
2648 771 2670 795 n

564 830 740 890 inquit,
764 849 786 871 <s
805 829 909 876 Noli
932 846 1067 876 orare
1092 847 1181 894 pro
1201 832 1382 896 populo
1401 832 1510 891 hoc,
1540 843 1586 879 et
1612 849 1710 879 non
1731 833 1931 879 obsistas
1956 832 2087 879 mihi.
2119 853 2141 878 »
2172 837 2238 879 Ex
2257 834 2429 898 quibus
2458 834 2675 882 videlicet

564 909 717 955 verbis
751 910 995 956 manifeste
1020 911 1254 958 Dominus
1288 912 1388 976 ipse
1418 912 1669 976 profitetur
1695 914 1934 960 orationes
1963 923 2236 960 sanctorum
2264 916 2398 978 quasi
2427 915 2673 978 quoddam

563 990 746 1036 frenum
777 991 855 1036 irae
880 991 1024 1055 ipsius
1052 991 1327 1050 immittere,
1358 1008 1454 1055 quo
1486 992 1662 1039 scilicet
1687 993 1787 1056 ipsa
1823 1003 2121 1052 coerceatur,
2153 1011 2215 1040 ne
2240 1005 2472 1057 quantum
2506 995 2673 1042 merita

561 1072 859 1134 peccantium
876 1071 1092 1134 exigunt,
1114 1073 1213 1136 ipsa
1230 1073 1279 1118 in
1297 1090 1378 1120 eos
1395 1074 1566 1119 saeviat.
1593 1076 1652 1119 Ut
1667 1090 1809 1137 quem
1830 1074 1891 1120 ad
1910 1073 2169 1120 vindictam
2182 1074 2361 1136 justitia
2374 1075 2508 1138 quasi
2526 1091 2671 1139 spon-

560 1162 751 1198 taneum
778 1151 931 1210 ducit,
962 1152 1226 1199 amicorum
1251 1153 1533 1218 supplicatio
1554 1154 1761 1213 flectat⁴,
1789 1163 1835 1200 et
1852 1163 2080 1218 tanquam
2107 1154 2305 1200 invitum
2330 1154 2462 1218 quasi
2488 1155 2532 1201 vi
2557 1171 2674 1218 qua-

559 1229 670 1276 dam
693 1231 928 1278 retineat⁵.
960 1232 1035 1278 Sic
1058 1233 1235 1298 quippe
1261 1234 1416 1279 oranti
1449 1233 1524 1279 vel
1552 1243 1747 1280 oraturo
1767 1233 1992 1280 dicitur⁶=
2019 1254 2042 1278 α
2065 1234 2260 1281 Dimitte
2278 1250 2387 1296 me,
2412 1244 2458 1281 et
2480 1251 2542 1282 ne
2560 1233 2682 1281 obsi-

557 1320 649 1357 stas
667 1310 799 1357 mihi.
826 1331 848 1355 »
870 1313 1083 1377 Praecipit
1102 1314 1336 1359 Dominus
1355 1331 1416 1360 ne
1433 1322 1596 1360 oretur
1613 1331 1702 1378 pro
1719 1314 1875 1378 impiis
1891 1316 1918 1360 ⁷.
1945 1316 2061 1360 Orat
2075 1314 2230 1378 justus
2244 1351 2255 1373 ,
2279 1314 2490 1361 Domino
2519 1313 2680 1379 prohi-

555 1391 722 1450 bente,
754 1402 800 1438 et
825 1392 885 1438 ab
912 1393 1015 1456 ipso
1040 1393 1262 1458 impetrat
1286 1394 1418 1458 quod
1450 1394 1679 1458 postulat,
1715 1405 1761 1442 et
1791 1395 1896 1441 irati
1917 1394 2090 1458 judicis
2117 1395 2401 1442 sententiam
2435 1395 2671 1441 immutat.

555 1472 630 1517 Sic
648 1472 826 1537 quippe
845 1473 904 1518 de
922 1475 1082 1537 Moyse
1099 1474 1404 1537 subjunctum
1427 1477 1521 1521 est⁸
1543 1493 1552 1520 :
1578 1494 1600 1518 «
1622 1478 1678 1521 Et
1703 1475 1915 1540 placatus
1934 1476 2083 1522 factus
2107 1485 2176 1523 est
2198 1476 2438 1522 Dominus
2456 1475 2516 1522 de
2545 1475 2679 1522 mali-

556 1554 730 1615 gnitate
756 1569 899 1616 quam
921 1553 1037 1599 dixit
1057 1554 1208 1599 facere
1227 1554 1410 1618 populo
1428 1571 1532 1600 suo.
1563 1574 1585 1598 »
1608 1556 1844 1619 Scriptum
1866 1565 1935 1601 est
1954 1555 2090 1601 alibi⁹
2114 1556 2175 1602 de
2198 1556 2430 1602 universis
2457 1555 2681 1620 operibus

557 1634 643 1679 Dei
656 1637 681 1657 ¹⁰
703 1651 710 1677 :
740 1653 761 1676 «
784 1634 934 1691 Dixit,
957 1644 1001 1679 et
1022 1634 1140 1680 facta
1156 1644 1317 1680 sunt.»
1341 1637 1442 1680 Hoc
1459 1644 1618 1680 autem
1637 1634 1745 1681 loco
1769 1644 1814 1681 et
1832 1634 2004 1681 dixisse
2026 1645 2320 1682 memoratur
2338 1634 2470 1699 quod
2489 1634 2548 1682 de
2566 1635 2681 1682 affli-

557 1715 715 1759 ctione
730 1713 936 1778 populus
952 1723 1207 1771 meruerat,
1223 1714 1451 1760 etvirtute
1469 1714 1697 1760 orationis
1713 1718 2029 1779 praeventus¹¹‚
2050 1731 2149 1762 non
2164 1715 2384 1780 implesse
2401 1715 2534 1779 quod
2551 1715 2680 1769 dixe—

554 1804 640 1839 rat.
673 1792 873 1839 Attende
898 1793 1056 1856 itaque
1072 1803 1250 1857 quanta
1269 1795 1328 1840 sit
1347 1794 1575 1840 orationis
1595 1795 1744 1840 virtus
1759 1831 1771 1853 ,
1799 1795 1837 1840 si
1856 1795 1989 1858 quod
2000 1795 2227 1858 jubemur
2243 1812 2459 1853 oremus,
2482 1795 2677 1859 quando

553 1873 602 1918 id
628 1872 761 1936 quod
797 1889 933 1919 orare
969 1872 1256 1937 prophetam
1290 1876 1419 1920 Deus
1452 1873 1730 1938 prohibuit,
1767 1874 1953 1920 orando
1989 1884 2150 1922 tamen
2187 1874 2417 1934 obtinuit,
2454 1884 2499 1921 et
2539 1873 2600 1921 ab
2626 1890 2683 1920 eo

552 1953 685 2017 quod
704 1953 906 2012 dixerat,
931 1969 1042 1999 eum
1059 1953 1242 1999 avertit.
1268 1954 1355 1999 Cui
1376 1963 1422 2000 et
1447 1953 1566 2000 alius
1586 1954 1826 2019 propheta
1850 1954 1966 2001 dicit
1976 1957 2000 1979 ¹²
2025 1973 2033 1999 :
2061 1975 2082 1999 «
2105 1957 2163 2001 Et
2183 1972 2332 2019 quum
2359 1955 2505 2001 iratus
2524 1954 2683 2014 fueriS‚

553 2034 885 2081 misericordiae
922 2034 1244 2080 recordaberis
1298 2034 1502 2080 Audiant
1527 2034 1576 2080 id
1602 2045 1742 2099 atque
1772 2035 2020 2082 advertant
2054 2036 2292 2101 principes
2316 2036 2492 2082 terreni
2507 2037 2555 2094 ¹³,
2593 2036 2676 2099 qui

553 2116 801 2161 occasione
813 2116 1073 2180 praepositae
1092 2125 1138 2162 et
1156 2115 1318 2162 edictae
1331 2115 1521 2178 justitiae
1547 2132 1641 2162 suae
1661 2115 1885 2162 obstinati
1903 2117 2052 2180 magis
2071 2133 2217 2180 quam
2227 2117 2342 2180 justi
2361 2116 2682 2181 reperiuntur,

553 2206 599 2242 et
618 2212 666 2241 se
686 2196 907 2242 remissos
932 2195 1082 2242 videri
1103 2195 1413 2255 erubescunt,
1443 2196 1481 2242 si
1501 2196 1831 2243 misericordes
1853 2195 1994 2256 fiant,
2027 2206 2072 2243 et
2093 2196 2374 2256 mendaces,
2404 2196 2443 2242 si
2471 2188 2679 2244 edictum

556 2292 692 2322 suum
722 2276 930 2335 mutent,
961 2276 1035 2323 vel
1062 2275 1194 2340 quod
1220 2277 1376 2322 minus
1400 2275 1602 2341 provide
1632 2286 1924 2335 statuerunt,
1962 2293 2061 2322 non
2097 2276 2352 2341 impleant,
2388 2286 2435 2322 et
2464 2277 2502 2323 si
2532 2275 2678 2323 verba

554 2356 694 2401 rebus
720 2356 993 2402 emendent.
1025 2359 1158 2414 Quos
1182 2356 1378 2420 quidem
1403 2367 1529 2403 recte
1554 2356 1754 2403 dixerim
1774 2356 1991 2421 Jephthae
2015 2356 2371 2422 comparandos
2391 2393 2403 2415 ,
2434 2357 2517 2420 qui
2547 2355 2676 2420 quod

555 2437 694 2483 stulte
712 2448 906 2483 voverat
932 2437 1116 2483 stultius
1144 2437 1433 2501 adimplens,
1466 2437 1654 2483 unicam
1667 2439 1692 2461 ¹⁵
1710 2437 1938 2483 interfecit
1951 2439 1990 2482 ¹⁵.
2015 2437 2109 2494 Qui
2136 2453 2250 2483 vero
2280 2437 2381 2499 ejus
2405 2427 2675 2485 membrum

556 2517 656 2562 fieri
692 2518 884 2582 cupitffi,
912 2527 1025 2564 tunc
1056 2534 1165 2563 cum
1199 2517 1440 2582 psalmista
1465 2517 1617 2563 dicit¹⁷
1650 2535 1659 2562 :
1693 2517 2109 2564 «Misericordiam
2145 2527 2193 2563 et
2214 2516 2450 2580 judicium
2476 2515 2680 2563 cantabo

556 2597 656 2656 tibi,
686 2598 906 2644 Domine.
937 2597 1315 2656 Misericordia,»
1339 2598 1460 2644 sicut
1476 2597 1706 2662 scriptum
1722 2600 1852 2656 est¹⁸,
1881 2618 1902 2642 «
1923 2597 2159 2661 judicium
2179 2596 2402 2656 exaltat‚»
2430 2596 2681 2643 attendens

556 2677 687 2740 quod
722 2677 832 2723 alibi
864 2678 1103 2742 Scriptura
1147 2678 1521 2737 comminat.ur¹⁹‚
1555 2697 1577 2722 «
1597 2677 1835 2740 judicium
1864 2679 1963 2725 sine
2003 2677 2328 2724 misericordia
2368 2677 2416 2723 in
2453 2693 2565 2724 eum
2596 2677 2678 2740 qui

557 2757 930 2804 misericordiam
965 2774 1064 2805 non
1102 2759 1226 2805 facit.
1255 2778 1277 2801 »
1313 2758 1458 2815 Quod
1495 2758 1748 2822 diligenter
1780 2759 1880 2823 ipse
1918 2758 2161 2822 psalmista
2200 2757 2582 2815 considerans’⁰‚
2623 2756 2686 2803 ad

549 2824 946 2903 supplica-tionem
974 2839 1132 2885 uxoris
1161 2838 1307 2885 Nabal
1343 2839 1570 2897 Carmeli,
1594 2839 1927 2902 juramentum
1957 2838 2089 2902 quod
2114 2834 2370 2901 exjustitia
2394 2838 2591 2897 fecerat,
2622 2838 2683 2885 de

558 2919 658 2963 viro
679 2919 778 2981 ejus
798 2919 973 2965 scilicet
989 2929 1034 2965 et
1053 2919 1199 2984 ipsius
1218 2918 1366 2965 domo
1387 2918 1607 2978 delenda,
1633 2935 1717 2983 per
1736 2914 2113 2965 misericordiam
2130 2918 2329 2965 cassavit
2338 2921 2380 2963 ²¹.
2402 2917 2682 2964 Orationem

559 3000 714 3062 itaque
730 3000 918 3061 justitiae
937 2999 1169 3065 praetulit,
1193 3009 1240 3046 et
1258 2999 1390 3063 quod
1407 3000 1478 3046 vir
1496 2999 1762 3063 deliquerat
1778 3035 1789 3057 ,
1815 2999 2100 3064 supplicatio
2129 2999 2285 3045 uxoris
2302 2997 2490 3045 delevit.
2515 3000 2567 3043 ln
2585 3014 2683 3062 quo

558 3079 750 3141 quidem
772 3079 855 3125 tibi
875 3117 885 3139 ,
909 3097 1063 3139 soror,
1089 3079 1360 3144 exemplum
1385 3081 1701 3144 proponitur,
1734 3090 1778 3127 et
1799 3080 2022 3127 securitas
2041 3079 2181 3126 datur
2196 3115 2208 3138 ,
2237 3089 2290 3126 ut
2312 3079 2350 3125 si
2369 3078 2510 3141 hujus
2529 3079 2680 3125 oratio

602 3224 607 3238 ¹
641 3225 783 3257 Thessal.
801 3226 849 3264 ΙΙ,
867 3236 939 3268 cap.
962 3237 993 3265 v,
1014 3237 1044 3258 v.
1067 3228 1116 3258 ¹7.
1132 3241 1176 3249 —
1192 3225 1204 3242 ¹
1224 3227 1352 3264 Emod„
1371 3235 1444 3268 cap.
1474 3236 1563 3257 xxxii
1581 3250 1590 3265 ,
1639 3226 1667 3242 ¹³
1695 3226 1870 3258 Terrestres
1900 3224 1995 3258 RMS.
2014 3242 2058 3249 —
2077 3224 2105 3241 ¹⁴
2127 3225 2284 3258 Inseritur
2309 3225 2429 3263 sibique
2456 3223 2678 3257 charissimam

554 3292 582 3312 ν.
610 3284 659 3313 10.
683 3301 714 3305 -m
731 3282 742 3297 ³
759 3284 891 3322 Jerem„
916 3293 987 3325 cap.
1010 3295 1051 3316 vn
1066 3309 1073 3323 ,
1101 3295 1132 3316 v.
1160 3284 1269 3315 16.--
1284 3281 1297 3298 ⁴
1315 3283 1435 3314 Preces
1455 3284 1590 3325 flectant
1635 3290 1746 3314 natam
1765 3282 1858 3315 RMS.
1874 3299 1917 3306 —
1934 3282 1963 3299 ¹⁸
1982 3283 2107 3320 Judic„
2123 3292 2196 3324 cap.
2216 3292 2257 3322 n,
2275 3291 2309 3312 v.
2323 3281 2377 3313 39.
2392 3296 2436 3304 -
2455 3279 2483 3297 '⁰
2508 3280 2569 3320 Qui
2586 3279 2678 3311 inse-

555 3338 647 3369 RMS.
662 3356 699 3360 —
716 3338 728 3354 ⁸
746 3340 915 3372 Retineam
928 3339 1021 3372 RMS.
1041 3357 1079 3362 —
1093 3339 1105 3357 ⁶
1121 3341 1247 3377 Exod„
1262 3349 1334 3382 cap.
1353 3349 1463 3376 xxxii,
1484 3349 1516 3370 v.
1538 3339 1588 3371 10.
1635 3339 1715 3371 ritui·
1732 3338 1815 3371 male
1833 3339 1869 3371 D.
1891 3357 1921 3362 -
1946 3338 1973 3355 ⁴¹
1997 3338 2112 3371 Psalm.
2135 3348 2174 3376 c,
2189 3347 2219 3370 v.
2244 3340 2273 3369 1.
2292 3355 2333 3360 -
2349 3335 2378 3353 ⁴⁸
2394 3337 2528 3374 Jacob„
2545 3345 2620 3379 cap.
2638 3347 2679 3373 u,

554 3411 593 3416 —-
614 3394 623 3410 ‘¹
647 3395 779 3432 Jerem.,
809 3406 881 3438 cap.
908 3407 970 3435 vn,
1002 3407 1029 3428 v.
1064 3397 1112 3428 16,
1135 3415 1170 3418 -
1191 3395 1203 3411 ⁸
1222 3397 1348 3432 Exod„
1373 3404 1446 3437 cap.
1475 3405 1588 3433 xxxii,
1636 3406 1666 3428 v.
1688 3396 1737 3428 13.
1758 3414 1795 3418 —
1813 3394 1841 3411 ¹⁹
1861 3394 1943 3427 thid.
1973 3414 2000 3418 -
2024 3394 2056 3411 '⁰
2073 3395 2278 3435 Per-pendens
2293 3392 2386 3427 Rus.
2407 3413 2443 3417 ⁷---
2460 3392 2487 3409 ’¹
2513 3393 2674 3424 [nemum

554 3462 584 3482 v.
622 3452 670 3483 14.
696 3469 734 3474 -
754 3452 765 3467 ⁹
786 3453 911 3484 Alicubi
941 3452 1035 3484 RMS.
1056 3470 1096 3475 —
1114 3451 1142 3468 ¹⁰
1165 3452 1282 3485 Psalm.
1306 3462 1414 3490 xxxii,
1443 3462 1472 3483 v.
1499 3453 1530 3483 9.
1553 3469 1592 3473 u
1638 3454 1777 3484 reddidit
1797 3451 1889 3486 RMS.

556 3507 581 3524 ¹¹
619 3509 812 3547 Interceptus
836 3508 928 3540 RMS.
955 3527 986 3531 -
1009 3507 1036 3524 ¹²
1058 3509 1231 3545 Habacuc,
1253 3517 1324 3550 cap.
1358 3519 1388 3539 ιιι
1411 3533 1416 3547 ‚
1441 3518 1471 3540 v.
1498 3509 1530 3538 2.
1552 3525 1594 3534 -
