2970 4152
804 403 864 452 IN
889 402 1066 450 FERIA
1101 400 1315 449 TERTIA
1348 400 1758 448 PENTECOSTES
1792 399 2008 447 SERMO.
2372 399 2468 446 497

352 497 550 545 verbum
571 497 682 556 Dei;
707 497 791 543 sed
813 497 923 561 quia
945 513 1032 544 vos
1053 495 1290 561 repulistis
1313 494 1454 553 illud,
1482 511 1591 542 ecce
1620 494 1946 542 convertimur
1975 492 2036 540 ad
2065 501 2244 555 gentes.
2271 510 2294 535 »
2324 495 2468 539 «Vox

350 579 569 638 tonitrui,
590 596 612 621 n
637 577 733 624 hoc
755 587 842 643 est,
867 577 927 625 de
949 578 1168 643 supernis
1188 593 1276 642 per
1297 576 1527 640 Spiritum
1548 576 1598 622 in
1622 575 1849 640 apostolis
1872 575 1995 622 facta
2016 590 2101 639 per
2123 583 2280 620 totum
2298 573 2466 620 orbem

349 666 419 704 est
441 657 651 704 dilatata.
672 660 731 703 Et
752 657 864 722 quia
885 656 946 704 de
966 657 1042 704 his
1064 657 1295 720 scriptum
1317 665 1410 714 est,
1430 654 1563 719 quod
1577 657 1589 679 ¹
1609 673 1632 699 α
1652 654 1854 719 profecti
1872 653 2250 719 praedicaverunt
2268 652 2463 717 ubique,

349 739 559 786 Domino
583 748 875 803 cooperante
896 737 1206 803 sequentibus
1233 736 1402 800 signis;
1431 755 1455 780 »
1488 736 1703 783 tonitruo
1732 735 1799 782 illi
1826 735 2087 782 verborum
2114 735 2467 782 coruscationes

347 828 459 864 sunt
472 817 643 865 additae
658 818 1017 864 miraculorum.
1038 820 1109 864 De
1127 816 1301 882 quibus
1320 832 1451 862 nunc
1470 815 1666 862 dicitur²
1687 834 1697 861 :
1722 834 1745 859 «
1766 815 2027 861 Illuxerunt
2046 814 2231 877 fulgura
2247 814 2346 878 ejus
2361 814 2467 861 orbi

348 909 500 946 terrae.
525 918 548 943 »
583 901 642 944 Et
668 898 900 963 quoniam
928 897 1146 944 infideles
1177 896 1507 961 magnitudine
1542 896 1790 960 signorum
1824 896 1974 959 magis
2007 911 2153 960 quam
2187 896 2467 943 auctoritate

347 978 700 1042 Scripturarum
716 987 973 1024 moventur
989 976 1051 1023 ad
1068 959 1238 1034 ffiem,
1260 976 1372 1023 visis
1394 974 1806 1023 coruscationibus
1825 985 2073 1030 ‘commota
2098 986 2168 1022 est
2189 985 2336 1033 terra3
2357 976 2468 1040 quia

347 1056 689 1103 miraculorum
713 1056 1031 1104 admiratione
1053 1066 1242 1102 terrena
1265 1055 1521 1103 hominum
1543 1054 1692 1102 corda
1719 1054 1780 1101 de
1815 1055 2012 1120 pristina
2047 1054 2325 1102 infidelitate
2359 1066 2469 1101 sunt

347 1145 548 1183 mutata.
574 1139 726 1200 Atque
747 1137 812 1183 ita
840 1138 968 1183 Deus
996 1136 1116 1200 petit
1141 1135 1322 1182 habere
1349 1136 1400 1182 in
1413 1135 1551 1189 ,mari
1579 1134 1704 1192 vias,
1737 1145 1784 1181 et
1813 1135 1862 1181 in
1892 1135 2027 1199 aquis
2061 1135 2252 1182 semitas
2282 1154 2292 1181 ε
2319 1151 2469 1199 quum

346 1217 567 1265 videlicet
589 1235 617 1265 a
638 1217 799 1264 Judaea
820 1227 1052 1282 tanquam
1075 1233 1101 1263 a
1123 1217 1318 1282 propria
1342 1227 1468 1264 terra
1496 1215 1750 1268 recedens,
1778 1226 1826 1263 et
1855 1216 2056 1279 gratiam
2085 1233 2221 1263 suam
2250 1216 2469 1280 gentibus

346 1297 647 1362 impertiens,
673 1315 773 1344 uno
796 1297 1055 1362 reprobato
1085 1296 1293 1362 populo,
1325 1297 1503 1344 multos
1534 1296 1799 1361 acquisivit.
1826 1298 1954 1343 Mare
1984 1297 2135 1360 majus
2163 1306 2234 1343 est
2261 1298 2396 1362 aquis
2423 1308 2470 1344 et

346 1378 665 1425 amaritudine
687 1378 886 1443 plenum
914 1396 923 1424 ε
950 1387 997 1424 et
1022 1378 1120 1425 vita
1147 1378 1517 1442 conjugatorum
1545 1394 1651 1442 quae
1679 1377 1856 1424 multos
1886 1378 2037 1443 capit,
2075 1388 2123 1424 et
2156 1378 2281 1425 curis
2315 1378 2471 1425 saeculi

346 1468 416 1505 est
445 1458 696 1525 implicita,
729 1469 849 1523 quot
878 1458 1121 1506 molestias
1151 1459 1377 1517 sustinet,
1414 1468 1487 1505 tot
1521 1458 1863 1505 amaritudines
1902 1458 2065 1506 habet.
2105 1459 2194 1506 Via
2227 1458 2368 1506 latior
2402 1470 2472 1506 est

345 1553 492 1601 quam
513 1539 705 1597 semita,
725 1548 772 1585 et
791 1539 889 1586 vita
904 1538 1274 1602 conjugatorum
1294 1538 1445 1586 laxior
1467 1548 1539 1586 est
1559 1555 1706 1603 quam
1727 1539 2096 1586 continentium.
2118 1539 2292 1586 Venire
2311 1549 2471 1586 autem

346 1617 408 1664 ad
422 1635 530 1678 nos,
546 1619 644 1666 sive
657 1619 984 1684 propinquare
998 1621 1126 1665 Deus
1149 1618 1340 1678 dicitur,
1364 1628 1417 1666 ut
1440 1635 1530 1666 nos
1552 1619 1614 1666 ad
1636 1635 1686 1666 se
1709 1619 1889 1678 trahat,
1915 1636 2066 1684 quum
2087 1619 2330 1666 bonorum
2353 1637 2469 1684 ope-

344 1714 454 1745 rum
475 1699 617 1747 nobis
639 1699 863 1747 affectum
886 1699 1102 1764 inspirat.
1133 1702 1220 1746 Per
1240 1700 1341 1747 vias
1363 1700 1505 1763 igitur
1527 1698 1707 1746 incedit
1729 1700 1777 1746 in
1801 1700 1945 1758 mari,
1979 1700 2092 1764 quia
2119 1700 2298 1747 laxiora
2325 1716 2471 1765 opera

344 1777 490 1826 hahet
511 1780 559 1826 in
584 1796 684 1827 non
707 1779 972 1843 conjugatis
985 1817 996 1839 ,
1021 1780 1144 1827 sicut
1164 1780 1402 1826 strictiora
1423 1781 1472 1826 in
1496 1780 1854 1827 continentibus
1870 1797 1975 1844 quae
1992 1781 2170 1827 semitis
2190 1790 2466 1845 operantur.

346 1860 403 1905 Et
425 1858 526 1906 haec
554 1858 750 1923 quidem
773 1859 970 1923 vestigia
997 1859 1194 1906 Domini
1230 1859 1278 1905 in
1309 1859 1529 1923 gentibus
1558 1876 1657 1906 non
1687 1870 2055 1923 cognoscentur,
2082 1870 2135 1906 ut
2162 1860 2382 1907 videlicet
2410 1860 2470 1907 de

343 1938 573 2003 peculiari
594 1939 777 2004 populo
800 1956 888 1994 suo
907 1939 1103 2003 judaico
1126 1940 1327 2004 gratiam
1349 1956 1486 1987 suam
1510 1939 1572 1987 ad
1595 1950 1758 2004 gentes
1780 1941 2061 2000 transferat,
2087 1951 2134 1988 et
2156 1942 2223 1988 sic
2251 1958 2309 1989 eo
2332 1941 2469 1988 dere-

344 2017 476 2079 licto,
503 2019 565 2066 ad
587 2029 752 2083 gentes
774 2029 1007 2078 transeat,
1033 2020 1147 2085 quia
1167 2020 1327 2069 nullus
1349 2036 1408 2067 eo
1431 2030 1650 2086 tempore
1672 2021 1721 2067 id
1744 2022 1903 2086 potuit
1923 2038 2237 2086 praenoscere.
2264 2022 2402 2070 Unde
2424 2034 2471 2070 et

343 2098 445 2164 ipse
467 2099 799 2164 apostolorum
820 2100 1043 2165 princeps
1072 2116 1222 2164 quum
1252 2099 1412 2147 adhuc
1443 2099 1504 2147 de
1532 2101 1787 2148 vocatione
1816 2101 2030 2164 gentium
2058 2118 2143 2166 per
2171 2101 2470 2167 praedicatio-

343 2195 456 2227 nem
477 2195 615 2227 suam
637 2179 857 2228 facienda
872 2190 1030 2227 certus
1053 2197 1152 2227 non
1177 2190 1298 2228 esset
1311 2218 1322 2238 ,
1341 2196 1453 2228 vase
1475 2180 1690 2245 quodam
1711 2181 1847 2228 omni
1869 2198 2040 2244 genere
2063 2181 2303 2247 reptilium
2325 2183 2470 2248 pleno

343 2275 429 2323 per
449 2259 604 2307 visum
626 2259 718 2307 sibi
741 2269 959 2318 ostenSO,
986 2260 1048 2308 de
1071 2260 1164 2307 hoc
1187 2260 1605 2326 ipsqadmonetur
1626 2270 1770 2326 atque
1793 2261 2033 2309 docetur⁸.
2062 2265 2156 2308 Cur
2180 2272 2341 2310 autem
2368 2263 2469 2310 haec

342 2340 537 2404 vestigia
559 2339 647 2387 Dei
668 2339 718 2387 in
742 2339 963 2404 gentibus
984 2340 1337 2404 ignorarentur,
1363 2351 1417 2388 ut
1438 2342 1646 2388 caecitate
1669 2341 1791 2389 facta
1811 2342 1862 2389 in
1885 2342 2027 2389 Israel
2049 2352 2212 2406 gentes
2234 2342 2469 2391 illumina-

342 2428 526 2477 rentur,
543 2418 640 2466 fine
659 2419 832 2484 psalmi
854 2419 1176 2467 concluditur.
1195 2423 1259 2467 Ac
1275 2421 1314 2468 si
1332 2420 1554 2468 videlicet
1570 2421 1750 2469 diceret
1768 2440 1777 2468 :
1800 2421 1916 2480 Ideo
1937 2422 1998 2469 ab
2021 2422 2219 2469 homine
2235 2424 2466 2487 praenosci

342 2513 440 2544 non
461 2498 641 2562 potuit,
664 2508 716 2545 ut
738 2497 1005 2563 reprobatis
1027 2499 1216 2557 Judaeis,
1241 2509 1404 2563 gentes
1425 2499 1827 2559 illuminarentur,
1853 2503 1966 2566 quia
1988 2501 2121 2548 illum
2142 2502 2354 2566 priorem
2375 2519 2464 2567 po-

341 2577 509 2643 pulum
538 2578 673 2642 quasi
702 2594 894 2642 gregem
921 2579 1172 2644 proprium
1201 2596 1390 2644 semper
1418 2579 1655 2627 habueras
1673 2618 1684 2639 ,
1717 2581 1794 2627 cui
1822 2583 2017 2645 Moysen
2047 2592 2094 2628 et
2122 2585 2277 2629 Aaron
2307 2592 2465 2630 tantos

342 2669 555 2723 pastores
593 2658 931 2724 deputaveras,
968 2670 1015 2707 et
1049 2670 1232 2707 tantam
1273 2676 1471 2707 manum
1510 2662 1558 2707 in
1592 2661 1811 2725 gentibus
1847 2662 2062 2709 delendis
2101 2673 2298 2728 propter
2331 2663 2462 2710 illum

342 2755 641 2796 exercueras,
667 2748 715 2787 et
736 2737 832 2785 hoc
854 2748 925 2786 est
947 2739 1080 2804 quod
1103 2740 1169 2787 ait
1198 2758 1207 2786 :
1238 2759 1260 2784 «
1285 2740 1555 2799 Deduxisti,
1583 2751 1697 2801 etc.,
1718 2760 1741 2786 υ
1770 2740 1831 2789 de
1861 2745 2065 2807 AEgypto
2099 2742 2319 2790 videlicet
2352 2760 2462 2790 eum

343 2818 611 2878 adducens,
637 2828 685 2866 et
705 2819 755 2866 in
778 2828 955 2867 terram
978 2820 1361 2886 repromissionis
1383 2821 1639 2881 inducens,
1666 2822 1755 2869 sub
1779 2823 2009 2886 regimine
2037 2833 2084 2870 et
2113 2823 2290 2871 ducatu
2313 2825 2462 2887 Moysi

343 2899 481 2946 ducis
503 2909 550 2946 et
575 2902 731 2946 Aaron
755 2898 1032 2947 sacerdotis.
1514 2893 1523 2902 ’

343 3061 492 3105 indignos
505 3072 562 3095 vos
572 3062 725 3106 judicatis
741 3072 870 3099 aeternae
886 3065 977 3105 vitae,
1004 3066 1221 3100 convertimur
1242 3066 1283 3099 ad
1302 3076 1378 3109 gen·
1437 3076 1510 3110 cap.
1532 3077 1584 3100 xvi
1596 3091 1605 3106 ‚
1623 3077 1651 3099 v.
1672 3067 1729 3103 20.
1746 3084 1781 3090 —-
1798 3065 1811 3083 ¹
1828 3067 1943 3100 esaim.
1962 3077 2033 3099 xcvi
2046 3091 2053 3104 ‚
2073 3077 2102 3098 v.
2122 3068 2152 3098 ¹¹.
2164 3083 2207 3090 -
2219 3065 2231 3083 ³
2249 3066 2319 3098 Act.
2336 3066 2463 3107 Aposu,

343 3125 402 3151 ten.
428 3131 444 3148 ι
474 3119 565 3161 (Act.
604 3122 735 3161 Apose..
767 3133 842 3165 cap.
872 3132 928 3154 xm
946 3148 955 3162 ,
992 3133 1023 3156 v.
1053 3121 1131 3165 ⁴6.)
1153 3140 1198 3148 —-
1222 3123 1233 3140 ¹
1262 3122 1378 3163 Marc„
1438 3133 1512 3166 cap.
1527 3133 1579 3162 xi,
1598 3133 1629 3155 v.
1646 3124 1734 3162 5,6.

1303 3327 1506 3334 ——-.--—--
