<?xml version="1.0" encoding="UTF-8"?>
<!DOCTYPE html PUBLIC "-//W3C//DTD XHTML 1.0 Transitional//EN"
    "http://www.w3.org/TR/xhtml1/DTD/xhtml1-transitional.dtd">
<html xmlns="http://www.w3.org/1999/xhtml" xml:lang="en" lang="en">
 <head>
  <title>
</title>
<meta http-equiv="Content-Type" content="text/html;charset=utf-8" />
  <meta name='ocr-system' content='tesseract 3.04.00' />
  <meta name='ocr-capabilities' content='ocr_page ocr_carea ocr_par ocr_line ocrx_word'/>
</head>
<body>
  <div class='ocr_page' id='page_1' title='image "./operahactenusseo01abeluoft_0627.png"; bbox 0 0 2970 4152; ppageno 0'>
   <div class='ocr_carea' id='block_1_1' title="bbox 1090 375 2456 425">
    <p class='ocr_par' dir='ltr' id='par_1_1' title="bbox 1032 375 2456 431">
     <span class='ocr_line' id='line_1_1' title="bbox 1090 375 2456 425; baseline -0.002 2.878"><span class='ocrx_word' id='word_1_1' title='bbox 1090 375 1416 425; x_wconf 86' lang='lat' dir='ltr'><strong>EXPOSlTIO.</strong></span> <span class='ocrx_word' id='word_1_2' title='bbox 1436 376 1706 424; x_wconf 88' lang='lat' dir='ltr'><strong>SYMBOLI.</strong></span> <span class='ocrx_word' id='word_1_3' title='bbox 2363 377 2456 425; x_wconf 82' lang='grc'><strong>613</strong></span> 
     </span>
    </p>
   </div>
   <div class='ocr_carea' id='block_1_2' title="bbox 313 466 2457 3271">
    <p class='ocr_par' dir='ltr' id='par_1_2' title="bbox 313 466 2457 3271">
     <span class='ocr_line' id='line_1_2' title="bbox 341 466 2457 536; baseline -0.002 -13"><span class='ocrx_word' id='word_1_4' title='bbox 341 476 527 523; x_wconf 80' lang='lat' dir='ltr'><strong>dicatur</strong></span> <span class='ocrx_word' id='word_1_5' title='bbox 557 474 841 522; x_wconf 83' lang='lat' dir='ltr'><strong>ascendisse.</strong></span> <span class='ocrx_word' id='word_1_6' title='bbox 878 477 940 520; x_wconf 90' lang='lat' dir='ltr'><strong>Ut</strong></span> <span class='ocrx_word' id='word_1_7' title='bbox 961 473 1091 520; x_wconf 92' lang='lat' dir='ltr'><strong>enim</strong></span> <span class='ocrx_word' id='word_1_8' title='bbox 1122 473 1324 536; x_wconf 87' lang='lat' dir='ltr'><strong>ipsemet</strong></span> <span class='ocrx_word' id='word_1_9' title='bbox 1345 469 1428 518; x_wconf 88' lang='lat' dir='ltr'><strong>ait¹</strong></span> <span class='ocrx_word' id='word_1_10' title='bbox 1450 489 1461 517; x_wconf 76' lang='grc' dir='ltr'><strong><em>ε</em></strong></span> <span class='ocrx_word' id='word_1_11' title='bbox 1493 489 1515 515; x_wconf 88' lang='lat'>«</span> <span class='ocrx_word' id='word_1_12' title='bbox 1541 473 1692 518; x_wconf 89' lang='lat' dir='ltr'><strong>Nemo</strong></span> <span class='ocrx_word' id='word_1_13' title='bbox 1717 466 1931 515; x_wconf 88' lang='lat' dir='ltr'><strong>ascendit</strong></span> <span class='ocrx_word' id='word_1_14' title='bbox 1953 466 2003 513; x_wconf 89' lang='lat' dir='ltr'><strong>in</strong></span> <span class='ocrx_word' id='word_1_15' title='bbox 2035 466 2232 527; x_wconf 90' lang='lat' dir='ltr'><strong>coelum,</strong></span> <span class='ocrx_word' id='word_1_16' title='bbox 2255 469 2345 516; x_wconf 91' lang='lat' dir='ltr'><strong>nisi</strong></span> <span class='ocrx_word' id='word_1_17' title='bbox 2374 473 2457 534; x_wconf 90' lang='lat' dir='ltr'><strong>qui</strong></span> 
     </span>
     <span class='ocr_line' id='line_1_3' title="bbox 339 547 2457 618; baseline -0.002 -16"><span class='ocrx_word' id='word_1_18' title='bbox 339 554 588 602; x_wconf 89' lang='lat' dir='ltr'><strong>descendit</strong></span> <span class='ocrx_word' id='word_1_19' title='bbox 608 555 669 602; x_wconf 95' lang='lat' dir='ltr'><strong>de</strong></span> <span class='ocrx_word' id='word_1_20' title='bbox 685 554 824 602; x_wconf 89' lang='lat' dir='ltr'><strong>coelo.</strong></span> <span class='ocrx_word' id='word_1_21' title='bbox 847 573 871 599; x_wconf 85' lang='grc'>»</span> <span class='ocrx_word' id='word_1_22' title='bbox 897 554 986 601; x_wconf 84' lang='lat' dir='ltr'><strong>Alii</strong></span> <span class='ocrx_word' id='word_1_23' title='bbox 1007 554 1185 618; x_wconf 88' lang='lat' dir='ltr'><strong>quippe</strong></span> <span class='ocrx_word' id='word_1_24' title='bbox 1204 552 1354 616; x_wconf 90' lang='lat' dir='ltr'><strong>magis</strong></span> <span class='ocrx_word' id='word_1_25' title='bbox 1372 551 1499 598; x_wconf 90' lang='lat' dir='ltr'><strong>trahi</strong></span> <span class='ocrx_word' id='word_1_26' title='bbox 1521 567 1669 614; x_wconf 91' lang='lat' dir='ltr'><strong>quam</strong></span> <span class='ocrx_word' id='word_1_27' title='bbox 1684 548 1941 617; x_wconf 87' lang='lat' dir='ltr'><strong>ascendere</strong></span> <span class='ocrx_word' id='word_1_28' title='bbox 1960 558 2072 595; x_wconf 92' lang='lat' dir='ltr'><strong>sunt</strong></span> <span class='ocrx_word' id='word_1_29' title='bbox 2094 547 2302 596; x_wconf 90' lang='lat' dir='ltr'><strong>dicendi.</strong></span> <span class='ocrx_word' id='word_1_30' title='bbox 2324 550 2457 612; x_wconf 80' lang='lat' dir='ltr'><strong>Absit</strong></span> 
     </span>
     <span class='ocr_line' id='line_1_4' title="bbox 339 626 2455 700; baseline -0.001 -17"><span class='ocrx_word' id='word_1_31' title='bbox 339 645 523 695; x_wconf 84' lang='lat' dir='ltr'><strong>autem,</strong></span> <span class='ocrx_word' id='word_1_32' title='bbox 549 646 602 683; x_wconf 91' lang='lat' dir='ltr'><strong>ut</strong></span> <span class='ocrx_word' id='word_1_33' title='bbox 623 635 813 683; x_wconf 91' lang='lat' dir='ltr'><strong>Christo</strong></span> <span class='ocrx_word' id='word_1_34' title='bbox 838 637 938 699; x_wconf 88' lang='lat' dir='ltr'><strong>jam</strong></span> <span class='ocrx_word' id='word_1_35' title='bbox 968 651 1055 700; x_wconf 91' lang='lat' dir='ltr'><strong>per</strong></span> <span class='ocrx_word' id='word_1_36' title='bbox 1084 626 1485 693; x_wconf 70' lang='lat' dir='ltr'><strong>resurrectionem</strong></span> <span class='ocrx_word' id='word_1_37' title='bbox 1507 630 1770 695; x_wconf 87' lang='lat' dir='ltr'><strong>glorificato</strong></span> <span class='ocrx_word' id='word_1_38' title='bbox 1799 629 2062 694; x_wconf 90' lang='lat' dir='ltr'><strong>corporalis</strong></span> <span class='ocrx_word' id='word_1_39' title='bbox 2093 630 2193 693; x_wconf 89' lang='lat' dir='ltr'><strong>ejus</strong></span> <span class='ocrx_word' id='word_1_40' title='bbox 2225 631 2287 678; x_wconf 92' lang='lat' dir='ltr'><strong>ad</strong></span> <span class='ocrx_word' id='word_1_41' title='bbox 2310 632 2455 680; x_wconf 92' lang='lat' dir='ltr'><strong>coelos</strong></span> 
     </span>
     <span class='ocr_line' id='line_1_5' title="bbox 338 709 2454 780; baseline -0.001 -18"><span class='ocrx_word' id='word_1_42' title='bbox 338 730 560 762; x_wconf 87' lang='lat' dir='ltr'><strong>ascensus</strong></span> <span class='ocrx_word' id='word_1_43' title='bbox 583 714 763 780; x_wconf 86' lang='lat' dir='ltr'><strong>aliquid</strong></span> <span class='ocrx_word' id='word_1_44' title='bbox 790 714 1097 761; x_wconf 85' lang='lat' dir='ltr'><strong>beatitudinis</strong></span> <span class='ocrx_word' id='word_1_45' title='bbox 1125 711 1396 760; x_wconf 89' lang='lat' dir='ltr'><strong>contulerit.</strong></span> <span class='ocrx_word' id='word_1_46' title='bbox 1429 713 1545 768; x_wconf 87' lang='lat' dir='ltr'><strong>Quae</strong></span> <span class='ocrx_word' id='word_1_47' title='bbox 1569 719 1641 756; x_wconf 90' lang='lat' dir='ltr'><strong>est</strong></span> <span class='ocrx_word' id='word_1_48' title='bbox 1676 709 1807 756; x_wconf 87' lang='lat' dir='ltr'><strong>en&#39;im</strong></span> <span class='ocrx_word' id='word_1_49' title='bbox 1828 709 1879 755; x_wconf 93' lang='lat' dir='ltr'><strong>in</strong></span> <span class='ocrx_word' id='word_1_50' title='bbox 1908 709 2067 756; x_wconf 89' lang='lat' dir='ltr'><strong>futura</strong></span> <span class='ocrx_word' id='word_1_51' title='bbox 2086 709 2183 756; x_wconf 90' lang='lat' dir='ltr'><strong>vita</strong></span> <span class='ocrx_word' id='word_1_52' title='bbox 2205 709 2454 760; x_wconf 84' lang='lat' dir='ltr'><strong>beatitudo</strong></span> 
     </span>
     <span class='ocr_line' id='line_1_6' title="bbox 337 789 2452 859; baseline 0 -19"><span class='ocrx_word' id='word_1_53' title='bbox 337 805 519 854; x_wconf 89' lang='lat' dir='ltr'><strong>nostra,</strong></span> <span class='ocrx_word' id='word_1_54' title='bbox 545 796 637 842; x_wconf 89' lang='lat' dir='ltr'><strong>nisi</strong></span> <span class='ocrx_word' id='word_1_55' title='bbox 664 795 744 842; x_wconf 87' lang='lat' dir='ltr'><strong>illa</strong></span> <span class='ocrx_word' id='word_1_56' title='bbox 764 794 1023 842; x_wconf 89' lang='lat' dir='ltr'><strong>divinitatis</strong></span> <span class='ocrx_word' id='word_1_57' title='bbox 1043 794 1182 852; x_wconf 87' lang='lat' dir='ltr'><strong>visio,</strong></span> <span class='ocrx_word' id='word_1_58' title='bbox 1205 792 1266 839; x_wconf 92' lang='lat' dir='ltr'><strong>de</strong></span> <span class='ocrx_word' id='word_1_59' title='bbox 1281 808 1378 856; x_wconf 91' lang='lat' dir='ltr'><strong>qua</strong></span> <span class='ocrx_word' id='word_1_60' title='bbox 1401 789 1808 837; x_wconf 84' lang='lat' dir='ltr'><strong>Psalmistadicit¹</strong></span> <span class='ocrx_word' id='word_1_61' title='bbox 1829 807 1839 835; x_wconf 90' lang='lat'>:</span> <span class='ocrx_word' id='word_1_62' title='bbox 1865 808 1888 834; x_wconf 88' lang='lat'>«</span> <span class='ocrx_word' id='word_1_63' title='bbox 1904 789 2123 836; x_wconf 89' lang='lat' dir='ltr'><strong>Satiabor</strong></span> <span class='ocrx_word' id='word_1_64' title='bbox 2138 808 2289 854; x_wconf 89' lang='lat' dir='ltr'><strong>quum</strong></span> <span class='ocrx_word' id='word_1_65' title='bbox 2306 809 2452 859; x_wconf 91' lang='lat' dir='ltr'><strong>appa—</strong></span> 
     </span>
     <span class='ocr_line' id='line_1_7' title="bbox 338 855 2453 939; baseline 0 -18"><span class='ocrx_word' id='word_1_66' title='bbox 338 876 487 922; x_wconf 85' lang='lat' dir='ltr'><strong>ruerit</strong></span> <span class='ocrx_word' id='word_1_67' title='bbox 520 875 669 939; x_wconf 89' lang='lat' dir='ltr'><strong>gloria</strong></span> <span class='ocrx_word' id='word_1_68' title='bbox 702 876 811 922; x_wconf 84' lang='lat' dir='ltr'><strong>tua?</strong></span> <span class='ocrx_word' id='word_1_69' title='bbox 838 893 861 919; x_wconf 85' lang='lat'>»</span> <span class='ocrx_word' id='word_1_70' title='bbox 898 875 1042 937; x_wconf 86' lang='lat' dir='ltr'><strong>Cujus</strong></span> <span class='ocrx_word' id='word_1_71' title='bbox 1061 855 1272 938; x_wconf 5' lang='lat' dir='ltr'><strong>,quidelm</strong></span> <span class='ocrx_word' id='word_1_72' title='bbox 1303 871 1500 919; x_wconf 85' lang='lat' dir='ltr'><strong>visionis</strong></span> <span class='ocrx_word' id='word_1_73' title='bbox 1529 870 1687 917; x_wconf 89' lang='lat' dir='ltr'><strong>lucem</strong></span> <span class='ocrx_word' id='word_1_74' title='bbox 1709 870 1887 917; x_wconf 90' lang='lat' dir='ltr'><strong>civitati</strong></span> <span class='ocrx_word' id='word_1_75' title='bbox 1909 886 1995 934; x_wconf 88' lang='lat' dir='ltr'><strong>per</strong></span> <span class='ocrx_word' id='word_1_76' title='bbox 2018 871 2189 918; x_wconf 88' lang='lat' dir='ltr'><strong>Isaiam</strong></span> <span class='ocrx_word' id='word_1_77' title='bbox 2216 875 2453 922; x_wconf 90' lang='lat' dir='ltr'><strong>Dominus</strong></span> 
     </span>
     <span class='ocr_line' id='line_1_8' title="bbox 336 949 2451 1020; baseline 0 -18"><span class='ocrx_word' id='word_1_78' title='bbox 336 956 646 1020; x_wconf 87' lang='lat' dir='ltr'><strong>promittens,</strong></span> <span class='ocrx_word' id='word_1_79' title='bbox 671 955 756 1003; x_wconf 78' lang='lat' dir='ltr'><strong>ait⁸</strong></span> <span class='ocrx_word' id='word_1_80' title='bbox 776 973 786 1001; x_wconf 92' lang='lat'>:</span> <span class='ocrx_word' id='word_1_81' title='bbox 816 974 840 999; x_wconf 94' lang='lat'>«</span> <span class='ocrx_word' id='word_1_82' title='bbox 862 958 970 1001; x_wconf 94' lang='lat' dir='ltr'><strong>Non</strong></span> <span class='ocrx_word' id='word_1_83' title='bbox 987 955 1076 1001; x_wconf 92' lang='lat' dir='ltr'><strong>erit</strong></span> <span class='ocrx_word' id='word_1_84' title='bbox 1096 954 1185 1001; x_wconf 92' lang='lat' dir='ltr'><strong>tibi</strong></span> <span class='ocrx_word' id='word_1_85' title='bbox 1208 952 1411 1017; x_wconf 92' lang='lat' dir='ltr'><strong>amplius</strong></span> <span class='ocrx_word' id='word_1_86' title='bbox 1434 950 1506 998; x_wconf 91' lang='lat' dir='ltr'><strong>sol</strong></span> <span class='ocrx_word' id='word_1_87' title='bbox 1529 950 1592 997; x_wconf 90' lang='lat' dir='ltr'><strong>ad</strong></span> <span class='ocrx_word' id='word_1_88' title='bbox 1614 949 1875 996; x_wconf 91' lang='lat' dir='ltr'><strong>lucendum</strong></span> <span class='ocrx_word' id='word_1_89' title='bbox 1896 966 1982 1013; x_wconf 91' lang='lat' dir='ltr'><strong>per</strong></span> <span class='ocrx_word' id='word_1_90' title='bbox 2000 949 2152 1010; x_wconf 84' lang='lat' dir='ltr'><strong>diem,</strong></span> <span class='ocrx_word' id='word_1_91' title='bbox 2178 969 2269 999; x_wconf 90' lang='lat' dir='ltr'><strong>nec</strong></span> <span class='ocrx_word' id='word_1_92' title='bbox 2291 954 2451 1018; x_wconf 88' lang='lat' dir='ltr'><strong>splen·</strong></span> 
     </span>
     <span class='ocr_line' id='line_1_9' title="bbox 334 1029 2453 1094; baseline 0.001 -14"><span class='ocrx_word' id='word_1_93' title='bbox 334 1033 426 1081; x_wconf 93' lang='lat' dir='ltr'><strong>dor</strong></span> <span class='ocrx_word' id='word_1_94' title='bbox 446 1034 571 1082; x_wconf 89' lang='lat' dir='ltr'><strong>lunae</strong></span> <span class='ocrx_word' id='word_1_95' title='bbox 594 1034 882 1081; x_wconf 83' lang='lat' dir='ltr'><strong>illuminabit</strong></span> <span class='ocrx_word' id='word_1_96' title='bbox 904 1044 974 1092; x_wconf 89' lang='lat' dir='ltr'><strong>te,</strong></span> <span class='ocrx_word' id='word_1_97' title='bbox 1001 1033 1087 1080; x_wconf 92' lang='lat' dir='ltr'><strong>sed</strong></span> <span class='ocrx_word' id='word_1_98' title='bbox 1109 1034 1199 1080; x_wconf 89' lang='lat' dir='ltr'><strong>erit</strong></span> <span class='ocrx_word' id='word_1_99' title='bbox 1229 1032 1316 1079; x_wconf 91' lang='lat' dir='ltr'><strong>tibi</strong></span> <span class='ocrx_word' id='word_1_100' title='bbox 1347 1031 1583 1078; x_wconf 89' lang='lat' dir='ltr'><strong>Dominus</strong></span> <span class='ocrx_word' id='word_1_101' title='bbox 1611 1030 1660 1076; x_wconf 92' lang='lat' dir='ltr'><strong>in</strong></span> <span class='ocrx_word' id='word_1_102' title='bbox 1686 1029 1842 1077; x_wconf 91' lang='lat' dir='ltr'><strong>lucem</strong></span> <span class='ocrx_word' id='word_1_103' title='bbox 1869 1030 2230 1094; x_wconf 90' lang='lat' dir='ltr'><strong>sempiternam,</strong></span> <span class='ocrx_word' id='word_1_104' title='bbox 2257 1044 2304 1080; x_wconf 91' lang='lat' dir='ltr'><strong>et</strong></span> <span class='ocrx_word' id='word_1_105' title='bbox 2326 1037 2453 1082; x_wconf 88' lang='lat' dir='ltr'><strong>Deus</strong></span> 
     </span>
     <span class='ocr_line' id='line_1_10' title="bbox 333 1104 2453 1180; baseline 0.001 -20"><span class='ocrx_word' id='word_1_106' title='bbox 333 1123 442 1161; x_wconf 87' lang='lat' dir='ltr'><strong>tuus</strong></span> <span class='ocrx_word' id='word_1_107' title='bbox 458 1104 526 1171; x_wconf 54' lang='lat' dir='ltr'><strong>in,</strong></span> <span class='ocrx_word' id='word_1_108' title='bbox 544 1115 745 1180; x_wconf 86' lang='lat' dir='ltr'><strong>gloriam</strong></span> <span class='ocrx_word' id='word_1_109' title='bbox 765 1125 916 1163; x_wconf 91' lang='lat' dir='ltr'><strong>tuam.</strong></span> <span class='ocrx_word' id='word_1_110' title='bbox 944 1118 1051 1162; x_wconf 92' lang='lat' dir='ltr'><strong>Non</strong></span> <span class='ocrx_word' id='word_1_111' title='bbox 1074 1114 1263 1161; x_wconf 91' lang='lat' dir='ltr'><strong>occidet</strong></span> <span class='ocrx_word' id='word_1_112' title='bbox 1286 1113 1410 1161; x_wconf 90' lang='lat' dir='ltr'><strong>ultra</strong></span> <span class='ocrx_word' id='word_1_113' title='bbox 1432 1112 1505 1160; x_wconf 91' lang='lat' dir='ltr'><strong>sol</strong></span> <span class='ocrx_word' id='word_1_114' title='bbox 1531 1121 1641 1159; x_wconf 91' lang='lat' dir='ltr'><strong>tuus</strong></span> <span class='ocrx_word' id='word_1_115' title='bbox 1657 1148 1668 1170; x_wconf 98' lang='lat'><strong>,</strong></span> <span class='ocrx_word' id='word_1_116' title='bbox 1701 1120 1749 1157; x_wconf 88' lang='lat' dir='ltr'><strong>et</strong></span> <span class='ocrx_word' id='word_1_117' title='bbox 1774 1110 1889 1158; x_wconf 92' lang='lat' dir='ltr'><strong>luna</strong></span> <span class='ocrx_word' id='word_1_118' title='bbox 1920 1127 2020 1157; x_wconf 92' lang='lat' dir='ltr'><strong>non</strong></span> <span class='ocrx_word' id='word_1_119' title='bbox 2046 1112 2304 1173; x_wconf 89' lang='lat' dir='ltr'><strong>minuetur,</strong></span> <span class='ocrx_word' id='word_1_120' title='bbox 2341 1117 2453 1179; x_wconf 91' lang='lat' dir='ltr'><strong>quia</strong></span> 
     </span>
     <span class='ocr_line' id='line_1_11' title="bbox 332 1186 2451 1261; baseline 0.002 -21"><span class='ocrx_word' id='word_1_121' title='bbox 332 1186 568 1243; x_wconf 88' lang='lat' dir='ltr'><strong>Dominus</strong></span> <span class='ocrx_word' id='word_1_122' title='bbox 591 1197 680 1243; x_wconf 88' lang='lat' dir='ltr'><strong>erit</strong></span> <span class='ocrx_word' id='word_1_123' title='bbox 701 1197 752 1243; x_wconf 91' lang='lat' dir='ltr'><strong>in</strong></span> <span class='ocrx_word' id='word_1_124' title='bbox 773 1195 931 1243; x_wconf 88' lang='lat' dir='ltr'><strong>lucem</strong></span> <span class='ocrx_word' id='word_1_125' title='bbox 962 1196 1328 1260; x_wconf 89' lang='lat' dir='ltr'><strong>sempiternam,</strong></span> <span class='ocrx_word' id='word_1_126' title='bbox 1356 1203 1404 1240; x_wconf 89' lang='lat' dir='ltr'><strong>et</strong></span> <span class='ocrx_word' id='word_1_127' title='bbox 1431 1191 1805 1258; x_wconf 90' lang='lat' dir='ltr'><strong>complebuntur</strong></span> <span class='ocrx_word' id='word_1_128' title='bbox 1827 1191 1928 1238; x_wconf 91' lang='lat' dir='ltr'><strong>dies</strong></span> <span class='ocrx_word' id='word_1_129' title='bbox 1950 1191 2104 1239; x_wconf 93' lang='lat' dir='ltr'><strong>luctus</strong></span> <span class='ocrx_word' id='word_1_130' title='bbox 2126 1194 2215 1242; x_wconf 85' lang='lat' dir='ltr'><strong>tui.</strong></span> <span class='ocrx_word' id='word_1_131' title='bbox 2244 1197 2451 1261; x_wconf 92' lang='lat' dir='ltr'><strong>Populus</strong></span> 
     </span>
     <span class='ocr_line' id='line_1_12' title="bbox 332 1273 2452 1341; baseline 0.002 -20"><span class='ocrx_word' id='word_1_132' title='bbox 332 1285 492 1323; x_wconf 89' lang='lat' dir='ltr'><strong>autem</strong></span> <span class='ocrx_word' id='word_1_133' title='bbox 513 1286 622 1324; x_wconf 91' lang='lat' dir='ltr'><strong>tuus</strong></span> <span class='ocrx_word' id='word_1_134' title='bbox 644 1294 812 1324; x_wconf 91' lang='lat' dir='ltr'><strong>omnes</strong></span> <span class='ocrx_word' id='word_1_135' title='bbox 825 1277 940 1340; x_wconf 91' lang='lat' dir='ltr'><strong>justi</strong></span> <span class='ocrx_word' id='word_1_136' title='bbox 959 1277 1009 1323; x_wconf 91' lang='lat' dir='ltr'><strong>in</strong></span> <span class='ocrx_word' id='word_1_137' title='bbox 1029 1286 1316 1341; x_wconf 89' lang='lat' dir='ltr'><strong>perpetuum</strong></span> <span class='ocrx_word' id='word_1_138' title='bbox 1336 1273 1689 1322; x_wconf 80' lang='lat' dir='ltr'><strong>haereditabunt</strong></span> <span class='ocrx_word' id='word_1_139' title='bbox 1705 1282 1898 1331; x_wconf 91' lang='lat' dir='ltr'><strong>terram,</strong></span> <span class='ocrx_word' id='word_1_140' title='bbox 1921 1283 2013 1320; x_wconf 89' lang='lat' dir='ltr'><strong>etc.</strong></span> <span class='ocrx_word' id='word_1_141' title='bbox 2037 1293 2059 1318; x_wconf 91' lang='lat'>»</span> <span class='ocrx_word' id='word_1_142' title='bbox 2078 1275 2195 1331; x_wconf 88' lang='lat' dir='ltr'><strong>Quis</strong></span> <span class='ocrx_word' id='word_1_143' title='bbox 2212 1277 2355 1324; x_wconf 88' lang='lat' dir='ltr'><strong>etiam</strong></span> <span class='ocrx_word' id='word_1_144' title='bbox 2376 1295 2452 1326; x_wconf 91' lang='lat' dir='ltr'><strong>ne·</strong></span> 
     </span>
     <span class='ocr_line' id='line_1_13' title="bbox 329 1353 2450 1423; baseline 0.002 -21"><span class='ocrx_word' id='word_1_145' title='bbox 329 1357 447 1404; x_wconf 91' lang='lat' dir='ltr'><strong>sciat</strong></span> <span class='ocrx_word' id='word_1_146' title='bbox 466 1360 588 1417; x_wconf 90' lang='lat' dir='ltr'><strong>Deo,</strong></span> <span class='ocrx_word' id='word_1_147' title='bbox 615 1359 698 1422; x_wconf 93' lang='lat' dir='ltr'><strong>qui</strong></span> <span class='ocrx_word' id='word_1_148' title='bbox 719 1358 898 1423; x_wconf 91' lang='lat' dir='ltr'><strong>ubique</strong></span> <span class='ocrx_word' id='word_1_149' title='bbox 914 1367 985 1405; x_wconf 91' lang='lat' dir='ltr'><strong>est</strong></span> <span class='ocrx_word' id='word_1_150' title='bbox 998 1395 1010 1417; x_wconf 90' lang='lat'><strong>,</strong></span> <span class='ocrx_word' id='word_1_151' title='bbox 1034 1373 1123 1404; x_wconf 91' lang='lat' dir='ltr'><strong>nos</strong></span> <span class='ocrx_word' id='word_1_152' title='bbox 1146 1372 1453 1421; x_wconf 87' lang='lat' dir='ltr'><strong>nequaquam</strong></span> <span class='ocrx_word' id='word_1_153' title='bbox 1474 1355 1614 1414; x_wconf 91' lang='lat' dir='ltr'><strong>locis,</strong></span> <span class='ocrx_word' id='word_1_154' title='bbox 1634 1354 1720 1401; x_wconf 87' lang='lat' dir='ltr'><strong>sed</strong></span> <span class='ocrx_word' id='word_1_155' title='bbox 1741 1353 1968 1419; x_wconf 91' lang='lat' dir='ltr'><strong>operibus</strong></span> <span class='ocrx_word' id='word_1_156' title='bbox 1984 1365 2239 1418; x_wconf 87' lang='lat' dir='ltr'><strong>praesentes</strong></span> <span class='ocrx_word' id='word_1_157' title='bbox 2260 1356 2363 1404; x_wconf 86' lang='lat' dir='ltr'><strong>fieri</strong></span> <span class='ocrx_word' id='word_1_158' title='bbox 2375 1361 2450 1407; x_wconf 92' lang='lat' dir='ltr'><strong>vel</strong></span> 
     </span>
     <span class='ocr_line' id='line_1_14' title="bbox 329 1433 2445 1502; baseline 0.001 -20"><span class='ocrx_word' id='word_1_159' title='bbox 329 1434 576 1484; x_wconf 79' lang='lat' dir='ltr'><strong>absentes?</strong></span> <span class='ocrx_word' id='word_1_160' title='bbox 599 1437 738 1485; x_wconf 90' lang='lat' dir='ltr'><strong>Unde</strong></span> <span class='ocrx_word' id='word_1_161' title='bbox 760 1447 808 1485; x_wconf 91' lang='lat' dir='ltr'><strong>et</strong></span> <span class='ocrx_word' id='word_1_162' title='bbox 831 1437 985 1502; x_wconf 84' lang='lat' dir='ltr'><strong>angeli</strong></span> <span class='ocrx_word' id='word_1_163' title='bbox 1007 1437 1176 1484; x_wconf 89' lang='lat' dir='ltr'><strong>faciem</strong></span> <span class='ocrx_word' id='word_1_164' title='bbox 1206 1437 1293 1483; x_wconf 93' lang='lat' dir='ltr'><strong>Dei</strong></span> <span class='ocrx_word' id='word_1_165' title='bbox 1316 1452 1506 1501; x_wconf 89' lang='lat' dir='ltr'><strong>semper</strong></span> <span class='ocrx_word' id='word_1_166' title='bbox 1527 1434 1770 1492; x_wconf 85' lang='lat' dir='ltr'><strong>videnteS,</strong></span> <span class='ocrx_word' id='word_1_167' title='bbox 1803 1450 1954 1498; x_wconf 89' lang='lat' dir='ltr'><strong>quum</strong></span> <span class='ocrx_word' id='word_1_168' title='bbox 1976 1433 2037 1481; x_wconf 89' lang='lat' dir='ltr'><strong>ad</strong></span> <span class='ocrx_word' id='word_1_169' title='bbox 2059 1451 2150 1481; x_wconf 91' lang='lat' dir='ltr'><strong>nos</strong></span> <span class='ocrx_word' id='word_1_170' title='bbox 2173 1436 2445 1497; x_wconf 90' lang='lat' dir='ltr'><strong>mittuntur,</strong></span> 
     </span>
     <span class='ocr_line' id='line_1_15' title="bbox 329 1514 2446 1583; baseline 0.002 -22"><span class='ocrx_word' id='word_1_171' title='bbox 329 1531 634 1583; x_wconf 84' lang='lat' dir='ltr'><strong>nequaquam</strong></span> <span class='ocrx_word' id='word_1_172' title='bbox 661 1517 803 1581; x_wconf 92' lang='lat' dir='ltr'><strong>hujus</strong></span> <span class='ocrx_word' id='word_1_173' title='bbox 834 1518 1031 1574; x_wconf 86' lang='lat' dir='ltr'><strong>visionis</strong></span> <span class='ocrx_word' id='word_1_174' title='bbox 1052 1517 1349 1564; x_wconf 90' lang='lat' dir='ltr'><strong>beatitudine</strong></span> <span class='ocrx_word' id='word_1_175' title='bbox 1371 1517 1640 1582; x_wconf 89' lang='lat' dir='ltr'><strong>privantur.</strong></span> <span class='ocrx_word' id='word_1_176' title='bbox 1669 1517 1864 1572; x_wconf 90' lang='lat' dir='ltr'><strong>Quanto</strong></span> <span class='ocrx_word' id='word_1_177' title='bbox 1889 1514 2038 1578; x_wconf 89' lang='lat' dir='ltr'><strong>magis</strong></span> <span class='ocrx_word' id='word_1_178' title='bbox 2063 1515 2222 1562; x_wconf 90' lang='lat' dir='ltr'><strong>anima</strong></span> <span class='ocrx_word' id='word_1_179' title='bbox 2246 1517 2446 1578; x_wconf 89' lang='lat' dir='ltr'><strong>Christi,</strong></span> 
     </span>
     <span class='ocr_line' id='line_1_16' title="bbox 328 1593 2449 1662; baseline 0.002 -22"><span class='ocrx_word' id='word_1_180' title='bbox 328 1610 434 1658; x_wconf 88' lang='lat' dir='ltr'><strong>quae</strong></span> <span class='ocrx_word' id='word_1_181' title='bbox 447 1594 539 1642; x_wconf 91' lang='lat' dir='ltr'><strong>hac</strong></span> <span class='ocrx_word' id='word_1_182' title='bbox 560 1597 744 1643; x_wconf 83' lang='lat' dir='ltr'><strong>visione</strong></span> <span class='ocrx_word' id='word_1_183' title='bbox 765 1597 1021 1662; x_wconf 88' lang='lat' dir='ltr'><strong>perfectius</strong></span> <span class='ocrx_word' id='word_1_184' title='bbox 1043 1612 1233 1662; x_wconf 88' lang='lat' dir='ltr'><strong>semper</strong></span> <span class='ocrx_word' id='word_1_185' title='bbox 1257 1596 1446 1653; x_wconf 88' lang='lat' dir='ltr'><strong>fruitur,</strong></span> <span class='ocrx_word' id='word_1_186' title='bbox 1465 1612 1523 1643; x_wconf 90' lang='lat' dir='ltr'><strong>ea</strong></span> <span class='ocrx_word' id='word_1_187' title='bbox 1545 1610 1795 1659; x_wconf 91' lang='lat' dir='ltr'><strong>nunquam</strong></span> <span class='ocrx_word' id='word_1_188' title='bbox 1818 1593 1997 1658; x_wconf 89' lang='lat' dir='ltr'><strong>privari</strong></span> <span class='ocrx_word' id='word_1_189' title='bbox 2019 1595 2203 1658; x_wconf 81' lang='lat' dir='ltr'><strong>potuit?</strong></span> <span class='ocrx_word' id='word_1_190' title='bbox 2232 1596 2360 1653; x_wconf 89' lang='lat' dir='ltr'><strong>Quid</strong></span> <span class='ocrx_word' id='word_1_191' title='bbox 2379 1608 2449 1644; x_wconf 92' lang='lat' dir='ltr'><strong>est</strong></span> 
     </span>
     <span class='ocr_line' id='line_1_17' title="bbox 331 1673 2443 1741; baseline 0.002 -21"><span class='ocrx_word' id='word_1_192' title='bbox 331 1673 492 1739; x_wconf 90' lang='lat' dir='ltr'><strong>itaque</strong></span> <span class='ocrx_word' id='word_1_193' title='bbox 511 1675 865 1725; x_wconf 88' lang='lat' dir='ltr'><strong>humanitatem</strong></span> <span class='ocrx_word' id='word_1_194' title='bbox 893 1678 994 1741; x_wconf 87' lang='lat' dir='ltr'><strong>ejus</strong></span> <span class='ocrx_word' id='word_1_195' title='bbox 1024 1676 1170 1724; x_wconf 88' lang='lat' dir='ltr'><strong>coelos</strong></span> <span class='ocrx_word' id='word_1_196' title='bbox 1200 1676 1559 1736; x_wconf 83' lang='lat' dir='ltr'><strong>conscendisse,</strong></span> <span class='ocrx_word' id='word_1_197' title='bbox 1590 1674 1667 1722; x_wconf 91' lang='lat' dir='ltr'><strong>vel</strong></span> <span class='ocrx_word' id='word_1_198' title='bbox 1687 1685 1740 1722; x_wconf 92' lang='lat' dir='ltr'><strong>ut</strong></span> <span class='ocrx_word' id='word_1_199' title='bbox 1764 1673 2035 1738; x_wconf 88' lang='lat' dir='ltr'><strong>diligentius</strong></span> <span class='ocrx_word' id='word_1_200' title='bbox 2057 1675 2311 1740; x_wconf 86' lang='lat' dir='ltr'><strong>Apostolus</strong></span> <span class='ocrx_word' id='word_1_201' title='bbox 2334 1679 2398 1724; x_wconf 92' lang='lat' dir='ltr'><strong>ait</strong></span> <span class='ocrx_word' id='word_1_202' title='bbox 2414 1681 2443 1735; x_wconf 74' lang='lat'><strong>⁶,</strong></span> 
     </span>
     <span class='ocr_line' id='line_1_18' title="bbox 327 1755 2446 1824; baseline 0.003 -24"><span class='ocrx_word' id='word_1_203' title='bbox 327 1770 438 1802; x_wconf 89' lang='lat' dir='ltr'><strong>eum</strong></span> <span class='ocrx_word' id='word_1_204' title='bbox 475 1773 619 1822; x_wconf 88' lang='lat' dir='ltr'><strong>super</strong></span> <span class='ocrx_word' id='word_1_205' title='bbox 650 1775 819 1806; x_wconf 90' lang='lat' dir='ltr'><strong>omnes</strong></span> <span class='ocrx_word' id='word_1_206' title='bbox 846 1759 993 1806; x_wconf 89' lang='lat' dir='ltr'><strong>coelos</strong></span> <span class='ocrx_word' id='word_1_207' title='bbox 1028 1758 1319 1817; x_wconf 88' lang='lat' dir='ltr'><strong>ascendisse,</strong></span> <span class='ocrx_word' id='word_1_208' title='bbox 1351 1769 1404 1805; x_wconf 92' lang='lat' dir='ltr'><strong>ut</strong></span> <span class='ocrx_word' id='word_1_209' title='bbox 1439 1756 1721 1822; x_wconf 89' lang='lat' dir='ltr'><strong>adimpleret</strong></span> <span class='ocrx_word' id='word_1_210' title='bbox 1749 1755 1935 1814; x_wconf 89' lang='lat' dir='ltr'><strong>omnia,</strong></span> <span class='ocrx_word' id='word_1_211' title='bbox 1962 1756 2053 1802; x_wconf 89' lang='lat' dir='ltr'><strong>nisi</strong></span> <span class='ocrx_word' id='word_1_212' title='bbox 2075 1755 2185 1804; x_wconf 93' lang='lat' dir='ltr'><strong>loco</strong></span> <span class='ocrx_word' id='word_1_213' title='bbox 2205 1759 2446 1824; x_wconf 90' lang='lat' dir='ltr'><strong>corporali</strong></span> 
     </span>
     <span class='ocr_line' id='line_1_19' title="bbox 325 1835 2444 1903; baseline 0.002 -22"><span class='ocrx_word' id='word_1_214' title='bbox 325 1850 524 1883; x_wconf 91' lang='lat' dir='ltr'><strong>ascensu</strong></span> <span class='ocrx_word' id='word_1_215' title='bbox 554 1848 820 1886; x_wconf 91' lang='lat' dir='ltr'><strong>montrasse</strong></span> <span class='ocrx_word' id='word_1_216' title='bbox 861 1856 969 1887; x_wconf 86' lang='lat' dir='ltr'><strong>eam</strong></span> <span class='ocrx_word' id='word_1_217' title='bbox 1000 1839 1218 1886; x_wconf 90' lang='lat' dir='ltr'><strong>omnium</strong></span> <span class='ocrx_word' id='word_1_218' title='bbox 1240 1838 1494 1886; x_wconf 89' lang='lat' dir='ltr'><strong>beatorum</strong></span> <span class='ocrx_word' id='word_1_219' title='bbox 1517 1836 1819 1884; x_wconf 87' lang='lat' dir='ltr'><strong>altitudinem</strong></span> <span class='ocrx_word' id='word_1_220' title='bbox 1840 1835 2218 1883; x_wconf 78' lang='lat' dir='ltr'><strong>transcendisse?</strong></span> <span class='ocrx_word' id='word_1_221' title='bbox 2247 1839 2317 1884; x_wconf 94' lang='lat' dir='ltr'><strong>De</strong></span> <span class='ocrx_word' id='word_1_222' title='bbox 2349 1855 2444 1903; x_wconf 90' lang='lat' dir='ltr'><strong>qua</strong></span> 
     </span>
     <span class='ocr_line' id='line_1_20' title="bbox 325 1915 2441 1984; baseline 0.002 -22"><span class='ocrx_word' id='word_1_223' title='bbox 325 1915 523 1980; x_wconf 91' lang='lat' dir='ltr'><strong>quidem</strong></span> <span class='ocrx_word' id='word_1_224' title='bbox 544 1917 787 1982; x_wconf 85' lang='lat' dir='ltr'><strong>dignitatis</strong></span> <span class='ocrx_word' id='word_1_225' title='bbox 809 1919 1107 1979; x_wconf 87' lang='lat' dir='ltr'><strong>excellentia,</strong></span> <span class='ocrx_word' id='word_1_226' title='bbox 1133 1935 1229 1984; x_wconf 88' lang='lat' dir='ltr'><strong>qua</strong></span> <span class='ocrx_word' id='word_1_227' title='bbox 1250 1918 1546 1966; x_wconf 90' lang='lat' dir='ltr'><strong>transcendit</strong></span> <span class='ocrx_word' id='word_1_228' title='bbox 1567 1917 1788 1964; x_wconf 86' lang='lat' dir='ltr'><strong>universa</strong></span> <span class='ocrx_word' id='word_1_229' title='bbox 1801 1953 1812 1975; x_wconf 87' lang='lat'>‚</span> <span class='ocrx_word' id='word_1_230' title='bbox 1839 1915 2023 1963; x_wconf 90' lang='lat' dir='ltr'><strong>dictum</strong></span> <span class='ocrx_word' id='word_1_231' title='bbox 2038 1926 2108 1963; x_wconf 90' lang='lat' dir='ltr'><strong>est</strong></span> <span class='ocrx_word' id='word_1_232' title='bbox 2123 1933 2209 1982; x_wconf 90' lang='lat' dir='ltr'><strong>per</strong></span> <span class='ocrx_word' id='word_1_233' title='bbox 2232 1918 2441 1983; x_wconf 89' lang='lat' dir='ltr'><strong>prophe-</strong></span> 
     </span>
     <span class='ocr_line' id='line_1_21' title="bbox 323 1997 2450 2064; baseline 0.002 -21"><span class='ocrx_word' id='word_1_234' title='bbox 323 2001 447 2045; x_wconf 80' lang='lat' dir='ltr'><strong>tam⁵</strong></span> <span class='ocrx_word' id='word_1_235' title='bbox 473 2017 483 2045; x_wconf 94' lang='lat'><strong>:</strong></span> <span class='ocrx_word' id='word_1_236' title='bbox 515 2018 539 2044; x_wconf 90' lang='lat'><strong><em>«</em></strong></span> <span class='ocrx_word' id='word_1_237' title='bbox 567 1999 760 2048; x_wconf 90' lang='lat' dir='ltr'><strong>Elevata</strong></span> <span class='ocrx_word' id='word_1_238' title='bbox 793 2011 864 2049; x_wconf 90' lang='lat' dir='ltr'><strong>est</strong></span> <span class='ocrx_word' id='word_1_239' title='bbox 895 2018 1065 2049; x_wconf 89' lang='lat' dir='ltr'><strong>manus</strong></span> <span class='ocrx_word' id='word_1_240' title='bbox 1094 2011 1177 2048; x_wconf 91' lang='lat' dir='ltr'><strong>tua</strong></span> <span class='ocrx_word' id='word_1_241' title='bbox 1198 2001 1320 2048; x_wconf 90' lang='lat' dir='ltr'><strong>sicut</strong></span> <span class='ocrx_word' id='word_1_242' title='bbox 1354 2000 1543 2047; x_wconf 86' lang='lat' dir='ltr'><strong>cedrus.</strong></span> <span class='ocrx_word' id='word_1_243' title='bbox 1571 2018 1594 2044; x_wconf 91' lang='lat'>»</span> <span class='ocrx_word' id='word_1_244' title='bbox 1627 2002 1686 2045; x_wconf 93' lang='lat' dir='ltr'><strong>Et</strong></span> <span class='ocrx_word' id='word_1_245' title='bbox 1706 2015 1792 2064; x_wconf 86' lang='lat' dir='ltr'><strong>per</strong></span> <span class='ocrx_word' id='word_1_246' title='bbox 1822 1997 2128 2062; x_wconf 79' lang='lat' dir='ltr'><strong>Apostolum⁰</strong></span> <span class='ocrx_word' id='word_1_247' title='bbox 2155 2016 2165 2043; x_wconf 90' lang='lat'>:</span> <span class='ocrx_word' id='word_1_248' title='bbox 2196 2017 2219 2042; x_wconf 91' lang='lat'>«</span> <span class='ocrx_word' id='word_1_249' title='bbox 2246 2002 2450 2064; x_wconf 62' lang='lat' dir='ltr'><strong>Propter&gt;</strong></span> 
     </span>
     <span class='ocr_line' id='line_1_22' title="bbox 323 2077 2438 2144; baseline 0 -21"><span class='ocrx_word' id='word_1_250' title='bbox 323 2077 456 2141; x_wconf 92' lang='lat' dir='ltr'><strong>quod</strong></span> <span class='ocrx_word' id='word_1_251' title='bbox 480 2088 528 2125; x_wconf 92' lang='lat' dir='ltr'><strong>et</strong></span> <span class='ocrx_word' id='word_1_252' title='bbox 548 2082 677 2128; x_wconf 91' lang='lat' dir='ltr'><strong>Deus</strong></span> <span class='ocrx_word' id='word_1_253' title='bbox 699 2080 833 2128; x_wconf 90' lang='lat' dir='ltr'><strong>illum</strong></span> <span class='ocrx_word' id='word_1_254' title='bbox 856 2081 1100 2140; x_wconf 86' lang='lat' dir='ltr'><strong>exaltavit,</strong></span> <span class='ocrx_word' id='word_1_255' title='bbox 1119 2091 1166 2128; x_wconf 92' lang='lat' dir='ltr'><strong>et</strong></span> <span class='ocrx_word' id='word_1_256' title='bbox 1182 2081 1315 2128; x_wconf 92' lang='lat' dir='ltr'><strong>dedit</strong></span> <span class='ocrx_word' id='word_1_257' title='bbox 1337 2081 1381 2128; x_wconf 90' lang='lat' dir='ltr'><strong>ei</strong></span> <span class='ocrx_word' id='word_1_258' title='bbox 1402 2097 1583 2127; x_wconf 89' lang='lat' dir='ltr'><strong>nomen</strong></span> <span class='ocrx_word' id='word_1_259' title='bbox 1614 2077 1748 2144; x_wconf 93' lang='lat' dir='ltr'><strong>quod</strong></span> <span class='ocrx_word' id='word_1_260' title='bbox 1771 2088 1842 2125; x_wconf 90' lang='lat' dir='ltr'><strong>est</strong></span> <span class='ocrx_word' id='word_1_261' title='bbox 1863 2094 2005 2142; x_wconf 90' lang='lat' dir='ltr'><strong>super</strong></span> <span class='ocrx_word' id='word_1_262' title='bbox 2024 2093 2170 2125; x_wconf 88' lang='lat' dir='ltr'><strong>omne</strong></span> <span class='ocrx_word' id='word_1_263' title='bbox 2192 2095 2389 2126; x_wconf 89' lang='lat' dir='ltr'><strong>nomen.</strong></span> <span class='ocrx_word' id='word_1_264' title='bbox 2416 2100 2438 2124; x_wconf 85' lang='lat'>»</span> 
     </span>
     <span class='ocr_line' id='line_1_23' title="bbox 324 2156 2443 2225; baseline 0.002 -22"><span class='ocrx_word' id='word_1_265' title='bbox 324 2159 380 2203; x_wconf 92' lang='lat' dir='ltr'><strong>Et</strong></span> <span class='ocrx_word' id='word_1_266' title='bbox 414 2158 611 2207; x_wconf 89' lang='lat' dir='ltr'><strong>iterum⁷</strong></span> <span class='ocrx_word' id='word_1_267' title='bbox 637 2179 648 2207; x_wconf 72' lang='grc' dir='ltr'><strong><em>ε</em></strong></span> <span class='ocrx_word' id='word_1_268' title='bbox 679 2180 703 2206; x_wconf 88' lang='lat'>«</span> <span class='ocrx_word' id='word_1_269' title='bbox 728 2161 871 2209; x_wconf 89' lang='lat' dir='ltr'><strong>Sedet</strong></span> <span class='ocrx_word' id='word_1_270' title='bbox 906 2162 967 2211; x_wconf 86' lang='lat' dir='ltr'><strong>ad</strong></span> <span class='ocrx_word' id='word_1_271' title='bbox 998 2162 1243 2210; x_wconf 88' lang='lat' dir='ltr'><strong>dexteram</strong></span> <span class='ocrx_word' id='word_1_272' title='bbox 1273 2156 1528 2225; x_wconf 80' lang='lat' dir='ltr'><strong>majestatis</strong></span> <span class='ocrx_word' id='word_1_273' title='bbox 1557 2161 1605 2207; x_wconf 94' lang='lat' dir='ltr'><strong>in</strong></span> <span class='ocrx_word' id='word_1_274' title='bbox 1643 2158 1837 2207; x_wconf 84' lang='lat' dir='ltr'><strong>excelsis</strong></span> <span class='ocrx_word' id='word_1_275' title='bbox 1855 2195 1866 2217; x_wconf 95' lang='lat'><strong>,</strong></span> <span class='ocrx_word' id='word_1_276' title='bbox 1898 2168 2034 2205; x_wconf 91' lang='lat' dir='ltr'><strong>tanto</strong></span> <span class='ocrx_word' id='word_1_277' title='bbox 2064 2157 2242 2222; x_wconf 90' lang='lat' dir='ltr'><strong>angelis</strong></span> <span class='ocrx_word' id='word_1_278' title='bbox 2273 2160 2443 2208; x_wconf 90' lang='lat' dir='ltr'><strong>melior</strong></span> 
     </span>
     <span class='ocr_line' id='line_1_24' title="bbox 322 2237 2442 2308; baseline 0.002 -24"><span class='ocrx_word' id='word_1_279' title='bbox 322 2237 539 2299; x_wconf 76' lang='lat' dir='ltr'><strong>effectus,</strong></span> <span class='ocrx_word' id='word_1_280' title='bbox 564 2251 748 2306; x_wconf 88' lang='lat' dir='ltr'><strong>quanto</strong></span> <span class='ocrx_word' id='word_1_281' title='bbox 771 2242 1068 2291; x_wconf 83' lang='lat' dir='ltr'><strong>differentius</strong></span> <span class='ocrx_word' id='word_1_282' title='bbox 1090 2260 1188 2308; x_wconf 82' lang='lat' dir='ltr'><strong>prae</strong></span> <span class='ocrx_word' id='word_1_283' title='bbox 1210 2243 1299 2290; x_wconf 88' lang='lat' dir='ltr'><strong>illis</strong></span> <span class='ocrx_word' id='word_1_284' title='bbox 1319 2260 1498 2290; x_wconf 92' lang='lat' dir='ltr'><strong>nomen</strong></span> <span class='ocrx_word' id='word_1_285' title='bbox 1519 2241 1834 2289; x_wconf 80' lang='lat' dir='ltr'><strong>haereditavit.</strong></span> <span class='ocrx_word' id='word_1_286' title='bbox 1858 2258 1881 2283; x_wconf 90' lang='lat'>»</span> <span class='ocrx_word' id='word_1_287' title='bbox 1908 2238 2186 2286; x_wconf 87' lang='lat' dir='ltr'><strong>Ascendisse</strong></span> <span class='ocrx_word' id='word_1_288' title='bbox 2204 2239 2365 2305; x_wconf 91' lang='lat' dir='ltr'><strong>itaque</strong></span> <span class='ocrx_word' id='word_1_289' title='bbox 2382 2243 2442 2289; x_wconf 93' lang='lat' dir='ltr'><strong>ad</strong></span> 
     </span>
     <span class='ocr_line' id='line_1_25' title="bbox 321 2317 2442 2386; baseline 0.002 -23"><span class='ocrx_word' id='word_1_290' title='bbox 321 2317 465 2365; x_wconf 89' lang='lat' dir='ltr'><strong>coelos</strong></span> <span class='ocrx_word' id='word_1_291' title='bbox 499 2319 690 2379; x_wconf 86' lang='lat' dir='ltr'><strong>dicitur,</strong></span> <span class='ocrx_word' id='word_1_292' title='bbox 726 2338 826 2368; x_wconf 91' lang='lat' dir='ltr'><strong>non</strong></span> <span class='ocrx_word' id='word_1_293' title='bbox 862 2332 915 2368; x_wconf 92' lang='lat' dir='ltr'><strong>ut</strong></span> <span class='ocrx_word' id='word_1_294' title='bbox 942 2323 1043 2386; x_wconf 90' lang='lat' dir='ltr'><strong>ejus</strong></span> <span class='ocrx_word' id='word_1_295' title='bbox 1070 2321 1319 2369; x_wconf 89' lang='lat' dir='ltr'><strong>beatitudo</strong></span> <span class='ocrx_word' id='word_1_296' title='bbox 1352 2321 1427 2368; x_wconf 91' lang='lat' dir='ltr'><strong>vel</strong></span> <span class='ocrx_word' id='word_1_297' title='bbox 1457 2320 1608 2385; x_wconf 89' lang='lat' dir='ltr'><strong>gloria</strong></span> <span class='ocrx_word' id='word_1_298' title='bbox 1630 2336 1716 2384; x_wconf 89' lang='lat' dir='ltr'><strong>per</strong></span> <span class='ocrx_word' id='word_1_299' title='bbox 1744 2317 2046 2384; x_wconf 90' lang='lat' dir='ltr'><strong>corporalem</strong></span> <span class='ocrx_word' id='word_1_300' title='bbox 2069 2318 2169 2381; x_wconf 90' lang='lat' dir='ltr'><strong>ejus</strong></span> <span class='ocrx_word' id='word_1_301' title='bbox 2192 2335 2442 2368; x_wconf 86' lang='lat' dir='ltr'><strong>ascensum</strong></span> 
     </span>
     <span class='ocr_line' id='line_1_26' title="bbox 320 2398 2442 2468; baseline 0.002 -25"><span class='ocrx_word' id='word_1_302' title='bbox 320 2408 564 2468; x_wconf 89' lang='lat' dir='ltr'><strong>augeatur,</strong></span> <span class='ocrx_word' id='word_1_303' title='bbox 598 2400 683 2447; x_wconf 85' lang='lat' dir='ltr'><strong>sed</strong></span> <span class='ocrx_word' id='word_1_304' title='bbox 717 2411 770 2447; x_wconf 93' lang='lat' dir='ltr'><strong>ut</strong></span> <span class='ocrx_word' id='word_1_305' title='bbox 803 2418 890 2466; x_wconf 91' lang='lat' dir='ltr'><strong>per</strong></span> <span class='ocrx_word' id='word_1_306' title='bbox 924 2402 1082 2466; x_wconf 92' lang='lat' dir='ltr'><strong>ipsum</strong></span> <span class='ocrx_word' id='word_1_307' title='bbox 1106 2401 1390 2455; x_wconf 77' lang='lat' dir='ltr'><strong>declaretur,</strong></span> <span class='ocrx_word' id='word_1_308' title='bbox 1425 2400 1556 2447; x_wconf 92' lang='lat' dir='ltr'><strong>Absit</strong></span> <span class='ocrx_word' id='word_1_309' title='bbox 1579 2400 1732 2457; x_wconf 92' lang='lat' dir='ltr'><strong>enim,</strong></span> <span class='ocrx_word' id='word_1_310' title='bbox 1761 2409 1814 2445; x_wconf 93' lang='lat' dir='ltr'><strong>ut</strong></span> <span class='ocrx_word' id='word_1_311' title='bbox 1843 2398 2026 2445; x_wconf 92' lang='lat' dir='ltr'><strong>dictum</strong></span> <span class='ocrx_word' id='word_1_312' title='bbox 2048 2408 2141 2456; x_wconf 93' lang='lat' dir='ltr'><strong>est,</strong></span> <span class='ocrx_word' id='word_1_313' title='bbox 2168 2400 2301 2463; x_wconf 90' lang='lat' dir='ltr'><strong>quod</strong></span> <span class='ocrx_word' id='word_1_314' title='bbox 2332 2412 2442 2465; x_wconf 83' lang='lat' dir='ltr'><strong>post</strong></span> 
     </span>
     <span class='ocr_line' id='line_1_27' title="bbox 319 2478 2438 2546; baseline 0.003 -23"><span class='ocrx_word' id='word_1_315' title='bbox 319 2480 717 2528; x_wconf 87' lang='lat' dir='ltr'><strong>resurrectionem</strong></span> <span class='ocrx_word' id='word_1_316' title='bbox 740 2482 830 2546; x_wconf 90' lang='lat' dir='ltr'><strong>ipsi</strong></span> <span class='ocrx_word' id='word_1_317' title='bbox 857 2482 1037 2546; x_wconf 88' lang='lat' dir='ltr'><strong>aliquid</strong></span> <span class='ocrx_word' id='word_1_318' title='bbox 1059 2482 1369 2530; x_wconf 90' lang='lat' dir='ltr'><strong>beatitudinis</strong></span> <span class='ocrx_word' id='word_1_319' title='bbox 1383 2481 1460 2528; x_wconf 91' lang='lat' dir='ltr'><strong>vel</strong></span> <span class='ocrx_word' id='word_1_320' title='bbox 1484 2481 1642 2545; x_wconf 85' lang='lat' dir='ltr'><strong>gloriae</strong></span> <span class='ocrx_word' id='word_1_321' title='bbox 1665 2495 1760 2526; x_wconf 84' lang='lat' dir='ltr'><strong>suae</strong></span> <span class='ocrx_word' id='word_1_322' title='bbox 1783 2480 1831 2525; x_wconf 91' lang='lat' dir='ltr'><strong>in</strong></span> <span class='ocrx_word' id='word_1_323' title='bbox 1856 2478 2016 2526; x_wconf 90' lang='lat' dir='ltr'><strong>anima</strong></span> <span class='ocrx_word' id='word_1_324' title='bbox 2039 2479 2138 2526; x_wconf 91' lang='lat' dir='ltr'><strong>sive</strong></span> <span class='ocrx_word' id='word_1_325' title='bbox 2160 2480 2209 2531; x_wconf 76' lang='lat' dir='ltr'><strong>in</strong></span> <span class='ocrx_word' id='word_1_326' title='bbox 2234 2496 2438 2546; x_wconf 90' lang='lat' dir='ltr'><strong>corpore</strong></span> 
     </span>
     <span class='ocr_line' id='line_1_28' title="bbox 318 2559 2438 2628; baseline 0.003 -24"><span class='ocrx_word' id='word_1_327' title='bbox 318 2559 568 2608; x_wconf 90' lang='lat' dir='ltr'><strong>credamus</strong></span> <span class='ocrx_word' id='word_1_328' title='bbox 583 2561 811 2610; x_wconf 89' lang='lat' dir='ltr'><strong>collatum</strong></span> <span class='ocrx_word' id='word_1_329' title='bbox 833 2579 935 2611; x_wconf 90' lang='lat' dir='ltr'><strong>esse</strong></span> <span class='ocrx_word' id='word_1_330' title='bbox 955 2582 964 2610; x_wconf 95' lang='lat'>:</span> <span class='ocrx_word' id='word_1_331' title='bbox 985 2563 1069 2611; x_wconf 89' lang='lat' dir='ltr'><strong>sed</strong></span> <span class='ocrx_word' id='word_1_332' title='bbox 1093 2563 1226 2628; x_wconf 92' lang='lat' dir='ltr'><strong>quod</strong></span> <span class='ocrx_word' id='word_1_333' title='bbox 1239 2563 1339 2627; x_wconf 88' lang='lat' dir='ltr'><strong>jam</strong></span> <span class='ocrx_word' id='word_1_334' title='bbox 1369 2562 1640 2620; x_wconf 87' lang='lat' dir='ltr'><strong>obtinebat,</strong></span> <span class='ocrx_word' id='word_1_335' title='bbox 1667 2578 1818 2626; x_wconf 90' lang='lat' dir='ltr'><strong>quum</strong></span> <span class='ocrx_word' id='word_1_336' title='bbox 1830 2560 1930 2625; x_wconf 89' lang='lat' dir='ltr'><strong>jam</strong></span> <span class='ocrx_word' id='word_1_337' title='bbox 1946 2577 2121 2624; x_wconf 88' lang='lat' dir='ltr'><strong>corpus</strong></span> <span class='ocrx_word' id='word_1_338' title='bbox 2143 2577 2283 2608; x_wconf 91' lang='lat' dir='ltr'><strong>suum</strong></span> <span class='ocrx_word' id='word_1_339' title='bbox 2307 2571 2438 2610; x_wconf 88' lang='lat' dir='ltr'><strong>tanta</strong></span> 
     </span>
     <span class='ocr_line' id='line_1_29' title="bbox 316 2637 2437 2707; baseline 0.002 -22"><span class='ocrx_word' id='word_1_340' title='bbox 316 2637 506 2688; x_wconf 87' lang='lat' dir='ltr'><strong>levitate</strong></span> <span class='ocrx_word' id='word_1_341' title='bbox 540 2642 824 2691; x_wconf 87' lang='lat' dir='ltr'><strong>ostendebat</strong></span> <span class='ocrx_word' id='word_1_342' title='bbox 858 2643 1198 2707; x_wconf 86' lang='lat' dir='ltr'><strong>glorificatum,</strong></span> <span class='ocrx_word' id='word_1_343' title='bbox 1238 2654 1291 2691; x_wconf 90' lang='lat' dir='ltr'><strong>ut</strong></span> <span class='ocrx_word' id='word_1_344' title='bbox 1324 2654 1372 2691; x_wconf 90' lang='lat' dir='ltr'><strong>et</strong></span> <span class='ocrx_word' id='word_1_345' title='bbox 1401 2642 1519 2690; x_wconf 91' lang='lat' dir='ltr'><strong>nubi</strong></span> <span class='ocrx_word' id='word_1_346' title='bbox 1555 2642 1784 2700; x_wconf 88' lang='lat' dir='ltr'><strong>insidere,</strong></span> <span class='ocrx_word' id='word_1_347' title='bbox 1826 2651 1874 2688; x_wconf 93' lang='lat' dir='ltr'><strong>et</strong></span> <span class='ocrx_word' id='word_1_348' title='bbox 1906 2640 2052 2688; x_wconf 85' lang='lat' dir='ltr'><strong>coelos</strong></span> <span class='ocrx_word' id='word_1_349' title='bbox 2081 2650 2357 2706; x_wconf 88' lang='lat' dir='ltr'><strong>penetrare,</strong></span> <span class='ocrx_word' id='word_1_350' title='bbox 2390 2654 2437 2690; x_wconf 93' lang='lat' dir='ltr'><strong>et</strong></span> 
     </span>
     <span class='ocr_line' id='line_1_30' title="bbox 317 2717 2437 2787; baseline 0.003 -23"><span class='ocrx_word' id='word_1_351' title='bbox 317 2717 459 2783; x_wconf 89' lang='lat' dir='ltr'><strong>longe</strong></span> <span class='ocrx_word' id='word_1_352' title='bbox 486 2720 586 2783; x_wconf 91' lang='lat' dir='ltr'><strong>jam</strong></span> <span class='ocrx_word' id='word_1_353' title='bbox 621 2721 864 2770; x_wconf 90' lang='lat' dir='ltr'><strong>diversum</strong></span> <span class='ocrx_word' id='word_1_354' title='bbox 898 2723 1077 2771; x_wconf 87' lang='lat' dir='ltr'><strong>factum</strong></span> <span class='ocrx_word' id='word_1_355' title='bbox 1105 2740 1206 2771; x_wconf 90' lang='lat' dir='ltr'><strong>esse</strong></span> <span class='ocrx_word' id='word_1_356' title='bbox 1241 2723 1302 2771; x_wconf 91' lang='lat' dir='ltr'><strong>ab</strong></span> <span class='ocrx_word' id='word_1_357' title='bbox 1339 2723 1434 2770; x_wconf 92' lang='lat' dir='ltr'><strong>hoc</strong></span> <span class='ocrx_word' id='word_1_358' title='bbox 1456 2721 1756 2787; x_wconf 87' lang='lat' dir='ltr'><strong>corruptibili</strong></span> <span class='ocrx_word' id='word_1_359' title='bbox 1786 2737 2015 2786; x_wconf 88' lang='lat' dir='ltr'><strong>corpore,</strong></span> <span class='ocrx_word' id='word_1_360' title='bbox 2048 2720 2183 2785; x_wconf 93' lang='lat' dir='ltr'><strong>quod</strong></span> <span class='ocrx_word' id='word_1_361' title='bbox 2212 2734 2437 2785; x_wconf 86' lang='lat' dir='ltr'><strong>aggravat</strong></span> 
     </span>
     <span class='ocr_line' id='line_1_31' title="bbox 317 2792 2438 2870; baseline 0.002 -25"><span class='ocrx_word' id='word_1_362' title='bbox 317 2799 526 2848; x_wconf 90' lang='lat' dir='ltr'><strong>animam</strong></span> <span class='ocrx_word' id='word_1_363' title='bbox 540 2838 551 2860; x_wconf 93' lang='lat'><strong>,</strong></span> <span class='ocrx_word' id='word_1_364' title='bbox 579 2811 626 2848; x_wconf 91' lang='lat' dir='ltr'><strong>et</strong></span> <span class='ocrx_word' id='word_1_365' title='bbox 647 2819 814 2850; x_wconf 89' lang='lat' dir='ltr'><strong>sensus</strong></span> <span class='ocrx_word' id='word_1_366' title='bbox 835 2804 989 2851; x_wconf 89' lang='lat' dir='ltr'><strong>nostri</strong></span> <span class='ocrx_word' id='word_1_367' title='bbox 1011 2804 1237 2870; x_wconf 90' lang='lat' dir='ltr'><strong>deprimit</strong></span> <span class='ocrx_word' id='word_1_368' title='bbox 1261 2805 1490 2868; x_wconf 89' lang='lat' dir='ltr'><strong>vigorem.</strong></span> <span class='ocrx_word' id='word_1_369' title='bbox 1519 2807 1581 2850; x_wconf 90' lang='lat' dir='ltr'><strong>Ut</strong></span> <span class='ocrx_word' id='word_1_370' title='bbox 1603 2819 1716 2867; x_wconf 89' lang='lat' dir='ltr'><strong>ergo</strong></span> <span class='ocrx_word' id='word_1_371' title='bbox 1741 2792 1906 2849; x_wconf 78' lang='lat' dir='ltr'><strong>fideles¹</strong></span> <span class='ocrx_word' id='word_1_372' title='bbox 1926 2801 2053 2849; x_wconf 89' lang='lat' dir='ltr'><strong>hanc</strong></span> <span class='ocrx_word' id='word_1_373' title='bbox 2074 2802 2123 2848; x_wconf 92' lang='lat' dir='ltr'><strong>in</strong></span> <span class='ocrx_word' id='word_1_374' title='bbox 2148 2802 2244 2849; x_wconf 90' lang='lat' dir='ltr'><strong>suis</strong></span> <span class='ocrx_word' id='word_1_375' title='bbox 2259 2819 2438 2869; x_wconf 61' lang='lat' dir='ltr'><strong>corpo-‚</strong></span> 
     </span>
     <span class='ocr_line' id='line_1_32' title="bbox 315 2878 2434 2951; baseline 0.003 -26"><span class='ocrx_word' id='word_1_376' title='bbox 315 2878 447 2927; x_wconf 90' lang='lat' dir='ltr'><strong>ribus</strong></span> <span class='ocrx_word' id='word_1_377' title='bbox 482 2881 879 2945; x_wconf 85' lang='lat' dir='ltr'><strong>glorificationem</strong></span> <span class='ocrx_word' id='word_1_378' title='bbox 917 2895 1247 2951; x_wconf 86' lang='lat' dir='ltr'><strong>expectarent,</strong></span> <span class='ocrx_word' id='word_1_379' title='bbox 1284 2896 1337 2933; x_wconf 90' lang='lat' dir='ltr'><strong>ut</strong></span> <span class='ocrx_word' id='word_1_380' title='bbox 1362 2885 1640 2950; x_wconf 91' lang='lat' dir='ltr'><strong>ubicunque</strong></span> <span class='ocrx_word' id='word_1_381' title='bbox 1674 2883 1816 2932; x_wconf 91' lang='lat' dir='ltr'><strong>vellet</strong></span> <span class='ocrx_word' id='word_1_382' title='bbox 1849 2883 2073 2948; x_wconf 87' lang='lat' dir='ltr'><strong>Spiritus,</strong></span> <span class='ocrx_word' id='word_1_383' title='bbox 2113 2882 2178 2930; x_wconf 92' lang='lat' dir='ltr'><strong>ibi</strong></span> <span class='ocrx_word' id='word_1_384' title='bbox 2202 2884 2303 2930; x_wconf 90' lang='lat' dir='ltr'><strong>sine</strong></span> <span class='ocrx_word' id='word_1_385' title='bbox 2339 2885 2434 2933; x_wconf 89' lang='lat' dir='ltr'><strong>ulla</strong></span> 
     </span>
     <span class='ocr_line' id='line_1_33' title="bbox 314 2958 2431 3031; baseline 0.004 -27"><span class='ocrx_word' id='word_1_386' title='bbox 314 2958 591 3009; x_wconf 85' lang='lat' dir='ltr'><strong>difficultate</strong></span> <span class='ocrx_word' id='word_1_387' title='bbox 628 2965 789 3011; x_wconf 87' lang='lat' dir='ltr'><strong>statim</strong></span> <span class='ocrx_word' id='word_1_388' title='bbox 818 2975 940 3013; x_wconf 93' lang='lat' dir='ltr'><strong>esset</strong></span> <span class='ocrx_word' id='word_1_389' title='bbox 972 2982 1173 3031; x_wconf 91' lang='lat' dir='ltr'><strong>corpus,</strong></span> <span class='ocrx_word' id='word_1_390' title='bbox 1210 2966 1306 3013; x_wconf 91' lang='lat' dir='ltr'><strong>hoc</strong></span> <span class='ocrx_word' id='word_1_391' title='bbox 1331 2967 1542 3031; x_wconf 90' lang='lat' dir='ltr'><strong>primum</strong></span> <span class='ocrx_word' id='word_1_392' title='bbox 1580 2966 1629 3012; x_wconf 91' lang='lat' dir='ltr'><strong>in</strong></span> <span class='ocrx_word' id='word_1_393' title='bbox 1664 2965 1821 3030; x_wconf 90' lang='lat' dir='ltr'><strong>seipso</strong></span> <span class='ocrx_word' id='word_1_394' title='bbox 1850 2973 1994 3029; x_wconf 90' lang='lat' dir='ltr'><strong>caput</strong></span> <span class='ocrx_word' id='word_1_395' title='bbox 2024 2963 2237 3011; x_wconf 85' lang='lat' dir='ltr'><strong>exhibuit</strong></span> <span class='ocrx_word' id='word_1_396' title='bbox 2256 3002 2266 3022; x_wconf 92' lang='lat'>‚</span> <span class='ocrx_word' id='word_1_397' title='bbox 2300 2966 2431 3029; x_wconf 93' lang='lat' dir='ltr'><strong>quod</strong></span> 
     </span>
     <span class='ocr_line' id='line_1_34' title="bbox 314 3041 2430 3111; baseline 0.004 -26"><span class='ocrx_word' id='word_1_398' title='bbox 314 3041 532 3106; x_wconf 86' lang='lat' dir='ltr'><strong>exemplo</strong></span> <span class='ocrx_word' id='word_1_399' title='bbox 561 3045 661 3108; x_wconf 92' lang='lat' dir='ltr'><strong>ejus</strong></span> <span class='ocrx_word' id='word_1_400' title='bbox 694 3046 987 3111; x_wconf 90' lang='lat' dir='ltr'><strong>sperandum</strong></span> <span class='ocrx_word' id='word_1_401' title='bbox 1015 3057 1138 3095; x_wconf 90' lang='lat' dir='ltr'><strong>esset</strong></span> <span class='ocrx_word' id='word_1_402' title='bbox 1169 3047 1415 3095; x_wconf 88' lang='lat' dir='ltr'><strong>membris.</strong></span> <span class='ocrx_word' id='word_1_403' title='bbox 1448 3047 1578 3094; x_wconf 91' lang='lat' dir='ltr'><strong>Sicut</strong></span> <span class='ocrx_word' id='word_1_404' title='bbox 1602 3063 1716 3110; x_wconf 89' lang='lat' dir='ltr'><strong>ergo</strong></span> <span class='ocrx_word' id='word_1_405' title='bbox 1741 3045 1863 3093; x_wconf 87' lang='lat' dir='ltr'><strong>filius</strong></span> <span class='ocrx_word' id='word_1_406' title='bbox 1887 3045 1975 3092; x_wconf 89' lang='lat' dir='ltr'><strong>Dei</strong></span> <span class='ocrx_word' id='word_1_407' title='bbox 1999 3045 2059 3093; x_wconf 92' lang='lat' dir='ltr'><strong>de</strong></span> <span class='ocrx_word' id='word_1_408' title='bbox 2085 3045 2206 3092; x_wconf 89' lang='lat' dir='ltr'><strong>coelo</strong></span> <span class='ocrx_word' id='word_1_409' title='bbox 2231 3045 2430 3093; x_wconf 91' lang='lat' dir='ltr'><strong>descen—</strong></span> 
     </span>
     <span class='ocr_line' id='line_1_35' title="bbox 314 3120 2428 3193; baseline 0.003 -25"><span class='ocrx_word' id='word_1_410' title='bbox 314 3120 438 3170; x_wconf 90' lang='lat' dir='ltr'><strong>disse</strong></span> <span class='ocrx_word' id='word_1_411' title='bbox 467 3125 642 3172; x_wconf 90' lang='lat' dir='ltr'><strong>dicitur</strong></span> <span class='ocrx_word' id='word_1_412' title='bbox 669 3126 968 3187; x_wconf 89' lang='lat' dir='ltr'><strong>humiliatus,</strong></span> <span class='ocrx_word' id='word_1_413' title='bbox 994 3138 1042 3175; x_wconf 91' lang='lat' dir='ltr'><strong>et</strong></span> <span class='ocrx_word' id='word_1_414' title='bbox 1063 3129 1329 3176; x_wconf 91' lang='lat' dir='ltr'><strong>secundum</strong></span> <span class='ocrx_word' id='word_1_415' title='bbox 1361 3137 1654 3193; x_wconf 83' lang='lat' dir='ltr'><strong>assumptam</strong></span> <span class='ocrx_word' id='word_1_416' title='bbox 1683 3126 2042 3174; x_wconf 52' lang='lat' dir='ltr'><strong>humanitatem*</strong></span> <span class='ocrx_word' id='word_1_417' title='bbox 2063 3125 2428 3190; x_wconf 90' lang='lat' dir='ltr'><strong>quodammodo</strong></span> 
     </span>
     <span class='ocr_line' id='line_1_36' title="bbox 313 3203 2427 3271; baseline 0.002 -23"><span class='ocrx_word' id='word_1_418' title='bbox 313 3203 490 3266; x_wconf 90' lang='lat' dir='ltr'><strong>angelis</strong></span> <span class='ocrx_word' id='word_1_419' title='bbox 514 3207 674 3255; x_wconf 90' lang='lat' dir='ltr'><strong>minor</strong></span> <span class='ocrx_word' id='word_1_420' title='bbox 698 3206 863 3267; x_wconf 84' lang='lat' dir='ltr'><strong>factus,</strong></span> <span class='ocrx_word' id='word_1_421' title='bbox 886 3208 951 3255; x_wconf 89' lang='lat' dir='ltr'><strong>ita</strong></span> <span class='ocrx_word' id='word_1_422' title='bbox 966 3218 1013 3255; x_wconf 92' lang='lat' dir='ltr'><strong>et</strong></span> <span class='ocrx_word' id='word_1_423' title='bbox 1026 3207 1149 3256; x_wconf 86' lang='lat' dir='ltr'><strong>filius</strong></span> <span class='ocrx_word' id='word_1_424' title='bbox 1167 3209 1375 3257; x_wconf 91' lang='lat' dir='ltr'><strong>hominis</strong></span> <span class='ocrx_word' id='word_1_425' title='bbox 1391 3207 1660 3257; x_wconf 89' lang='lat' dir='ltr'><strong>ascendisse</strong></span> <span class='ocrx_word' id='word_1_426' title='bbox 1673 3206 1847 3254; x_wconf 89' lang='lat' dir='ltr'><strong>dicitur</strong></span> <span class='ocrx_word' id='word_1_427' title='bbox 1862 3205 2112 3266; x_wconf 85' lang='lat' dir='ltr'><strong>exaltatus,</strong></span> <span class='ocrx_word' id='word_1_428' title='bbox 2138 3207 2356 3271; x_wconf 89' lang='lat' dir='ltr'><strong>quamvis</strong></span> <span class='ocrx_word' id='word_1_429' title='bbox 2381 3217 2427 3253; x_wconf 94' lang='lat' dir='ltr'><strong>et</strong></span> 
     </span>
    </p>
   </div>
   <div class='ocr_carea' id='block_1_3' title="bbox 315 3357 2420 3519">
    <p class='ocr_par' dir='ltr' id='par_1_3' title="bbox 315 3357 2420 3519">
     <span class='ocr_line' id='line_1_37' title="bbox 359 3357 2420 3406; baseline 0 -16"><span class='ocrx_word' id='word_1_430' title='bbox 359 3357 368 3373; x_wconf 82' lang='lat'>¹</span> <span class='ocrx_word' id='word_1_431' title='bbox 390 3357 499 3397; x_wconf 79' lang='lat' dir='ltr'><strong>Joan..</strong></span> <span class='ocrx_word' id='word_1_432' title='bbox 526 3368 599 3401; x_wconf 79' lang='lat' dir='ltr'><strong>cap.</strong></span> <span class='ocrx_word' id='word_1_433' title='bbox 629 3371 683 3399; x_wconf 85' lang='lat' dir='ltr'><strong>m,</strong></span> <span class='ocrx_word' id='word_1_434' title='bbox 709 3371 741 3394; x_wconf 84' lang='lat' dir='ltr'><strong>v.</strong></span> <span class='ocrx_word' id='word_1_435' title='bbox 764 3362 816 3395; x_wconf 82' lang='grc'><strong>13.</strong></span> <span class='ocrx_word' id='word_1_436' title='bbox 834 3360 905 3386; x_wconf 81' lang='lat'><strong>-&#39;</strong></span> <span class='ocrx_word' id='word_1_437' title='bbox 920 3361 1040 3396; x_wconf 75' lang='lat' dir='ltr'><strong>Psalm.</strong></span> <span class='ocrx_word' id='word_1_438' title='bbox 1067 3372 1143 3404; x_wconf 74' lang='lat' dir='ltr'><strong>xvi,</strong></span> <span class='ocrx_word' id='word_1_439' title='bbox 1167 3373 1200 3397; x_wconf 87' lang='lat' dir='ltr'><strong>v.</strong></span> <span class='ocrx_word' id='word_1_440' title='bbox 1230 3363 1284 3396; x_wconf 79' lang='grc'><strong>15.</strong></span> <span class='ocrx_word' id='word_1_441' title='bbox 1301 3377 1342 3387; x_wconf 88' lang='lat'>-</span> <span class='ocrx_word' id='word_1_442' title='bbox 1397 3362 1554 3406; x_wconf 81' lang='lat' dir='ltr'><strong>(Ezech.,</strong></span> <span class='ocrx_word' id='word_1_443' title='bbox 1573 3371 1647 3404; x_wconf 82' lang='lat' dir='ltr'><strong>cap.</strong></span> <span class='ocrx_word' id='word_1_444' title='bbox 1673 3372 1711 3401; x_wconf 86' lang='lat' dir='ltr'><strong>x,</strong></span> <span class='ocrx_word' id='word_1_445' title='bbox 1730 3370 1761 3393; x_wconf 82' lang='lat' dir='ltr'><strong>v.</strong></span> <span class='ocrx_word' id='word_1_446' title='bbox 1781 3361 1888 3399; x_wconf 73' lang='lat'>4.)-</span> <span class='ocrx_word' id='word_1_447' title='bbox 1905 3358 2067 3402; x_wconf 67' lang='lat' dir='ltr'><strong>‘Phiup.,</strong></span> <span class='ocrx_word' id='word_1_448' title='bbox 2093 3368 2167 3403; x_wconf 78' lang='lat' dir='ltr'><strong>cap.</strong></span> <span class='ocrx_word' id='word_1_449' title='bbox 2202 3370 2241 3399; x_wconf 85' lang='lat' dir='ltr'><strong>n,</strong></span> <span class='ocrx_word' id='word_1_450' title='bbox 2271 3369 2300 3390; x_wconf 85' lang='lat' dir='ltr'><strong>v.</strong></span> <span class='ocrx_word' id='word_1_451' title='bbox 2328 3359 2360 3389; x_wconf 83' lang='lat'><strong>9.</strong></span> <span class='ocrx_word' id='word_1_452' title='bbox 2377 3375 2420 3382; x_wconf 97' lang='lat'><strong>—</strong></span> 
     </span>
     <span class='ocr_line' id='line_1_38' title="bbox 315 3410 1777 3463; baseline 0.003 -19"><span class='ocrx_word' id='word_1_453' title='bbox 315 3410 328 3427; x_wconf 85' lang='lat'>⁸</span> <span class='ocrx_word' id='word_1_454' title='bbox 344 3411 434 3446; x_wconf 76' lang='lat' dir='ltr'><strong>lsaiae</strong></span> <span class='ocrx_word' id='word_1_455' title='bbox 450 3423 523 3457; x_wconf 84' lang='lat' dir='ltr'><strong>cap.</strong></span> <span class='ocrx_word' id='word_1_456' title='bbox 546 3425 600 3456; x_wconf 69' lang='lat' dir='ltr'><strong>Lx,</strong></span> <span class='ocrx_word' id='word_1_457' title='bbox 615 3426 644 3450; x_wconf 89' lang='lat' dir='ltr'><strong>v.</strong></span> <span class='ocrx_word' id='word_1_458' title='bbox 666 3418 704 3450; x_wconf 85' lang='grc'><strong>19</strong></span> <span class='ocrx_word' id='word_1_459' title='bbox 729 3423 762 3451; x_wconf 83' lang='lat' dir='ltr'><strong>et</strong></span> <span class='ocrx_word' id='word_1_460' title='bbox 777 3427 848 3462; x_wconf 74' lang='lat' dir='ltr'><strong>seq.</strong></span> <span class='ocrx_word' id='word_1_461' title='bbox 862 3434 907 3445; x_wconf 72' lang='grc' dir='ltr'><strong>-ι</strong></span> <span class='ocrx_word' id='word_1_462' title='bbox 919 3417 932 3435; x_wconf 80' lang='lat'><strong>⁴</strong></span> <span class='ocrx_word' id='word_1_463' title='bbox 943 3418 1080 3460; x_wconf 70' lang='lat' dir='ltr'><strong>Ephes„</strong></span> <span class='ocrx_word' id='word_1_464' title='bbox 1095 3429 1169 3463; x_wconf 81' lang='lat' dir='ltr'><strong>cap.</strong></span> <span class='ocrx_word' id='word_1_465' title='bbox 1182 3430 1226 3460; x_wconf 78' lang='lat' dir='ltr'><strong>xv,</strong></span> <span class='ocrx_word' id='word_1_466' title='bbox 1240 3430 1271 3452; x_wconf 88' lang='lat' dir='ltr'><strong>v.</strong></span> <span class='ocrx_word' id='word_1_467' title='bbox 1288 3420 1341 3452; x_wconf 84' lang='lat'><strong>10.</strong></span> <span class='ocrx_word' id='word_1_468' title='bbox 1399 3418 1412 3437; x_wconf 84' lang='lat'>⁷</span> <span class='ocrx_word' id='word_1_469' title='bbox 1427 3420 1539 3458; x_wconf 75' lang='lat' dir='ltr'><strong>Hebr„</strong></span> <span class='ocrx_word' id='word_1_470' title='bbox 1553 3429 1626 3462; x_wconf 83' lang='lat' dir='ltr'><strong>cap.</strong></span> <span class='ocrx_word' id='word_1_471' title='bbox 1643 3429 1672 3459; x_wconf 84' lang='grc' dir='ltr'><strong>ι,</strong></span> <span class='ocrx_word' id='word_1_472' title='bbox 1693 3427 1724 3450; x_wconf 87' lang='lat' dir='ltr'><strong>v.</strong></span> <span class='ocrx_word' id='word_1_473' title='bbox 1743 3417 1777 3450; x_wconf 85' lang='grc'><strong>3.</strong></span> 
     </span>
     <span class='ocr_line' id='line_1_39' title="bbox 327 3467 1340 3519; baseline 0.007 -17"><span class='ocrx_word' id='word_1_474' title='bbox 327 3485 352 3490; x_wconf 93' lang='grc'>-</span> <span class='ocrx_word' id='word_1_475' title='bbox 376 3467 390 3486; x_wconf 84' lang='lat'><strong>¹</strong></span> <span class='ocrx_word' id='word_1_476' title='bbox 421 3482 435 3498; x_wconf 74' lang='grc' dir='ltr'>α</span> <span class='ocrx_word' id='word_1_477' title='bbox 462 3470 593 3505; x_wconf 79' lang='lat' dir='ltr'><strong>Elevata</strong></span> <span class='ocrx_word' id='word_1_478' title='bbox 623 3479 673 3506; x_wconf 81' lang='lat' dir='ltr'><strong>est</strong></span> <span class='ocrx_word' id='word_1_479' title='bbox 703 3473 805 3517; x_wconf 70' lang='lat' dir='ltr'><strong>gloria</strong></span> <span class='ocrx_word' id='word_1_480' title='bbox 832 3474 958 3509; x_wconf 87' lang='lat' dir='ltr'><strong>Domini</strong></span> <span class='ocrx_word' id='word_1_481' title='bbox 987 3474 1129 3519; x_wconf 79' lang='lat' dir='ltr'><strong>desuper</strong></span> <span class='ocrx_word' id='word_1_482' title='bbox 1158 3474 1299 3509; x_wconf 84' lang='lat' dir='ltr'><strong>Cherub.</strong></span> <span class='ocrx_word' id='word_1_483' title='bbox 1325 3488 1340 3505; x_wconf 70' lang='grc' dir='ltr'><strong>ι</strong></span> 
     </span>
    </p>
   </div>
  </div>
 </body>
</html>
