2970 4152
474 448 570 497 282
1152 443 1466 493 *HELOISSAE
1499 446 1889 495 PROBLEMATA

478 541 635 606 potius
664 554 805 602 quam
831 536 1052 583 sacerdos
1087 536 1311 597 extiterit,
1339 540 1606 586 communis
1626 540 1790 605 opinio
1809 548 1895 599 est,
1923 554 2012 585 nec
2038 537 2238 585 domum
2267 539 2368 602 ejus
2392 538 2582 587 fidelem

481 620 710 678 extitisse,
740 617 873 680 cujus
906 616 989 663 filii
1020 615 1259 682 reprobati
1289 627 1413 665 sunt.
1448 619 1596 677 Quod
1633 621 1776 667 etiam
1809 619 1981 666 dicitur
2008 637 2022 676 ¹:
2057 637 2080 663 «
2124 618 2392 666 Ambulabit
2423 635 2585 667 coram

480 700 665 747 Christo
691 714 822 757 me0,
850 716 873 741 »
897 707 1059 744 utrum
1082 697 1143 744 de
1164 698 1268 763 ipso
1290 699 1556 760 sacerdote,
1593 717 1653 747 an
1679 700 1739 747 de
1771 699 1919 746 domo
1949 699 2049 762 ejus
2071 698 2401 764 accipiendum
2431 699 2514 757 sit,
2541 710 2587 747 et

481 780 584 842 quis
611 778 688 825 ille
716 778 925 824 Christus
950 778 1024 837 sit,
1045 778 1311 841 quaerimus.
1341 779 1556 844 Denique
1580 779 1712 844 quod
1738 778 2106 844 supponiturnde
2132 778 2383 826 oblatione.
2403 780 2588 826 nummi

479 859 711 923 argentei,
738 869 784 905 et
805 869 937 905 tortae
951 858 1111 923 panis,
1134 868 1362 923 tanquam
1384 859 1625 907 oblatione
1646 877 1796 919 nova,
1825 876 1970 925 quam
1994 860 2067 907 lex
2093 876 2190 907 non
2216 859 2409 918 habuit,
2438 869 2485 907 et
2505 874 2590 906 cae·

480 941 605 1001 teris,
627 957 731 1004 quae
749 939 1006 1000 adduntur,
1030 940 1205 1004 exponi
1221 940 1531 1005 postulamus.

1293 1067 1472 1112 Solatio
1506 1064 1765 1111 Aboelardc'.

545 1176 624 1221 Vir
648 1175 725 1222 ille
745 1176 832 1221 Dei
861 1173 1067 1221 creditur
1090 1167 1448 1237 angelus-fuisse
1473 1189 1707 1237 apparens
1730 1173 1778 1218 in
1802 1172 2013 1219 humana
2038 1171 2211 1237 specie.
2241 1170 2471 1217 Sacerdos
2494 1188 2594 1217 suc-

481 1274 696 1305 cessurus
731 1256 829 1316 Eli,
864 1271 963 1303 non
994 1265 1092 1302 tam
1130 1253 1319 1301 Samuel
1352 1255 1434 1318 qui
1463 1254 1605 1301 levita
1636 1254 1801 1314 fuerit,
1838 1270 1928 1301 nec
1965 1253 2183 1313 fidelem,
2218 1253 2300 1300 sed
2337 1252 2592 1317 reprobam

483 1339 684 1385 domum
706 1336 892 1393 habuit,
915 1351 1058 1400 quam
1083 1336 1356 1399 quicunque
1384 1334 1502 1381 alius
1523 1335 1596 1382 vir
1614 1344 1830 1395 sanctus,
1860 1334 1942 1398 qui
1971 1335 2020 1380 in
2040 1334 2208 1381 ordine
2239 1332 2495 1380 sacerdotii
2522 1331 2595 1379 Eli

482 1418 779 1476 successerit,
806 1415 1136 1479 intelligendus
1162 1432 1264 1462 esse
1291 1414 1495 1475 videtur,
1528 1415 1678 1479 qualis
1707 1415 1914 1462 fortassis
1940 1413 2211 1461 Abinadab¹
2238 1413 2350 1473 fuit,
2378 1414 2426 1460 in
2461 1413 2596 1476 cujus

482 1499 682 1546 domum
706 1514 812 1544 arca
836 1497 1030 1543 Domini
1055 1495 1381 1542 Cariathiarim
1406 1495 1600 1542 reducta
1625 1505 1694 1542 est
1724 1511 1751 1541 a
1778 1495 2041 1554 Philistaeis‚
2069 1494 2145 1542 vel
2171 1494 2450 1541 Eleazarus²
2471 1492 2596 1540 filius

482 1580 581 1641 ejus
600 1577 914 1626 sanctificatus
939 1577 1004 1623 ibi
1027 1577 1088 1624 ad
1106 1576 1471 1623 custodiendam
1495 1592 1671 1634 arcam,
1699 1575 1775 1622 vel
1791 1575 1998 1639 denique
2014 1576 2115 1639 ipse
2139 1574 2424 1633 Achimelec‚
2452 1590 2596 1638 quem

481 1675 590 1705 cum
609 1659 709 1705 aliis
737 1657 1060 1705 sacerdotibus
1085 1656 1196 1703 Saul
1222 1655 1454 1710 interfecit
1477 1657 1525 1701 in
1559 1654 1718 1702 Nobe³
1739 1655 1925 1702 civitate
1955 1654 2274 1702 sacerdotum.
2310 1653 2454 1711 Quod
2482 1668 2597 1700 vero

484 1739 662 1786 dictum
686 1749 755 1786 est
779 1757 790 1784 :
816 1759 838 1783 ‹<
865 1737 1133 1785 Ambulabit
1158 1753 1321 1783 coram
1344 1735 1530 1783 Christo
1554 1752 1664 1782 meo
1678 1771 1691 1796 ‚
1718 1754 1742 1780 >›
1765 1752 1865 1782 non
1889 1735 1949 1783 de
1966 1735 2210 1783 sacerdote
2224 1771 2236 1795 ,
2257 1734 2342 1781 sed
2366 1733 2427 1780 de
2449 1732 2597 1780 domo

484 1821 582 1883 ejus
622 1821 783 1885 accipe
823 1819 910 1867 sub
947 1820 1050 1884 ipso
1090 1818 1400 1865 ministrante.
1453 1817 1670 1881 Denique
1712 1817 1847 1881 quod
1891 1816 2082 1864 additur
2125 1835 2134 1862 :
2185 1834 2210 1860 «
2256 1818 2486 1862 Futurum
2520 1823 2599 1860 est

486 1901 630 1961 enim,
652 1910 763 1960 etc„
798 1903 821 1944 ἰ)
841 1901 905 1947 ita
929 1899 1180 1946 Hebraeum
1199 1897 1458 1962 quemdam
1483 1897 1646 1944 audivi
1677 1907 2013 1962 exponentem.
2052 1900 2286 1944 Nummus
2316 1903 2594 1958 argenteus,

484 1981 622 2028 siclus
645 1991 895 2046 argenteus
919 1990 1010 2038 est,
1040 1996 1137 2043 quo
1169 1979 1494 2042 unusquisque
1520 1978 1786 2025 redimebat
1817 1994 1866 2024 se
1891 1994 1918 2023 a
1949 1977 2212 2024 sacerdote.
2252 1979 2394 2022 Torta
2431 1973 2596 2039 panis,

488 2062 663 2125 quicar,
681 2062 731 2108 id
748 2071 817 2109 est
829 2071 996 2125 quarta
1007 2060 1143 2125 panis
1159 2076 1285 2124 pars,
1300 2075 1404 2123 quae
1422 2075 1687 2123 pauperum
1707 2057 1885 2105 oblatio
1904 2068 2018 2105 erat.
2045 2061 2157 2104 Pars
2173 2055 2424 2104 sacerdotii
2440 2069 2601 2100 armus

490 2141 664 2202 dexter,
694 2153 741 2189 et
762 2141 1117 2207 pectusculum,
1148 2140 1198 2187 id
1222 2151 1291 2186 est
1317 2140 1532 2204 superior
1555 2140 1762 2204 pectoris
1794 2156 1927 2204 pars,
1959 2138 2184 2198 maxillae,
2219 2135 2532 2194 ventriculuS,
2556 2144 2603 2180 et

490 2223 653 2283 cauda,
678 2240 781 2288 quae
806 2233 963 2270 tamen
989 2237 1088 2268 non
1108 2237 1295 2285 semper
1320 2220 1487 2267 eadem
1504 2230 1603 2267 erat
1617 2221 1728 2284 quia
1747 2219 2012 2266 secundum
2031 2218 2244 2265 diversos
2260 2216 2599 2264 sacrificiorum

492 2303 603 2351 ritus
618 2340 630 2364 ,
657 2314 710 2350 ut
731 2305 780 2350 in
810 2304 1000 2350 Levitico
1019 2301 1187 2365 legitur
1207 2302 1236 2361 ⁶,
1265 2317 1373 2366 pars
1397 2300 1631 2347 sacerdoti
1653 2299 1868 2347 dabatur.
1906 2300 2156 2346 Nuntiatur
2179 2299 2338 2361 itaque
2356 2296 2444 2355 Eli,
2467 2295 2600 2360 quod

491 2383 660 2433 domus
686 2384 786 2447 ejus
819 2382 880 2431 ad
911 2392 1089 2430 tantam
1118 2392 1318 2429 ventura
1346 2382 1427 2428 sit⁵
1454 2390 1803 2446 paupertatem,
1845 2391 1898 2427 ut
1922 2381 2004 2444 qui
2029 2379 2176 2426 modo
2209 2378 2598 2442 redemptionum

490 2473 535 2508 et
559 2462 852 2511 oblationum
878 2472 1172 2527 susceptores
1190 2471 1346 2521 erant,
1370 2461 1542 2525 quibus
1567 2462 1710 2508 etiam
1734 2470 1931 2525 propter
1948 2461 2106 2524 ipsum
2143 2458 2215 2505 Eli
2235 2474 2345 2523 pars
2363 2455 2589 2504 sacerdo-

495 2543 598 2589 talis
628 2544 841 2603 dabatur,
873 2542 933 2589 ab
958 2543 1057 2589 aliis
1085 2560 1134 2589 se
1160 2542 1466 2589 redimendos
1493 2541 1837 2601 sacerdotibus,
1867 2540 2142 2588 alimoniam
2170 2548 2356 2603 petant,
2387 2546 2602 2595 orantes,

502 2634 553 2669 ut
577 2626 642 2670 eis
664 2623 1080 2688 quantulacunque
1106 2623 1356 2670 sacerdotii
1378 2622 1624 2687 particula,
1652 2632 1697 2669 et
1715 2621 1930 2680 buccella
1939 2622 2101 2686 panis,
2124 2636 2228 2684 quae
2249 2628 2373 2666 torta
2392 2617 2606 2682 superius

497 2704 728 2768 appellata
752 2714 844 2763 est,
874 2703 1153 2750 dimittatur.

1190 2837 1432 2867 PROB’LEMA
1465 2836 1686 2866 HELOISSAE
1721 2835 1901 2864 XXXVII.

564 2931 689 2987 Quid
706 2941 775 2977 est
798 2930 915 2977 illud
936 2931 984 2977 in
1005 2930 1201 2977 exordio
1226 2930 1370 2976 Marci
1399 2929 1731 2992 Evangelistae,
1760 2927 1893 2992 quod
1917 2927 1980 2974 ait
1995 2928 2008 2951 ⁶
2036 2944 2045 2972 ε
2079 2945 2102 2970 «
2132 2926 2262 2971 Sicut
2286 2924 2514 2986 scriptum
2537 2930 2608 2967 est

504 3012 549 3055 in
576 3012 692 3058 lsaia
723 3030 733 3058 ε
765 3031 786 3056 τ(
809 3015 929 3059 Ecce
954 3012 1089 3058 mitto
1115 3010 1334 3074 angelum
1354 3026 1516 3066 meum
1543 3019 1652 3055 ante
1681 3009 1847 3055 faciem
1881 3017 2038 3067 tuam,
2073 3006 2156 3070 qui
2179 3001 2460 3070 praeparabit
2485 3001 2610 3048 viam

505 3100 634 3136 tuam
654 3102 760 3139 ante
780 3102 842 3139 te.
868 3095 970 3139 Vox
995 3091 1238 3139 clamantis
1260 3091 1309 3136 in
1328 3089 1540 3148 deserto,
1564 3099 1652 3135 etc.
1685 3107 1708 3132 »
1736 3091 1832 3134 Cur
1850 3088 1979 3134 enim
2000 3086 2154 3133 dicit«
2177 3085 2227 3130 in
2243 3083 2378 3141 lsaia,
2410 3100 2432 3124 »
2462 3096 2612 3144 quum

504 3171 712 3234 primum
752 3171 1100 3232 testimonium,
1135 3170 1266 3235 quod
1291 3170 1447 3217 'statim
1473 3168 1629 3226 addit,
1668 3169 1726 3215 sit
1752 3167 2014 3226 Malachiae,
2041 3164 2305 3212 secundum
2342 3160 2501 3208 Isaiae?
2532 3160 2612 3205 Sin

505 3259 661 3296 autem
681 3267 706 3296 e
724 3267 951 3299 converso
971 3252 1170 3311 fecisset,
1193 3260 1314 3298 stare
1331 3250 1499 3297 veritas
1522 3258 1705 3313 posset;
1732 3248 1795 3294 ita
1814 3247 2006 3307 scilicet,
2034 3254 2086 3292 ut
2112 3242 2246 3303 illud,
2272 3240 2404 3306 q'uod
2427 3239 2614 3304 praemi-

507 3339 627 3375 serat
653 3347 662 3375 ε
688 3349 711 3373 «
739 3331 868 3377 Sicut
885 3332 1112 3396 scriptum
1129 3342 1198 3379 est
1215 3332 1262 3378 in
1280 3331 1413 3388 lsaia,
1441 3349 1463 3374 »
1483 3328 1544 3375 ad
1563 3328 1771 3394 primum
1790 3337 1974 3374 tantum
1996 3324 2253 3391 pertineret
2268 3321 2609 3370 testimonium.

552 3477 561 3493 ¹
584 3478 663 3519 Req.
687 3478 720 3515 I,
744 3488 815 3521 cap.
832 3489 903 3520 yn,
925 3489 955 3511 v.
982 3482 1009 3512 1.
1023 3478 1090 3503 —'
1108 3479 1191 3513 lbid.
1210 3499 1248 3504 —
1266 3478 1278 3496 ³
1296 3478 1395 3519 lbid.‚
1415 3488 1489 3521 cap.
1509 3488 1596 3518 xxii,
1612 3487 1644 3509 v.
1665 3476 1684 3507 9
1699 3482 1732 3509 et
1747 3474 2007 3519 sq.—⁴Levit.,
2039 3483 2113 3517 cap.
2137 3484 2179 3511 x,
2201 3482 2231 3505 V.
2263 3473 2315 3504 12.
2336 3489 2371 3495 -
2395 3469 2407 3487 ⁶
2423 3470 2508 3502 Erat
2530 3467 2612 3501 Cod.

506 3536 590 3570 Vict.
604 3554 644 3560 ——
658 3536 670 3554 ⁶
685 3536 798 3576 Marc„
814 3547 886 3580 cap.
902 3548 932 3579 ι,
948 3549 979 3571 v.
995 3539 1026 3570 2.
