2970 4152
537 372 631 418 358
1339 375 1510 423 PETRI
1545 377 1857 425 ABAELARDI

540 465 600 512 de
622 465 809 512 honore
834 482 1029 513 suorum
1049 468 1094 513 in
1116 468 1220 532 ipso
1241 485 1433 533 quoque
1456 471 1653 518 nomine
1679 471 1899 536 dignatus
1918 482 1987 518 est
2006 470 2284 536 providere,
2305 483 2354 519 tu
2375 491 2402 521 e
2418 476 2658 523 contrario

541 545 758 593 servilem
784 546 869 593 tibi
899 547 1227 595 conditionem
1256 565 1356 597 non
1393 550 1630 601 erubescis
1668 552 1918 600 ascribere.
1947 556 2040 612 lta,
2068 552 2291 612 domina,
2318 564 2370 601 ut
2394 572 2451 602 ex
2474 566 2520 603 te
2543 573 2660 621 prae-

542 627 679 691 cipue
702 627 779 673 illa
803 627 1079 675 humilitatis
1106 629 1322 695 exempla
1354 641 1618 693 sumantur,
1648 620 1709 680 acl
1740 651 1845 698 quae
1873 650 1961 680 nos
1986 634 2226 699 Scriptura
2254 634 2509 683 exhortans
2536 637 2620 683 ait¹
2645 656 2655 684 z

545 727 568 752 «
591 710 781 764 Quanto
802 708 954 771 major
969 725 1019 755 es
1033 746 1044 767 ‚
1065 709 1263 757 humilia
1282 721 1326 758 te
1348 711 1397 758 in
1423 712 1663 759 omnibus.
1694 716 1761 760 Ex
1777 714 1867 760 hac
1885 714 2089 761 maxime
2111 713 2386 762 humilitatis
2404 716 2576 764 virtute
2599 717 2662 764 ad

542 788 681 851 hujus
718 789 1048 852 promissionis
1086 790 1412 838 celsitudinem
1443 794 1656 840 meruisti
1689 793 2028 841 conscendere.
2069 797 2138 841 Ex
2168 794 2258 842 hac
2291 805 2381 842 tuae
2405 795 2663 862 disciplinae

543 869 701 932 regula
717 905 729 929 ,
762 870 892 933 virgo
918 870 996 918 illa
1023 872 1088 918 tui
1117 872 1341 919 imitatrix
1364 874 1566 937 Agatha,
1593 885 1638 921 et
1661 891 1758 921 una
1783 875 1843 922 de
1863 891 2064 922 numero
2087 875 2407 940 prudentum,
2435 877 2664 924 instructa

544 949 729 997 dicebat
752 969 762 996 ε
794 971 816 995 «
842 952 1019 999 Ancilla
1045 952 1217 1000 Christi
1248 970 1379 1014 sum,
1416 954 1525 1001 ideo
1550 972 1629 1002 me
1655 955 1857 1003 ostendo
1888 955 2106 1003 servilem
2140 973 2412 1021 personam.
2441 975 2463 1001 »
2496 960 2555 1004 Et
2570 957 2664 1005 ite-

542 1048 647 1077 rum
675 1050 684 1077 z
718 1051 740 1076 «
766 1033 962 1079 Summa
990 1034 1255 1098 ingenuitas
1285 1035 1370 1081 ista
1398 1045 1489 1094 est,
1526 1036 1572 1082 in
1600 1053 1695 1100 qua
1731 1037 1928 1083 servitus
1963 1036 2136 1084 Christi
2169 1037 2526 1103 comprobatur.
2563 1057 2586 1083 »
2609 1042 2663 1086 ln

542 1112 664 1159 hanc
685 1122 844 1160 tamen
870 1115 1080 1178 regulam
1111 1125 1156 1162 et
1176 1115 1450 1163 humilitatis
1475 1116 1678 1164 formam
1698 1127 1806 1164 tuus
1831 1118 1955 1183 ipse,
1985 1118 2035 1163 ni
2054 1117 2207 1177 fallor,
2235 1119 2370 1182 quasi
2395 1135 2510 1165 avus
2525 1129 2572 1166 te
2591 1119 2666 1165 in-

543 1194 767 1253 duxerat,
796 1194 981 1243 dicens²
1011 1215 1020 1242 ε
1055 1216 1077 1241 «
1110 1197 1255 1256 Audi,
1290 1196 1413 1256 filia,
1444 1207 1490 1244 et
1515 1197 1647 1258 vide,
1682 1208 1728 1245 et
1759 1198 1933 1246 inclina
1958 1215 2124 1245 aurem
2148 1209 2279 1246 tuam
2299 1235 2311 1259 ,
2339 1209 2428 1247 etc.
2452 1218 2475 1243 »
2503 1202 2666 1257 Quum

544 1275 672 1321 enim
691 1274 751 1321 de
770 1275 1019 1323 altitudine
1037 1275 1178 1340 hujus
1197 1277 1524 1342 promissionis
1546 1278 1608 1325 ad
1635 1288 1681 1325 te
1707 1277 1853 1325 filiam
1885 1295 2022 1326 suam
2046 1279 2218 1325 factam
2239 1279 2565 1344 praemisisset,
2593 1278 2666 1326 di-

544 1358 679 1403 cens³
702 1375 711 1402 :
739 1375 761 1401 «
784 1356 971 1403 Adstitit
1001 1358 1162 1422 regina
1192 1375 1218 1404 a
1242 1358 1416 1405 dextris
1451 1359 1567 1419 tuis,
1597 1368 1687 1406 etc.
1720 1379 1742 1403 »
1771 1360 1928 1406 statim
1956 1359 2018 1405 de
2047 1358 2313 1406 humilitate
2338 1358 2667 1407 conservanda

545 1437 816 1498 admonuit,
846 1438 1167 1503 subjungens:
1202 1459 1225 1484 «
1255 1439 1404 1499 Audi,
1435 1439 1558 1499 filia,
1597 1450 1688 1487 etc.
1717 1459 1739 1484 n
1767 1444 1831 1487 Ac
1857 1441 1896 1487 si
1923 1450 2086 1505 aperte
2121 1440 2278 1487 dicat:
2307 1443 2532 1504 Magnum
2568 1450 2663 1499 est,

545 1516 655 1578 filia,
678 1518 1049 1583 incomparabile
1070 1520 1256 1567 bonum
1282 1530 1327 1567 te
1351 1520 1549 1567 coelestis
1570 1521 1692 1584 regis
1719 1536 1944 1584 sponsam
1970 1518 2092 1566 effici
2117 1520 2433 1583 spiritualem,
2462 1528 2515 1565 ut
2534 1520 2670 1583 quasi

545 1602 705 1664 regina
723 1602 952 1649 coelorum
971 1603 1014 1649 ei
1035 1603 1202 1666 juncto
1220 1602 1366 1649 latere
1387 1603 1570 1649 assistas
1585 1639 1608 1662 ,¹
1629 1613 1676 1649 et
1694 1619 1805 1649 cum
1824 1619 1883 1649 eo
1901 1639 1913 1661 ,
1943 1611 2137 1649 caeteros
2163 1618 2330 1648 omnes
2357 1600 2596 1666 praecedas
2619 1601 2668 1648 in

545 1682 715 1728 vestitu
741 1682 994 1739 deaurat03
1024 1683 1118 1730 hoc
1138 1693 1207 1729 est
1226 1684 1273 1729 in
1301 1698 1502 1747 corpore
1521 1683 1676 1730 solido
1704 1692 1749 1729 et
1768 1683 2076 1747 incorrupto,
2101 1682 2236 1727 omni
2259 1682 2487 1729 virtutum
2514 1681 2670 1729 diver-

545 1763 678 1809 sitate
708 1764 833 1810 intus
855 1764 1103 1811 adornata.
1138 1764 1231 1810 Sed
1262 1764 1373 1828 quia
1397 1780 1568 1827 magna
1602 1773 1713 1810 sunt
1735 1763 1950 1809 femineae
1976 1771 2156 1808 naturae
2181 1770 2312 1807 tanta
2335 1761 2596 1825 praeconia,
2625 1769 2674 1808 et

546 1842 766 1890 humanae
790 1843 1075 1891 infirmitatis
1105 1831 1200 1890 tam
1237 1843 1468 1891 excellens
1504 1843 1677 1907 gloria,
1713 1842 1827 1889 audi
1859 1858 1964 1905 quae
1993 1841 2234 1900 dicuntur,
2276 1850 2323 1888 et
2362 1840 2671 1905 intelligendo

547 1924 655 1971 vide
679 1943 688 1970 :
718 1934 771 1971 ut
794 1942 945 1989 quum
968 1925 1069 1972 haec
1095 1924 1180 1971 tibi
1205 1923 1575 1983 nuntiabuntur,
1599 1939 1700 1969 non
1719 1921 1907 1969 diffidas
1932 1921 2147 1988 impleri,
2172 1931 2218 1969 et
2235 1931 2376 1969 tantae
2394 1922 2672 1987 promissio-

548 2007 620 2052 nis
651 2006 950 2053 altitudinem
973 2023 1085 2053 aure
1103 2005 1273 2052 humili
1297 2006 1503 2070 suscipe,
1536 2004 1672 2068 quasi
1697 2003 2025 2050 obliviscendo
2050 2002 2286 2068 populum
2313 2012 2475 2062 tuum,
2513 2013 2561 2050 et
2585 2002 2672 2049 do-

549 2103 683 2133 mum
696 2087 841 2152 patris
863 2105 872 2133 :
890 2087 985 2134 hoc
1003 2097 1098 2147 est,
1121 2103 1221 2133 non
1245 2084 1564 2151 superbiendo
1582 2084 1642 2131 de
1659 2101 1831 2148 genere
1850 2083 1982 2131 Judae
2009 2093 2055 2130 et
2071 2084 2199 2147 regia
2215 2083 2387 2148 stirpe,
2413 2099 2502 2130 nec
2525 2092 2674 2130 atten-

549 2166 710 2214 dendo
735 2167 852 2231 quid
873 2166 1050 2214 habeas
1078 2184 1135 2214 ex
1162 2176 1332 2213 natura
1349 2201 1361 2225 ‚
1388 2165 1472 2212 sed
1496 2165 1613 2229 quid
1648 2164 1734 2211 tibi
1757 2164 2029 2211 conferatur
2053 2181 2110 2210 ex
2133 2164 2296 2227 gratia.
2324 2165 2476 2227 Atque
2500 2163 2565 2210 ita
2591 2179 2674 2210 rex

549 2248 626 2296 ille
663 2248 864 2296 coelestis
888 2249 1190 2313 concupiscet
1218 2247 1441 2294 decorem
1472 2255 1636 2305 tuum,
1665 2246 1748 2309 qui
1783 2244 1999 2310 superbis
2025 2244 2196 2291 resistit
2221 2260 2409 2309 semper
2443 2253 2490 2290 et
2519 2243 2676 2290 humi-

549 2328 673 2376 libus
713 2329 794 2375 dat
830 2329 1042 2393 gratiam.
1072 2328 1215 2391 Cujus
1247 2326 1442 2391 quidem
1474 2325 1842 2385 exhortationis,
1871 2325 2090 2383 domina,
2122 2340 2222 2371 non
2248 2324 2503 2370 immemor
2527 2323 2670 2383 facta,

550 2409 707 2457 dixisti
736 2431 745 2455 ;
779 2429 802 2454 «
829 2412 949 2456 Ecce
977 2408 1145 2457 ancilla
1175 2407 1381 2455 Domini.
1415 2425 1437 2451 »
1466 2409 1524 2453 Et
1549 2423 1740 2453 rursum
1765 2424 1773 2451 :
1810 2424 1833 2450 «
1859 2405 1982 2462 Quia
2009 2404 2215 2469 respexit
2249 2403 2566 2451 humilitatem
2591 2419 2675 2449 an·

552 2491 667 2539 cillae
714 2508 823 2538 suae.
871 2510 893 2535 »
935 2494 1002 2537 Ex
1044 2507 1138 2555 qua
1177 2490 1392 2555 profecto
1439 2487 1704 2534 humilitate
1757 2487 1970 2534 meruisti
2008 2485 2142 2550 quod
2183 2485 2396 2549 sequitur
2440 2484 2672 2532 obtinere.

555 2591 579 2615 «
605 2572 703 2619 Fiat
725 2572 842 2619 mihi
861 2571 1124 2619 secundum
1146 2570 1348 2618 verbum
1373 2579 1522 2616 tuum.
1549 2587 1572 2613 »
1598 2571 1702 2615 Hoc
1727 2577 1822 2627 est,
1855 2576 1905 2613 ut
1922 2567 2080 2631 ipsum
2097 2566 2185 2613 Dei
2204 2565 2415 2613 Verbum
2428 2565 2562 2629 juxta
2588 2574 2677 2612 tuae

550 2653 878 2716 promissionis
898 2651 1096 2700 verbum
1117 2651 1385 2716 concipiam
1410 2650 1592 2714 integra
1609 2684 1621 2708 ,
1642 2658 1689 2695 et
1707 2648 1891 2713 pariam
1915 2648 2210 2711 incorrupta.
2236 2649 2402 2694 Amen.

600 2813 607 2829 ¹
635 2814 777 2851 Eccles„
795 2822 869 2856 cap.
891 2823 943 2853 ιιι,
962 2823 993 2845 v.
1011 2814 1064 2845 20.
1082 2831 1120 2836 -
1139 2811 1152 2828 ²
1166 2813 1246 2854 Περ.
1264 2812 1324 2850 IV,
1342 2821 1416 2854 cap.
1435 2822 1512 2852 xix,
1527 2821 1562 2844 v.
1582 2810 1712 2842 16.—³
1725 2809 1843 2842 Psalm.
1862 2818 1948 2851 κων,
1964 2818 1996 2841 v.
2019 2809 2066 2839 10.
