2970 4152
540 368 596 414 24
1126 366 1293 412 PETRI
1329 364 1637 412 ABAELARDI
1669 364 1742 410 ET
1775 364 2073 411 HELOlSSAE

249 482 502 522 ὓμνωῈρωηῑγμ
537 460 740 506 clamare
780 469 1046 524 coeperunt,
1083 475 1212 504 nunc
1248 475 1323 505 me
1351 468 1566 523 patenter
1599 458 1888 518 ostendisse,
1926 457 2058 521 quod
2095 473 2282 521 semper
2314 458 2652 504 monasterium

257 525 490 601 ςυῖξζῖᾒῖξξζζῗὲῇη
536 538 652 584 illud
684 549 901 585 nostrum
929 537 1270 596 infestaverim,
1301 547 1348 584 et
1372 538 1505 602 quod
1540 555 1669 585 nunc
1701 538 1904 584 maxime
1936 537 2022 583 toti
2053 551 2200 599 regno
2230 535 2580 600 derogaverim,
2611 538 2653 583 ei

306 614 335 644 5¹¹
357 623 441 644 ΜΝ·
537 619 753 665 videlicet
790 618 1024 664 honorem
1052 616 1186 663 illum
1219 617 1457 677 auferens,
1496 635 1593 682 quo
1627 618 1923 682 singulariter
1962 616 2262 680 gloriaretur,
2300 632 2450 680 quum
2486 633 2653 663 eorum

536 709 790 762 patronum
825 696 1147 761 areopagitam
1183 697 1324 744 fuisse
1363 697 1667 762 denegarem.
1708 700 1806 761 Ego
1842 706 2000 744 autem
2034 695 2286 762 respondi,
2326 711 2416 742 nec
2451 712 2527 742 me
2559 696 2653 743 hoc

534 779 810 840 denegasse,
862 792 951 822 uec
987 776 1191 823 multum
1231 777 1498 824 curandum
1533 779 1670 837 esse¹,
1709 787 1869 824 utrum
1908 777 2010 841 ipse
2056 776 2324 842 areopagita
2357 791 2417 822 an
2463 774 2654 822 aliunde

533 858 669 903 fuerit
683 893 693 913 ,
715 856 983 903 dummodo
1013 866 1192 903 tantam
1213 857 1341 922 apud
1367 861 1521 905 Deum
1540 858 1741 922 adeptus
1760 858 1840 904 sit²
1857 873 2102 904 coronam.
2128 856 2199 903 llli
2217 872 2331 903 vero
2354 854 2416 902 ad
2435 854 2654 902 abbatem

529 938 683 983 statim
718 947 1081 996 concurrenteS,
1116 937 1250 1002 quod
1285 937 1402 984 mihi
1440 939 1789 1003 imposuerant³
1817 938 2170 985 nuntiaverunt.
2207 938 2301 995 Qui
2330 936 2533 983 libenter
2560 936 2655 982 hoc

529 1018 730 1075 audivit,
755 1017 967 1082 gaudens
993 1035 1043 1065 se
1062 1019 1364 1065 occasionem
1384 1018 1592 1083 aliquam
1617 1018 1816 1083 adipisci
1834 1034 1930 1082 qua
1953 1034 2030 1065 me
2051 1018 2365 1083 opprimeret,
2386 1022 2555 1081 utpote
2572 1016 2652 1079 qui

529 1107 709 1159 quanto
735 1098 913 1144 caeteris
939 1098 1123 1162 turpius
1141 1091 1352 1158 vivebat,
1384 1099 1532 1163 magis
1558 1114 1635 1145 me
1660 1097 1926 1145 verebatur.
1955 1101 2087 1144 Tunc
2113 1096 2318 1144 concilio
2346 1112 2433 1143 suo
2458 1112 2655 1158 congre-

528 1189 660 1239 gato,
691 1188 736 1224 et
758 1178 976 1225 fratribus
994 1179 1327 1243 congregatis'’,
1350 1179 1552 1243 graviter
1571 1178 1688 1225 mihi
1703 1179 2021 1226 comminatus
2037 1188 2106 1225 est
2119 1213 2131 1237 ,
2155 1188 2202 1226 et
2216 1194 2266 1225 se
2285 1176 2347 1224 ad
2366 1192 2522 1240 regem
2543 1192 2653 1222 cum

527 1257 828 1305 festinatione
861 1260 1118 1306 missurum
1150 1259 1289 1319 dixit,
1324 1269 1377 1306 ut
1407 1259 1467 1306 de
1497 1276 1574 1306 me
1606 1259 1867 1307 vindictam
1902 1269 2131 1318 sumeret,
2164 1268 2391 1323 tanquam
2422 1257 2556 1321 regni
2583 1256 2654 1303 sui

528 1338 727 1400 gloriam
746 1349 792 1385 et
811 1355 1042 1386 coronam
1069 1339 1112 1386 ei
1138 1339 1403 1399 auferente;
1424 1349 1470 1387 et
1495 1356 1573 1387 me
1591 1340 1782 1388 interim
1809 1339 1934 1387 hene
1959 1339 2212 1386 observare
2232 1337 2474 1403 praecepit,
2498 1336 2655 1383 donec

530 1434 606 1463 me
638 1419 736 1482 regi
768 1418 990 1465 traderet.
1022 1422 1121 1482 Ego
1155 1429 1312 1467 autem
1349 1419 1411 1466 ad
1448 1419 1713 1484 regularem
1749 1410 2071 1485 disciplinam,
2106 1420 2144 1466 si
2171 1419 2287 1484 quid
2323 1418 2649 1482 deliquissem,

527 1497 699 1544 frustra
725 1515 802 1546 me
826 1499 1101 1546 offerebam.
1125 1503 1257 1547 Tunc
1282 1517 1370 1564 ego
1396 1501 1658 1564 nequitiam
1675 1517 1846 1547 eorum
1865 1500 2172 1547 vehementer
2187 1499 2469 1557 exhorrens,
2489 1507 2658 1562 utpote

527 1579 610 1640 qui
649 1578 840 1625 tandiu⁵
876 1588 974 1625 tam
1013 1575 1262 1626 adversam
1305 1579 1601 1626 habuissem⁶
1638 1580 1902 1638 fortunam,
1950 1580 2139 1644 penitus
2178 1578 2477 1643 desperatus,
2521 1577 2655 1641 quasi

526 1658 779 1705 adversum
813 1675 888 1704 me
927 1659 1174 1704 universus
1206 1658 1501 1721 conjurasset
1544 1658 1777 1718 mundus,
1819 1657 2141 1722 quorumdam
2183 1674 2418 1704 consensu
2461 1658 2654 1703 fratrum

530 1739 621 1784 mei
661 1739 1011 1798 miserantium,
1056 1748 1103 1785 et
1146 1739 1470 1802 quorumdam
1515 1738 1858 1804 discipulorum
1907 1749 2180 1786 nostrorum
2225 1738 2473 1802 suffragio,
2514 1747 2661 1784 nocte

527 1820 727 1864 latenter
742 1817 923 1883 aufugi,
949 1829 1091 1883 atque
1107 1819 1169 1866 ad
1189 1829 1364 1866 terram
1379 1820 1568 1866 comitis
1585 1819 1870 1867 Theobaldi⁷
1885 1821 2153 1884 proximam
2167 1857 2179 1879 ,
2200 1820 2283 1867 ubi
2300 1830 2438 1868 antea
2463 1820 2511 1866 in
2537 1819 2654 1866 cella

530 1908 741 1944 moratus
785 1899 991 1958 fueram,
1027 1899 1225 1946 abcessi.
1264 1902 1369 1964 lpse
1409 1900 1594 1965 quippe
1630 1910 1677 1947 et
1711 1900 1828 1946 mihi
1868 1891 2215 1964 aliquantulum
2252 1909 2396 1947 notus
2441 1910 2564 1958 erat,
2608 1910 2655 1946 et

533 1978 923 2043 oppressionibus
947 1980 1088 2027 meis8
1105 1996 1223 2043 quas
1239 1980 1453 2027 audierat
1472 1981 1736 2028 admodum
1755 1981 2148 2046 compatiebatur.
2170 1981 2239 2027 Ibi
2255 1992 2414 2028 autem
2431 1982 2479 2027 in
2498 1991 2653 2028 castro

532 2060 755 2123 Privigni⁹
773 2061 950 2107 morari
976 2061 1121 2126 coepi,
1142 2061 1191 2107 in
1217 2061 1334 2107 cella
1358 2061 1576 2109 videlicet
1601 2061 1808 2125 quadam
1829 2063 2115 2110 trecensium
2140 2061 2511 2120 monachorum,
2535 2078 2654 2125 quo-

532 2156 638 2185 rum
668 2141 801 2204 prior
840 2151 977 2187 antea
1011 2140 1128 2187 mihi
1162 2141 1402 2188 familiaris
1439 2142 1679 2201 extiterat,
1721 2153 1767 2189 et
1798 2142 1970 2189 valde¹⁰
2003 2142 2229 2189 dilexerat
2258 2161 2267 2188 :
2304 2142 2386 2206 qui
2426 2141 2563 2188 valde
2603 2142 2650 2186 in

528 2220 735 2266 adventu
771 2237 880 2267 meo
908 2222 1116 2285 gavisus,
1140 2238 1249 2268 cum
1277 2222 1411 2268 omni
1445 2221 1684 2286 diligentia
1712 2239 1788 2270 me
1818 2222 2119 2287 procurabat.
2154 2222 2333 2269 Accidit
2355 2231 2512 2268 autem
2538 2237 2655 2284 qua-

530 2300 641 2346 dam
666 2301 766 2360 die,
794 2311 846 2349 ut
871 2301 932 2348 ad
957 2302 1115 2367 ipsum
1140 2312 1348 2350 castrum
1369 2302 1516 2349 abbas
1541 2313 1703 2350 noster
1721 2303 1782 2350 ad
1797 2303 2078 2369 praedictum
2096 2304 2321 2350 comitem
2346 2319 2434 2367 pro
2461 2302 2654 2366 quibus·

529 2379 641 2427 dam
666 2383 761 2428 suis
796 2383 995 2446 negotiis
1023 2384 1220 2430 veniret.
1258 2376 1621 2447 Quo'cognito,
1651 2384 1824 2431 accessi
1858 2384 1919 2431 ad
1949 2384 2173 2431 comitem
2199 2400 2310 2430 cum
2349 2383 2509 2448 priore
2542 2382 2648 2441 illo,

529 2478 700 2524 rogans
740 2479 851 2509 eum
888 2473 1123 2527 quatenus
1158 2480 1248 2528 pro
1288 2480 1365 2510 me
1398 2463 1499 2528 ipse
1530 2464 1845 2511 intercederet
1875 2464 1936 2511 ad
1969 2464 2191 2512 abbatem
2225 2473 2467 2523 nostrum,
2497 2473 2549 2510 ut
2575 2479 2653 2510 me

528 2541 810 2601 absolveret,
827 2552 873 2589 et
891 2542 1131 2589 licentiam
1150 2543 1285 2590 daret
1300 2543 1494 2590 vivendi
1511 2545 1774 2591 monastice
1794 2544 2069 2609 ubicunque
2088 2544 2206 2591 mihi
2224 2553 2502 2609 competens
2519 2543 2653 2591 locus

528 2632 811 2669 occurreret.
843 2626 948 2688 Ipse
968 2633 1150 2681 autem,
1174 2633 1221 2670 et
1245 2624 1328 2687 qui
1348 2640 1458 2670 cum
1477 2641 1536 2670 eo
1555 2634 1713 2683 erant,
1736 2625 1785 2671 in
1804 2625 2004 2672 consilio
2023 2642 2125 2672 rem
2147 2634 2433 2690 posuerunt,
2456 2640 2652 2690 respon-

527 2703 623 2748 suri
647 2703 811 2750 comiti
835 2719 977 2767 super
1000 2703 1095 2750 hoc
1128 2704 1178 2750 in
1204 2704 1306 2769 ipsa
1338 2704 1432 2763 die,
1461 2715 1571 2752 ante
1595 2722 1741 2768 quam
1765 2705 2059 2753 recederent.
2088 2705 2212 2751 Inito
2236 2715 2397 2751 autem
2422 2705 2647 2762 consilio,

527 2783 678 2829 visum
704 2793 775 2830 est
799 2784 864 2831 eis
890 2801 968 2831 me
988 2783 1050 2830 ad
1075 2784 1216 2831 aliam
1247 2783 1486 2831 abbatiam
1511 2785 1633 2832 velle
1658 2786 1880 2845 transire,
1910 2795 1956 2832 et
1980 2776 2075 2832 hoc
2094 2802 2188 2832 suae
2212 2785 2420 2832 dedecus
2445 2786 2651 2832 immen-

527 2879 631 2908 sum
656 2864 773 2910 fore.
803 2865 1016 2912 Maximae
1041 2881 1253 2928 namque
1274 2864 1433 2928 gloriae
1461 2864 1551 2911 sibi
1574 2865 1895 2935 imputabapt,
1919 2866 2052 2930 quod
2070 2865 2131 2912 ad
2156 2883 2239 2913 eos
2263 2867 2311 2914 in
2339 2867 2652 2913 conversione

528 2959 634 2989 mea
659 2943 977 3004 divertissem,
1006 2946 1142 3009 quasi
1167 2946 1345 2992 caeteris
1365 2945 1590 2992 omnibus
1615 2945 1815 2993 abbatiis
1834 2947 2143 3011 contemptis3
2167 2957 2213 2994 et
2233 2964 2361 2994 nunc
2387 2947 2648 2994 maximum

527 3023 616 3069 sibi
635 3023 882 3072 imminere
899 3025 1122 3073 dicebant
1140 3025 1478 3091 opprobrium,
1510 3026 1547 3072 si
1573 3027 1638 3074 eis
1663 3026 1873 3090 abjectis,
1903 3027 1963 3074 ad
1988 3027 2105 3075 alios
2130 3027 2650 3081 transmearem4Unde

527 3103 795 3155 nullatenus
820 3105 893 3152 vel
919 3123 1018 3165 me,
1041 3106 1116 3153 vel
1141 3107 1368 3153 comitem
1395 3123 1538 3171 super
1569 3106 1664 3153 hoe
1692 3106 1968 3165 audierunt3
1999 3109 2096 3154 imo
2122 3107 2239 3154 mihi
2268 3108 2426 3154 statim
2451 3108 2650 3154 commi-

527 3185 625 3229 nati
650 3194 784 3243 sunt,
823 3186 955 3249 quod
981 3187 1070 3233 nisi
1094 3186 1289 3234 festinus
1315 3186 1544 3246 redirem,
1582 3203 1659 3234 me
1691 3189 2188 3248 excommunicarent3
2218 3198 2264 3236 et
2287 3188 2435 3253 priori
2468 3186 2558 3245 illi,
2587 3186 2652 3246 ad

572 3343 580 3358 ¹
600 3343 754 3375 Interesse
779 3343 873 3376 RMS.
897 3362 934 3368 ——
951 3343 964 3361 ¹
982 3344 1154 3384 Aequisivit
1180 3344 1275 3378 RMS.
1292 3362 1336 3370 -
1351 3345 1364 3362 ³
1380 3345 1563 3386 Imposituri
1604 3347 1681 3378 meis
1696 3355 1774 3385 quos
1788 3345 1881 3378 RMS.
1901 3364 1938 3369 —-
1958 3345 1970 3362 ⁹
1989 3347 2122 3380 Pruvim‘
2137 3346 2203 3380 MS.
2230 3345 2324 3379 Amb.
2349 3345 2430 3378 Vide
2447 3351 2515 3379 not.
2534 3355 2645 3377 xxxrx.

526 3406 619 3430 eram
643 3398 711 3432 MS.
743 3399 837 3433 Δηὼ.
862 3418 903 3424 -
924 3400 937 3417 ⁴
962 3401 1150 3434 Convocatis
1176 3401 1215 3434 D.
1244 3420 1280 3426 —
1302 3402 1316 3420 ‘
1333 3403 1408 3435 Jam
1434 3402 1498 3435 BD.
1522 3420 1561 3426 --
1608 3420 1641 3425 —·
1665 3401 1694 3419 ⁴⁰
1710 3403 1887 3435 Plurimum
1908 3402 2002 3436 RMS.

523 3454 538 3475 ·⁶
561 3455 734 3493 sensissem
750 3455 842 3489 RMS.
877 3476 897 3480 -
922 3457 933 3475 '¹
951 3456 1032 3491 Vide
1051 3464 1119 3491 not.
1147 3469 1283 3492 xxxvm.
1303 3477 1339 3483 -ι
1361 3458 1374 3477 ⁸
1394 3459 1563 3492 Doloribus
