<?xml version="1.0" encoding="UTF-8"?>
<!DOCTYPE html PUBLIC "-//W3C//DTD XHTML 1.0 Transitional//EN"
    "http://www.w3.org/TR/xhtml1/DTD/xhtml1-transitional.dtd">
<html xmlns="http://www.w3.org/1999/xhtml" xml:lang="en" lang="en">
 <head>
  <title>
</title>
<meta http-equiv="Content-Type" content="text/html;charset=utf-8" />
  <meta name='ocr-system' content='tesseract 3.04.00' />
  <meta name='ocr-capabilities' content='ocr_page ocr_carea ocr_par ocr_line ocrx_word'/>
</head>
<body>
  <div class='ocr_page' id='page_1' title='image "./operahactenusseo01abeluoft_0088.png"; bbox 0 0 2970 4152; ppageno 0'>
   <div class='ocr_carea' id='block_1_1' title="bbox 514 406 2662 3223">
    <p class='ocr_par' dir='ltr' id='par_1_1' title="bbox 556 406 2089 462">
     <span class='ocr_line' id='line_1_1' title="bbox 556 406 2089 462; baseline 0.007 -11"><span class='ocrx_word' id='word_1_1' title='bbox 556 407 616 452; x_wconf 71' lang='lat'>76</span> <span class='ocrx_word' id='word_1_2' title='bbox 1134 406 1302 451; x_wconf 79' lang='lat' dir='ltr'>PETRI</span> <span class='ocrx_word' id='word_1_3' title='bbox 1342 406 1647 458; x_wconf 82' lang='lat' dir='ltr'><strong>ABAELARDI</strong></span> <span class='ocrx_word' id='word_1_4' title='bbox 1683 412 1756 459; x_wconf 89' lang='lat' dir='ltr'>ET</span> <span class='ocrx_word' id='word_1_5' title='bbox 1789 414 2089 462; x_wconf 86' lang='lat' dir='ltr'><strong>HELOISSAE</strong></span> 
     </span>
    </p>

    <p class='ocr_par' dir='ltr' id='par_1_2' title="bbox 514 494 2662 3223">
     <span class='ocr_line' id='line_1_2' title="bbox 514 494 2662 578; baseline 0.007 -33"><span class='ocrx_word' id='word_1_6' title='bbox 514 494 518 499; x_wconf 46' lang='lat'><strong>⁴</strong></span> <span class='ocrx_word' id='word_1_7' title='bbox 556 501 641 546; x_wconf 86' lang='lat' dir='ltr'>nisi</span> <span class='ocrx_word' id='word_1_8' title='bbox 670 500 762 546; x_wconf 84' lang='lat' dir='ltr'>hoc</span> <span class='ocrx_word' id='word_1_9' title='bbox 787 500 1079 564; x_wconf 80' lang='lat' dir='ltr'>peregeritis,</span> <span class='ocrx_word' id='word_1_10' title='bbox 1103 509 1151 545; x_wconf 89' lang='lat' dir='ltr'>ut</span> <span class='ocrx_word' id='word_1_11' title='bbox 1169 515 1325 563; x_wconf 89' lang='lat' dir='ltr'>neque</span> <span class='ocrx_word' id='word_1_12' title='bbox 1350 501 1421 546; x_wconf 90' lang='lat' dir='ltr'>vir</span> <span class='ocrx_word' id='word_1_13' title='bbox 1445 503 1637 565; x_wconf 84' lang='lat' dir='ltr'>melior,</span> <span class='ocrx_word' id='word_1_14' title='bbox 1662 522 1817 570; x_wconf 88' lang='lat' dir='ltr'>neque</span> <span class='ocrx_word' id='word_1_15' title='bbox 1838 508 2010 554; x_wconf 82' lang='lat' dir='ltr'>femina</span> <span class='ocrx_word' id='word_1_16' title='bbox 2037 510 2083 554; x_wconf 92' lang='lat' dir='ltr'>in</span> <span class='ocrx_word' id='word_1_17' title='bbox 2102 510 2238 555; x_wconf 84' lang='lat' dir='ltr'>terris</span> <span class='ocrx_word' id='word_1_18' title='bbox 2259 510 2427 564; x_wconf 68' lang='lat' dir='ltr'>‘lectior</span> <span class='ocrx_word' id='word_1_19' title='bbox 2446 514 2529 573; x_wconf 79' lang='lat' dir='ltr'>sit,</span> <span class='ocrx_word' id='word_1_20' title='bbox 2552 531 2662 578; x_wconf 83' lang='lat' dir='ltr'>pro-</span> 
     </span>
     <span class='ocr_line' id='line_1_3' title="bbox 554 577 2657 652; baseline 0.006 -27"><span class='ocrx_word' id='word_1_21' title='bbox 554 581 675 626; x_wconf 82' lang='lat' dir='ltr'>fecto</span> <span class='ocrx_word' id='word_1_22' title='bbox 701 596 888 643; x_wconf 79' lang='lat' dir='ltr'><strong>semper</strong></span> <span class='ocrx_word' id='word_1_23' title='bbox 914 578 959 624; x_wconf 91' lang='lat' dir='ltr'>id</span> <span class='ocrx_word' id='word_1_24' title='bbox 985 577 1117 641; x_wconf 90' lang='lat' dir='ltr'>quod</span> <span class='ocrx_word' id='word_1_25' title='bbox 1143 578 1377 642; x_wconf 89' lang='lat' dir='ltr'>optimum</span> <span class='ocrx_word' id='word_1_26' title='bbox 1402 582 1590 645; x_wconf 90' lang='lat' dir='ltr'>putabis</span> <span class='ocrx_word' id='word_1_27' title='bbox 1606 630 1608 632; x_wconf 85' lang='grc'><strong>,</strong></span> <span class='ocrx_word' id='word_1_28' title='bbox 1625 601 1725 632; x_wconf 90' lang='grc'><strong>0550</strong></span> <span class='ocrx_word' id='word_1_29' title='bbox 1757 586 1907 632; x_wconf 85' lang='lat' dir='ltr'>multo</span> <span class='ocrx_word' id='word_1_30' title='bbox 1934 588 2138 634; x_wconf 85' lang='lat' dir='ltr'>maxime</span> <span class='ocrx_word' id='word_1_31' title='bbox 2169 589 2437 652; x_wconf 76' lang='lat' dir='ltr'>requiretis,</span> <span class='ocrx_word' id='word_1_32' title='bbox 2469 601 2521 637; x_wconf 90' lang='lat' dir='ltr'>ut</span> <span class='ocrx_word' id='word_1_33' title='bbox 2545 602 2591 638; x_wconf 91' lang='lat' dir='ltr'>et</span> <span class='ocrx_word' id='word_1_34' title='bbox 2609 603 2657 639; x_wconf 91' lang='lat' dir='ltr'>tu</span> 
     </span>
     <span class='ocr_line' id='line_1_4' title="bbox 552 659 2658 734; baseline 0.006 -28"><span class='ocrx_word' id='word_1_35' title='bbox 552 662 745 706; x_wconf 83' lang='lat' dir='ltr'>maritus</span> <span class='ocrx_word' id='word_1_36' title='bbox 771 660 831 705; x_wconf 89' lang='lat' dir='ltr'>sis</span> <span class='ocrx_word' id='word_1_37' title='bbox 852 674 995 722; x_wconf 86' lang='lat' dir='ltr'>quam</span> <span class='ocrx_word' id='word_1_38' title='bbox 1021 659 1234 722; x_wconf 83' lang='lat' dir='ltr'>optimae,</span> <span class='ocrx_word' id='word_1_39' title='bbox 1256 670 1302 705; x_wconf 86' lang='lat' dir='ltr'>et</span> <span class='ocrx_word' id='word_1_40' title='bbox 1326 659 1426 707; x_wconf 85' lang='lat' dir='ltr'>haec</span> <span class='ocrx_word' id='word_1_41' title='bbox 1444 679 1588 726; x_wconf 88' lang='lat' dir='ltr'>quam</span> <span class='ocrx_word' id='word_1_42' title='bbox 1607 666 1791 729; x_wconf 87' lang='lat' dir='ltr'>optimc</span> <span class='ocrx_word' id='word_1_43' title='bbox 1811 667 1911 712; x_wconf 89' lang='lat' dir='ltr'>viro</span> <span class='ocrx_word' id='word_1_44' title='bbox 1939 677 2085 731; x_wconf 89' lang='lat' dir='ltr'>nupta</span> <span class='ocrx_word' id='word_1_45' title='bbox 2100 668 2183 714; x_wconf 76' lang='lat' dir='ltr'>sit.</span> <span class='ocrx_word' id='word_1_46' title='bbox 2213 688 2235 712; x_wconf 88' lang='lat'>»</span> <span class='ocrx_word' id='word_1_47' title='bbox 2258 671 2428 716; x_wconf 84' lang='lat' dir='ltr'>Sancta</span> <span class='ocrx_word' id='word_1_48' title='bbox 2446 672 2658 734; x_wconf 85' lang='lat' dir='ltr'>profecto</span> 
     </span>
     <span class='ocr_line' id='line_1_5' title="bbox 549 738 2658 814; baseline 0.006 -29"><span class='ocrx_word' id='word_1_49' title='bbox 549 740 648 787; x_wconf 85' lang='lat' dir='ltr'>haec</span> <span class='ocrx_word' id='word_1_50' title='bbox 673 750 713 786; x_wconf 83' lang='lat' dir='ltr'>et</span> <span class='ocrx_word' id='word_1_51' title='bbox 735 739 842 803; x_wconf 89' lang='lat' dir='ltr'>plus</span> <span class='ocrx_word' id='word_1_52' title='bbox 861 755 1005 802; x_wconf 89' lang='lat' dir='ltr'>quam</span> <span class='ocrx_word' id='word_1_53' title='bbox 1030 738 1359 804; x_wconf 90' lang='lat' dir='ltr'>philosophica</span> <span class='ocrx_word' id='word_1_54' title='bbox 1385 752 1455 788; x_wconf 90' lang='lat' dir='ltr'>est</span> <span class='ocrx_word' id='word_1_55' title='bbox 1479 745 1710 792; x_wconf 85' lang='lat' dir='ltr'>sententia</span> <span class='ocrx_word' id='word_1_56' title='bbox 1728 746 1873 810; x_wconf 91' lang='lat' dir='ltr'>ipsius</span> <span class='ocrx_word' id='word_1_57' title='bbox 1893 747 2050 811; x_wconf 90' lang='lat' dir='ltr'>potius</span> <span class='ocrx_word' id='word_1_58' title='bbox 2081 747 2258 812; x_wconf 85' lang='lat' dir='ltr'>sophiae</span> <span class='ocrx_word' id='word_1_59' title='bbox 2283 765 2427 812; x_wconf 90' lang='lat' dir='ltr'>quam</span> <span class='ocrx_word' id='word_1_60' title='bbox 2446 750 2658 814; x_wconf 85' lang='lat' dir='ltr'>philoso-</span> 
     </span>
     <span class='ocr_line' id='line_1_6' title="bbox 546 819 2659 894; baseline 0.006 -29"><span class='ocrx_word' id='word_1_61' title='bbox 546 820 667 885; x_wconf 86' lang='lat' dir='ltr'>phiae</span> <span class='ocrx_word' id='word_1_62' title='bbox 690 819 908 867; x_wconf 87' lang='lat' dir='ltr'>dicenda.</span> <span class='ocrx_word' id='word_1_63' title='bbox 938 821 1136 865; x_wconf 87' lang='lat' dir='ltr'>Sanctus</span> <span class='ocrx_word' id='word_1_64' title='bbox 1151 819 1230 866; x_wconf 87' lang='lat' dir='ltr'>hic</span> <span class='ocrx_word' id='word_1_65' title='bbox 1249 837 1407 881; x_wconf 87' lang='lat' dir='ltr'>error,</span> <span class='ocrx_word' id='word_1_66' title='bbox 1428 833 1471 869; x_wconf 91' lang='lat' dir='ltr'>et</span> <span class='ocrx_word' id='word_1_67' title='bbox 1498 823 1635 871; x_wconf 90' lang='lat' dir='ltr'>beata</span> <span class='ocrx_word' id='word_1_68' title='bbox 1654 825 1833 872; x_wconf 85' lang='lat' dir='ltr'>fallacia</span> <span class='ocrx_word' id='word_1_69' title='bbox 1860 826 1909 872; x_wconf 92' lang='lat' dir='ltr'>in</span> <span class='ocrx_word' id='word_1_70' title='bbox 1929 827 2190 891; x_wconf 85' lang='lat' dir='ltr'>conjugatis</span> <span class='ocrx_word' id='word_1_71' title='bbox 2208 868 2219 887; x_wconf 89' lang='lat'>,</span> <span class='ocrx_word' id='word_1_72' title='bbox 2246 839 2295 875; x_wconf 94' lang='lat' dir='ltr'>ut</span> <span class='ocrx_word' id='word_1_73' title='bbox 2318 829 2523 894; x_wconf 88' lang='lat' dir='ltr'>perfecta</span> <span class='ocrx_word' id='word_1_74' title='bbox 2544 830 2659 878; x_wconf 86' lang='lat' dir='ltr'>dile-</span> 
     </span>
     <span class='ocr_line' id='line_1_7' title="bbox 545 901 2656 976; baseline 0.005 -28"><span class='ocrx_word' id='word_1_75' title='bbox 545 902 667 948; x_wconf 89' lang='lat' dir='ltr'>ctio¹</span> <span class='ocrx_word' id='word_1_76' title='bbox 693 901 832 948; x_wconf 82' lang='lat' dir='ltr'>illaesa</span> <span class='ocrx_word' id='word_1_77' title='bbox 858 901 1094 947; x_wconf 87' lang='lat' dir='ltr'>custodiat</span> <span class='ocrx_word' id='word_1_78' title='bbox 1123 903 1413 950; x_wconf 78' lang='lat' dir='ltr'>matrimonii</span> <span class='ocrx_word' id='word_1_79' title='bbox 1440 905 1615 952; x_wconf 75' lang='lat' dir='ltr'><strong>foedera</strong></span> <span class='ocrx_word' id='word_1_80' title='bbox 1643 917 1854 953; x_wconf 85' lang='lat' dir='ltr'>nontam</span> <span class='ocrx_word' id='word_1_81' title='bbox 1876 924 2135 972; x_wconf 84' lang='lat' dir='ltr'>corporum</span> <span class='ocrx_word' id='word_1_82' title='bbox 2160 911 2483 971; x_wconf 78' lang='lat' dir='ltr'>continentia,</span> <span class='ocrx_word' id='word_1_83' title='bbox 2513 928 2656 976; x_wconf 88' lang='lat' dir='ltr'>quam</span> 
     </span>
     <span class='ocr_line' id='line_1_8' title="bbox 545 982 2652 1051; baseline 0.006 -24"><span class='ocrx_word' id='word_1_84' title='bbox 545 983 814 1029; x_wconf 87' lang='lat' dir='ltr'>animorum</span> <span class='ocrx_word' id='word_1_85' title='bbox 846 982 1086 1047; x_wconf 84' lang='lat' dir='ltr'>pudicitia.</span> <span class='ocrx_word' id='word_1_86' title='bbox 1120 986 1175 1029; x_wconf 84' lang='lat' dir='ltr'>At</span> <span class='ocrx_word' id='word_1_87' title='bbox 1200 984 1331 1047; x_wconf 90' lang='lat' dir='ltr'>quod</span> <span class='ocrx_word' id='word_1_88' title='bbox 1361 1001 1494 1031; x_wconf 87' lang='lat' dir='ltr'>error</span> <span class='ocrx_word' id='word_1_89' title='bbox 1522 987 1721 1046; x_wconf 81' lang='lat' dir='ltr'>caeteris,</span> <span class='ocrx_word' id='word_1_90' title='bbox 1751 989 1921 1034; x_wconf 88' lang='lat' dir='ltr'>veritas</span> <span class='ocrx_word' id='word_1_91' title='bbox 1949 989 2063 1035; x_wconf 89' lang='lat' dir='ltr'>mihi</span> <span class='ocrx_word' id='word_1_92' title='bbox 2090 990 2336 1037; x_wconf 90' lang='lat' dir='ltr'>manifesta</span> <span class='ocrx_word' id='word_1_93' title='bbox 2363 992 2652 1051; x_wconf 77' lang='lat' dir='ltr'>contulerat,</span> 
     </span>
     <span class='ocr_line' id='line_1_9' title="bbox 542 1062 2656 1133; baseline 0.005 -25"><span class='ocrx_word' id='word_1_94' title='bbox 542 1080 691 1126; x_wconf 89' lang='lat' dir='ltr'>quum</span> <span class='ocrx_word' id='word_1_95' title='bbox 708 1062 839 1128; x_wconf 87' lang='lat' dir='ltr'>quod</span> <span class='ocrx_word' id='word_1_96' title='bbox 865 1062 952 1109; x_wconf 88' lang='lat' dir='ltr'>illae</span> <span class='ocrx_word' id='word_1_97' title='bbox 971 1062 1190 1110; x_wconf 87' lang='lat' dir='ltr'>videlicet</span> <span class='ocrx_word' id='word_1_98' title='bbox 1207 1064 1267 1111; x_wconf 92' lang='lat' dir='ltr'>de</span> <span class='ocrx_word' id='word_1_99' title='bbox 1293 1066 1388 1111; x_wconf 88' lang='lat' dir='ltr'>suis</span> <span class='ocrx_word' id='word_1_100' title='bbox 1406 1066 1692 1113; x_wconf 78' lang='lat' dir='ltr'>aestimarent</span> <span class='ocrx_word' id='word_1_101' title='bbox 1711 1069 1913 1127; x_wconf 86' lang='lat' dir='ltr'>maritis,</span> <span class='ocrx_word' id='word_1_102' title='bbox 1939 1068 2032 1115; x_wconf 89' lang='lat' dir='ltr'>hoc</span> <span class='ocrx_word' id='word_1_103' title='bbox 2051 1086 2140 1133; x_wconf 85' lang='lat' dir='ltr'>ego</span> <span class='ocrx_word' id='word_1_104' title='bbox 2166 1069 2226 1116; x_wconf 92' lang='lat' dir='ltr'>de</span> <span class='ocrx_word' id='word_1_105' title='bbox 2246 1080 2314 1129; x_wconf 87' lang='lat' dir='ltr'>te,</span> <span class='ocrx_word' id='word_1_106' title='bbox 2337 1070 2431 1117; x_wconf 92' lang='lat' dir='ltr'>hoc</span> <span class='ocrx_word' id='word_1_107' title='bbox 2448 1073 2656 1120; x_wconf 92' lang='lat' dir='ltr'>mundus</span> 
     </span>
     <span class='ocr_line' id='line_1_10' title="bbox 540 1141 2655 1208; baseline 0.004 -19"><span class='ocrx_word' id='word_1_108' title='bbox 540 1141 786 1190; x_wconf 86' lang='lat' dir='ltr'>universus</span> <span class='ocrx_word' id='word_1_109' title='bbox 817 1161 912 1190; x_wconf 91' lang='lat' dir='ltr'>non</span> <span class='ocrx_word' id='word_1_110' title='bbox 942 1153 1037 1189; x_wconf 88' lang='lat' dir='ltr'>tam</span> <span class='ocrx_word' id='word_1_111' title='bbox 1063 1143 1276 1191; x_wconf 84' lang='lat' dir='ltr'>crederet</span> <span class='ocrx_word' id='word_1_112' title='bbox 1301 1161 1444 1208; x_wconf 91' lang='lat' dir='ltr'>quam</span> <span class='ocrx_word' id='word_1_113' title='bbox 1469 1146 1633 1206; x_wconf 82' lang='lat' dir='ltr'>sciret3</span> <span class='ocrx_word' id='word_1_114' title='bbox 1665 1157 1715 1193; x_wconf 85' lang='lat' dir='ltr'>ut</span> <span class='ocrx_word' id='word_1_115' title='bbox 1751 1157 1882 1194; x_wconf 88' lang='lat' dir='ltr'>tanto</span> <span class='ocrx_word' id='word_1_116' title='bbox 1915 1149 2072 1195; x_wconf 87' lang='lat' dir='ltr'>verior</span> <span class='ocrx_word' id='word_1_117' title='bbox 2097 1150 2145 1194; x_wconf 94' lang='lat' dir='ltr'>in</span> <span class='ocrx_word' id='word_1_118' title='bbox 2172 1160 2218 1196; x_wconf 85' lang='lat' dir='ltr'>te</span> <span class='ocrx_word' id='word_1_119' title='bbox 2242 1166 2376 1196; x_wconf 91' lang='lat' dir='ltr'>meus</span> <span class='ocrx_word' id='word_1_120' title='bbox 2399 1167 2536 1197; x_wconf 90' lang='lat' dir='ltr'>amor</span> <span class='ocrx_word' id='word_1_121' title='bbox 2561 1153 2655 1199; x_wconf 85' lang='lat' dir='ltr'>exi·</span> 
     </span>
     <span class='ocr_line' id='line_1_11' title="bbox 539 1225 2655 1297; baseline 0.004 -27"><span class='ocrx_word' id='word_1_122' title='bbox 539 1235 708 1285; x_wconf 85' lang='lat' dir='ltr'>steret⁷</span> <span class='ocrx_word' id='word_1_123' title='bbox 738 1236 918 1289; x_wconf 89' lang='lat' dir='ltr'>quanto</span> <span class='ocrx_word' id='word_1_124' title='bbox 944 1225 1004 1271; x_wconf 88' lang='lat' dir='ltr'>ab</span> <span class='ocrx_word' id='word_1_125' title='bbox 1027 1241 1186 1272; x_wconf 87' lang='lat' dir='ltr'>errore</span> <span class='ocrx_word' id='word_1_126' title='bbox 1209 1225 1395 1289; x_wconf 85' lang='lat' dir='ltr'>longius</span> <span class='ocrx_word' id='word_1_127' title='bbox 1421 1226 1680 1274; x_wconf 84' lang='lat' dir='ltr'>absisteret.</span> <span class='ocrx_word' id='word_1_128' title='bbox 1706 1229 1821 1285; x_wconf 86' lang='lat' dir='ltr'>Quis</span> <span class='ocrx_word' id='word_1_129' title='bbox 1853 1231 2025 1276; x_wconf 84' lang='lat' dir='ltr'>etenim</span> <span class='ocrx_word' id='word_1_130' title='bbox 2054 1247 2220 1293; x_wconf 88' lang='lat' dir='ltr'>regum</span> <span class='ocrx_word' id='word_1_131' title='bbox 2246 1241 2326 1278; x_wconf 90' lang='lat' dir='ltr'>aut</span> <span class='ocrx_word' id='word_1_132' title='bbox 2343 1231 2655 1297; x_wconf 89' lang='lat' dir='ltr'>philosopho-</span> 
     </span>
     <span class='ocr_line' id='line_1_12' title="bbox 538 1307 2654 1374; baseline 0.004 -22"><span class='ocrx_word' id='word_1_133' title='bbox 538 1323 643 1352; x_wconf 84' lang='lat' dir='ltr'>rum</span> <span class='ocrx_word' id='word_1_134' title='bbox 664 1318 794 1353; x_wconf 88' lang='lat' dir='ltr'>tuam</span> <span class='ocrx_word' id='word_1_135' title='bbox 826 1324 1068 1371; x_wconf 79' lang='lat' dir='ltr'>exaequare</span> <span class='ocrx_word' id='word_1_136' title='bbox 1098 1307 1271 1354; x_wconf 90' lang='lat' dir='ltr'>famam</span> <span class='ocrx_word' id='word_1_137' title='bbox 1290 1309 1511 1372; x_wconf 78' lang='lat' dir='ltr'>poterat?</span> <span class='ocrx_word' id='word_1_138' title='bbox 1532 1312 1646 1367; x_wconf 86' lang='lat' dir='ltr'>Quae</span> <span class='ocrx_word' id='word_1_139' title='bbox 1669 1319 1711 1356; x_wconf 93' lang='lat' dir='ltr'>te</span> <span class='ocrx_word' id='word_1_140' title='bbox 1727 1311 1857 1374; x_wconf 88' lang='lat' dir='ltr'>regio</span> <span class='ocrx_word' id='word_1_141' title='bbox 1875 1347 1886 1370; x_wconf 85' lang='grc'>,</span> <span class='ocrx_word' id='word_1_142' title='bbox 1917 1321 1998 1357; x_wconf 85' lang='lat' dir='ltr'>aut</span> <span class='ocrx_word' id='word_1_143' title='bbox 2016 1312 2176 1358; x_wconf 81' lang='lat' dir='ltr'>civitas</span> <span class='ocrx_word' id='word_1_144' title='bbox 2197 1348 2206 1370; x_wconf 83' lang='lat'>‚</span> <span class='ocrx_word' id='word_1_145' title='bbox 2245 1329 2327 1359; x_wconf 89' lang='lat' dir='ltr'>seu</span> <span class='ocrx_word' id='word_1_146' title='bbox 2357 1312 2466 1359; x_wconf 88' lang='lat' dir='ltr'>villa</span> <span class='ocrx_word' id='word_1_147' title='bbox 2495 1312 2654 1361; x_wconf 87' lang='lat' dir='ltr'>videre</span> 
     </span>
     <span class='ocr_line' id='line_1_13' title="bbox 536 1378 2644 1458; baseline 0.003 -24"><span class='ocrx_word' id='word_1_148' title='bbox 536 1404 634 1434; x_wconf 90' lang='lat' dir='ltr'>non</span> <span class='ocrx_word' id='word_1_149' title='bbox 662 1388 947 1435; x_wconf 74' lang='lat' dir='ltr'>aestuabat²P</span> <span class='ocrx_word' id='word_1_150' title='bbox 971 1389 1088 1445; x_wconf 90' lang='lat' dir='ltr'>Quis</span> <span class='ocrx_word' id='word_1_151' title='bbox 1114 1399 1158 1435; x_wconf 91' lang='lat' dir='ltr'>te</span> <span class='ocrx_word' id='word_1_152' title='bbox 1178 1426 1189 1448; x_wconf 89' lang='lat'><strong><em>‚</em></strong></span> <span class='ocrx_word' id='word_1_153' title='bbox 1219 1406 1335 1453; x_wconf 88' lang='lat' dir='ltr'>rogo</span> <span class='ocrx_word' id='word_1_154' title='bbox 1356 1426 1367 1449; x_wconf 85' lang='lat'>,</span> <span class='ocrx_word' id='word_1_155' title='bbox 1397 1391 1443 1436; x_wconf 91' lang='lat' dir='ltr'>in</span> <span class='ocrx_word' id='word_1_156' title='bbox 1472 1390 1714 1455; x_wconf 87' lang='lat' dir='ltr'>publicum</span> <span class='ocrx_word' id='word_1_157' title='bbox 1735 1378 2078 1456; x_wconf 79' lang='lat' dir='ltr'>procedentem</span> <span class='ocrx_word' id='word_1_158' title='bbox 2103 1394 2379 1458; x_wconf 79' lang='lat' dir='ltr'>conspicere</span> <span class='ocrx_word' id='word_1_159' title='bbox 2404 1393 2644 1440; x_wconf 71' lang='lat' dir='ltr'>non‘festi·</span> 
     </span>
     <span class='ocr_line' id='line_1_14' title="bbox 534 1468 2653 1537; baseline 0.003 -23"><span class='ocrx_word' id='word_1_160' title='bbox 534 1468 705 1526; x_wconf 87' lang='lat' dir='ltr'>nabat,</span> <span class='ocrx_word' id='word_1_161' title='bbox 725 1486 780 1516; x_wconf 88' lang='lat' dir='ltr'>ac</span> <span class='ocrx_word' id='word_1_162' title='bbox 799 1470 1121 1516; x_wconf 80' lang='lat' dir='ltr'>discedentem</span> <span class='ocrx_word' id='word_1_163' title='bbox 1148 1470 1273 1517; x_wconf 89' lang='lat' dir='ltr'>collo</span> <span class='ocrx_word' id='word_1_164' title='bbox 1291 1482 1467 1529; x_wconf 85' lang='lat' dir='ltr'>erecto,</span> <span class='ocrx_word' id='word_1_165' title='bbox 1491 1472 1641 1518; x_wconf 90' lang='lat' dir='ltr'>oculis</span> <span class='ocrx_word' id='word_1_166' title='bbox 1660 1472 1849 1519; x_wconf 86' lang='lat' dir='ltr'>directis</span> <span class='ocrx_word' id='word_1_167' title='bbox 1867 1490 1967 1519; x_wconf 89' lang='lat' dir='ltr'>non</span> <span class='ocrx_word' id='word_1_168' title='bbox 1988 1473 2338 1520; x_wconf 82' lang='lat' dir='ltr'>insectabatur?</span> <span class='ocrx_word' id='word_1_169' title='bbox 2358 1477 2473 1531; x_wconf 80' lang='lat' dir='ltr'>Quae</span> <span class='ocrx_word' id='word_1_170' title='bbox 2488 1475 2653 1537; x_wconf 89' lang='lat' dir='ltr'>conju-</span> 
     </span>
     <span class='ocr_line' id='line_1_15' title="bbox 533 1552 2652 1619; baseline 0.002 -23"><span class='ocrx_word' id='word_1_171' title='bbox 533 1561 659 1613; x_wconf 80' lang='lat' dir='ltr'>gata,</span> <span class='ocrx_word' id='word_1_172' title='bbox 698 1568 801 1614; x_wconf 81' lang='lat' dir='ltr'>quae</span> <span class='ocrx_word' id='word_1_173' title='bbox 840 1552 970 1615; x_wconf 86' lang='lat' dir='ltr'>virgo</span> <span class='ocrx_word' id='word_1_174' title='bbox 1003 1568 1101 1597; x_wconf 91' lang='lat' dir='ltr'>non</span> <span class='ocrx_word' id='word_1_175' title='bbox 1128 1552 1523 1616; x_wconf 75' lang='lat' dir='ltr'>concupiscebat³</span> <span class='ocrx_word' id='word_1_176' title='bbox 1557 1552 1830 1612; x_wconf 81' lang='lat' dir='ltr'>absentem,</span> <span class='ocrx_word' id='word_1_177' title='bbox 1861 1564 1907 1599; x_wconf 93' lang='lat' dir='ltr'>et</span> <span class='ocrx_word' id='word_1_178' title='bbox 1933 1570 2032 1602; x_wconf 90' lang='lat' dir='ltr'>non</span> <span class='ocrx_word' id='word_1_179' title='bbox 2063 1554 2346 1600; x_wconf 57' lang='lat' dir='ltr'>exardebat*</span> <span class='ocrx_word' id='word_1_180' title='bbox 2366 1555 2417 1600; x_wconf 87' lang='lat' dir='ltr'>in</span> <span class='ocrx_word' id='word_1_181' title='bbox 2451 1567 2652 1619; x_wconf 73' lang='lat' dir='ltr'>praesen·-</span> 
     </span>
     <span class='ocr_line' id='line_1_16' title="bbox 531 1631 2650 1695; baseline 0.002 -20"><span class='ocrx_word' id='word_1_182' title='bbox 531 1640 625 1675; x_wconf 86' lang='lat' dir='ltr'>tem</span> <span class='ocrx_word' id='word_1_183' title='bbox 643 1631 661 1675; x_wconf 71' lang='grc' dir='ltr'>Ρ</span> <span class='ocrx_word' id='word_1_184' title='bbox 679 1633 793 1687; x_wconf 83' lang='lat' dir='ltr'>Quae</span> <span class='ocrx_word' id='word_1_185' title='bbox 813 1632 973 1694; x_wconf 85' lang='lat' dir='ltr'>regina</span> <span class='ocrx_word' id='word_1_186' title='bbox 992 1631 1064 1677; x_wconf 92' lang='lat' dir='ltr'>vel</span> <span class='ocrx_word' id='word_1_187' title='bbox 1084 1642 1352 1695; x_wconf 78' lang='lat' dir='ltr'>praepotens</span> <span class='ocrx_word' id='word_1_188' title='bbox 1372 1632 1547 1678; x_wconf 79' lang='lat' dir='ltr'>femina</span> <span class='ocrx_word' id='word_1_189' title='bbox 1567 1632 1751 1695; x_wconf 82' lang='lat' dir='ltr'>gaudiis</span> <span class='ocrx_word' id='word_1_190' title='bbox 1777 1634 1894 1679; x_wconf 89' lang='lat' dir='ltr'>meis</span> <span class='ocrx_word' id='word_1_191' title='bbox 1919 1649 2017 1679; x_wconf 90' lang='lat' dir='ltr'>non</span> <span class='ocrx_word' id='word_1_192' title='bbox 2038 1633 2280 1680; x_wconf 88' lang='lat' dir='ltr'>invidebat</span> <span class='ocrx_word' id='word_1_193' title='bbox 2300 1634 2372 1679; x_wconf 90' lang='lat' dir='ltr'>vel</span> <span class='ocrx_word' id='word_1_194' title='bbox 2399 1634 2650 1680; x_wconf 71' lang='lat' dir='ltr'>thalamis?</span> 
     </span>
     <span class='ocr_line' id='line_1_17' title="bbox 527 1712 2650 1779; baseline 0.003 -24"><span class='ocrx_word' id='word_1_195' title='bbox 527 1713 635 1770; x_wconf 86' lang='lat' dir='ltr'>Duc</span> <span class='ocrx_word' id='word_1_196' title='bbox 662 1722 843 1770; x_wconf 83' lang='lat' dir='ltr'>autem,</span> <span class='ocrx_word' id='word_1_197' title='bbox 870 1712 1018 1758; x_wconf 85' lang='lat' dir='ltr'>fateor</span> <span class='ocrx_word' id='word_1_198' title='bbox 1039 1749 1049 1770; x_wconf 85' lang='lat'>,</span> <span class='ocrx_word' id='word_1_199' title='bbox 1078 1712 1162 1758; x_wconf 89' lang='lat' dir='ltr'>tibi</span> <span class='ocrx_word' id='word_1_200' title='bbox 1183 1712 1446 1776; x_wconf 79' lang='lat' dir='ltr'>specialiter</span> <span class='ocrx_word' id='word_1_201' title='bbox 1471 1714 1680 1772; x_wconf 87' lang='lat' dir='ltr'>inerant,</span> <span class='ocrx_word' id='word_1_202' title='bbox 1713 1713 1886 1777; x_wconf 89' lang='lat' dir='ltr'>quibus</span> <span class='ocrx_word' id='word_1_203' title='bbox 1907 1714 2190 1761; x_wconf 77' lang='lat' dir='ltr'>seminarum</span> <span class='ocrx_word' id='word_1_204' title='bbox 2216 1714 2535 1779; x_wconf 88' lang='lat' dir='ltr'>quarumlibet</span> <span class='ocrx_word' id='word_1_205' title='bbox 2552 1717 2650 1762; x_wconf 88' lang='lat' dir='ltr'>ani—</span> 
     </span>
     <span class='ocr_line' id='line_1_18' title="bbox 527 1791 2648 1858; baseline 0.002 -22"><span class='ocrx_word' id='word_1_206' title='bbox 527 1807 630 1837; x_wconf 91' lang='lat' dir='ltr'>mos</span> <span class='ocrx_word' id='word_1_207' title='bbox 648 1793 803 1839; x_wconf 83' lang='lat' dir='ltr'>statim</span> <span class='ocrx_word' id='word_1_208' title='bbox 826 1791 1012 1839; x_wconf 89' lang='lat' dir='ltr'>allicere</span> <span class='ocrx_word' id='word_1_209' title='bbox 1028 1803 1218 1858; x_wconf 86' lang='lat' dir='ltr'>poteras</span> <span class='ocrx_word' id='word_1_210' title='bbox 1247 1810 1256 1837; x_wconf 89' lang='lat'>:</span> <span class='ocrx_word' id='word_1_211' title='bbox 1287 1792 1498 1839; x_wconf 86' lang='lat' dir='ltr'>dictandi</span> <span class='ocrx_word' id='word_1_212' title='bbox 1516 1793 1761 1852; x_wconf 83' lang='lat' dir='ltr'>videlicet,</span> <span class='ocrx_word' id='word_1_213' title='bbox 1785 1804 1832 1840; x_wconf 90' lang='lat' dir='ltr'>et</span> <span class='ocrx_word' id='word_1_214' title='bbox 1855 1794 2085 1840; x_wconf 64' lang='lat' dir='ltr'>cantandi&gt;</span> <span class='ocrx_word' id='word_1_215' title='bbox 2098 1795 2244 1858; x_wconf 86' lang='lat' dir='ltr'>gratia</span> <span class='ocrx_word' id='word_1_216' title='bbox 2259 1798 2296 1854; x_wconf 78' lang='lat'>⁵3</span> <span class='ocrx_word' id='word_1_217' title='bbox 2325 1811 2429 1858; x_wconf 87' lang='lat' dir='ltr'>quae</span> <span class='ocrx_word' id='word_1_218' title='bbox 2455 1805 2648 1841; x_wconf 85' lang='lat' dir='ltr'>caeteros</span> 
     </span>
     <span class='ocr_line' id='line_1_19' title="bbox 523 1872 2646 1938; baseline 0.002 -21"><span class='ocrx_word' id='word_1_219' title='bbox 523 1873 720 1918; x_wconf 88' lang='lat' dir='ltr'>minime</span> <span class='ocrx_word' id='word_1_220' title='bbox 746 1872 1060 1937; x_wconf 88' lang='lat' dir='ltr'>philosophos</span> <span class='ocrx_word' id='word_1_221' title='bbox 1088 1883 1326 1919; x_wconf 87' lang='lat' dir='ltr'>assecutos</span> <span class='ocrx_word' id='word_1_222' title='bbox 1344 1890 1444 1919; x_wconf 91' lang='lat' dir='ltr'>esse</span> <span class='ocrx_word' id='word_1_223' title='bbox 1470 1874 1707 1920; x_wconf 89' lang='lat' dir='ltr'>novimus.</span> <span class='ocrx_word' id='word_1_224' title='bbox 1733 1874 1918 1931; x_wconf 88' lang='lat' dir='ltr'>Quibus</span> <span class='ocrx_word' id='word_1_225' title='bbox 1937 1874 2132 1938; x_wconf 91' lang='lat' dir='ltr'>quidem</span> <span class='ocrx_word' id='word_1_226' title='bbox 2149 1875 2284 1938; x_wconf 89' lang='lat' dir='ltr'>quasi</span> <span class='ocrx_word' id='word_1_227' title='bbox 2302 1874 2419 1920; x_wconf 92' lang='lat' dir='ltr'>ludo</span> <span class='ocrx_word' id='word_1_228' title='bbox 2435 1875 2646 1938; x_wconf 87' lang='lat' dir='ltr'>quodam</span> 
     </span>
     <span class='ocr_line' id='line_1_20' title="bbox 524 1951 2646 2019; baseline 0.001 -21"><span class='ocrx_word' id='word_1_229' title='bbox 524 1951 739 1998; x_wconf 86' lang='lat' dir='ltr'>laborem</span> <span class='ocrx_word' id='word_1_230' title='bbox 760 1953 966 1999; x_wconf 86' lang='lat' dir='ltr'>exercitii</span> <span class='ocrx_word' id='word_1_231' title='bbox 981 1955 994 1976; x_wconf 78' lang='lat'>‘³</span> <span class='ocrx_word' id='word_1_232' title='bbox 1013 1970 1229 1999; x_wconf 89' lang='lat' dir='ltr'>recreans</span> <span class='ocrx_word' id='word_1_233' title='bbox 1249 1953 1592 2018; x_wconf 81' lang='lat' dir='ltr'>philosophici,</span> <span class='ocrx_word' id='word_1_234' title='bbox 1611 1954 1837 2019; x_wconf 81' lang='lat' dir='ltr'>pleraque</span> <span class='ocrx_word' id='word_1_235' title='bbox 1862 1955 2094 2000; x_wconf 82' lang='lat' dir='ltr'>amatorio</span> <span class='ocrx_word' id='word_1_236' title='bbox 2110 1957 2124 1979; x_wconf 82' lang='lat'>⁷</span> <span class='ocrx_word' id='word_1_237' title='bbox 2148 1964 2302 2000; x_wconf 89' lang='lat' dir='ltr'>metro</span> <span class='ocrx_word' id='word_1_238' title='bbox 2329 1954 2402 2001; x_wconf 89' lang='lat' dir='ltr'>vel</span> <span class='ocrx_word' id='word_1_239' title='bbox 2423 1954 2646 2018; x_wconf 81' lang='lat' dir='ltr'>rhythmo</span> 
     </span>
     <span class='ocr_line' id='line_1_21' title="bbox 527 2034 2644 2102; baseline 0.002 -24"><span class='ocrx_word' id='word_1_240' title='bbox 527 2034 792 2098; x_wconf 85' lang='lat' dir='ltr'>composita</span> <span class='ocrx_word' id='word_1_241' title='bbox 834 2034 1060 2097; x_wconf 88' lang='lat' dir='ltr'>reliquisti</span> <span class='ocrx_word' id='word_1_242' title='bbox 1098 2034 1331 2102; x_wconf 84' lang='lat' dir='ltr'>carmina,</span> <span class='ocrx_word' id='word_1_243' title='bbox 1363 2051 1466 2098; x_wconf 66' lang='lat' dir='ltr'>quae</span> <span class='ocrx_word' id='word_1_244' title='bbox 1495 2052 1590 2099; x_wconf 77' lang='lat' dir='ltr'>prae</span> <span class='ocrx_word' id='word_1_245' title='bbox 1618 2036 1764 2081; x_wconf 81' lang='lat' dir='ltr'>nimia</span> <span class='ocrx_word' id='word_1_246' title='bbox 1796 2036 2023 2081; x_wconf 84' lang='lat' dir='ltr'>suavitate</span> <span class='ocrx_word' id='word_1_247' title='bbox 2048 2045 2146 2081; x_wconf 85' lang='lat' dir='ltr'>tam</span> <span class='ocrx_word' id='word_1_248' title='bbox 2174 2035 2470 2081; x_wconf 81' lang='lat' dir='ltr'>dictaminis⁸</span> <span class='ocrx_word' id='word_1_249' title='bbox 2501 2052 2644 2099; x_wconf 89' lang='lat' dir='ltr'>quam</span> 
     </span>
     <span class='ocr_line' id='line_1_22' title="bbox 522 2115 2639 2178; baseline -0 -19"><span class='ocrx_word' id='word_1_250' title='bbox 522 2123 687 2160; x_wconf 86' lang='lat' dir='ltr'>cautus</span> <span class='ocrx_word' id='word_1_251' title='bbox 707 2115 874 2178; x_wconf 79' lang='lat' dir='ltr'>saepius</span> <span class='ocrx_word' id='word_1_252' title='bbox 912 2115 1206 2178; x_wconf 85' lang='lat' dir='ltr'>frequentata</span> <span class='ocrx_word' id='word_1_253' title='bbox 1222 2151 1233 2172; x_wconf 85' lang='lat'>‚</span> <span class='ocrx_word' id='word_1_254' title='bbox 1256 2124 1392 2161; x_wconf 88' lang='lat' dir='ltr'>tuum</span> <span class='ocrx_word' id='word_1_255' title='bbox 1418 2116 1465 2161; x_wconf 90' lang='lat' dir='ltr'>in</span> <span class='ocrx_word' id='word_1_256' title='bbox 1500 2132 1583 2162; x_wconf 86' lang='lat' dir='ltr'>ore</span> <span class='ocrx_word' id='word_1_257' title='bbox 1615 2116 1832 2161; x_wconf 83' lang='lat' dir='ltr'>omnium</span> <span class='ocrx_word' id='word_1_258' title='bbox 1859 2132 2037 2161; x_wconf 89' lang='lat' dir='ltr'>nomen</span> <span class='ocrx_word' id='word_1_259' title='bbox 2064 2116 2356 2161; x_wconf 83' lang='lat' dir='ltr'>incessanter</span> <span class='ocrx_word' id='word_1_260' title='bbox 2381 2115 2606 2162; x_wconf 88' lang='lat' dir='ltr'>tenebant</span> <span class='ocrx_word' id='word_1_261' title='bbox 2629 2134 2639 2158; x_wconf 92' lang='lat'>·.</span> 
     </span>
     <span class='ocr_line' id='line_1_23' title="bbox 524 2194 2643 2260; baseline 0.001 -19"><span class='ocrx_word' id='word_1_262' title='bbox 524 2205 574 2241; x_wconf 92' lang='lat' dir='ltr'>ut</span> <span class='ocrx_word' id='word_1_263' title='bbox 606 2196 748 2241; x_wconf 88' lang='lat' dir='ltr'>etiam</span> <span class='ocrx_word' id='word_1_264' title='bbox 784 2195 1046 2242; x_wconf 85' lang='lat' dir='ltr'>illitteratos</span> <span class='ocrx_word' id='word_1_265' title='bbox 1073 2194 1290 2241; x_wconf 83' lang='lat' dir='ltr'>melodiae</span> <span class='ocrx_word' id='word_1_266' title='bbox 1315 2195 1521 2242; x_wconf 86' lang='lat' dir='ltr'>dulcedo</span> <span class='ocrx_word' id='word_1_267' title='bbox 1549 2196 1646 2242; x_wconf 80' lang='lat' dir='ltr'>tui⁹</span> <span class='ocrx_word' id='word_1_268' title='bbox 1679 2213 1777 2243; x_wconf 90' lang='lat' dir='ltr'>non</span> <span class='ocrx_word' id='word_1_269' title='bbox 1806 2196 1980 2243; x_wconf 85' lang='lat' dir='ltr'>sineret</span> <span class='ocrx_word' id='word_1_270' title='bbox 2010 2196 2316 2242; x_wconf 80' lang='lat' dir='ltr'>immemores</span> <span class='ocrx_word' id='word_1_271' title='bbox 2347 2211 2459 2242; x_wconf 91' lang='lat' dir='ltr'>esse.</span> <span class='ocrx_word' id='word_1_272' title='bbox 2494 2199 2643 2260; x_wconf 85' lang='lat' dir='ltr'>Atque</span> 
     </span>
     <span class='ocr_line' id='line_1_24' title="bbox 520 2275 2642 2341; baseline 0.001 -20"><span class='ocrx_word' id='word_1_273' title='bbox 520 2275 634 2321; x_wconf 92' lang='lat' dir='ltr'>hinc</span> <span class='ocrx_word' id='word_1_274' title='bbox 659 2276 863 2321; x_wconf 87' lang='lat' dir='ltr'>maxime</span> <span class='ocrx_word' id='word_1_275' title='bbox 895 2275 942 2321; x_wconf 89' lang='lat' dir='ltr'>in</span> <span class='ocrx_word' id='word_1_276' title='bbox 970 2292 1183 2322; x_wconf 89' lang='lat' dir='ltr'>amorem</span> <span class='ocrx_word' id='word_1_277' title='bbox 1204 2275 1271 2322; x_wconf 88' lang='lat' dir='ltr'>tui</span> <span class='ocrx_word' id='word_1_278' title='bbox 1297 2275 1479 2322; x_wconf 84' lang='lat' dir='ltr'>feminae</span> <span class='ocrx_word' id='word_1_279' title='bbox 1504 2276 1821 2341; x_wconf 76' lang='lat' dir='ltr'>Suspirabant.</span> <span class='ocrx_word' id='word_1_280' title='bbox 1850 2279 1906 2322; x_wconf 90' lang='lat' dir='ltr'>Et</span> <span class='ocrx_word' id='word_1_281' title='bbox 1933 2293 2082 2339; x_wconf 88' lang='lat' dir='ltr'>quum</span> <span class='ocrx_word' id='word_1_282' title='bbox 2101 2276 2276 2322; x_wconf 90' lang='lat' dir='ltr'>horum</span> <span class='ocrx_word' id='word_1_283' title='bbox 2301 2292 2411 2341; x_wconf 89' lang='lat' dir='ltr'>pars</span> <span class='ocrx_word' id='word_1_284' title='bbox 2440 2277 2642 2323; x_wconf 84' lang='lat' dir='ltr'>maxima</span> 
     </span>
     <span class='ocr_line' id='line_1_25' title="bbox 522 2356 2642 2422; baseline 0 -20"><span class='ocrx_word' id='word_1_285' title='bbox 522 2358 787 2403; x_wconf 86' lang='lat' dir='ltr'>carminum</span> <span class='ocrx_word' id='word_1_286' title='bbox 812 2367 1001 2403; x_wconf 86' lang='lat' dir='ltr'>nostros</span> <span class='ocrx_word' id='word_1_287' title='bbox 1026 2356 1298 2404; x_wconf 82' lang='lat' dir='ltr'>decantaret</span> <span class='ocrx_word' id='word_1_288' title='bbox 1325 2374 1512 2404; x_wconf 85' lang='lat' dir='ltr'>amores</span> <span class='ocrx_word' id='word_1_289' title='bbox 1532 2394 1543 2417; x_wconf 88' lang='lat'>‚</span> <span class='ocrx_word' id='word_1_290' title='bbox 1564 2357 1724 2404; x_wconf 86' lang='lat' dir='ltr'>multis</span> <span class='ocrx_word' id='word_1_291' title='bbox 1744 2374 1820 2404; x_wconf 89' lang='lat' dir='ltr'>me</span> <span class='ocrx_word' id='word_1_292' title='bbox 1846 2357 2118 2421; x_wconf 85' lang='lat' dir='ltr'>regionibus</span> <span class='ocrx_word' id='word_1_293' title='bbox 2137 2356 2269 2404; x_wconf 90' lang='lat' dir='ltr'>brevi</span> <span class='ocrx_word' id='word_1_294' title='bbox 2288 2367 2504 2422; x_wconf 87' lang='lat' dir='ltr'>tempore</span> <span class='ocrx_word' id='word_1_295' title='bbox 2516 2370 2642 2413; x_wconf 64' lang='lat' dir='ltr'>nun}-</span> 
     </span>
     <span class='ocr_line' id='line_1_26' title="bbox 523 2436 2638 2495; baseline 0.001 -13"><span class='ocrx_word' id='word_1_296' title='bbox 523 2436 673 2495; x_wconf 67' lang='lat' dir='ltr'>navit,</span> <span class='ocrx_word' id='word_1_297' title='bbox 703 2447 749 2483; x_wconf 90' lang='lat' dir='ltr'>et</span> <span class='ocrx_word' id='word_1_298' title='bbox 776 2437 1033 2483; x_wconf 88' lang='lat' dir='ltr'>multarum</span> <span class='ocrx_word' id='word_1_299' title='bbox 1064 2438 1111 2483; x_wconf 82' lang='lat' dir='ltr'>in</span> <span class='ocrx_word' id='word_1_300' title='bbox 1147 2454 1224 2484; x_wconf 72' lang='lat' dir='ltr'>ine</span> <span class='ocrx_word' id='word_1_301' title='bbox 1266 2437 1551 2484; x_wconf 87' lang='lat' dir='ltr'>feminarum</span> <span class='ocrx_word' id='word_1_302' title='bbox 1588 2437 1804 2485; x_wconf 88' lang='lat' dir='ltr'>accendit</span> <span class='ocrx_word' id='word_1_303' title='bbox 1837 2438 2080 2484; x_wconf 92' lang='lat' dir='ltr'>invidiam.</span> <span class='ocrx_word' id='word_1_304' title='bbox 2118 2437 2261 2494; x_wconf 91' lang='lat' dir='ltr'>Quod</span> <span class='ocrx_word' id='word_1_305' title='bbox 2295 2438 2423 2483; x_wconf 89' lang='lat' dir='ltr'>enim</span> <span class='ocrx_word' id='word_1_306' title='bbox 2456 2436 2638 2484; x_wconf 71' lang='lat' dir='ltr'>bonum</span> 
     </span>
     <span class='ocr_line' id='line_1_27' title="bbox 519 2515 2640 2582; baseline 0.001 -20"><span class='ocrx_word' id='word_1_307' title='bbox 519 2517 665 2562; x_wconf 87' lang='lat' dir='ltr'>animi</span> <span class='ocrx_word' id='word_1_308' title='bbox 694 2516 770 2563; x_wconf 88' lang='lat' dir='ltr'>vel</span> <span class='ocrx_word' id='word_1_309' title='bbox 795 2517 1009 2582; x_wconf 89' lang='lat' dir='ltr'>corporis</span> <span class='ocrx_word' id='word_1_310' title='bbox 1042 2527 1172 2563; x_wconf 85' lang='lat' dir='ltr'>tuam</span> <span class='ocrx_word' id='word_1_311' title='bbox 1198 2534 1296 2563; x_wconf 92' lang='lat' dir='ltr'>non</span> <span class='ocrx_word' id='word_1_312' title='bbox 1324 2517 1583 2564; x_wconf 81' lang='lat' dir='ltr'>exornabat</span> <span class='ocrx_word' id='word_1_313' title='bbox 1608 2517 2014 2564; x_wconf 79' lang='lat' dir='ltr'>adolescentiam?</span> <span class='ocrx_word' id='word_1_314' title='bbox 2047 2520 2203 2573; x_wconf 85' lang='lat' dir='ltr'>Quam</span> <span class='ocrx_word' id='word_1_315' title='bbox 2233 2527 2348 2562; x_wconf 89' lang='lat' dir='ltr'>tunc</span> <span class='ocrx_word' id='word_1_316' title='bbox 2378 2515 2495 2562; x_wconf 91' lang='lat' dir='ltr'>mihi</span> <span class='ocrx_word' id='word_1_317' title='bbox 2518 2517 2640 2564; x_wconf 50' lang='lat' dir='ltr'>‘invi‘-</span> 
     </span>
     <span class='ocr_line' id='line_1_28' title="bbox 520 2596 2636 2663; baseline -0 -20"><span class='ocrx_word' id='word_1_318' title='bbox 520 2597 741 2655; x_wconf 80' lang='lat' dir='ltr'>dentem‚</span> <span class='ocrx_word' id='word_1_319' title='bbox 783 2613 911 2643; x_wconf 89' lang='lat' dir='ltr'>nunc</span> <span class='ocrx_word' id='word_1_320' title='bbox 948 2597 1087 2643; x_wconf 87' lang='lat' dir='ltr'>tantis</span> <span class='ocrx_word' id='word_1_321' title='bbox 1117 2598 1308 2662; x_wconf 85' lang='lat' dir='ltr'>privatae</span> <span class='ocrx_word' id='word_1_322' title='bbox 1343 2597 1522 2644; x_wconf 90' lang='lat' dir='ltr'>deliciis</span> <span class='ocrx_word' id='word_1_323' title='bbox 1547 2599 1756 2663; x_wconf 89' lang='lat' dir='ltr'>compati</span> <span class='ocrx_word' id='word_1_324' title='bbox 1797 2597 2038 2643; x_wconf 86' lang='lat' dir='ltr'>calamitas</span> <span class='ocrx_word' id='word_1_325' title='bbox 2058 2597 2191 2642; x_wconf 76' lang='lat' dir='ltr'>·&#39;&#39;mea</span> <span class='ocrx_word' id='word_1_326' title='bbox 2217 2612 2320 2642; x_wconf 82' lang='lat' dir='ltr'>non</span> <span class='ocrx_word' id='word_1_327' title='bbox 2354 2596 2636 2661; x_wconf 68' lang='lat' dir='ltr'>compellat?</span> 
     </span>
     <span class='ocr_line' id='line_1_29' title="bbox 518 2667 2638 2747; baseline -0.001 -24"><span class='ocrx_word' id='word_1_328' title='bbox 518 2680 672 2734; x_wconf 87' lang='lat' dir='ltr'>Quem</span> <span class='ocrx_word' id='word_1_329' title='bbox 695 2677 766 2723; x_wconf 92' lang='lat' dir='ltr'>vel</span> <span class='ocrx_word' id='word_1_330' title='bbox 783 2693 945 2740; x_wconf 78' lang='lat' dir='ltr'>quam,</span> <span class='ocrx_word' id='word_1_331' title='bbox 974 2677 1083 2723; x_wconf 92' lang='lat' dir='ltr'>licet</span> <span class='ocrx_word' id='word_1_332' title='bbox 1107 2671 1295 2724; x_wconf 85' lang='lat' dir='ltr'>hostem</span> <span class='ocrx_word' id='word_1_333' title='bbox 1321 2678 1568 2742; x_wconf 80' lang='lat' dir='ltr'>primitus,</span> <span class='ocrx_word' id='word_1_334' title='bbox 1593 2677 1751 2724; x_wconf 89' lang='lat' dir='ltr'>debita</span> <span class='ocrx_word' id='word_1_335' title='bbox 1771 2677 2038 2741; x_wconf 81' lang='lat' dir='ltr'>compassio</span> <span class='ocrx_word' id='word_1_336' title='bbox 2059 2667 2176 2747; x_wconf 82' lang='lat' dir='ltr'>mihi</span> <span class='ocrx_word' id='word_1_337' title='bbox 2203 2668 2638 2722; x_wconf 60' lang='lat' dir='ltr'>·mmc&#39;⁷⁵non=emot·-</span> 
     </span>
     <span class='ocr_line' id='line_1_30' title="bbox 517 2757 2634 2824; baseline 0 -21"><span class='ocrx_word' id='word_1_338' title='bbox 517 2758 631 2805; x_wconf 82' lang='lat' dir='ltr'>liat?</span> <span class='ocrx_word' id='word_1_339' title='bbox 663 2760 815 2815; x_wconf 84' lang='lat' dir='ltr'>Quae¹⁰</span> <span class='ocrx_word' id='word_1_340' title='bbox 844 2758 1105 2823; x_wconf 86' lang='lat' dir='ltr'>plurimum</span> <span class='ocrx_word' id='word_1_341' title='bbox 1137 2775 1342 2817; x_wconf 88' lang='lat' dir='ltr'>nocens,</span> <span class='ocrx_word' id='word_1_342' title='bbox 1370 2758 1655 2824; x_wconf 85' lang='lat' dir='ltr'>plurimum,</span> <span class='ocrx_word' id='word_1_343' title='bbox 1687 2768 1737 2804; x_wconf 90' lang='lat' dir='ltr'>ut</span> <span class='ocrx_word' id='word_1_344' title='bbox 1763 2758 1920 2816; x_wconf 82' lang='lat' dir='ltr'>nosti,</span> <span class='ocrx_word' id='word_1_345' title='bbox 1950 2773 2053 2803; x_wconf 89' lang='lat' dir='ltr'>sum</span> <span class='ocrx_word' id='word_1_346' title='bbox 2081 2758 2326 2803; x_wconf 85' lang='lat' dir='ltr'>innocens.</span> <span class='ocrx_word' id='word_1_347' title='bbox 2367 2759 2470 2803; x_wconf 88' lang='lat' dir='ltr'>Non</span> <span class='ocrx_word' id='word_1_348' title='bbox 2507 2757 2634 2803; x_wconf 80' lang='lat' dir='ltr'>enim</span> 
     </span>
     <span class='ocr_line' id='line_1_31' title="bbox 518 2835 2634 2900; baseline 0 -17"><span class='ocrx_word' id='word_1_349' title='bbox 518 2839 584 2884; x_wconf 86' lang='lat' dir='ltr'>rei</span> <span class='ocrx_word' id='word_1_350' title='bbox 610 2838 801 2885; x_wconf 84' lang='lat' dir='ltr'>effectus</span> <span class='ocrx_word' id='word_1_351' title='bbox 821 2875 832 2897; x_wconf 86' lang='lat'>‚</span> <span class='ocrx_word' id='word_1_352' title='bbox 862 2838 946 2884; x_wconf 90' lang='lat' dir='ltr'>sed</span> <span class='ocrx_word' id='word_1_353' title='bbox 967 2837 1210 2885; x_wconf 85' lang='lat' dir='ltr'>efficientis</span> <span class='ocrx_word' id='word_1_354' title='bbox 1231 2838 1423 2885; x_wconf 87' lang='lat' dir='ltr'>affectus</span> <span class='ocrx_word' id='word_1_355' title='bbox 1443 2839 1491 2884; x_wconf 91' lang='lat' dir='ltr'>in</span> <span class='ocrx_word' id='word_1_356' title='bbox 1511 2839 1709 2885; x_wconf 88' lang='lat' dir='ltr'>crimine</span> <span class='ocrx_word' id='word_1_357' title='bbox 1733 2847 1830 2897; x_wconf 79' lang='lat' dir='ltr'>est3</span> <span class='ocrx_word' id='word_1_358' title='bbox 1855 2853 1943 2883; x_wconf 88' lang='lat' dir='ltr'>nec</span> <span class='ocrx_word' id='word_1_359' title='bbox 1963 2853 2067 2900; x_wconf 82' lang='lat' dir='ltr'>quae</span> <span class='ocrx_word' id='word_1_360' title='bbox 2092 2835 2235 2895; x_wconf 84' lang='lat' dir='ltr'>fiunt,</span> <span class='ocrx_word' id='word_1_361' title='bbox 2259 2836 2342 2883; x_wconf 89' lang='lat' dir='ltr'>sed</span> <span class='ocrx_word' id='word_1_362' title='bbox 2358 2849 2455 2900; x_wconf 73' lang='lat' dir='ltr'>‘quo</span> <span class='ocrx_word' id='word_1_363' title='bbox 2475 2838 2634 2883; x_wconf 78' lang='lat' dir='ltr'>animo</span> 
     </span>
     <span class='ocr_line' id='line_1_32' title="bbox 519 2910 2634 2982; baseline 0 -19"><span class='ocrx_word' id='word_1_364' title='bbox 519 2917 658 2977; x_wconf 85' lang='lat' dir='ltr'>fiunt,</span> <span class='ocrx_word' id='word_1_365' title='bbox 679 2920 902 2982; x_wconf 83' lang='lat' dir='ltr'>aequitas¹¹</span> <span class='ocrx_word' id='word_1_366' title='bbox 930 2928 1111 2982; x_wconf 86' lang='lat' dir='ltr'>pensat.</span> <span class='ocrx_word' id='word_1_367' title='bbox 1138 2922 1293 2976; x_wconf 86' lang='lat' dir='ltr'>Quem</span> <span class='ocrx_word' id='word_1_368' title='bbox 1319 2929 1477 2981; x_wconf 84' lang='lat' dir='ltr'>autem</span> <span class='ocrx_word' id='word_1_369' title='bbox 1506 2919 1716 2964; x_wconf 90' lang='lat' dir='ltr'>animum</span> <span class='ocrx_word' id='word_1_370' title='bbox 1738 2918 1786 2963; x_wconf 89' lang='lat' dir='ltr'>in</span> <span class='ocrx_word' id='word_1_371' title='bbox 1806 2927 1852 2963; x_wconf 92' lang='lat' dir='ltr'>te</span> <span class='ocrx_word' id='word_1_372' title='bbox 1879 2933 2066 2981; x_wconf 88' lang='lat' dir='ltr'>semper</span> <span class='ocrx_word' id='word_1_373' title='bbox 2094 2916 2369 2975; x_wconf 79' lang='lat' dir='ltr'>habuerim‘⁷</span> <span class='ocrx_word' id='word_1_374' title='bbox 2399 2910 2528 2963; x_wconf 83' lang='lat' dir='ltr'>&#39;solus</span> <span class='ocrx_word' id='word_1_375' title='bbox 2548 2918 2634 2981; x_wconf 90' lang='lat' dir='ltr'>qui</span> 
     </span>
     <span class='ocr_line' id='line_1_33' title="bbox 517 2984 2635 3064; baseline 0 -20"><span class='ocrx_word' id='word_1_376' title='bbox 517 3009 734 3063; x_wconf 83' lang='lat' dir='ltr'>expertus</span> <span class='ocrx_word' id='word_1_377' title='bbox 751 2998 1020 3061; x_wconf 87' lang='lat' dir='ltr'>esjudicare</span> <span class='ocrx_word' id='word_1_378' title='bbox 1036 3009 1190 3064; x_wconf 89' lang='lat' dir='ltr'>potes.</span> <span class='ocrx_word' id='word_1_379' title='bbox 1214 3001 1315 3045; x_wconf 93' lang='lat' dir='ltr'>Tuo</span> <span class='ocrx_word' id='word_1_380' title='bbox 1333 2998 1538 3045; x_wconf 89' lang='lat' dir='ltr'>examini</span> <span class='ocrx_word' id='word_1_381' title='bbox 1556 3007 1726 3045; x_wconf 89' lang='lat' dir='ltr'>cuncta</span> <span class='ocrx_word' id='word_1_382' title='bbox 1747 2984 2021 3056; x_wconf 82' lang='lat' dir='ltr'>committo,</span> <span class='ocrx_word' id='word_1_383' title='bbox 2042 3005 2126 3042; x_wconf 91' lang='lat' dir='ltr'>tuo</span> <span class='ocrx_word' id='word_1_384' title='bbox 2143 3013 2230 3060; x_wconf 88' lang='lat' dir='ltr'>per</span> <span class='ocrx_word' id='word_1_385' title='bbox 2249 2997 2409 3043; x_wconf 89' lang='lat' dir='ltr'>omnia</span> <span class='ocrx_word' id='word_1_386' title='bbox 2429 2996 2550 3044; x_wconf 87' lang='lat' dir='ltr'>cedo</span> <span class='ocrx_word' id='word_1_387' title='bbox 2570 3007 2635 3044; x_wconf 85' lang='lat' dir='ltr'>te·</span> 
     </span>
     <span class='ocr_line' id='line_1_34' title="bbox 516 3076 2633 3142; baseline -0 -18"><span class='ocrx_word' id='word_1_388' title='bbox 516 3078 756 3124; x_wconf 84' lang='lat' dir='ltr'>stimonio.</span> <span class='ocrx_word' id='word_1_389' title='bbox 779 3079 865 3125; x_wconf 88' lang='lat' dir='ltr'>Dic</span> <span class='ocrx_word' id='word_1_390' title='bbox 890 3095 1056 3138; x_wconf 88' lang='lat' dir='ltr'>unum,</span> <span class='ocrx_word' id='word_1_391' title='bbox 1089 3080 1126 3125; x_wconf 91' lang='lat' dir='ltr'>si</span> <span class='ocrx_word' id='word_1_392' title='bbox 1146 3077 1294 3139; x_wconf 57' lang='lat' dir='ltr'>vales3</span> <span class='ocrx_word' id='word_1_393' title='bbox 1318 3095 1400 3142; x_wconf 89' lang='lat' dir='ltr'>cur</span> <span class='ocrx_word' id='word_1_394' title='bbox 1419 3081 1444 3102; x_wconf 77' lang='lat'>¹²</span> <span class='ocrx_word' id='word_1_395' title='bbox 1479 3088 1588 3142; x_wconf 90' lang='lat' dir='ltr'>post</span> <span class='ocrx_word' id='word_1_396' title='bbox 1608 3078 1970 3125; x_wconf 88' lang='lat' dir='ltr'>conversionem</span> <span class='ocrx_word' id='word_1_397' title='bbox 1997 3087 2236 3135; x_wconf 83' lang='lat' dir='ltr'>nostram,</span> <span class='ocrx_word' id='word_1_398' title='bbox 2263 3091 2408 3140; x_wconf 88' lang='lat' dir='ltr'>quam</span> <span class='ocrx_word' id='word_1_399' title='bbox 2434 3085 2484 3122; x_wconf 89' lang='lat' dir='ltr'>tu</span> <span class='ocrx_word' id='word_1_400' title='bbox 2504 3076 2633 3123; x_wconf 91' lang='lat' dir='ltr'>solus</span> 
     </span>
     <span class='ocr_line' id='line_1_35' title="bbox 516 3157 2633 3223; baseline -0 -19"><span class='ocrx_word' id='word_1_401' title='bbox 516 3159 666 3205; x_wconf 87' lang='lat' dir='ltr'>facere</span> <span class='ocrx_word' id='word_1_402' title='bbox 691 3157 937 3205; x_wconf 88' lang='lat' dir='ltr'>decrevisti</span> <span class='ocrx_word' id='word_1_403' title='bbox 957 3196 969 3218; x_wconf 83' lang='lat'>,</span> <span class='ocrx_word' id='word_1_404' title='bbox 998 3161 1044 3206; x_wconf 92' lang='lat' dir='ltr'>in</span> <span class='ocrx_word' id='word_1_405' title='bbox 1073 3169 1252 3206; x_wconf 88' lang='lat' dir='ltr'>tantam</span> <span class='ocrx_word' id='word_1_406' title='bbox 1276 3159 1361 3206; x_wconf 90' lang='lat' dir='ltr'>tibi</span> <span class='ocrx_word' id='word_1_407' title='bbox 1375 3159 1712 3223; x_wconf 83' lang='lat' dir='ltr'>negligentiam</span> <span class='ocrx_word' id='word_1_408' title='bbox 1737 3169 1879 3223; x_wconf 87' lang='lat' dir='ltr'>atque</span> <span class='ocrx_word' id='word_1_409' title='bbox 1898 3157 2189 3204; x_wconf 90' lang='lat' dir='ltr'>oblivionem</span> <span class='ocrx_word' id='word_1_410' title='bbox 2209 3158 2419 3204; x_wconf 86' lang='lat' dir='ltr'>venerim</span> <span class='ocrx_word' id='word_1_411' title='bbox 2440 3193 2451 3216; x_wconf 85' lang='lat'><strong><em>‚</em></strong></span> <span class='ocrx_word' id='word_1_412' title='bbox 2477 3167 2527 3203; x_wconf 90' lang='lat' dir='ltr'>ut.</span> <span class='ocrx_word' id='word_1_413' title='bbox 2544 3173 2633 3203; x_wconf 91' lang='lat' dir='ltr'>nec</span> 
     </span>
    </p>
   </div>
   <div class='ocr_carea' id='block_1_2' title="bbox 512 3328 2631 3545">
    <p class='ocr_par' dir='ltr' id='par_1_3' title="bbox 512 3328 2631 3545">
     <span class='ocr_line' id='line_1_36' title="bbox 558 3328 2631 3367; baseline -0.001 -4"><span class='ocrx_word' id='word_1_414' title='bbox 558 3333 568 3350; x_wconf 84' lang='lat'>⁴</span> <span class='ocrx_word' id='word_1_415' title='bbox 596 3335 769 3366; x_wconf 81' lang='lat' dir='ltr'>Inviolatus</span> <span class='ocrx_word' id='word_1_416' title='bbox 787 3344 878 3365; x_wconf 84' lang='lat' dir='ltr'>amor</span> <span class='ocrx_word' id='word_1_417' title='bbox 901 3336 1002 3366; x_wconf 80' lang='lat' dir='ltr'>illoesa</span> <span class='ocrx_word' id='word_1_418' title='bbox 1028 3333 1119 3366; x_wconf 78' lang='lat' dir='ltr'><strong>RMS.</strong></span> <span class='ocrx_word' id='word_1_419' title='bbox 1155 3352 1176 3355; x_wconf 92' lang='lat'>---</span> <span class='ocrx_word' id='word_1_420' title='bbox 1200 3333 1212 3349; x_wconf 74' lang='lat'><strong>²</strong></span> <span class='ocrx_word' id='word_1_421' title='bbox 1229 3334 1370 3367; x_wconf 80' lang='lat' dir='ltr'>Ardebat</span> <span class='ocrx_word' id='word_1_422' title='bbox 1392 3333 1486 3366; x_wconf 76' lang='lat' dir='ltr'>RMS‚</span> <span class='ocrx_word' id='word_1_423' title='bbox 1508 3351 1545 3356; x_wconf 72' lang='lat'><em>-</em></span> <span class='ocrx_word' id='word_1_424' title='bbox 1590 3335 1770 3366; x_wconf 78' lang='lat' dir='ltr'>immusicos</span> <span class='ocrx_word' id='word_1_425' title='bbox 1786 3334 1919 3365; x_wconf 77' lang='lat' dir='ltr'>melodis</span> <span class='ocrx_word' id='word_1_426' title='bbox 1937 3335 1983 3365; x_wconf 84' lang='lat' dir='ltr'>tui</span> <span class='ocrx_word' id='word_1_427' title='bbox 1996 3332 2164 3365; x_wconf 78' lang='lat' dir='ltr'>harmonia</span> <span class='ocrx_word' id='word_1_428' title='bbox 2184 3332 2263 3363; x_wconf 87' lang='lat' dir='ltr'>bene</span> <span class='ocrx_word' id='word_1_429' title='bbox 2284 3331 2380 3362; x_wconf 83' lang='lat' dir='ltr'>docta</span> <span class='ocrx_word' id='word_1_430' title='bbox 2398 3338 2461 3361; x_wconf 81' lang='lat' dir='ltr'>non</span> <span class='ocrx_word' id='word_1_431' title='bbox 2476 3328 2573 3362; x_wconf 75' lang='lat' dir='ltr'>Rus,</span> <span class='ocrx_word' id='word_1_432' title='bbox 2590 3346 2631 3351; x_wconf 93' lang='lat'>—</span> 
     </span>
     <span class='ocr_line' id='line_1_37' title="bbox 515 3384 2631 3433; baseline -0.004 -9"><span class='ocrx_word' id='word_1_433' title='bbox 515 3390 526 3405; x_wconf 76' lang='lat'><strong>³</strong></span> <span class='ocrx_word' id='word_1_434' title='bbox 551 3391 678 3431; x_wconf 79' lang='lat' dir='ltr'>Optavit</span> <span class='ocrx_word' id='word_1_435' title='bbox 702 3390 854 3423; x_wconf 58' lang='grc'><strong>11115-</strong></span> <span class='ocrx_word' id='word_1_436' title='bbox 869 3389 881 3405; x_wconf 78' lang='lat'>⁴</span> <span class='ocrx_word' id='word_1_437' title='bbox 899 3391 1034 3422; x_wconf 74' lang='lat' dir='ltr'>Exarsit</span> <span class='ocrx_word' id='word_1_438' title='bbox 1052 3390 1145 3423; x_wconf 87' lang='lat' dir='ltr'>RMS.</span> <span class='ocrx_word' id='word_1_439' title='bbox 1167 3409 1196 3414; x_wconf 60' lang='lat'>.„</span> <span class='ocrx_word' id='word_1_440' title='bbox 1223 3391 1234 3407; x_wconf 79' lang='lat'>⁵</span> <span class='ocrx_word' id='word_1_441' title='bbox 1253 3392 1384 3432; x_wconf 67' lang='lat' dir='ltr'>Eloquia·</span> <span class='ocrx_word' id='word_1_442' title='bbox 1408 3393 1546 3433; x_wconf 76' lang='lat' dir='ltr'>potentis</span> <span class='ocrx_word' id='word_1_443' title='bbox 1593 3389 1623 3407; x_wconf 82' lang='lat'>¹⁰</span> <span class='ocrx_word' id='word_1_444' title='bbox 1653 3390 1705 3423; x_wconf 86' lang='lat' dir='ltr'>Sic</span> <span class='ocrx_word' id='word_1_445' title='bbox 1735 3390 1809 3425; x_wconf 88' lang='lat' dir='ltr'>C.-</span> <span class='ocrx_word' id='word_1_446' title='bbox 1826 3391 1870 3422; x_wconf 84' lang='lat' dir='ltr'>Et</span> <span class='ocrx_word' id='word_1_447' title='bbox 1896 3391 2068 3430; x_wconf 81' lang='lat' dir='ltr'>plurimum</span> <span class='ocrx_word' id='word_1_448' title='bbox 2095 3387 2182 3421; x_wconf 84' lang='lat' dir='ltr'>Edd.</span> <span class='ocrx_word' id='word_1_449' title='bbox 2205 3404 2239 3411; x_wconf 70' lang='lat'>-—</span> <span class='ocrx_word' id='word_1_450' title='bbox 2259 3385 2286 3404; x_wconf 80' lang='lat'>‘⁴</span> <span class='ocrx_word' id='word_1_451' title='bbox 2312 3386 2443 3418; x_wconf 76' lang='lat' dir='ltr'>Justitia</span> <span class='ocrx_word' id='word_1_452' title='bbox 2471 3384 2565 3418; x_wconf 75' lang='lat' dir='ltr'>RMS.</span> <span class='ocrx_word' id='word_1_453' title='bbox 2587 3400 2631 3408; x_wconf 91' lang='lat'>—</span> 
     </span>
     <span class='ocr_line' id='line_1_38' title="bbox 512 3444 2043 3490; baseline -0.001 -12"><span class='ocrx_word' id='word_1_454' title='bbox 512 3450 556 3479; x_wconf 69' lang='lat' dir='ltr'>vis</span> <span class='ocrx_word' id='word_1_455' title='bbox 581 3455 610 3479; x_wconf 80' lang='lat' dir='ltr'>ec</span> <span class='ocrx_word' id='word_1_456' title='bbox 633 3450 744 3479; x_wconf 81' lang='lat' dir='ltr'>musici</span> <span class='ocrx_word' id='word_1_457' title='bbox 773 3450 836 3478; x_wconf 80' lang='lat' dir='ltr'>oris</span> <span class='ocrx_word' id='word_1_458' title='bbox 860 3454 954 3487; x_wconf 73' lang='lat' dir='ltr'>yram</span> <span class='ocrx_word' id='word_1_459' title='bbox 979 3450 1094 3487; x_wconf 82' lang='lat' dir='ltr'>peritia</span> <span class='ocrx_word' id='word_1_460' title='bbox 1120 3446 1214 3480; x_wconf 77' lang='lat' dir='ltr'><strong>RMS.</strong></span> <span class='ocrx_word' id='word_1_461' title='bbox 1229 3466 1273 3472; x_wconf 97' lang='lat'>—</span> <span class='ocrx_word' id='word_1_462' title='bbox 1286 3447 1298 3464; x_wconf 80' lang='lat'>⁰³</span> <span class='ocrx_word' id='word_1_463' title='bbox 1315 3448 1551 3490; x_wconf 81' lang='lat' dir='ltr'>Gymnasmatis</span> <span class='ocrx_word' id='word_1_464' title='bbox 1597 3445 1625 3462; x_wconf 77' lang='lat'>¹²</span> <span class='ocrx_word' id='word_1_465' title='bbox 1646 3446 1699 3478; x_wconf 80' lang='lat' dir='ltr'>Sic</span> <span class='ocrx_word' id='word_1_466' title='bbox 1717 3445 1810 3479; x_wconf 83' lang='lat' dir='ltr'><strong>ABG.</strong></span> <span class='ocrx_word' id='word_1_467' title='bbox 1824 3464 1846 3470; x_wconf 95' lang='lat'>—</span> <span class='ocrx_word' id='word_1_468' title='bbox 1862 3445 1938 3478; x_wconf 81' lang='lat' dir='ltr'>Cum</span> <span class='ocrx_word' id='word_1_469' title='bbox 1956 3444 2043 3478; x_wconf 80' lang='lat' dir='ltr'>Edd.</span> 
     </span>
     <span class='ocr_line' id='line_1_39' title="bbox 513 3501 1551 3545; baseline -0.001 -9"><span class='ocrx_word' id='word_1_470' title='bbox 513 3503 606 3536; x_wconf 75' lang='lat' dir='ltr'><strong>RMS.</strong></span> <span class='ocrx_word' id='word_1_471' title='bbox 621 3519 664 3528; x_wconf 91' lang='lat'>—·</span> <span class='ocrx_word' id='word_1_472' title='bbox 678 3503 688 3519; x_wconf 87' lang='lat'>⁷</span> <span class='ocrx_word' id='word_1_473' title='bbox 706 3503 848 3535; x_wconf 81' lang='lat' dir='ltr'>Amatori</span> <span class='ocrx_word' id='word_1_474' title='bbox 866 3502 904 3535; x_wconf 88' lang='lat' dir='ltr'>D.</span> <span class='ocrx_word' id='word_1_475' title='bbox 924 3522 958 3526; x_wconf 66' lang='lat'>-—</span> <span class='ocrx_word' id='word_1_476' title='bbox 975 3501 986 3517; x_wconf 72' lang='lat'>⁸</span> <span class='ocrx_word' id='word_1_477' title='bbox 1002 3503 1163 3535; x_wconf 71' lang='lat' dir='ltr'>Sermonis</span> <span class='ocrx_word' id='word_1_478' title='bbox 1179 3507 1296 3545; x_wconf 85' lang='lat' dir='ltr'>compti</span> <span class='ocrx_word' id='word_1_479' title='bbox 1311 3504 1405 3536; x_wconf 84' lang='lat' dir='ltr'><strong>RMS.</strong></span> <span class='ocrx_word' id='word_1_480' title='bbox 1425 3523 1459 3527; x_wconf 76' lang='lat'>—-</span> <span class='ocrx_word' id='word_1_481' title='bbox 1478 3502 1491 3520; x_wconf 84' lang='lat'><strong>⁹</strong></span> <span class='ocrx_word' id='word_1_482' title='bbox 1510 3505 1551 3535; x_wconf 81' lang='lat' dir='ltr'>Et</span> 
     </span>
    </p>
   </div>
  </div>
 </body>
</html>
