2970 4152
507 364 600 409 572
680 385 691 392 -
1303 359 1473 405 PETRI
1509 357 1821 405 ABAELARDI

508 457 813 514 documenta,
834 471 938 519 quae
959 452 1223 517 specialiter
1245 451 1306 498 ad
1328 451 1692 499 aedificationem
1707 457 1922 498 nostram
1944 459 2055 497 sunt
2075 450 2266 514 scripta,
2290 451 2330 498 si
2351 451 2419 498 eis
2432 451 2619 498 instrui-

507 553 615 583 mur
636 535 878 599 exempfis,
904 550 1008 598 quae
1029 533 1180 579 nostri
1196 532 1431 596 propositi
1451 549 1610 579 mores
1631 531 1908 579 describunt
1928 530 2206 595 perfectius?
2228 533 2337 588 Quo
2360 533 2489 578 enim
2509 531 2614 579 dili-

509 617 692 679 gentius
722 615 822 662 haec
857 613 996 659 nobis
1030 613 1243 677 exposita
1263 611 1498 672 videmus,
1526 604 1678 676 inajus
1692 612 1926 676 judicium
1949 610 2010 657 de
2031 621 2312 675 contemptu
2333 602 2618 659 incurrimus

507 708 691 741 eorum.
726 692 863 739 Unde
886 702 932 739 et
947 692 1155 739 Veritas¹
1182 709 1192 737 :
1222 710 1246 736 «
1266 693 1456 751 Servus,
1473 711 1496 736 »
1520 693 1692 756 inquit,
1722 711 1743 736 «
1762 691 1914 738 sciens
1935 700 1982 737 et
2004 707 2104 737 non
2128 690 2302 737 faciens
2322 687 2621 741 voluntatem

507 773 702 820 Domini
724 773 819 831 sui,
845 771 993 836 plagis
1014 770 1260 836 vapulabit
1281 771 1458 818 multis.
1488 790 1511 816 η
1551 774 1672 817 Ecce
1700 771 1749 816 in
1779 769 1945 833 onagri
1974 770 2273 834 supraposita
2300 769 2620 834 descriptione

506 853 622 917 quid
652 869 740 899 nos
768 852 902 916 sequi
929 851 1095 899 deceat
1121 861 1339 917 patenter
1367 868 1641 917 expressum
1670 861 1739 897 est
1754 887 1765 909 ,
1795 850 1880 897 sed
1907 867 2053 915 quam
2080 851 2320 898 contraria
2345 849 2622 898 incedamus

507 933 584 979 via
609 949 709 978 non
732 933 891 979 minus
919 931 1154 996 liquidum
1177 941 1263 979 est.
1296 934 1400 979 Jam
1423 933 1600 996 quippe
1628 930 1983 993 refrigescente,
2020 916 2117 977 imo
2146 931 2353 977 extincto
2382 930 2641 993 religionis¹

508 1011 709 1072 fervore,
736 1012 1050 1076 postmodum
1068 1012 1129 1059 de
1150 1011 1315 1058 labore
1337 1012 1535 1076 proprio
1556 1011 1715 1056 vivere
1737 1009 2039 1068 deberemus,
2056 1009 2189 1073 quod
2211 1027 2362 1056 unum
2383 1025 2494 1056 vere
2515 1025 2623 1057 mo·

508 1092 689 1139 nachos
712 1092 899 1140 efficere
919 1092 1087 1140 beatus
1109 1092 1392 1140 Benedictus
1414 1091 1672 1149 meminit²,
1699 1089 1942 1137 inimicam
1965 1090 2133 1137 animae
2155 1100 2388 1137 sectantes
2410 1090 2622 1146 otiosita-

509 1184 630 1233 tem,
656 1174 717 1221 de
740 1174 896 1221 alieno
918 1173 1084 1221 labore
1107 1174 1287 1220 victum
1314 1173 1567 1237 quaerimus
1595 1190 1605 1217 ε
1632 1181 1678 1217 et
1705 1170 1847 1234 hujus
1870 1171 2022 1218 noxiae
2044 1171 2215 1236 quietis
2237 1187 2461 1235 perversa
2479 1169 2623 1217 liber-

508 1265 604 1301 tate
632 1265 846 1314 utentes,
877 1265 926 1302 et
952 1265 1049 1302 tam
1079 1254 1209 1301 luxui
1244 1270 1404 1300 rerum
1438 1269 1584 1316 quam
1615 1251 1918 1315 multiloquio
1945 1261 2194 1310 vacantes,
2224 1268 2387 1298 veram
2414 1250 2627 1316 praedicti

512 1334 677 1397 onagri
705 1333 974 1380 libertatem
1006 1333 1265 1380 amisimus.
1294 1331 1432 1377 Unde
1466 1330 1768 1377 saecularibus
1802 1347 1891 1377 nos
1926 1329 2222 1394 implicantes
2256 1331 2483 1394 negotiis,
2509 1330 2627 1378 dum

510 1413 768 1477 cupiditate
798 1423 1100 1460 terrenorum
1128 1411 1270 1458 nobis
1292 1410 1598 1468 dominante,
1631 1410 1827 1456 ditiores
1853 1409 1957 1457 fieti
1985 1409 2231 1456 studemus
2258 1409 2308 1455 in
2337 1398 2628 1456 monasterio

511 1510 657 1557 quam
680 1494 918 1540 fueramus
940 1493 989 1539 in
1015 1491 1211 1549 saeculo,
1235 1490 1435 1537 terrenis
1463 1506 1553 1535 nos
1586 1488 1795 1535 dominis
1825 1489 1984 1552 potius
2007 1502 2163 1552 quam'
2185 1492 2288 1535 Deo
2322 1489 2630 1552 subjecimus.

510 1574 654 1621 Villas
682 1584 729 1621 et
759 1574 981 1620 homines
1009 1581 1057 1618 et
1087 1587 1249 1618 servos
1283 1571 1460 1634 pariter
1488 1579 1536 1616 et
1558 1568 1750 1615 ancillas
1777 1584 1805 1614 a
1833 1567 2112 1632 potentibus
2133 1568 2291 1615 saeculi
2319 1578 2551 1634 tanquam
2579 1569 2630 1622 in

512 1654 814 1717 eleemosyna
841 1662 1106 1710 sumentes,
1135 1667 1304 1698 eorum
1331 1666 1421 1696 nos
1451 1649 1582 1712 gravi
1600 1648 1715 1712 jugo
1739 1647 2071 1712 subjugamus,
2097 1658 2144 1696 et
2165 1665 2517 1714 nonnunquam
2539 1667 2630 1715 pro

512 1734 675 1797 paucis
709 1749 813 1797 quae
845 1732 1104 1796 accipimus
1136 1729 1285 1776 multa
1318 1728 1650 1793 persolvimus⁴
1685 1730 1801 1785 Quae
1832 1744 1982 1793 quum
2013 1727 2074 1774 de
2104 1745 2191 1775 suo
2220 1729 2380 1794 potius
2401 1746 2548 1794 quam
2569 1728 2632 1777 de

514 1824 679 1860 nostro
702 1813 793 1860 sibi
814 1812 1069 1877 provenire
1091 1819 1341 1868 censeant,
1366 1809 1520 1856 nullas
1542 1808 1616 1856 his
1639 1808 1821 1855 habent
1843 1818 2019 1872 grates,
2048 1826 2152 1873 quae
2173 1810 2263 1856 sibi
2285 1827 2384 1857 non
2407 1820 2507 1858 tam
2528 1809 2632 1857 dari

516 1910 660 1957 quam
691 1892 828 1940 reddi
859 1901 1125 1940 autumant.
1164 1893 1296 1956 Saepe
1319 1900 1366 1937 et
1387 1907 1476 1955 pro
1494 1889 1641 1937 tutela
1662 1888 1840 1936 horum
1862 1888 1923 1936 ad
1946 1889 2182 1937 forinseca
2199 1889 2378 1954 judicia
2398 1880 2633 1937 trahimur

518 1974 776 2038 compulsi,
803 1983 849 2020 et
872 1983 982 2021 ante
999 1971 1244 2020 saeculares
1261 1971 1445 2035 judices
1469 1959 1711 2036 publicam
1728 1980 1920 2035 agentes
1942 1987 2157 2030 causam,
2183 1970 2304 2018 adeo
2327 1972 2454 2017 non8
2474 1971 2632 2035 impu·

519 2056 688 2102 denter
701 2054 1056 2113 contendimus,
1072 2064 1126 2100 ut
1141 2053 1363 2100 homines
1377 2062 1569 2100 nostros
1586 2070 1684 2100 non
1697 2053 1854 2100 solum
1868 2053 1929 2100 ad
1937 2053 2227 2117 juramenta,
2243 2053 2556 2100 verumetiam
2572 2050 2634 2099 ad

521 2135 774 2199 duellapro
786 2134 927 2180 nobis
941 2133 1125 2197 agenda
1138 2150 1248 2180 cum
1259 2150 1448 2180 summo
1461 2134 1568 2180 vitae
1583 2150 1676 2180 suae
1689 2133 1902 2198 periculo
1915 2133 2275 2198 compellamus.
2288 2132 2430 2190 Quod
2439 2131 2635 2196 quidem

519 2218 568 2263 in
589 2214 891 2263 saecularibus
904 2231 1097 2278 quoque
1115 2213 1382 2260 christianis
1405 2213 1658 2278 Apostolus
1682 2230 1884 2277 arguens
1906 2214 1994 2260 ait*
2013 2233 2022 2260 ε
2053 2232 2076 2258 «
2093 2216 2197 2260 Jam
2218 2212 2414 2277 quidem
2433 2212 2635 2259 omnino

520 2296 747 2342 delictum
770 2304 841 2342 est
862 2295 910 2340 in
934 2294 1090 2353 vobis,
1116 2293 1249 2358 quod
1267 2293 1446 2357 judicia
1466 2292 1652 2340 habetis
1675 2294 1799 2340 inter
1814 2310 1918 2340 vos.
1945 2296 2103 2351 Quare
2126 2310 2226 2340 non
2249 2293 2397 2356 magis
2415 2292 2637 2356 injuriam

520 2375 757 2440 accipitis?
780 2377 939 2431 Quare
967 2391 1066 2421 non
1097 2374 1246 2436 magis
1269 2373 1486 2420 fraudem
1507 2373 1754 2437 patimini?
1779 2373 1872 2420 Sed
1890 2390 1975 2420 vos
1998 2373 2220 2436 injuriam
2242 2372 2414 2431 facitis,
2441 2382 2489 2418 et
2509 2371 2637 2420 frau-

521 2455 659 2513 datis,
674 2464 734 2501 et
754 2454 852 2500 hoc
873 2453 1114 2500 fratribus.
1141 2457 1211 2499 An
1236 2453 1427 2499 nescitis
1451 2453 1563 2516 quia
1589 2452 1742 2516 iniqui
1770 2470 1969 2517 regnum
1999 2453 2089 2499 Dei
2118 2469 2217 2500 non
2245 2452 2586 2517 possidebunt?
2609 2471 2634 2497 υ

521 2535 637 2592 Quis
659 2535 924 2581 etiamnum
939 2534 1128 2597 ignoret
1152 2533 1200 2579 in
1224 2529 1352 2597 ipsos
1374 2532 1614 2596 subjectos
1636 2542 1827 2582 nostros
1850 2533 2118 2581 exactiones
2143 2533 2381 2596 graviores
2403 2550 2494 2580 nos
2515 2549 2641 2580 exer-

522 2631 646 2674 cere,
662 2625 709 2661 et
727 2614 898 2677 majori
912 2613 1196 2661 debacchari
1211 2612 1481 2677 tyrannide,
1498 2629 1643 2677 quam
1659 2612 1904 2660 saeculares
1919 2613 2098 2660 faciunt
2118 2614 2402 2678 potestates?
2423 2613 2640 2678 Denique

525 2706 570 2743 et
599 2697 648 2743 in
674 2706 875 2755 tantam,
901 2696 940 2742 si
952 2695 1183 2754 valemus,
1206 2695 1441 2741 insaniam
1464 2695 1848 2759 prorumpimus,
1874 2705 1927 2741 ut
1949 2694 2010 2741 de
2032 2694 2221 2742 tributis
2243 2704 2291 2741 et
2311 2693 2636 2758 vectigalibus,

523 2786 569 2821 et
590 2775 790 2822 teloneis
811 2776 991 2822 victum
1012 2775 1154 2821 nobis
1177 2775 1477 2838 acquiramus
1499 2793 1509 2821 ε
1530 2792 1680 2838 quum
1702 2775 1826 2821 inter
1842 2790 2017 2838 magna
2037 2774 2233 2821 Domini
2255 2773 2483 2821 miracula
2498 2774 2643 2840 depu-

528 2865 666 2913 tetur,
693 2855 826 2919 quod
849 2871 876 2902 a
897 2854 1090 2902 teloneo
1110 2855 1366 2901 vocatione
1389 2870 1472 2900 sua
1495 2855 1652 2918 potuit
1674 2854 1912 2901 abducere
1934 2854 2247 2901 Matthaeum⁵.

592 2937 655 2980 Ut
675 2944 834 2980 autem
856 2934 917 2981 de
938 2933 1240 2980 saecularibus
1263 2932 1323 2979 ad
1350 2932 1687 2980 ecclesiasticas
1711 2943 2005 2980 transeamus
2026 2943 2283 2998 potestates
2296 2971 2307 2993 ,
2332 2950 2433 2981 non
2455 2934 2644 2982 minora

526 3014 638 3060 hinc
661 3013 935 3077 gravamina
956 3022 1123 3060 nostra
1143 3012 1341 3059 ambitio
1364 3012 1595 3059 sustinere
1615 3012 1821 3059 videtur.
1849 3015 2009 3069 Quum
2032 3013 2160 3059 enim
2182 3029 2238 3059 ea
2258 3029 2363 3076 quae
2383 3023 2494 3060 sunt
2514 3012 2645 3060 cleri-

528 3109 694 3138 corum
723 3092 864 3145 nobis
895 3108 1179 3158 usurpamus
1192 3093 1213 3151 ,‘
1240 3101 1288 3138 et
1315 3091 1375 3139 ab
1404 3092 1638 3156 episcopis
1674 3109 1964 3157 quocunque
1993 3092 2141 3140 modo
2171 3093 2507 3158 parochiarum
2532 3078 2642 3140 red·

530 3172 655 3219 ditus
677 3183 774 3220 tam
797 3175 845 3220 in
869 3173 1065 3221 decimis
1087 3189 1231 3237 quam
1253 3173 1302 3219 in
1325 3172 1649 3220 oblationibus
1674 3172 1970 3233 obtinemus,
2001 3159 2123 3239 saepe
2149 3191 2253 3238 quae
2274 3190 2374 3221 non
2401 3174 2643 3238 rapuimus

577 3375 587 3392 ¹
609 3375 703 3414 Luc.,
737 3385 812 3419 cap.
839 3386 906 3407 xxi·
922 3401 929 3414 ,
949 3386 979 3408 v.
1005 3376 1059 3408 4‘1.
1075 3392 1112 3400 -
1135 3375 1147 3392 '
1165 3376 1246 3420 Cap.
1271 3387 1382 3409 xuni.
1407 3392 1453 3401 -
1467 3375 1479 3393 ³
1500 3376 1570 3409 Non
1597 3375 1772 3408 delendum
1792 3386 1863 3409 esse
1887 3376 2027 3409 videtur.
2044 3395 2083 3400 —
2101 3375 2110 3393 ¹
2130 3375 2271 3409 Corinth.
2296 3377 2330 3416 1,
2352 3386 2426 3420 cap.
2442 3388 2492 3418 vt,
2509 3388 2540 3411 v.
2556 3379 2589 3410 7.
2607 3395 2641 3402 --

532 3435 544 3449 ⁵
563 3434 690 3475 Moab„
715 3445 788 3477 cap.
807 3445 851 3469 ix,
873 3445 903 3466 v.
919 3435 951 3466 9.
