2970 4152
1206 362 1521 408 EPlSTOLAE.
1678 366 1681 369 ’
2366 360 2425 404 87

319 457 557 516 exhausit,
587 466 639 504 ut
663 456 831 505 frustra
852 454 1054 519 jam-,alii
1078 454 1202 505 bella
1227 455 1329 518 ejus
1354 454 1629 506 formident.
1655 454 1877 504 Necsi-ei
1900 453 2059 505 adhuc
2080 452 2224 502 telum
2245 452 2439 514 aliquod

317 547 607 603 superesset„
635 536 808 589 docum
826 537 890 587 <in
923 553 1004 588 me
1036 535 1246 587 vulneris
1280 536 1532 598 inveniret.
1567 536 1987 585 Unuminterrtot
2017 533 2214 585 vulnera
2245 534 2436 591 metuit,

315 603 564 671 nemone
601 616 834 681 supplicia
856 615 1063 675 finiam&
1094 626 1142 663 et
1173 632 1323 679 quum
1357 616 1629 679 interimere
1659 631 1758 662 non
1792 625 1970 674 cesset,
2004 614 2257 661 interitum
2282 622 2439 658 tamen

314 713 478 762 qma
473 696 738 756 accelerat,
759 697 911 750 timet.
929 699 972 743 Ο
986 713 1067 747 me
1086 696 1369 750 miserarum
1394 693 1735 746 miserrimam!
1760 695 2022 745 infelicium
2048 692 2434 745 infelicissimam,

317 793 421 840 quae
439 786 635 841 quanto
653 776 895 826 universis
910 776 959 823 in
980 786 1031 826 te
1056 775 1245 825 feminis
1269 774 1462 839 praelata
1487 774 1815 821 sublimiorem
1841 774 2028 829 obtinui
2052 773 2278 837 gradum,
2307 781 2438 822 tanto

315 856 435 908 hine
445 865 710 921 ,prostrata
717 855 982 919 graviorem
1009 855 1059 906 in
1085 865 1131 902 te
1157 864 1208 903 et
1230 855 1279 901 in
1307 870 1386 901 me
1419 854 1596 918 pariter
1629 870 1852 919 perpessa
1886 870 1991 901 sum
2024 850 2209 900 casum!
2248 854 2439 909 Quanto

314 937 492 1002 quippe
512 935 656 987 altior
690 935 990 987 ascendentis
1014 935 1213 1000 graduS,
1243 945 1376 983 tanto
1405 935 1593 999 gravior
1626 935 1893 983 corruentis
1919 937 2083 981 casus¹
2090 936 2288 991 .Quam
2321 933 2439 982 mihi

314 1015 550 1070 nobilium
589 1019 673 1067 ac'
711 1017 984 1081 ,potentium
1033 1017 1317 1065 seminarum
1363 1016 1555 1081 fortuna
1595 1032 1808 1080 unquam
1849 1031 2126 1080 praeponere
2165 1015 2319 1079 potuit
2362 1027 2440 1062 aut

314 1088 534 1163 aequare?
554 1100 711 1155 Quam
737 1099 946 1163 denique
981 1098 1104 1148 adeo
1142 1097 1314 1161 dejecit
1350 1108 1397 1144 et
1430 1097 1598 1147 dolore
1621 1096 1860 1145 conficere
1892 1096 2077 1161 potuit?
2114 1099 2269 1153 Quam
2296 1097 2342 1142 in
2370 1101 2441 1143 te³

317 1178 445 1229 mihi,
457 1177 658 1242 gloriam
680 1177 882 1228 contulit
892 1178 914 1224 Ρ»
926 1180 1090 1236 Ωιιθω
1107 1177 1158 1225 in
1179 1187 1224 1226 te
1242 1177 1360 1227 mihi
1378 1178 1574 1228 ruinam·
1587 1177 1778 1227 intulit?
1805 1180 1962 1235 Quam
1981 1176 2099 1223 mihi
2119 1175 2374 1223 vehemens
2392 1178 2438 1222 in

318 1268 569 1322 utramque
588 1267 783 1323 partem
803 1259 975 1317 extitit,
998 1268 1051 1307 ut
1076 1275 1166 1307 nec
1190 1258 1239 1306 in
1258 1257 1400 1305 bonis
1423 1274 1513 1305 nec
1537 1259 1588 1304 in
1613 1257 1749 1305 malis
1775 1257 1978 1307 modum
2003 1255 2280 1304 habuerit⁴P
2306 1259 2437 1313 Quae,

319 1349 477 1390 tit-me
503 1339 823 1390 miserrimam
861 1339 1080 1389 omnium
1127 1338 1302 1388 faceret
1318 1375 1329 1397 ,
1377 1338 1601 1389 omnibus
1637 1348 1748 1386 ante
1780 1337 2044 1386 beatiorem
2076 1336 2294 1384 effecerat
2311 1373 2322 1395 ,
2366 1348 2437 1394 ut,

316 1435 468 1483 quum
486 1428 616 1470 tanta
639 1419 829 1484 perdidi
854 1435 1109 1485 pensarem
1128 1454 1141 1478 ,
1171 1429 1304 1468 tanto
1336 1435 1413 1469 me
1432 1419 1619 1481 majora
1643 1427 1986 1469 consumerent
2002 1417 2231 1476 lamenta,
2260 1428 2439 1481 quanto

317 1499 604 1562 meflmajora
628 1509 966 1564 oppresserant
990 1499 1192 1558 damna3
1222 1509 1269 1546 et
1304 1508 1437 1547 tanto
1464 1499 1624 1562 major
1661 1500 1944 1548 amissorum
1976 1498 2251 1546 succederet
2280 1497 2437 1557 dolor,

317 1588 498 1643 quant-o
518 1579 671 1641 major
689 1595 1017 1643 possessorum
1038 1589 1338 1643 praecesserat
1360 1595 1498 1626 amor
1517 1588 1563 1626 et
1579 1595 1777 1626 summae
1795 1577 2050 1642 voluptatis
2067 1577 2238 1643 gaudia
2256 1594 2440 1626 summa

319 1658 538 1706 moeroris
557 1659 835 1710 terminaret
862 1659 1061 1706 tristitia.
1092 1661 1173 1718 Et,
1203 1668 1254 1705 ut
1281 1675 1339 1705 ex
1367 1659 1538 1722 injuria
1553 1659 1718 1722 rmajor
1736 1658 1999 1723 indignatio
2024 1668 2257 1722 surgeret,
2281 1661 2440 1705 omnia

318 1739 367 1789 in
393 1737 534 1788 nobis
557 1738 788 1802 aequitatis
807 1738 915 1802 jura
939 1738 1115 1803 pariter
1139 1748 1250 1785 sunt
1272 1754 1509 1802 perversa.
1538 1741 1665 1786 Dum
1691 1739 1820 1787 enim
1845 1738 2030 1786 solliciti
2055 1738 2231 1785 amoris
2261 1738 2442 1802 gaudiis

318 1817 601 1876 frueremur,
637 1827 708 1877 et,
740 1827 793 1865 ut
818 1818 1054 1882 turpiore,
1077 1817 1162 1865 sed
1187 1818 1481 1882 expressiore
1511 1817 1747 1866 vocabulo
1762 1820 1776 1843 ⁶
1800 1828 1927 1878 utar,
1950 1818 2285 1880 ¹fornicationi6
2309 1834 2442 1865 vaca-

318 1910 507 1955 remuS,
525 1896 698 1945 divina
722 1896 862 1944 nobis
885 1898 1110 1945 severitas
1125 1899 1137 1921 ⁷
1154 1898 1383 1962 pepercit.
1417 1900 1478 1944 Ut
1512 1908 1672 1944 autem
1699 1897 1859 1945 illicita
1877 1898 2013 1946 licitis
2037 1899 2327 1945 correximus
2342 1900 2369 1943 ⁸.
2396 1909 2437 1944 et

316 1975 504 2025 honore
526 1976 733 2041 conjugii
758 1976 1103 2042 turpitudinem
1124 1976 1451 2026 fornicationis
1468 1977 1768 2038 operuimus,
1796 1978 1864 2024 ira
1882 1978 2078 2025 Domini
2094 1993 2290 2026 manum
2307 1994 2439 2025 suam

319 2072 571 2120 supernos
588 2056 897 2107 vehementer
914 2058 1223 2122 aggravaviff,
1246 2068 1292 2104 et
1311 2057 1668 2106 immaculatum
1694 2075 1792 2105 non
1819 2058 2007 2123 pertulit
2034 2069 2216 2118 torum,
2247 2060 2331 2123 qui
2359 2059 2439 2105 diu

320 2147 429 2187 aute
458 2138 745 2187 sustinuerat
770 2137 1022 2204 pollutum.
1045 2138 1365 2203 Deprehensis
1386 2140 1436 2186 in
1462 2139 1634 2203 quovis
1660 2139 1895 2187 adulterio
1919 2140 2032 2186 viris
2056 2139 2157 2187 haec
2181 2141 2292 2187 satis
2316 2151 2437 2187 esset

319 2217 381 2266 ad
408 2218 666 2269 vindictam
692 2234 835 2284 poena
857 2235 1004 2283 quam
1030 2219 1279 2284 pertulisti.
1310 2219 1455 2277 Quod
1480 2237 1538 2268 ex
1561 2220 1797 2268 adulterio
1826 2231 2162 2286 promerentur
2185 2221 2287 2280 alii,
2316 2221 2366 2268 id
2392 2232 2439 2268 tu

321 2287 626 2362 exraeoiij2ugio
651 2299 1030 2365 incurristi‚.per
1046 2299 1180 2364 quod
1203 2300 1301 2363 jam
1324 2309 1376 2348 te
1394 2300 1620 2348 omnihus
1639 2300 1914 2348 satisfecisse
1933 2300 2097 2348 confid
2126 2301 2210 2348 bas
2239 2302 2437 2364 injuriis.

321 2378 466 2435 Quod
490 2379 860 2431 fornicatoribus
870 2383 897 2410 ¹⁰
919 2380 1016 2431 suis
1045 2380 1295 2438 adulterae,
1331 2380 1425 2430 hoc
1449 2382 1644 2446 propria
1671 2398 1791 2429 uxor
1823 2381 1906 2429 tibi
1931 2318 2268 2508 contuffiNec
2293 2399 2440 2445 quum

322 2458 530 2522 pristinis
554 2474 835 2510 vacaremus
855 2458 1202 2524 voluptatibus,
1240 2460 1325 2508 sed
1356 2477 1507 2525 quum
1537 2461 1635 2524 Jam
1670 2461 1731 2508 ad
1766 2471 1953 2527 tempus
1990 2478 2070 2526 seg
2096 2463 2242 2526 egati,
2271 2464 2442 2508 castius

322 2538 618 2598 viveremus,
637 2548 683 2586 te
707 2539 905 2603 quidem
924 2540 1128 2587 Parisius
1147 2539 1322 2587 scholis
1345 2541 1626 2606 praesidente
1643 2577 1655 2599 ,
1679 2551 1727 2589 et
1744 2558 1822 2588 me
1846 2542 1907 2589 ad
1932 2542 2186 2607 imperium
2206 2551 2341 2588 tuum
2363 2547 2442 2588 Ar-

321 2618 527 2681 genteoli
542 2635 656 2666 cum
682 2618 1122 2669 sanctimonialibus
1145 2630 1486 2679 conversante,
1513 2620 1674 2668 divisis
1699 2623 1857 2685 itaque
1881 2622 1949 2668 sic
1978 2621 2117 2668 nobis
2137 2621 2401 2669 adinvicem
2421 2626 2442 2647 ¹¹

322 2709 375 2747 ut
390 2708 442 2746 tu
455 2699 719 2748 studiosius
737 2699 929 2759 scholis,
950 2716 1038 2764 ego
1054 2699 1247 2747 liberius
1265 2701 1471 2748 orationi
1487 2701 1585 2748 sive
1596 2717 1745 2749 sacrae
1765 2701 1979 2749 lectionis
1997 2701 2293 2750 meditationi
2310 2718 2443 2748 vaca-

323 2795 445 2839 rem,
458 2788 506 2826 et
520 2789 652 2830 tanto
666 2779 806 2827 nobis
815 2779 1023 2830 sanctius
1032 2789 1214 2843 quanto
1227 2780 1400 2828 castius
1415 2780 1714 2845 degentibus,
1732 2781 1862 2829 solus
1880 2782 1928 2835 in
1945 2798 2148 2847 corpore
2167 2782 2293 2828 luisti
2308 2783 2441 2845 quod

323 2857 422 2905 duo
439 2859 1047 2923 paritercommiseramus.
1072 2859 1210 2907 Solus
1229 2859 1277 2906 in
1297 2876 1439 2925 poena
1458 2860 1608 2919 fuisti,
1639 2861 1738 2909 duo
1758 2863 1805 2909 in
1826 2862 1964 2927 culpa
1982 2898 1994 2920 ,
2018 2872 2065 2909 et
2083 2863 2164 2926 qui
2185 2863 2341 2909 minus
2361 2863 2442 2909 de-

321 2939 681 2999 bueras,.totum
699 2940 950 3005 pertulisti.
968 2944 1160 2998 Quanto
1176 2942 1303 2989 enim
1323 2941 1529 3006 amplius
1547 2952 1599 2990 te
1618 2960 1707 3009 pro
1733 2959 1811 2991 me
1830 2943 2127 2990 humiliando
2153 2943 2440 2991 satisfeceras

320 3032 367 3070 et
382 3038 460 3071 me
474 3023 652 3087 pariter
669 3031 884 3071 ettotum
899 3039 1222 3086 genusmeum
1240 3023 1596 3083 sublimaveras,
1622 3036 1755 3073 tanto
1783 3036 1826 3073 te
1852 3026 2010 3072 minus
2028 3036 2123 3072 tam
2142 3026 2270 3091 apud
2285 3029 2438 3073 Deum

321 3118 469 3167 quam
485 3102 614 3167 apud
638 3102 744 3152 illos
768 3103 1039 3168 proditores
1058 3102 1324 3151 obnoxium
1342 3121 1495 3169 poenae
1515 3105 1806 3159 reddideras.
1832 3108 1874 3151 Ο
1899 3122 1977 3152 me
2002 3106 2222 3153 miseram
2248 3107 2295 3152 in
2325 3110 2439 3154 tanti

367 3230 376 3246 ⁴
404 3229 559 3263 inseritur
576 3238 694 3264 etcum
713 3232 892 3265 Claudiano
1404 3231 1497 3266 Rus.
1518 3251 1557 3257 —
1580 3233 1592 3250 ⁸
1608 3234 1812 3266 Semonibus
1836 3237 2085 3273 expressioribus
2113 3234 2204 3268 RMS.
2228 3254 2262 3258 —-
2288 3235 2299 3251 ⁰
2330 3237 2439 3267 Veneri

871 3308 961 3334 'roum-
975 3311 1000 3334 m
1015 3309 1097 3334 altum
1403 3292 1506 3322 minus
1519 3292 1615 3323 licieae
1630 3289 1723 3323 RMS.
1740 3309 1775 3313 —
1791 3289 1802 3305 '¹
1814 3291 1943 3323 Juseitia
1961 3290 2054 3323 RMS.
2076 3310 2105 3315 —
2121 3291 2132 3308 ⁸
2150 3293 2384 3324 Correxerimus
2401 3292 2434 3323 Ι).

517 3354 550 3379 Ut
562 3362 626 3380 cam
640 3355 765 3389 graviore
779 3363 854 3381 ruam
879 3356 960 3383 nus.
1404 3364 1444 3369 —
1463 3345 1475 3363 ⁹
1492 3347 1674 3379 Graviorem
1702 3348 1840 3379 reddidit
1866 3346 1959 3379 RMS.
1975 3365 2019 3371 —
2037 3346 2065 3365 ¹⁰
2080 3348 2318 3381 Scoreatoribus
2344 3347 2422 3380 RMS

379 3434 392 3452 0
760 3441 765 3446 ,
1341 3441 1346 3446 ,
1403 3420 1446 3427 -
1463 3402 1489 3420 “
1509 3405 1556 3436 Ab
1574 3405 1705 3435 invicem
1722 3402 1746 3435 C
1763 3410 1794 3435 et
1811 3402 1876 3435 MS.
1895 3402 1988 3436 Δηὼ.

324 3453 360 3460 ·—
409 3437 454 3468 Ac
469 3435 561 3469 deest
583 3436 620 3470 D.
639 3455 679 3460 —
694 3437 707 3455 ³
729 3438 809 3470 Vuoe
831 3437 854 3470 Β
876 3445 907 3470 ct
930 3437 995 3470 MS.
1016 3436 1108 3471 Amb.
1123 3454 1166 3463 -
1181 3437 1193 3454 ⁴
1211 3438 1359 3470 Posuem
