2970 4152
1262 391 1575 438 EPISTOLAE,
2405 389 2467 434 27

368 487 636 535 mendicare
661 486 1025 535 erubescerem¹.
1052 503 1074 528 n
1098 484 1169 531 Ad
1189 495 1348 532 (artem
1378 485 1558 548 itaque,
1593 500 1737 546 quam
1766 499 1997 530 noveram
2011 514 2027 542 -,
2067 485 2354 540 lecum-ensss
2381 498 2469 545 pro

366 567 529 615 labore
558 583 815 626 manuum,
855 566 916 618 ad
951 565 1162 617 officium
1201 565 1371 629 linguae
1408 564 1682 629 compulsus
1706 581 1828 610 sum.
1859 564 2105 612 Scholares
2136 573 2305 610 autem
2346 562 2471 609 ultro

369 648 486 695 mihi
519 648 738 712 quaelibet
768 647 1032 697 necessaria
1063 646 1394 711 praeparabant
1402 648 1444 704 ἃς
1459 655 1565 691 tam
1600 645 1648 690 in
1681 644 1807 690 victu
1837 645 2013 692 scilicet
2045 660 2192 708 quam
2220 644 2270 690 in
2304 643 2472 689 vestitu

369 728 444 776 vel
478 728 662 776 cultura
703 744 925 791 agrorum
939 762 951 786 ,
997 743 1078 773 seu
1119 727 1168 773 in
1188 726 1423 790 ,expensis
1461 724 1800 783 aedificiorum,
1852 735 1906 771 ut
1946 725 2075 772 nulla
2115 741 2192 772 me
2233 723 2407 772 scilicet
2448 739 2474 768 a

367 808 525 856 studio
543 822 663 858 'cura
691 808 951 854 domestica
985 806 1277 856 retardaret&
1318 809 1479 862 Quum
1511 815 1671 851 autem
1701 805 1962 852 oratorium
1991 815 2208 852 nostrum
2238 804 2477 852 modicam

369 905 536 936 eorum
574 889 847 953 portionem
879 904 1049 952 capere
1082 903 1181 937 non
1226 896 1409 951 posset,
1449 886 1714 933 necessario
1750 886 1907 950 ipsum
1954 885 2289 946 dilataverunt,
2333 896 2378 932 et
2418 885 2477 931 de

366 968 602 1034 lapidibus
624 952 672 1016 et
692 968 832 1032 lignis
854 978 1181 1014 construentes
1206 968 1612 1015 melioraverunff.
1642 966 1788 1024 Quod
1811 983 1962 1030 quum
1986 967 2035 1012 in
2059 967 2280 1013 nomine⁶
2309 976 2479 1013 sanctae

368 1048 603 1096 Trinitatis
639 1058 759 1095 esset
793 1046 1068 1105 fundatum,
1109 1063 1164 1093 ac
1194 1057 1359 1112 postea
1390 1047 1685 1106 dedicatum3
1714 1046 1826 1110 quia
1862 1055 2020 1092 tamen
2059 1045 2126 1092 ibi
2161 1046 2388 1110 profugus
2426 1063 2480 1093 ac

366 1128 465 1190 Jam
482 1129 495 1152 ⁷
519 1127 794 1192 desperatus
819 1127 989 1173 divinae
1013 1127 1158 1191 gratia
1183 1126 1521 1174 consolationis
1557 1125 1903 1190 aliquantulum
1941 1126 2266 1190 respirassem,
2300 1126 2349 1172 in
2380 1144 2479 1174 me-

370 1207 572 1254 moriam
596 1207 737 1270 huJ'us
769 1205 1009 1265 beneficii,
1045 1207 1202 1272 ipsum
1235 1207 1554 1261 Paracletum⁸
1586 1206 1846 1253 nominavi.
1875 1205 2019 1262 Quod
2049 1205 2186 1252 multi
2209 1205 2476 1264 audientes,

371 1303 471 1335 non
496 1287 597 1334 sine
620 1303 791 1350 magna
817 1286 1133 1334 admiratione
1166 1297 1503 1352 susceperunt,
1533 1297 1582 1333 et
1605 1285 1826 1333 nonnulli
1854 1285 1948 1332 hoc
1979 1285 2286 1332 vehementer
2308 1286 2483 1332 calum-

372 1367 488 1415 niati
511 1369 655 1427 sunt⁹3
684 1367 893 1414 dicentes
917 1383 1018 1414 non
1042 1367 1183 1414 licere
1207 1367 1400 1432 Spiritui
1427 1377 1592 1414 sancto
1618 1366 1881 1432 specialiter
1904 1367 2052 1430 magis
2072 1382 2216 1430 quam
2235 1369 2337 1413 Deo
2363 1369 2489 1431 patri,

374 1448 620 1496 ecclesiam
644 1447 851 1512 aliquam
875 1448 1123 1511 assignar13
1153 1447 1237 1494 sed
1261 1448 1336 1494 vel
1362 1447 1450 1494 soli
1469 1447 1590 1507 filio,
1613 1447 1688 1494 vel
1708 1448 1796 1494 toti
1814 1446 1955 1494 simul
1970 1447 2199 1506 Trinitati,
2222 1447 2485 1494 secundum

372 1527 616 1591 antiquam
654 1526 1066 1576 consuetudinem.
1103 1527 1175 1574 Ad
1207 1543 1352 1590 quam
1394 1528 1621 1574 nimirum
1656 1526 1943 1574 calumniam
1974 1525 2054 1572 hic
2091 1542 2175 1573 eos
2216 1542 2350 1573 error
2384 1527 2486 1592 plu·-

374 1606 550 1653 rimum
574 1606 761 1653 induxit
771 1608 814 1666 ¹⁰,
853 1606 987 1670 quod
1022 1607 1145 1654 inter
1173 1606 1464 1671 paracletum
1498 1618 1546 1654 et
1580 1608 1807 1672 Spiritum
1838 1605 2131 1671 paracletum
2162 1606 2280 1653 nihil
2316 1607 2487 1656 referre

374 1685 653 1745 crederent,
693 1702 845 1749 quum
874 1686 975 1750 ipsa
1000 1703 1193 1751 quoque
1222 1687 1420 1734 Trinitas
1445 1697 1492 1734 et
1515 1687 1736 1751 quaelibet
1763 1687 1813 1733 in
1844 1687 2069 1734 Trinitate
2097 1703 2333 1752 persona,
2370 1689 2488 1735 sicut

376 1767 503 1812 Deus
525 1764 601 1811 vel
635 1764 826 1826 adjutor
860 1764 1053 1823 dicitur,
1093 1765 1157 1811 ita
1189 1775 1237 1812 et·
1269 1766 1555 1830 paracletus,
1595 1766 1646 1813 id
1677 1775 1747 1813 est
1780 1765 2054 1813 consolator
2089 1776 2216 1813 recte
2246 1782 2488 1832 nuncupe-

375 1854 454 1892 tur
466 1879 479 1904 ,
502 1844 636 1907 juxta
658 1843 777 1890 illud
794 1844 998 1908 apostoli
1006 1846 1030 1869 ¹¹
1049 1863 1060 1891 :
1081 1864 1104 1888 «
1127 1845 1406 1892 Benedictus
1422 1849 1549 1892 Deus
1574 1856 1622 1892 et
1638 1856 1773 1909 pater
1790 1846 1975 1892 domini
1992 1846 2144 1892 nostri
2161 1849 2269 1892 Jesu
2291 1846 2484 1906 Christi,

374 1934 509 1989 pater
541 1924 996 1984 misericordiarum,
1041 1935 1089 1972 et
1123 1927 1251 1973 Deus
1288 1925 1432 1972 totius
1476 1925 1838 1984 consolationis,
1878 1926 1961 1989 qui
2000 1925 2276 1971 consolatur
2314 1941 2404 1972 nos
2441 1928 2487 1973 in

376 2005 511 2052 omni
529 2004 834 2053 tribulatione
858 2015 1088 2053 nostra.·»
1106 2008 1166 2052 Et
1187 2005 1454 2052 secundum
1478 2005 1612 2069 quod
1632 2006 1813 2053 Veritas
1837 2006 1926 2052 ait¹¹
1956 2023 1966 2052 :
1992 2024 2015 2049 «
2036 2007 2095 2052 Et
2118 2005 2264 2052 alium
2287 2007 2493 2071 paracle-

377 2093 480 2132 tum
504 2083 636 2131 dabit
659 2084 812 2132 vobis.
838 2103 861 2128 υ
889 2084 1017 2142 Quid
1042 2085 1186 2131 etiam
1210 2085 1436 2150 impedit,
1464 2102 1614 2149 quum
1640 2086 1797 2132 omnis
1816 2084 2023 2132 Ecclesia
2042 2085 2091 2130 in
2106 2085 2303 2132 nomine
2325 2086 2489 2144 Patris,

378 2172 426 2209 et
448 2163 573 2223 Filii,
601 2173 648 2211 et
671 2164 871 2229 Spiritus
895 2165 1045 2211 sancti
1069 2165 1246 2230 pariter
1269 2176 1590 2226 consecretur,
1619 2182 1708 2213 nec
1732 2165 1799 2212 sic
1823 2181 1993 2212 eorum
2010 2165 2059 2212 in
2076 2165 2235 2229 aliquo
2260 2167 2493 2230 possessio

378 2241 614 2309 digersass,
642 2243 775 2308 quod
799 2243 974 2291 domus
1004 2245 1199 2292 Domini
1223 2260 1323 2292 non
1348 2246 1413 2293 ita
1442 2246 1589 2306 Patri,
1629 2245 1704 2294 vel
1741 2245 1934 2310 Spiritui
1971 2254 2135 2292 sancto
2170 2244 2490 2305 adscribatur,

377 2319 669 2370 sicufFilio?
695 2323 812 2380 Quis
837 2323 1029 2373 titulum
1052 2324 1176 2387 ejuS,
1205 2324 1341 2388 cujus
1361 2335 1432 2372 est
1461 2325 1562 2390 ipsa
1587 2324 1787 2384 domus,
1817 2324 1878 2372 de
1903 2324 2059 2371 fronte
2083 2324 2303 2375 vestibuli
2331 2326 2495 2374 radere

379 2401 698 2465 praesumat¹⁴?
724 2404 815 2451 Aut
833 2418 984 2465 quum
1003 2418 1052 2448 se
1077 2402 1218 2451 Filius
1241 2403 1293 2450 in
1318 2403 1600 2467 sacrificium
1627 2404 1751 2450 Patri
1778 2402 2025 2463 obtulerit,
2053 2413 2100 2451 et
2123 2404 2387 2452 secundum
2404 2404 2497 2452 hoc

381 2479 431 2525 in
450 2479 845 2527 celebrationibus
871 2481 1120 2528 missarum
1151 2483 1415 2547 specialiter
1442 2484 1504 2530 ad
1535 2487 1723 2531 Patrem
1742 2484 1982 2531 orationes
2005 2483 2268 2546 dirigantur
2284 2519 2297 2543 ‚
2333 2495 2380 2531 et
2410 2485 2496 2531 ho-

383 2558 481 2606 stiae
516 2557 600 2605 fiat
622 2559 910 2619 immolatio;
938 2577 1023 2607 cur
1049 2561 1150 2623 ejus
1174 2563 1410 2627 praecipue
1449 2563 1594 2610 altare
1634 2579 1735 2610 esse
1774 2579 1876 2609 non
1909 2562 2125 2609 videatur
2144 2597 2156 2621 ,
2193 2564 2271 2609 cui
2294 2565 2497 2611 maxime

381 2638 663 2704 supplicatio
697 2650 745 2686 et
777 2639 1060 2688 sacrificium
1090 2642 1274 2704 agitur?
1307 2643 1535 2706 Nunquid
1566 2643 1738 2689 rectius
1770 2643 1872 2706 ejus
1902 2642 1980 2690 cui
2010 2642 2285 2702 immolatur
2302 2679 2315 2703 ,
2353 2661 2496 2708 quam

383 2719 507 2767 illius
532 2720 615 2783 qui
639 2719 965 2780 immolatur¹⁵,
991 2721 1138 2769 altare
1170 2721 1429 2768 dicendum
1456 2723 1591 2769 est¹⁸?
1619 2726 1688 2769 An
1724 2722 1895 2770 melius
1923 2722 2174 2770 dominicae
2202 2725 2381 2784 crucis,
2421 2737 2501 2773 aut

380 2799 611 2865 sepulcri,
648 2798 724 2846 vel
753 2798 880 2847 beati
909 2800 1174 2860 Michaelis,
1213 2818 1295 2848 seu
1321 2802 1543 2861 Joannis,
1578 2812 1661 2848 aut
1692 2803 1839 2862 Petri,
1868 2812 1950 2851 aut
1975 2802 2170 2865 alicujus
2202 2805 2378 2865 sancti,
2415 2809 2495 2869 qui

385 2896 474 2928 nec
497 2879 564 2926 ibi
587 2879 917 2939 immolantur,
945 2898 1035 2928 nec
1058 2883 1125 2929 eis
1153 2882 1451 2942 immolatur,
1481 2893 1563 2930 aut
1586 2883 1938 2931 obsecrationes
1962 2884 2028 2930 eis
2055 2883 2196 2943 fiunt,
2226 2884 2369 2933 altare
2393 2889 2499 2950 quis

383 2975 483 3007 esse
510 2959 813 3007 confitebitur
832 2960 867 3006 ἓ
863 2961 1119 3015 Nimirum
1158 2979 1247 3010 nec
1281 2963 1405 3010 inter
1444 2963 1669 3011 idolatras
1699 2963 1861 3011 altaria
1900 2963 2005 3010 vel
2018 2964 2195 3030 templa
2228 2965 2497 3030 aliquorum

383 3038 687 3100 dicebantur,
723 3040 815 3088 nisi
849 3041 1023 3105 quibus
1055 3043 1145 3107 ipsi
1181 3042 1463 3091 sacrificium
1499 3054 1640 3108 atque
1676 3044 1960 3108 obsequium
1983 3044 2260 3110 impendere
2290 3048 2500 3095 intende-

384 3117 516 3167 bant.
547 3120 640 3167 Sed
674 3120 870 3168 fortasse
898 3121 1023 3172 dicat
1046 3117 1243 3187 aliquis,
1278 3123 1388 3171 ideo
1430 3124 1554 3171 Patri
1588 3141 1687 3171 non
1715 3141 1817 3172 esse
1852 3124 1928 3171 vel
1962 3124 2204 3185 ecclesiaS,
2237 3127 2312 3175 vel
2337 3127 2496 3176 altaria

433 3290 443 3308 ¹
463 3290 624 3334 Lumcap.
634 3302 738 3332 xvia.
750 3289 1090 3326 3.—¹Revertens.—³
1103 3293 1349 3327 parabam—⁴
1361 3295 1423 3327 lm-
1464 3296 1599 3327 tumelits
1616 3293 1708 3326 RMS.
1719 3310 1763 3318 —-
1776 3293 1806 3311 ¹⁰
1820 3295 1936 3338 Adeqit
1947 3294 2043 3328 RMS.
2058 3313 2098 3319 —
2116 3295 2141 3313 '¹
2160 3297 2300 3332 Corinth.
2318 3297 2364 3337 11,
2379 3308 2453 3342 cap.
2470 3311 2498 3340 ι,

387 3349 509 3388 pediret
518 3347 666 3380 RMS.—-
679 3347 692 3364 ³
708 3349 931 3381 Incolaverum
944 3349 1010 3381 MS.
1023 3349 1117 3383 Amb.
1130 3365 1174 3374 ·—
1188 3349 1200 3367 ⁰
1214 3351 1342 3383 Honore
1354 3351 1379 3384 C
1391 3357 1423 3382 ct
1464 3362 1495 3384 v.
1512 3352 1530 3382 3
1544 3357 1576 3383 et
1587 3349 1697 3383 ⁴.-⁴’
1708 3350 1803 3384 Joan.
1819 3360 1891 3395 cap.
1908 3362 1976 3392 xiv,
1990 3363 2022 3385 v.
2039 3355 2091 3386 ¹6.
2104 3371 2141 3376 -
2156 3353 2186 3370 ⁴³
2199 3355 2308 3388 Divisa
2323 3355 2389 3389 MS.
2402 3355 2496 3389 Amb.

389 3402 456 3436 MS.
471 3402 566 3436 Amb.
581 3421 618 3428 ——
633 3398 646 3420 ⁹
664 3404 719 3436 Sic
735 3404 857 3437 ABD.-
868 3405 945 3437 Tam
960 3405 1048 3438 Edit.
1059 3423 1100 3430 —
1110 3405 1123 3422 ⁸
1142 3409 1339 3439 storacinum
1352 3406 1377 3439 C
1391 3414 1423 3439 et
1466 3405 1677 3439 —¹⁴Audeat
1685 3405 1859 3439 RMS.-¹⁸
1873 3407 2021 3440 Immolat
2034 3408 2073 3441 D.
2083 3409 2152 3433 -¹⁰
2164 3399 2316 3451 Nunquid
2329 3414 2483 3445 rectius...
2495 3439 2499 3443 .

390 3458 456 3491 MS.
472 3459 628 3493 Amb.--⁹
643 3462 735 3493 Hanc
745 3463 785 3494 ob
798 3472 930 3494 causam
942 3472 991 3494 me
998 3464 1144 3504 plurimis
1157 3464 1333 3505 affecerunt
1346 3473 1424 3496 con·
1467 3464 1634 3496 dicendum
1651 3470 1697 3495 est
1715 3462 1832 3497 desunt
1850 3463 1882 3496 in
1902 3463 1984 3498 Cod.
2005 3464 2071 3498 ΑΒ.

2537 976 2582 1008 De
2597 974 2751 1007 Paracleti

2529 1018 2757 1062 appellatione.
