2970 4152
488 383 508 390 ρ

951 420 1011 468 ΙΝ
1043 419 1324 469 PASSlONE
1359 418 1568 467 DOMINI
1602 418 1818 465 SERMO.
2332 418 2427 464 447

311 515 463 579 Moysi
476 513 652 572 dicas&
677 531 699 561 (ι
718 515 838 562 Novi
862 504 990 563 teca
1013 515 1233 573 nomine,
1255 522 1348 563 »et
1371 513 1598 577 scriptum
1619 513 1722 561 sit²z
1753 512 1930 560 «Novit
1953 511 2187 563 Dominus
2211 512 2295 575 qui
2319 523 2430 560 sunt

311 595 427 658 ejus.
449 601 473 641 ἡ
502 593 866 660 Responderunt
890 594 933 642 ei
955 613 973 642 ε,
998 613 1021 642 «
1038 597 1196 650 Jjesum
1222 589 1536 644 Nazarenum.
1564 610 1589 642 ι.)
1618 594 1662 638 O
1685 593 1798 643 caeci
1827 602 1874 642 et
1902 609 2013 640 vere
2041 593 2095 639 in
2119 590 2325 640 tenebris
2353 608 2430 638 ve-

271 707 274 710 <
310 676 494 729 aientes
517 685 682 723 contra
711 675 891 735 lucem,
914 676 1034 741 etin
1060 673 1479 723 nocte'adversum
1501 672 1652 734 diem,
1680 690 1831 736 quum
1854 674 1898 720 ei
1921 689 2009 721 vos
2032 674 2196 738 ,ipsum
2222 688 2431 736 quaerere
2486 709 2490 713 .

311 755 634 818 respondetiS,
668 770 813 818 quem
843 753 1044 820 perdere
1069 751 1264 808 venitis!
1295 751 1516 803 Procedit
1545 751 1607 802 ad
1637 751 1817 800 bellum
1844 738 2074 816 tanquam
2103 751 2292 821 signifer
2321 762 2431 799 ante

311 851 438 883 suos.
467 838 575 882 Non
599 853 708 883 eum
732 835 1068 900 recognoscitis
1091 834 1378 894 Dominum,
1404 848 1548 897 quem
1571 849 1821 884 occurrere
1843 833 2009 893 videtis.
2032 833 2203 883 solum.
2231 833 2277 883 Si
2303 833 2432 881 enim

312 915 733 978 recognosceretis,
762 926 1066 979 nequaquam
1089 924 1266 965 vestrae
1283 912 1649 964 machinationis
1676 912 1844 965 dolum
1865 913 2178 977 responsione
2206 922 2359 965 vestra
2389 898 2432 960 ei

312 993 598 1059 panderetis.
633 998 810 1045 Contra
845 995 1125 1059 sapientiam
1146 994 1416 1053 venienteS,
1445 992 1556 1057 quia
1580 1009 1687 1040 eam
1711 1008 1813 1043 non
1844 993 2147 1056 cognoscitis,
2169 991 2297 1041 stulti
2328 1008 2433 1055 per.-

312 1074 513 1134 manetis
528 1111 540 1135 ‚
563 1091 652 1122 nec
669 1084 950 1140 praesentem
967 1075 1165 1139 potestis
1183 1073 1577 1132 animadvertere,
1596 1073 1686 1123 nisi
1702 1089 1760 1120 eo
1781 1089 1833 1125 se
1845 1071 1980 1120 vobis
1995 1072 2249 1129 indicante.
2273 1074 2434 1124 Jesum

312 1155 636 1221 respondetis,
666 1166 715 1204 et
747 1172 809 1203 ne
840 1156 941 1221 ipse
977 1155 1038 1217 de
1068 1156 1329 1220 semetipso,
1349 1156 1397 1214 in
1423 1163 1578 1206 vestra
1610 1154 1921 1219 responsione
1951 1154 2099 1218 possit
2123 1169 2301 1212 errare,
2332 1163 2434 1200 tan-

312 1252 456 1299 quam
473 1253 585 1288 eum
599 1247 647 1284 et
658 1237 718 1284 de
736 1238 892 1302 seipso
908 1236 1158 1296 docentes,
1179 1236 1391 1285 subnexa
1403 1235 1798 1291 determinat-ione
1816 1235 2010 1283 additis:
2031 1253 2053 1278 «
2071 1237 2381 1291 Nazarenum.
2408 1253 2432 1277 »

312 1317 372 1363 Et
394 1317 576 1365 utinam
596 1320 755 1364 Jesum
769 1352 781 1376 ,
810 1333 954 1381 quem
978 1315 1271 1382 profitemini
1289 1326 1519 1380 tanquam
1540 1318 1723 1374 Jesum,
1746 1315 1797 1364 id
1820 1325 1888 1362 est
1913 1313 2229 1373 Salvatorem,
2260 1330 2436 1378 quaere-

312 1396 449 1456 retis,
478 1407 531 1444 ut
556 1397 689 1461 quod
707 1398 755 1443 in
783 1413 867 1444 ore
890 1396 1097 1456 habetis,
1118 1396 1265 1444 corde
1284 1397 1526 1462 tenereti53
1550 1413 1628 1454 ne,
1651 1395 1768 1443 dum
1787 1395 2080 1445 Salvatorem
2099 1394 2298 1459 perdere
2314 1410 2438 1458 quae-

314 1474 417 1523 ritis
430 1511 447 1535 ,,
461 1492 549 1524 vos
571 1477 701 1541 ipsos
716 1477 876 1542 potius
894 1475 1119 1541 perdatis.
1755 1476 1764 1482 ”

377 1556 502 1604 Dicit
521 1557 565 1604 ei
583 1559 716 1606 Jesus
738 1574 747 1602 :
777 1558 917 1621 «Ego
944 1545 1109 1604 sum.»
1139 1558 1245 1603 Non
1269 1556 1399 1604 enim
1427 1571 1714 1620 cognoscere
1737 1572 1847 1607 eum
1870 1556 1964 1603 nisi
1988 1555 2092 1620 ipso
2119 1548 2339 1619 poterant
2364 1555 2434 1603 in·

315 1636 519 1698 dicante,
538 1638 658 1686 sicut
673 1654 762 1686 nec
778 1638 933 1703 ipsum
953 1653 1140 1702 capere,
1163 1637 1254 1684 nisi
1271 1637 1375 1702 ipso
1397 1654 1448 1685 se
1473 1637 1703 1689 tradente.
1732 1626 1892 1687 Stabat
1913 1646 2073 1684 autem
2095 1645 2142 1683 et
2159 1635 2328 1694 Judas,
2356 1636 2436 1698 qui

315 1718 531 1766 tradebat
554 1734 690 1777 eum,
718 1735 830 1766 cum
857 1718 985 1783 ipsis.
1027 1720 1174 1765 Lucas
1206 1718 1371 1777 refert,
1400 1718 1511 1782 quia
1535 1717 1846 1767 antecedebat
1876 1733 1985 1776 eos,
2016 1726 2064 1763 et
2083 1718 2281 1787 ‘Marcus
2306 1714 2440 1778 quod

315 1815 466 1862 quum
490 1799 710 1858 venisset,
730 1799 888 1846 statim
902 1797 1135 1846 accedens
1150 1797 1339 1850 adeum
1355 1799 1444 1846 ait:
1465 1818 1488 1843 «
1509 1797 1674 1857 Rabhi,
1694 1817 1717 1845 »
1737 1808 1782 1845 et
1802 1797 2040 1849 osculatus
2058 1807 2129 1847 est
2144 1796 2353 1853 eumfAt
2374 1795 2441 1843 illi
2503 1841 2506 1843 .

316 1895 486 1926 manus
517 1879 781 1942 injecerunt
806 1879 863 1935 in,
888 1895 1021 1938 eum,
1045 1889 1094 1927 et
1117 1888 1374 1929 tenuerunt
1398 1895 1525 1927 eum.
1555 1878 1692 1927 Unde
1722 1877 1841 1926 mihi
1865 1876 2224 1941 videt'ur,·quod
2247 1876 2442 1941 quando
2512 1925 2518 1929 ,

316 1958 551 2022 proficisci
571 1969 840 2024 coeperunt,
866 1959 1011 2007 Judas
1036 1969 1264 2024 tanquam
1292 1958 1388 2009 dux
1413 1975 1497 2006 eos
1527 1959 1853 2009 antecedebat.
1888 1957 1975 2005 Ubi
2001 1967 2162 2006 autem
2186 1947 2443 2022 appropin-

316 2055 463 2103 quare
485 2050 758 2105 coeperunt,
786 2041 889 2106 ipse
912 2041 1201 2089 conscientia
1226 2056 1311 2089 sua
1335 2040 1560 2090 confusus
1582 2050 1630 2087 et
1652 2038 1978 2105 perturbatuS,
2007 2038 2081 2090 vel
2105 2038 2351 2097 haesitans,
2380 2039 2445 2085 ita

316 2135 366 2166 se
389 2120 602 2179 retinuit,
630 2130 677 2167 et
700 2120 902 2184 gradum
926 2121 1209 2186 suppressit,
1232 2131 1284 2168 ut
1305 2120 1375 2168 illi
1402 2119 1739 2186 praecederent.
1767 2119 1905 2168 Unde
1937 2136 2066 2166 nunc
2096 2122 2303 2166 Joannes
2330 2118 2443 2181 dicit

316 2199 406 2246 illis
442 2200 505 2248 ad
538 2204 699 2248 Jesum
741 2201 1148 2267 pervenientibuS,
1175 2201 1347 2258 ‚Iudam
1378 2210 1500 2249 stare
1534 2217 1644 2250 cum
1670 2201 1759 2248 illis
1793 2201 1951 2266 potius
1981 2216 2126 2264 quam
2158 2198 2439 2264 praecedere.

316 2279 478 2329 Stabat
505 2280 700 2344 quidem
733 2297 845 2331 cum
878 2282 1018 2346 ipsis,
1047 2297 1149 2332 non
1175 2291 1227 2328 ut
1255 2281 1411 2329 caeteri
1443 2297 1556 2328 cum
1582 2283 1810 2334 Domino.
1840 2279 2000 2328 Stabat
2028 2289 2255 2343 tanquam
2288 2288 2437 2341 stupe-

317 2359 464 2408 factus
499 2372 544 2408 et
579 2362 804 2426 concepti
840 2362 1029 2412 sceleris
1065 2362 1359 2413 immanitate
1402 2361 1726 2426 perturbatus,
1768 2371 1815 2408 et
1852 2377 1910 2408 ex
1950 2368 2210 2423 conspectu
2251 2357 2437 2406 Domini

318 2442 522 2488 maxime
555 2442 806 2502 confusus,
841 2452 922 2490 aut
958 2442 1182 2504 fortasse,
1217 2452 1347 2490 tanta
1383 2443 1590 2490 caecitate
1618 2458 1891 2506 percussum,
1933 2446 2111 2488 ut'nec
2146 2456 2254 2486 cum
2286 2447 2439 2504 posset

318 2536 624 2584 cognoscere,
637 2522 728 2568 nisi
753 2537 811 2568 eo
835 2522 1044 2585 seipsum
1069 2521 1325 2568 indicante.
1351 2524 1413 2568 Ut
1432 2531 1592 2569 tamen
1610 2520 1827 2585 impleret
1845 2519 1976 2583 quod
1996 2519 2205 2567 dixerat:
2232 2539 2251 2563 «
2267 2522 2438 2575 Quem-

318 2617 509 2665 cunque
541 2601 779 2649 osculatus
805 2600 957 2660 fuero,
985 2601 1085 2665 ipse
1115 2610 1210 2657 est,
1238 2610 1395 2647 tenete
1429 2617 1563 2659 eum,
1592 2619 1615 2644 »
1642 2600 1776 2648 omni
1801 2599 1987 2664 pudore
2019 2599 2302 2664 postposito,
2336 2612 2436 2643 non

319 2684 499 2742 Deum,
524 2681 609 2728 sed
634 2681 855 2728 homines
882 2681 1077 2740 veritus,
1103 2680 1299 2729 accessit
1316 2680 1375 2729 ad
1402 2680 1646 2739 osculum,
1671 2691 1898 2743 tanquam
1924 2696 2034 2727 eum
2061 2679 2329 2743 designans,
2356 2676 2438 2739 qui

315 2761 413 2824 jam
444 2763 751 2827 semetipsum
785 2761 1100 2821 indicaverat,
1131 2771 1183 2808 ut
1215 2761 1284 2809 nit
1308 2762 1357 2808 in
1383 2778 1432 2808 se
1466 2760 1568 2809 fieri
1592 2762 1682 2809 nisi
1706 2762 1861 2827 seipso
1893 2761 2178 2826 disponente
2205 2758 2436 2809 Dominus

320 2841 594 2890 declararet.
613 2842 814 2890 Undeet
831 2841 1068 2906 sequitur:
1088 2860 1112 2888 «
1127 2845 1189 2889 Ut
1204 2858 1317 2906 ergo
1335 2841 1452 2890 dixit
1470 2843 1537 2891 eis
1553 2860 1562 2888 z
1580 2862 1601 2888 «
1619 2845 1717 2906 Ego
1735 2859 1859 2901 sum,
1876 2860 1899 2886 υ
1921 2841 2140 2890 abierunt
2160 2850 2433 2895 retrorsum,

319 2933 367 2970 et
390 2923 664 2971 ceciderunt
687 2925 735 2970 in
765 2933 954 2971 terram.
978 2942 1001 2968 n
1022 2922 1151 2981 Quid
1174 2923 1307 2987 agitis
1331 2923 1494 2972 missi?
1524 2926 1644 2971 Ecce
1675 2933 1845 2989 praesto
1874 2933 1944 2970 est
1968 2939 2110 2988 quem
2136 2919 2365 2984 quaeritis,
2392 2928 2437 2965 et

319 3005 527 3070 seipsum
550 3005 776 3065 offerens,
799 3004 914 3052 dicit
935 3023 945 3051 z
973 3023 996 3050 t<
1011 3007 1112 3069 Ego
1131 3021 1262 3065 sum,
1279 3024 1303 3051 »
1326 3022 1417 3053 nec
1446 3005 1584 3053 istam
1607 3005 1707 3069 ejus
1734 3021 1903 3053 vocem
1929 3005 2050 3054 ferre
2078 3003 2336 3055 sustinetis,
2358 3002 2435 3049 cui

319 3084 416 3130 vim
438 3084 590 3132 facere
626 3083 956 3132 confidebatis.
987 3083 1224 3132 Abeuntes
1252 3076 1559 3145 retrorsum,
1579 3101 1679 3133 non
1718 3085 1760 3132 ei
1791 3085 1999 3132 valentes
2027 3077 2435 3148 appropinquare,

320 3180 465 3227 quem
493 3165 662 3212 venitis
696 3164 1130 3232 comprehendere,
1156 3166 1206 3212 in
1237 3175 1414 3213 terram
1446 3166 1656 3232 resupini
1686 3165 1945 3248 corruistis3
1979 3164 2064 3210 Hic
2096 3164 2272 3228 quippe
2305 3178 2440 3210 casus

320 3246 543 3309 proprius
566 3256 637 3293 est
657 3245 976 3311 reproborum
989 3281 1001 3304 ,
1028 3246 1151 3293 sicut
1173 3246 1344 3294 cadere
1365 3247 1414 3294 in
1433 3247 1599 3294 faciem
1623 3246 1872 3311 proprium
1894 3255 1964 3292 est
1986 3244 2245 3293 electorum
2274 3261 2284 3290 z
2312 3242 2440 3292 unde

322 3333 369 3370 et
393 3323 510 3371 illud
533 3335 601 3372 est
626 3325 753 3373 beati
783 3326 999 3390 Gregorii
1024 3327 1075 3372 in
1096 3326 1381 3373 Ezechielem
1403 3327 1644 3375 homilia⁸z
1671 3346 1693 3370 «
1719 3325 1865 3373 Electi
1890 3326 1937 3371 in
1964 3325 2150 3382 faciem,
2179 3335 2226 3371 et
2251 3322 2439 3387 reprobi

371 3444 380 3461 ¹
413 3446 538 3485 Exod„
555 3457 626 3489 cap.
644 3459 765 3489 xxxnt,
783 3460 815 3482 v.
835 3448 948 3482 ¹2.—·¹
970 3462 986 3479 α
1001 3449 1117 3483 Notum
1134 3450 1231 3484 saciet
1245 3450 1399 3484 Dominus
1413 3450 1467 3494 qui
1483 3450 1525 3484 ad
1541 3459 1577 3483 se
1592 3450 1810 3493 pertineam.-
1825 3449 1955 3492 (Num.‚
1973 3460 2045 3492 cap.
2065 3459 2136 3488 xvt,
2152 3459 2182 3480 vu
2196 3446 2245 3489 5.)
2259 3447 2304 3471 -³
2321 3446 2391 3479 Lib.
2411 3445 2440 3480 1.

324 3503 410 3537 horn.
434 3515 487 3546 ιιι,
509 3505 588 3546 opp.
605 3512 630 3539 t.
647 3506 680 3547 1,
702 3506 880 3540 coL1251.
