2970 4152
579 415 672 463 620
1376 419 1547 468 PETRI
1580 421 1893 471 ABAELARDI

582 529 605 553 «
633 511 913 559 dimittimus
927 513 1060 558 omni
1074 512 1268 560 debenti
1285 513 1442 561 nobis.
1462 517 1521 563 Et
1534 531 1595 563 ne
1607 533 1696 563 nos
1713 516 1972 563 inducasin
1996 517 2328 564 tentationem».
2343 520 2513 565 »Patet
2526 518 2685 584 itaque

576 592 709 653 quod
733 593 1007 656 perfectius,
1034 602 1086 639 ut
1107 610 1248 658 supra
1273 588 1605 655 meminimus,
1631 596 1877 645 Matthaeus
1900 612 2045 660 quam
2067 600 2216 645 Lucas
2237 597 2475 662 scripserit
2503 615 2684 664 :quum

574 671 651 718 ille
683 672 898 719 videlicet
922 683 1104 738 septem
1125 675 1379 739 petitiones
1401 676 1450 722 in
1473 692 1528 724 ea
1543 714 1555 737 ,
1585 677 1672 725 iste
1695 687 1883 724 tantum
1905 678 2367 742 quinqueposuerit.
2401 679 2484 726 Illa
2507 679 2685 744 quippe

574 752 823 815 apostolis,
851 753 971 799 sicut
995 754 1251 819 oportebat
1268 791 1280 814 ,
1304 756 1559 821 perfectior
1581 767 1650 804 est
1680 756 1881 815 tradita,
1909 766 1956 803 et
1989 757 2038 803 in
2074 773 2132 804 eo
2167 758 2454 822 petitionum
2481 774 2683 805 numero

574 832 855 891 constituta,
883 850 980 897 quo
1009 834 1297 899 septiformis
1328 836 1485 898 gratiae
1504 835 1755 901 plenitudo
1781 845 1992 895 notatur,
2018 835 2079 883 de
2110 853 2205 901 qua
2235 838 2391 902 prima
2421 846 2469 884 et
2495 837 2685 902 potiora

572 913 701 960 dona
722 914 851 978 ipsos
873 916 1108 979 accepisse
1139 915 1382 980 apostolos
1410 916 1578 963 Paulus
1607 915 1878 974 confitetur,
1905 916 2069 963 dicens
2089 918 2101 941 ¹
2127 934 2139 964 ε
2168 936 2192 962 κ
2218 919 2313 964 Nos
2337 918 2683 982 autemprimi-

571 993 657 1039 tias
690 993 881 1057 spiritus
915 993 1173 1053 habentes,
1205 1005 1296 1042 etc.
1330 1014 1353 1039 »
1387 995 1470 1042 Illa
1498 1012 1637 1054 vero,
1665 1011 1811 1059 quam
1832 995 1974 1059 longe
1995 1005 2106 1060 post
2127 1012 2400 1044 sermonem
2432 997 2482 1044 i'n
2517 1007 2682 1044 monte

569 1072 787 1119 habitum
809 1076 958 1121 Lucas
986 1074 1129 1121 refert
1150 1091 1178 1122 a
1200 1075 1410 1121 Domino
1445 1075 1541 1121 uni.
1566 1074 1909 1140 discipulorum
1943 1075 1993 1122 id
2026 1076 2215 1139 roganti
2250 1076 2475 1124 traditam
2508 1076 2678 1137 fuisse,

568 1171 668 1200 non
691 1155 930 1202 immerito
952 1173 1046 1202 suae
1068 1156 1439 1221 imperfectionis
1461 1167 1629 1220 typum
1657 1156 1706 1202 in
1734 1143 1854 1220 ipso.
1870 1157 2158 1221 petitionum
2191 1158 2411 1222 quinario
2445 1157 2677 1221 designat.

567 1235 790 1298 Quinque
813 1236 989 1282 etenim
1011 1246 1123 1282 sunt
1144 1237 1360 1301 corporis
1383 1253 1571 1295 sensus,
1597 1236 1719 1283 sicut
1740 1246 1788 1283 et
1808 1246 1992 1301 septem
2015 1236 2145 1284 dona
2165 1237 2374 1302 spiritus.
2396 1236 2535 1284 Unde
2555 1236 2680 1285 bene

565 1314 639 1361 his
662 1332 888 1362 numerus
909 1316 987 1362 ille
1010 1317 1252 1376 convenit,
1273 1317 1353 1381 qui
1374 1316 1509 1381 quasi
1525 1316 1738 1364 carnales
1754 1316 1912 1364 adhuc
1934 1317 2256 1382 spiritualibus
2279 1317 2526 1364 inferiores
2547 1328 2676 1379 sunt.

564 1396 708 1453 Quod
731 1396 791 1442 de
813 1396 895 1443 illo
917 1414 1017 1443 uno
1041 1397 1275 1462 discipulo
1296 1414 1396 1444 non
1413 1414 1514 1444 esse
1532 1397 1855 1444 dubitandum
1873 1397 2097 1457 arbitror,
2117 1414 2262 1462 quem
2280 1407 2468 1445 constat
2490 1407 2681 1462 aposto·

562 1475 618 1523 lis
641 1493 739 1523 non
763 1478 1054 1536 interfuisse,
1075 1482 1225 1542 qu'um
1247 1479 1313 1525 eis
1335 1479 1384 1525 in
1408 1488 1574 1525 monte
1595 1480 1831 1525 Dominus
1850 1481 2039 1525 Novum
2063 1478 2273 1526 traderet
2294 1481 2674 1538 Testamentum:

561 1556 637 1600 cui
653 1593 663 1613 ,
690 1566 742 1602 ut
766 1557 992 1615 diximus,
1018 1557 1171 1621 ipsam
1192 1574 1386 1622 quoque
1409 1558 1680 1605 orationem
1700 1558 1923 1616 inseruit,
1944 1574 2090 1622 quam
2108 1558 2187 1606 ille
2202 1557 2674 1605 nondumaudierat:

560 1637 653 1692 Qui
667 1637 810 1683 etiarn
823 1655 975 1701 quum.
989 1638 1073 1684 ait²
1090 1657 1100 1683 :
1122 1639 1383 1696 «Domine,
1405 1638 1525 1684 doce
1542 1654 1631 1685 nos
1645 1654 1799 1697 orare,
1813 1639 1934 1685 sicut
1947 1648 1994 1686 et
2007 1641 2214 1686 Joannes
2230 1637 2488 1703 discipulos
2500 1654 2612 1686 suos
2623 1656 2674 1697 ‚.›.=
2738 1678 2742 1685 ,

559 1716 1281 1776 commemorandoJoannem,
1307 1718 1389 1782 qui
1424 1718 1586 1764 minor.
1611 1717 1813 1765 Christo.
1836 1718 1885 1764 in
1919 1717 2145 1765 omnibus
2178 1727 2320 1783 atque
2355 1716 2677 1782 imperfectior

559 1797 644 1844 fuit
663 1836 673 1857 ,
702 1799 855 1862 ipsam
877 1815 1071 1862 quoque
1092 1799 1507 1864 imperfectionem
1527 1799 1600 1845 sui
1621 1815 1787 1846 sensus
1809 1799 1982 1846 innuit.
2008 1802 2214 1846 Constat,
2233 1809 2281 1846 et
2307 1796 2676 1863 plerumquele-

557 1894 688 1940 gem,
717 1896 822 1942 quae
844 1879 893 1924 in
916 1879 1130 1943 quinque
1157 1878 1291 1925 libris
1319 1879 1559 1938 consistit,
1591 1888 1639 1926 et
1672 1879 1851 1927 carnali
1883 1878 2078 1944 populo.
2101 1878 2318 1926 sensibus
2350 1878 2500 1941 magis
2531 1893 2676 1942 quam

555 1958 739 2005 ratione
756 1959 901 2005 ducto
915 1996 926 2018 ,
946 1969 993 2006 ct
1014 1958 1345 2023 corporalibus
1367 1959 1691 2024 bonispotius
1713 1976 1859 2024 quam
1882 1958 2431 2025 spiritualibusinhianti
2452 1952 2672 2017 dataest,

554 2055 638 2101 per
672 2042 907 2085 Joannem
940 2038 1150 2102 figurari.
1178 2039 1316 2086 Unde
1347 2056 1446 2086 non
1476 2040 1742 2103 incongrue
1768 2040 1946 2087 factum
1970 2050 2063 2099 est,
2088 2050 2143 2086 ut
2165 2039 2247 2103 qui
2268 2038 2508 2086 aChristo
2530 2036 2676 2085 talem

554 2119 784 2164 orationis
827 2119 1119 2177 doctrinam,
1166 2119 1359 2182 qualem
1395 2123 1603 2167 Joannes
1637 2120 1836 2167 dederat
1850 2157 1862 2178 ‚
1904 2120 2201 2183 requirebat,
2241 2109 2671 2184 imperfectiorem,

501 2227 504 2230 ⁴
552 2215 697 2262 quam
730 2198 957 2263 apostoli,
983 2199 1223 2262 suscipere
1247 2198 1460 2245 deberet.
1486 2202 1578 2246 Pro
1606 2216 1702 2263 qua
1735 2198 1941 2263 quidem
1961 2199 2322 2263 imperfectione
2343 2198 2445 2256 sui,
2472 2197 2601 2254 bene,
2622 2198 2674 2245 id

553 2293 581 2323 a
604 2278 778 2323 sanctis
803 2276 1019 2324 Patribus
1041 2277 1289 2341 provisum
1311 2286 1382 2324 est
1397 2314 1408 2336 ,
1434 2287 1487 2324 ut
1508 2277 1588 2324 illa
1609 2278 1769 2342 potius
1792 2294 1897 2342 quae
1919 2294 1948 2324 a
1968 2276 2189 2324 Matthaeo
2218 2276 2473 2342 perfectior
2506 2275 2674 2331 scribi·

554 2366 630 2402 tur
653 2345 711 2403 in.
727 2374 866 2403 usum
887 2357 1095 2415 veniret,
1122 2366 1264 2420 atque
1286 2357 1336 2403 in
1353 2356 1679 2404 ecclesiasticis
1716 2357 2042 2422 frequentetur
2066 2355 2252 2404 officiis.
2283 2354 2411 2413 Quid
2429 2356 2571 2419 igitur
2593 2372 2673 2402 ex-

549 2437 720 2483 stiterit
736 2454 906 2496 causae,
932 2447 1002 2496 ut,
1019 2437 1198 2484 caeteris
1219 2436 1425 2484 Matthaei
1443 2436 1602 2485 verbis
1620 2438 1840 2497 retentis,
1866 2453 2018 2484 unum
2036 2436 2194 2484 solum
2216 2446 2479 2495 mutemus,
2505 2455 2529 2480 κ
2548 2451 2671 2501 quo-

548 2518 786 2565 tidianum
806 2537 828 2562 >›
860 2517 1037 2564 scilicet
1058 2534 1149 2582 pro
1175 2537 1197 2562 «
1219 2517 1724 2583 supersubstantialem
1741 2537 1764 2563 >³
1790 2517 2027 2577 dicentes,
2057 2518 2141 2582 qui
2165 2526 2324 2583 potest
2344 2516 2495 2575 dicat,
2525 2516 2565 2563 si
2598 2525 2670 2564 ta-

480 2642 483 2645 .
548 2616 656 2646 men
681 2599 838 2646 dicere
861 2598 1079 2646 sufficiat.
1108 2601 1223 2646 Non,
1241 2599 1371 2646 enim
1392 2599 1457 2646 ita
1480 2599 1808 2647 excellentiam
1830 2599 1972 2663 hujus
1999 2599 2138 2664 panis
2171 2597 2266 2645 hoc
2299 2614 2479 2645 nomen
2505 2616 2529 2642 «
2551 2613 2672 2662 quo·

546 2680 781 2727 tidianum
808 2698 831 2724 »
857 2678 1270 2744 quemadmodum
1307 2698 1332 2724 «
1355 2679 1860 2745 supersubstantialem
1888 2699 1911 2724 υ
1936 2679 2126 2727 videtur
2159 2678 2451 2743 exprimere,
2483 2687 2531 2724 et
2567 2693 2668 2725 non

547 2760 800 2807 mediocris
822 2761 1012 2807 videtur
1035 2761 1420 2825 praesumptionis
1442 2778 1543 2808 esse
1565 2760 1770 2826 apostoli
1791 2760 1940 2808 verba
1961 2760 2223 2824 corrigere3
2243 2768 2291 2806 et
2309 2759 2376 2806 sic
2398 2775 2454 2805 ex
2477 2758 2668 2806 duobus

546 2840 842 2904 evangelistis
868 2857 1016 2887 unam
1038 2841 1308 2887 orationem
1330 2857 1623 2905 componere
1641 2878 1653 2900 ,
1679 2850 1733 2888 ut
1755 2850 1925 2888 neuter
1946 2841 1997 2888 in
2022 2856 2077 2888 ea
2099 2838 2317 2888 sufficere
2338 2838 2557 2886 videatur
2582 2856 2594 2885 e
2620 2848 2667 2886 et

546 2921 612 2966 sic
635 2938 741 2969 eam
763 2921 1002 2987 proferre,
1029 2921 1152 2968 sicut
1173 2938 1263 2968 nec
1285 2938 1311 2969 a
1334 2922 1546 2969 Domino
1575 2932 1646 2970 est
1677 2922 1831 2982 dicta,
1857 2938 1946 2970 nec
1982 2921 2043 2970 ab
2071 2921 2233 2986 aliquo
2270 2920 2666 2984 evangelistarum

544 3004 746 3068 scripta3
772 3003 1033 3069 praesertim
1055 3002 1206 3067 q'uum
1228 3004 1277 3050 in
1301 3004 1480 3050 caeteris
1503 3003 1752 3063 omnibus,
1778 3021 1884 3069 quae
1905 3003 1967 3051 de
1994 3003 2184 3068 scriptis
2203 3018 2372 3050 eorum
2395 3002 2444 3049 in
2467 3000 2664 3049 ecclesia

544 3084 819 3142 recitantur,
844 3083 1145 3148 impermixta
1167 3084 1262 3131 sint
1284 3099 1452 3130 eorum
1477 3083 1648 3142 verba,
1680 3100 1984 3149 quacumque
2013 3083 2307 3150 perfectione
2338 3081 2414 3130 vel
2447 3080 2665 3146 imperfe-

544 3163 702 3208 ctione
725 3164 1011 3228 discrepent.
1028 3163 1081 3229 §i
1096 3163 1206 3227 ‚quis
1235 3163 1394 3227 itaque
1423 3180 1499 3210 me
1525 3164 1749 3211 novitatis
1771 3181 1914 3229 super
1934 3163 2030 3210 hoc
2052 3172 2236 3227 arguat,
2261 3159 2477 3209 attendat
2499 3175 2561 3207 an
2584 3158 2662 3206 ille

543 3242 692 3305 magis
717 3243 985 3306 arguendus
1008 3242 1149 3291 fuerit
1163 3280 1174 3302 ,
1197 3243 1280 3308 qui
1298 3259 1354 3290 ex
1377 3242 1564 3291 duabus
1586 3243 1885 3291 orationibus
1907 3243 2168 3308 antiquitus
2189 3241 2375 3306 scriptis
2396 3255 2544 3288 unam
2571 3256 2661 3287 no-

542 3337 651 3367 vam
682 3337 974 3386 componere
1002 3322 1323 3387 praesumpsit,
1348 3338 1447 3370 non
1472 3331 1570 3370 tam
1593 3322 1916 3387 evangelicam
1938 3338 2084 3388 quam
2107 3338 2243 3370 suam
2267 3319 2541 3368 dicendam.
2565 3321 2659 3366 De-

585 3499 595 3517 *
612 3501 720 3539 Rom„
737 3510 809 3544 cap.
828 3511 882 3534 viu
917 3511 950 3534 v.
966 3502 1019 3534 23.
1036 3518 1075 3525 --
1095 3499 1107 3518 ¹
1124 3500 1221 3544 Luc„
1238 3511 1312 3544 cap.
1329 3511 1362 3533 xi
1375 3526 1383 3542 ,
1400 3511 1431 3534 v.
1451 3503 1481 3534 1.
