2970 4152
0 3457 36 3625 χιν“« ”
0 3263 24 3394 ζ’
13 3160 19 3216 .-

958 370 1036 415 DE
1070 366 1290 415 SANCTA
1326 368 1584 416 SUSANNA
1618 369 1832 415 SERMO.
2345 370 2461 423 ,543

340 470 475 535 plum
504 469 637 527 estis,
676 477 723 514 et
754 466 946 531 spiritus
973 463 1061 510 Dei
1095 462 1280 509 habitat
1306 462 1357 508 in
1380 462 1534 513 vobis.
1556 482 1579 507 n
1612 464 1660 509 Si
1688 463 1794 527 quis
1822 462 2056 527 templum
2084 463 2171 508 Dei
2194 462 2457 519 violaverit,

341 548 583 613 disperdet
617 546 752 594 illum
784 547 929 592 Deus.
966 541 1215 607 Templum
1248 542 1338 589 Dei
1369 551 1589 611 sanctum
1619 553 1712 602 est,
1744 542 1878 607 quod
1907 542 2016 589 estis
2038 558 2141 589 vos.
2180 542 2274 599 Qui
2302 551 2461 588 autem

339 629 465 676 intra
486 628 689 693 parietes
713 625 976 691 corporalis
997 623 1164 689 templi
1187 622 1353 679 sordes
1376 622 1558 687 aliquas
1572 623 1849 687 corporales
1871 624 2080 682 intuens,
2096 639 2196 669 non
2211 638 2290 669 eas
2301 624 2459 669 statim

339 717 582 773 asportare
599 706 814 753 festinet?
831 705 948 763 Quis
964 703 1055 751 sibi
1071 703 1295 750 fornicari
1314 719 1414 749 non
1435 702 1710 762 abhorreat,
1731 719 1787 750 ac
1808 703 1958 766 magis
1980 702 2116 760 illud,
2139 718 2285 765 quam
2303 701 2459 748 verius

337 788 507 835 animae
530 787 764 852 templum
785 786 999 851 polluere
1021 785 1253 850 trepidet?
1781 836 1785 840 ¹

400 867 588 927 Flebat,
607 877 661 915 ut
683 868 866 914 dictum
889 877 976 926 est,
997 869 1237 926 Susanna,
1262 875 1309 913 et
1330 865 1469 913 fletus
1491 865 1591 928 ejus
1614 881 1755 911 causa
1772 864 1874 928 jam
1896 882 1952 911 ex
1974 875 2108 930 parte
2132 874 2202 912 est
2226 865 2455 929 exposita,

334 964 425 1012 pro
447 957 673 995 contactu
695 947 872 994 scilicet
894 946 1233 994 obscoenarum
1254 962 1503 1005 manuum,
1523 961 1627 1009 quae
1644 961 1733 991 nec
1757 944 1818 991 ad
1841 944 2013 991 horam
2028 944 2260 991 sustinere
2282 944 2454 1008 potuit.

334 1026 497 1075 Flebat
518 1028 684 1091 utique
706 1027 767 1074 de
789 1036 1038 1091 praesente,
1064 1036 1111 1073 et
1133 1027 1172 1073 si
1195 1025 1467 1089 diligentius
1489 1024 1797 1082 attendimus,
1817 1041 1917 1071 non
1938 1023 2095 1070 solum
2111 1024 2326 1087 corporis
2345 1039 2460 1068 con-

333 1115 538 1166 tactum,
571 1106 655 1154 sed
685 1116 732 1154 et
766 1107 902 1154 famae
933 1106 1147 1153 futurum
1176 1105 1322 1152 flebat
1349 1105 1716 1161 detrimentum,
1749 1121 1899 1167 quum
1928 1103 1995 1149 illi
2016 1102 2194 1150 scilicet
2217 1102 2278 1149 ad
2301 1101 2460 1149 testifi-

331 1188 542 1235 candum
562 1197 951 1253 prorumperent,
969 1204 1179 1252 quorum
1201 1187 1478 1234 testimonio
1500 1186 1763 1251 plurimum
1786 1185 1916 1232 credi
1938 1183 2251 1249 providebat,
2267 1184 2388 1230 sicut
2410 1194 2457 1229 et

330 1269 644 1332 postmodum
663 1269 907 1334 Scriptura
922 1278 1288 1327 commemorat,
1310 1268 1475 1315 dicens
1496 1286 1507 1314 ε
1532 1266 1785 1314 «Credidit
1806 1267 1873 1312 eis
1896 1265 2154 1312 multitudo
2178 1265 2312 1328 quasi
2335 1265 2457 1310 seni-

266 1354 268 1356 ’
329 1347 420 1395 bus
441 1349 632 1414 populi,
659 1358 707 1396 et
722 1349 964 1412 judicibus
980 1384 993 1408 ,
1019 1359 1066 1396 et
1088 1349 1537 1396 condemnaverunt
1566 1364 1674 1395 eam
1702 1347 1765 1394 ad
1793 1356 2017 1394 mortem.
2043 1364 2065 1390 »
2091 1345 2255 1391 Flebat
2283 1362 2457 1409 oppro-

329 1427 489 1476 brium
510 1429 685 1477 domus
705 1446 824 1488 suae,
851 1446 941 1477 nec
968 1439 1069 1477 tam
1097 1446 1235 1477 suam
1257 1429 1578 1477 calamitatem
1599 1444 1745 1492 quam
1768 1444 1967 1475 suorum
1994 1425 2280 1491 deplorabat
2302 1426 2456 1472 anxie-

328 1517 492 1556 tatem.
521 1509 650 1567 Quid
684 1511 841 1557 enim?
872 1510 991 1574 quid
1014 1510 1237 1574 inquam?
1260 1510 1632 1557 Circumstantes
1661 1525 1798 1567 suos,
1824 1509 2004 1566 virum,
2030 1516 2275 1572 parentes,
2301 1505 2449 1563 filios,

327 1598 559 1652 cognatos
574 1626 586 1649 ,
611 1599 665 1636 ut
687 1590 870 1637 dictum
898 1599 992 1648 est,
1012 1600 1059 1637 et
1081 1606 1250 1637 omnes
1273 1589 1356 1654 qui
1379 1599 1616 1636 noverant
1638 1605 1762 1648 eam,
1789 1589 1839 1635 in
1862 1604 2052 1635 summa
2073 1588 2309 1634 anxietate
2331 1586 2454 1650 posi-

326 1679 419 1728 tos,
445 1680 492 1717 et
515 1680 615 1718 tam
636 1671 964 1718 innocentiam
986 1671 1087 1734 ejus
1109 1687 1255 1735 quam
1277 1687 1413 1718 suam
1435 1670 1683 1718 infamiam
1705 1669 1957 1734 deplorare
1979 1668 2221 1715 cernebat.
2249 1671 2320 1714 De
2336 1683 2451 1730 quo-

325 1766 434 1797 rum
461 1752 796 1816 compassione
818 1752 968 1815 magis
989 1768 1136 1815 quam
1164 1752 1225 1798 de
1254 1752 1450 1816 propria
1474 1752 1695 1816 passione
1718 1750 1937 1808 dolebat;
1979 1766 2068 1796 nec
2101 1759 2200 1796 tam
2234 1748 2449 1813 corporis

325 1840 531 1878 mortem
563 1847 711 1895 quam
745 1830 951 1879 infamiae
977 1831 1137 1878 labem
1165 1831 1439 1896 plangebat.
1473 1834 1581 1888 Quo
1614 1832 1744 1877 enim
1771 1846 1971 1894 quaeque
1999 1830 2174 1876 castior
2197 1839 2290 1887 est,
2317 1845 2449 1875 vere—

323 1909 529 1957 cundior
550 1926 652 1957 esse
674 1911 1003 1975 cognoscitur,
1030 1921 1077 1957 et
1099 1910 1391 1957 castimoniae
1413 1926 1656 1957 summum
1685 1908 1813 1956 istud
1836 1919 1907 1956 est
1928 1918 2279 1972 argumentum.
2308 1907 2447 1953 Unde

323 1987 448 2035 bene
469 1989 590 2036 sicut
613 2006 682 2048 re,
705 1990 771 2037 ita
792 2000 839 2037 et
861 1991 1060 2037 nomine
1081 1990 1259 2054 pudor,
1286 1999 1334 2036 et
1356 1988 1588 2054 pudicitia
1610 1989 1673 2036 ita
1696 1998 1808 2035 sunt
1830 1988 2072 2051 adjuncta,
2100 1997 2152 2034 ut
2175 1987 2447 2050 frequenter

322 2069 520 2116 nomine
543 2069 744 2134 pudoris
771 2070 874 2135 ipsa
902 2071 1091 2117 castitas
1114 2069 1416 2133 designetur,
1448 2069 1582 2133 quod
1610 2079 1663 2115 ut
1691 2068 1874 2116 dictum
1897 2078 1993 2127 est·,
2025 2068 2215 2130 signum
2245 2076 2314 2113 est
2346 2066 2444 2129 ejus

319 2152 613 2216 praecipuum
641 2161 993 2215 argumentum.
1026 2151 1171 2210 Quod
1198 2161 1246 2198 et
1276 2151 1531 2216 Apostolus
1559 2150 1810 2214 diligenter
1838 2148 2089 2196 attendens
2112 2165 2263 2212 quum
2285 2147 2448 2194 mulie-

320 2229 417 2278 bris
450 2230 713 2279 honestatis
754 2231 973 2280 habitum
1011 2231 1326 2290 describeret,
1365 2231 1415 2278 id
1448 2231 1497 2277 in
1527 2230 1950 2278 commendatione
1990 2231 2201 2294 ipsarum
2235 2229 2444 2293 primum

320 2312 596 2377 assumpsit,
628 2329 714 2377 per
742 2312 875 2376 quod
904 2329 983 2359 eas
1010 2313 1216 2360 maxime
1244 2311 1575 2359 commendari
1612 2312 1821 2358 censuit¹
1845 2329 1855 2357 :
1888 2330 1910 2355 «
1938 2310 2156 2357 Mulieres
2190 2310 2239 2355 in
2276 2308 2441 2355 habitu

320 2402 515 2452 ornato,
553 2409 665 2439 cum
688 2393 979 2440 verecundia
1012 2403 1059 2439 et
1092 2393 1375 2451 sobrietate,
1416 2402 1507 2439 etc.
1529 2410 1552 2436 η
1589 2392 1711 2438 Hinc
1734 2409 1761 2438 e
1782 2392 2025 2438 contrario
2053 2391 2285 2454 scriptum
2307 2390 2402 2435 est²
2430 2407 2438 2433 τ

323 2492 347 2518 «
372 2475 523 2520 Frons
551 2473 761 2520 mulieris
790 2473 1051 2520 meretricis
1080 2473 1201 2520 facta
1230 2482 1301 2519 est
1328 2471 1438 2531 tibi,
1469 2470 1665 2518 noluisti
1685 2471 2024 2518 erubescere.»
2056 2468 2180 2516 Heu!
2206 2469 2323 2534 quid
2340 2470 2440 2532 jam

319 2553 566 2612 novimus,
594 2553 667 2600 vel
697 2552 966 2600 audivimus
998 2553 1122 2599 inter
1143 2568 1245 2610 eas,
1271 2568 1376 2616 quae
1404 2568 1491 2616 per
1512 2550 1732 2598 habitum
1753 2561 1973 2597 sanctum
1995 2554 2098 2597 Deo
2122 2549 2436 2606 mentiuntur,

318 2648 417 2679 non
449 2632 607 2679 solum
637 2632 987 2698 turpitudinem
1015 2632 1171 2679 carnis
1200 2632 1468 2689 incurrere,
1496 2630 1579 2677 sed
1611 2645 1699 2676 nec
1727 2630 1933 2676 infamiae
1963 2640 2130 2677 notam
2158 2628 2434 2676 abhorrere.

317 2713 502 2771 Quibus
532 2713 628 2761 hoc
660 2714 820 2778 ipsum
849 2730 939 2778 pro
969 2713 1120 2776 gloria
1140 2713 1354 2771 videtur,
1380 2711 1513 2776 quod
1536 2711 1724 2758 Christo
1748 2710 2038 2758 dedecorato
2068 2711 2255 2758 amasiae
2283 2711 2439 2758 homi-

317 2811 452 2852 num,
477 2795 576 2841 imo
599 2794 882 2841 detestanda
909 2804 1066 2841 scorta
1095 2794 1372 2841 daemonum
1402 2792 1738 2857 praedicantur.
1769 2795 1803 2838 A
1825 2791 1999 2856 quibus
2021 2792 2059 2838 si
2083 2791 2317 2838 nonnulla
2339 2807 2437 2837 mu-

316 2874 515 2922 nuscula
547 2874 841 2939 quandoque
875 2875 1161 2940 suscipiunt,
1195 2883 1295 2921 tam
1322 2873 1497 2920 Christi
1520 2890 1666 2938 quam
1688 2873 1760 2920 sui
1784 2872 1943 2919 oblitae
1965 2873 2286 2919 miserandam
2309 2889 2438 2919 mor-

315 2963 413 2999 tem
434 2969 594 3014 suam,
626 2971 737 3001 cum
759 2970 950 3000 summo
973 2954 1211 3001 dedecore
1233 2954 1305 3001 sui
1328 2953 1503 3018 quibus
1532 2953 1712 3001 audent
1734 2962 1995 3012 ostentant,
2021 2953 2156 3017 quasi
2179 2969 2278 2998 non
2302 2954 2437 3017 parvi

314 3048 364 3079 se
382 3032 686 3092 aestimantes‚
703 3049 809 3097 quae
830 3049 880 3081 se
903 3032 1140 3098 aliquibus
1162 3033 1371 3081 vendere
1392 3034 1601 3098 possint3
1628 3032 1766 3098 plura
1786 3043 1947 3080 tamen
1972 3032 2181 3080 fortassis
2203 3031 2436 3095 largiturae

314 3127 461 3175 quam
495 3123 774 3178 accepturae.
816 3115 997 3160 Paucos
1026 3113 1204 3178 quippe
1233 3123 1474 3179 emptores
1502 3113 1747 3178 reperiunt
1775 3122 1822 3159 et
1850 3113 2000 3176 magis
2029 3112 2262 3159 damnum
2289 3127 2435 3175 quam

313 3192 500 3240 lucrum
533 3193 859 3258 conspiciunt;
898 3203 945 3240 et
978 3210 1083 3258 quae
1114 3195 1272 3241 minus
1303 3204 1596 3260 appetuntur
1618 3210 1822 3253 merces,
1844 3193 2024 3241 facilius
2047 3193 2273 3241 omnibus
2289 3208 2433 3257 expo-

315 3282 512 3332 nuntur,
538 3284 586 3321 et
607 3274 858 3339 publicatae
880 3275 1018 3322 citius
1040 3275 1338 3322 obtinentur.

362 3455 369 3471 ¹
402 3456 478 3489 Tim.
502 3457 539 3494 1,
559 3465 635 3500 cap.
655 3467 696 3499 ιι,
713 3467 743 3490 ν.
765 3459 799 3490 9.
813 3475 855 3481 -
870 3455 883 3474 ¹
899 3457 1034 3497 Jerem„
1049 3466 1122 3500 cap.
1143 3468 1196 3497 m,
1216 3467 1246 3491 v.
1264 3459 1299 3490 3.
