2970 4152
1221 406 1536 454 E-PlsTOLAE.
1704 431 1707 434 >
1788 405 1789 408 ’
1856 431 1859 439 «
2353 405 2434 452 101

331 508 576 556 inferendo
605 506 693 553 sibi
725 520 937 552 manum.
972 503 1281 582 suggestione
1308 502 1568 549 diabolica¹
1602 500 1675 547 vel
1707 516 1866 547 enore
1895 499 2125 558 maximo,
2157 496 2206 543 id
2242 497 2302 543 ab
2341 498 2444 562 ipso

327 598 511 636 constat
537 603 637 635 esse
653 587 828 632 factum
843 621 865 645 ,0
872 584 1005 649 qued
1022 583 1323 639 miseratione
1337 583 1426 629 Dei
1441 582 1488 628 in
1508 578 1593 627 me
1612 589 1689 627 est
1697 580 1756 626 ab
1770 580 1865 627 alio
1883 588 2226 645 perpetratum.-
2245 576 2443 642 Culpam

326 669 480 727 evito,
527 683 625 713 non
655 667 863 712 incurro.
896 667 1100 711 Mortem
1128 679 1347 722 mereor-,-
1365 671 1423 708 et
1435 661 1618 708 “vitam
1635 675 1875 723 assequor.
1910 662 2095 718 Vocor,
2134 667 2199 705 et
2215 656 2437 704 reluctor.

326 751 454 795 Insto
480 745 757 794 criminibus
773 746 810 805 ²,
833 755 880 792 et
902 743 965 791 ad
981 742 1356 791 veniam‘trahor
1376 741 1566 788 invitus·
1601 742 1718 786 Orat
1741 739 2009 804 apostolus,
2036 755 2127 786 nec
2149 736 2396 785 exauditur
2411 738 2437 780 ³.

327 827 548 875 Precibus
562 828 727 886 instat,
747 841 836 872 nec
851 825 1088 889 impetrat.
1115 819 1233 870 Vere
1249 819 1274 867 ἀ
1295 823 1531 869 Dominus
1549 819 1780 867 sollicitus
1794 818 1868 866 'est
1882 819 1977 866 mei
1991 820 2020 865 ⁴.
2043 838 2066 864 υ
2089 818 2273 866 Vadam
2302 817 2444 881 igitur

323 917 371 953 et
395 905 599 953 narrabo
632 924 656 950 ι(
683 914 863 969 quanta
889 903 997 951 fecit
1021 903 1256 949 Dominus
1272 901 1450 948 -animae
1478 902 1636 947 meae‘.
1661 919 1684 944 »
1715 898 1897 946 Accede
1932 908 1978 946 et
2014 908 2090 957 tu,
2120 896 2444 962 inseparabilis

321 1002 482 1033 comes
497 1021 509 1045 ,
532 986 580 1032 in
600 1001 696 1032 una
714 984 969 1048 gratiarum
986 983 1196 1042 actione,
1222 998 1328 1047 quae
1353 991 1399 1029 et
1417 980 1567 1046 culpae
1589 980 1824 1045 particeps
1846 978 1968 1025 facta
1986 995 2036 1025 es
2055 989 2103 1025 et
2122 978 2292 1043 gratiae.
2325 981 2442 1024 Nam

320 1076 365 1112 et
404 1075 494 1112 tuae
525 1065 760 1111 Dominus
795 1079 894 1110 non
924 1063 1179 1109 immemor
1209 1061 1394 1120 salutis,
1426 1061 1524 1107 imo
1554 1059 1815 1125 plurimum
1845 1058 1913 1105 tui
1938 1074 2147 1117 memor,
2186 1058 2268 1122 qui
2303 1057 2441 1104 etiam

318 1154 482 1193 sancto
507 1143 720 1209 quodam
741 1143 949 1190 nominis
968 1142 1222 1208 praesagio,
1252 1151 1298 1189 te
1318 1141 1557 1207 praecipue
1581 1155 1715 1187 suam
1747 1138 1848 1185 fore
1878 1138 2200 1203 praesignavit,
2228 1155 2377 1202 quum
2397 1148 2442 1186 te

318 1225 537 1273 videlicet
552 1224 838 1272 Heloissam⁸
856 1241 912 1270 ex
928 1223 1126 1289 proprio
1146 1223 1343 1270 nomine
1369 1238 1481 1282 suo,
1505 1221 1639 1286 quod
1663 1230 1735 1267 est
1757 1219 1971 1279 Heloim,
1999 1218 2240 1283 insignivit
2269 1236 2279 1264 :
2310 1219 2409 1283 ipse
2427 1256 2438 1278 ,

318 1307 537 1370 inquam,
572 1305 830 1352 clementer
859 1303 1093 1369 disposuit
1119 1304 1170 1350 in
1205 1319 1302 1350 uno
1330 1301 1522 1350 duobus
1549 1300 1824 1360 consulere,
1869 1317 1991 1364 quos
2019 1298 2237 1346 diabolus
2265 1299 2314 1345 in
2347 1316 2442 1345 uno

318 1385 556 1433 nitebatur
583 1386 869 1450 extinguere.
902 1383 1153 1431 Paululum
1177 1384 1307 1431 enim
1328 1392 1586 1446 antequam
1610 1382 1707 1429 hoc
1728 1380 1988 1440 accideret,
2016 1397 2106 1427 nos
2130 1379 2441 1426 indissolubili

317 1466 419 1531 lege
464 1466 746 1513 sacramenti
785 1463 1008 1531 nuptialis
1047 1464 1252 1511 invicem
1280 1463 1586 1521 astrinxerat,
1621 1478 1770 1526 quum
1806 1477 2032 1526 cuperem
2067 1470 2112 1507 te
2150 1459 2268 1506 mihi
2301 1476 2442 1524 supra

317 1546 518 1594 modum
541 1546 761 1593 dilectam
787 1546 834 1592 in
858 1555 1144 1611 perpetuum
1166 1544 1396 1602 retinere,
1425 1545 1525 1591 imo
1551 1559 1701 1608 quum
1723 1543 1823 1608 ipse
1838 1542 1938 1605 jam
1954 1550 2174 1588 tractaret
2192 1539 2253 1587 ad
2278 1556 2328 1586 se
2352 1556 2440 1586 nos

314 1627 481 1674 ambos
519 1626 610 1674 hac
643 1626 893 1673 occasione
927 1635 1222 1672 convertere.
1261 1625 1309 1671 Si
1342 1625 1472 1671 enim
1513 1623 1630 1670 mihi
1663 1633 1802 1670 antea
1835 1622 2144 1669 matrimonio
2186 1638 2285 1668 non
2316 1638 2440 1668 esses

314 1706 560 1771 copulata,
594 1706 728 1753 facile
751 1706 799 1752 in
829 1705 1039 1752 discessu
1065 1721 1175 1752 meo
1197 1721 1225 1751 a
1244 1703 1429 1763 seculo,
1461 1703 1535 1751 vel
1551 1703 1850 1767 suggestione
1869 1711 2122 1767 parentum
2137 1737 2149 1761 ‚
2178 1700 2253 1748 vel
2273 1717 2439 1748 carna-

312 1786 429 1833 lium
460 1785 778 1833 oblectatione
806 1778 1133 1849 voluptatum,
1170 1784 1332 1831 seculo
1363 1783 1644 1830 inhaesisses.
1674 1781 1793 1829 Vide
1816 1798 1929 1845 ergo
1954 1790 2188 1845 quantum
2214 1779 2440 1827 sollicitus

313 1866 463 1913 nostri
492 1865 631 1913 fuerit
660 1866 920 1923 Dominus,
955 1864 1092 1928 quasi
1119 1863 1181 1911 ad
1212 1880 1413 1928 magnos
1446 1863 1633 1926 aliquos
1659 1878 1748 1909 nos
1776 1871 2035 1909 reservaret
2062 1878 2202 1920 usus,
2234 1871 2281 1907 et
2305 1862 2438 1925 quasi

312 1945 639 2010 indignaretur
656 1955 738 1993 aut
762 1944 945 1992 doleret
960 1943 1038 1991 illa
1056 1943 1266 1991 litteralis
1289 1942 1493 1990 scientiae
1518 1941 1710 2001 talenta,
1731 1957 1835 2005 quae
1861 1941 2049 2005 utrique
2074 1951 2290 1987 nostrum
2311 1955 2440 1986 com-

314 2026 532 2086 miserat,
562 2025 623 2073 ad
649 2026 722 2073 sui
748 2025 957 2073 nominis
982 2023 1222 2072 honorem
1248 2040 1349 2071 non
1375 2023 1639 2087 dispensari
1664 2041 1674 2069 ε
1709 2031 1791 2069 aut
1815 2022 1951 2086 quasi
1978 2021 2119 2068 etiam
2150 2020 2211 2067 de
2239 2021 2440 2067 inconti—

314 2107 591 2154 nentissimo
627 2105 815 2153 servulo
840 2108 853 2130 '¹
881 2114 1125 2153 vereretur
1160 2104 1294 2169 quod
1333 2104 1562 2169 scriptum
1598 2113 1669 2150 est
1688 2104 1701 2127 ⁸
1732 2121 1740 2148 :
1789 2122 1812 2147 «
1845 2102 1969 2159 Quia
2004 2100 2225 2148 mulieres
2265 2100 2439 2148 faciunt

312 2187 452 2234 etiam
483 2196 748 2253 apostatare
774 2187 1032 2252 sapientes,
1055 2204 1078 2229 »
1107 2186 1225 2232 sicut
1250 2187 1325 2232 et⁰
1347 2184 1408 2232 de
1433 2185 1784 2249 sapientissimo
1809 2192 1993 2230 certum
2024 2192 2092 2230 est
2122 2182 2378 2229 Salomone
2395 2184 2433 2227 ¹⁰.

310 2270 418 2315 Tuae
453 2282 566 2314 vero
601 2266 865 2332 prudentiae
899 2265 1130 2313 talentum
1163 2275 1365 2330 quantas
1404 2263 1618 2329 quotidie
1654 2264 1865 2311 Domino
1897 2263 2067 2311 referat
2102 2278 2292 2321 usuras,
2335 2279 2439 2325 quae

314 2348 485 2395 multas
505 2348 715 2394 Domino
729 2347 828 2412 jam
854 2346 1119 2413 spirituales
1143 2345 1262 2393 filias
1280 2346 1529 2411 peperisti,
1552 2362 1630 2393 me
1650 2346 1840 2412 penitus
1865 2345 2011 2392 sterili
2034 2354 2370 2410 permanente,
2394 2355 2437 2390 et

312 2428 358 2474 in
399 2427 506 2474 filiis
545 2427 825 2492 perditionis
867 2427 1071 2475 inaniter
1104 2425 1376 2474 laborante!
1412 2428 1456 2473 O
1491 2442 1639 2491 quam
1673 2425 1949 2473 detestabile
1990 2424 2249 2471 damnum!
2293 2441 2436 2489 quam

312 2506 614 2555 lamentabile
647 2506 1037 2565 incommodum,
1075 2507 1113 2553 si
1148 2505 1410 2553 carnalium
1440 2505 1742 2571 voluptatum
1771 2504 1993 2552 sordibus
2030 2520 2227 2563 vacans,
2260 2521 2437 2569 paucos

311 2605 422 2635 cum
448 2587 616 2636 dolore
639 2603 828 2653 pareres
853 2586 1066 2646 mundo,
1089 2603 1194 2651 quae
1213 2603 1343 2633 nunc-
1361 2585 1672 2651 multiplicem
1688 2585 1874 2651 prolem
1893 2601 2005 2631 cum
2025 2583 2312 2631 exultatione
2331 2601 2435 2649 par-

313 2668 427 2714 turis
452 2668 573 2715 coelo
589 2704 600 2726 ,
629 2684 717 2714 nec
742 2683 867 2714 esses
890 2666 998 2732 plus
1022 2682 1167 2731 quam
1191 2665 1392 2726 femina,
1421 2682 1526 2730 quae
1556 2682 1687 2713 nunc
1714 2665 1857 2712 etiam
1884 2665 2009 2711 viros
2034 2664 2327 2712 transcendis
2347 2701 2358 2725 ‚
2389 2676 2432 2712 et

313 2764 416 2811 quae
448 2748 831 2795 maledictionem
864 2751 972 2795 Evae
998 2748 1046 2794 in
1079 2747 1463 2795 benedictionem
1494 2747 1673 2794 vertisti
1703 2744 1881 2794 Mariae!
1913 2748 1955 2792 Ο
1981 2762 2127 2810 quam
2160 2746 2435 2793 indecenter

313 2845 482 2876 manus
506 2829 594 2877 illae
623 2845 791 2890 sacrae,
823 2845 929 2894 quae
958 2845 1089 2876 nunc
1113 2829 1256 2877 etiam
1282 2828 1442 2876 divina
1465 2828 1717 2876 revolvunt
1740 2827 1984 2875 volumina
2000 2863 2013 2886 ,
2043 2844 2166 2875 curae
2194 2827 2435 2874 muliebris

312 2907 682 2955 obscenitatibus
715 2907 1032 2956 deservirent!
1075 2912 1178 2975 lpse
1219 2925 1309 2956 nos
1342 2925 1369 2956 a
1405 2908 1635 2973 contagiis
1673 2907 1816 2972 hujus
1855 2909 2008 2968 coeni,
2049 2924 2076 2954 a
2113 2907 2432 2972 voluptatibus

310 2987 451 3051 hujus
475 2987 562 3035 luti
589 2987 809 3052 dignatus
839 2998 907 3035 est
934 2989 1114 3053 erigere
1131 2991 1180 3048 ¹¹,
1210 2998 1258 3036 et
1287 2988 1348 3036 ad
1367 2989 1575 3053 seipsum
1605 2989 1651 3035 vi
1674 2987 1883 3053 quadam
1911 2988 2171 3047 attrahere,
2205 3004 2298 3052 qua
2324 3005 2431 3053 per·

312 3084 502 3114 cussum
535 3067 683 3115 voluit
712 3067 910 3115 Paulum
945 3079 1247 3128 convertere,
1281 3078 1327 3115 et
1353 3067 1449 3116 hoe
1480 3069 1585 3134 ipso
1620 3069 1828 3115 fortassis
1862 3068 2081 3133 exemplo
2115 3077 2281 3115 nostro
2316 3068 2431 3115 alios

312 3164 505 3212 quoque
522 3147 819 3196 litterarum¹’
836 3149 1017 3214 peritos
1030 3149 1090 3197 ab
1101 3149 1192 3197 hac
1212 3149 1451 3197 deterrere
1467 3149 1852 3215 praesumptione.
1876 3152 1943 3196 Ne
1963 3159 2008 3196 te
2027 3149 2076 3196 id
2095 3149 2252 3214 igitur,
2274 3166 2425 3207 soror,

355 3319 363 3336 ¹
390 3321 533 3354 Suadela
549 3323 724 3364 inferorum
736 3325 890 3364 principi-5
908 3325 1004 3364 impia
1020 3322 1114 3356 Rus.
1132 3341 1170 3346 --
1194 3322 1206 3339 ²
1223 3322 1344 3356 laseri·
1392 3324 1403 3340 ³
1429 3325 1572 3361 Ecclen„
1589 3334 1662 3367 cap.
1685 3334 1761 3364 xix,
1778 3335 1808 3356 v.
1829 3325 1859 3356 2.
1877 3341 1917 3346 —
1932 3322 1945 3340 ⁰
1959 3323 2014 3357 Sic
2032 3323 2124 3357 ABD.
2137 3340 2161 3348 -
2173 3324 2217 3356 Et
2234 3323 2327 3356 deest
2345 3323 2425 3355 Edd.

307 3383 357 3409 tur
372 3383 456 3409 totus
469 3380 653 3411 criminibus
665 3377 758 3412 RMS.
778 3398 813 3403 -
831 3378 843 3396 ³
860 3379 1002 3412 Corinth.
1017 3379 1070 3418 11,
1087 3390 1160 3423 cap.
1179 3390 1225 3412 ιιι
1237 3404 1246 3419 ,
1263 3390 1295 3411 v.
1311 3381 1344 3412 8.
1391 3399 1433 3406 --
1446 3380 1475 3398 ¹⁰
1489 3382 1570 3422 Περ.
1587 3381 1653 3419 111,
1669 3390 1742 3423 cap.
1758 3391 1798 3422 n,
1816 3391 1847 3412 v.
1866 3383 1877 3412 1
1897 3387 1930 3413 et
1944 3391 1994 3424 sq.
2009 3397 2051 3403 —-
2067 3379 2093 3397 ¹¹
2111 3380 2236 3413 Emere
2251 3379 2317 3412 MS.
2331 3379 2426 3412 Amh.

308 3450 349 3456 -
363 3431 378 3449 ⁴
392 3432 510 3466 Psalm.
536 3444 656 3475 xxxix,
687 3446 717 3468 v.
752 3437 804 3468 18.
825 3452 862 3459 —-
883 3436 896 3452 ⁸
914 3435 1031 3470 Psaim.
1062 3447 1137 3478 txv,
1163 3447 1196 3470 v·
1232 3439 1280 3470 16.
1301 3454 1345 3462 -
1389 3455 1432 3462 -—
1446 3436 1475 3455 ¹⁸
1494 3438 1743 3479 Encyclopedioe
1759 3439 1896 3470 omnium
1916 3439 2032 3470 artium
2049 3438 2228 3470 liberalium
2245 3434 2339 3469 Rus.

306 3490 321 3534 ᾗ
339 3490 494 3524 inseritur
516 3493 551 3524 id
569 3498 615 3525 εει
641 3494 779 3526 dim'nam
802 3493 890 3526 ΑΒΙ).
906 3512 947 3518 -
967 3493 977 3511 ”
996 3494 1128 3527 Servulo
1143 3505 1200 3528 suo
1218 3494 1280 3527 ΑΒ.
1303 3512 1344 3518 ——

746 3621 778 3649 γ,
