2840 4178
1287 340 1537 370 —111—

356 465 756 514 monumentum
790 450 847 500 in
870 446 1130 496 honorem
1166 433 1356 489 summi
1386 424 1692 502 philosophi
1724 431 1776 474 et
1807 412 2138 491 professoris.
2162 406 2325 475 Quod
2352 422 2476 457 con-

357 562 533 614 silium
564 572 733 627 quum
768 541 1054 618 aliquando
1084 549 1259 591 mente
1290 533 1561 605 agitassem
1579 568 1593 591 ,
1622 541 1783 596 seque
1817 518 1947 572 mihi
1983 517 2042 568 in
2073 512 2319 564 laborum
2355 525 2479 559 con-

358 661 578 715 sortium
618 665 671 707 et
710 653 949 704 levamen
991 655 1287 696 accessuros
1322 621 1686 706 promisissent
1733 619 1920 694 optimi
1965 618 2184 688 juvenes
2204 652 2216 676 ,
2263 606 2482 661 Carolus

359 760 615 817 Jourdain
648 767 700 808 et
728 749 1000 822 Eugenius
1031 741 1257 814 Despois
1275 779 1289 803 ,
1323 735 1419 807 qui
1452 730 1660 803 egregie
1690 720 2083 798 philosophiam
2114 727 2166 768 et
2196 713 2394 764 litteras
2427 708 2484 758 in

363 859 626 918 academia
647 850 926 907 Parisiensi
958 846 1178 906 docent,
1213 836 1428 892 tandem
1463 830 1614 905 operi
1653 839 1864 880 strenue
1904 836 2119 872 manum
2156 811 2396 874 admovi,
2433 819 2485 860 et

438 1065 615 1118 Primo
649 1062 899 1113 lectorem
936 1051 1199 1105 monitum
1232 1036 1389 1097 ¹velim
1420 1038 1547 1090 huic
1578 1043 1770 1086 nostrae
1811 1023 2032 1080 editioni
2066 1022 2137 1072 ita
2175 1014 2404 1088 supponi
2444 1023 2495 1064 et

371 1167 522 1240 quasi
568 1160 832 1218 substerni
880 1152 1285 1227 Amboesianam
1302 1187 1315 1211 ‚
1364 1154 1424 1195 ut
1456 1139 1649 1210 scripta
1686 1131 1884 1205 quibus
1922 1127 2010 1180 illa
2053 1131 2255 1175 constat
2298 1117 2387 1169 hic
2419 1133 2499 1166 re-

373 1268 647 1339 periantur
689 1259 893 1322 omnia,
933 1263 1153 1324 excepto
1189 1247 1331 1300 libro
1364 1241 1646 1294 Adversus
1686 1233 1909 1285 lzaereses
1929 1268 1942 1292 ‚
1976 1224 2071 1297 qui
2111 1220 2325 1293 spurius
2357 1232 2502 1268 nunc

376 1366 616 1420 omnium
654 1379 782 1415 voce
815 1356 1189 1411 conclamatur.
1218 1343 1437 1416 Scriptis
1472 1350 1648 1392 autem
1671 1333 1784 1386 istis
1809 1340 1979 1382 cetera
2015 1321 2231 1395 adjunxi
2268 1335 2387 1390 quae
2421 1333 2507 1366 ex-

377 1469 504 1520 hinc
528 1464 596 1518 ad
620 1474 799 1516 nostra
822 1474 993 1530 usque
1015 1466 1256 1523 tempora
1286 1435 1671 1518 quoquomodo
1700 1434 1874 1486 lucem
1906 1425 2104 1480 videre.
2127 1423 2240 1474 Imo
2269 1428 2321 1470 et
2355 1415 2508 1468 enixe

381 1580 600 1622 conatus
630 1584 745 1618 sum
784 1579 922 1614 nova
961 1553 1204 1628 quaedam
1236 1560 1387 1603 antea
1413 1540 1637 1615 repertis
1670 1533 1895 1597 addere;
1923 1541 1975 1583 et
1998 1522 2226 1600 proinde
2256 1517 2512 1572 nonnulla

385 1671 471 1722 hic
502 1668 802 1721 afferuntur
838 1657 1092 1715 anecdota
1128 1666 1467 1724 nequaquam
1503 1635 1831 1714 aspernanda
1870 1655 1881 1685 :
1922 1631 1972 1683 1⁰
2008 1625 2220 1699 Hymni
2262 1622 2330 1675 ab
2364 1618 2515 1671 Abae-

385 1768 535 1823 lardo
573 1763 851 1837 compositi
895 1762 953 1813 in
994 1775 1150 1810 usum
1186 1740 1455 1822 virginum
1494 1738 1797 1796 monasterii
1832 1727 2192 1788 paraclitensis
2210 1766 2223 1791 ,
2275 1739 2411 1794 quos
2459 1720 2517 1770 in

387 1867 714 1925 Bruxellensi
752 1861 1078 1917 bibliotheca
1114 1853 1318 1909 invenit
1341 1847 1623 1908 oehlerus,
1664 1850 1835 1893 morte
1876 1832 2158 1887 infeliciter
2198 1827 2520 1892 interceptus

391 1975 699 2048 priusquam
727 1987 816 2021 eos
840 1967 899 2018 in
921 1965 1094 2015 lucem
1123 1956 1415 2032 proferret3
1437 1949 1493 2001 2⁰
1519 1947 1696 2000 Prosa
1723 1940 1791 1994 de
1812 1939 1967 1991 Beata
1994 1931 2237 2002 Virgine,
2265 1925 2467 1978 diversa
2492 1942 2522 1974 a

393 2094 551 2150 prosa
575 2070 811 2146 ejusdem
845 2066 985 2120 tituli
1026 2080 1185 2135 quam
1220 2058 1310 2111 dat
1345 2050 1690 2112 Amboesius;
1732 2043 1786 2096 3⁰
1816 2041 1940 2094 Duo
1966 2050 2227 2090 sermones
2246 2071 2259 2095 ,
2296 2028 2426 2080 alter
2456 2024 2523 2076 de

396 2174 587 2228 sanctis
606 2167 986 2224 Innocentibus
1004 2206 1017 2229 ,
1051 2163 1200 2226 alter,
1229 2153 1450 2211 dimidia
1475 2161 1623 2224 parte
1650 2142 1881 2199 ineditus
1899 2180 1912 2204 ‚
1947 2135 2013 2189 de
2046 2143 2226 2187 sancto
2260 2126 2526 2198 Stephano

398 2284 814 2348 protomartyre3
838 2268 892 2321 4⁰
910 2267 1297 2336 Fragmentum
1321 2255 1463 2310 tertii
1482 2250 1609 2304 libri
1630 2248 1667 2300 I
1665 2238 2051 2300 ntrodnctionis
2075 2233 2151 2288 ad
2174 2227 2493 2299 theologiam
2514 2245 2525 2288 ;

401 2379 456 2430 5⁰
493 2378 825 2447 Fragmenta
871 2364 1369 2423 commentariorum
1422 2357 1479 2409 in
1527 2349 1779 2406 Psalmos
1838 2353 1887 2395 et
1928 2342 1983 2392 in
2030 2333 2310 2408 Epistolas
2356 2327 2533 2382 sancti

405 2478 593 2532 Pauli.
629 2478 771 2546 Ergo
798 2473 1014 2526 collecta
1048 2470 1107 2520 in
1141 2483 1310 2518 unum
1343 2461 1511 2513 lector
1544 2450 1766 2506 habebit
1796 2444 1974 2500 omnia
2001 2458 2119 2511 quae
2151 2443 2355 2489 exstant
2379 2430 2531 2482 Abae-

404 2579 540 2634 lardi
559 2597 720 2653 opera
736 2617 749 2642 ‚
772 2573 1012 2647 sepositis
1035 2582 1211 2622 tamen
1229 2563 1382 2616 libris
1412 2554 1699 2612 dialecticis
1729 2561 1781 2602 et
1808 2538 2188 2618 philosophicis
2206 2576 2219 2599 ‚
2247 2551 2382 2605 quos
2406 2531 2534 2583 olim

408 2679 553 2736 edidi
579 2680 749 2732 forma
774 2675 996 2729 omnino
1018 2670 1095 2723 illi
1121 2665 1304 2720 eadem
1330 2679 1437 2733 qua
1469 2673 1615 2709 nunc
1639 2648 1909 2725 prodeunt
1937 2644 2049 2694 haec
2074 2637 2183 2690 duo
2206 2633 2493 2687 volumina.

480 2783 745 2853 Deinceps
774 2774 1062 2831 dicendum
1089 2781 1167 2824 est
1190 2785 1301 2840 quo
1335 2761 1525 2817 ordine
1551 2754 1770 2827 quaesita
1795 2750 1885 2802 illa
1915 2758 1967 2799 et
1999 2749 2262 2796 contracta
2296 2734 2442 2788 omni
2470 2750 2534 2783 ex

412 2886 530 2938 loco
551 2882 745 2953 scripta
763 2873 1197 2950 disposuerimus.
1218 2867 1395 2920 Prima
1411 2862 1587 2915 fronte
1610 2853 1745 2908 nihil
1770 2847 1981 2902 videtur
2004 2839 2197 2910 rationi
2224 2835 2386 2906 magis
2410 2851 2536 2885 con-

415 2996 723 3040 sentaneum
760 2997 922 3052 quam
957 2977 1001 3029 si
1044 2989 1222 3026 rerum
1255 2978 1307 3021 et
1340 2962 1673 3018 materiarum
1718 2950 1962 3007 ordinem
1997 2957 2312 3014 sequamur3
2356 2953 2539 2988 verum

417 3083 543 3138 inde
583 3083 643 3136 fit
684 3079 976 3134 necessario
1016 3085 1078 3128 ut
1115 3070 1280 3125 multa
1313 3063 1632 3119 divellantur
1670 3066 1724 3108 et
1764 3049 1915 3123 quasi
1955 3044 2385 3112 distorqueamur
2422 3051 2540 3105 quae

421 3184 610 3238 eodem
654 3181 893 3236 confecta
930 3189 1170 3248 tempore
1187 3212 1202 3237 ‚
1249 3179 1303 3221 et
1348 3163 1416 3218 ad
1464 3157 1709 3215 eumdem
1753 3153 1913 3205 finem
1960 3141 2246 3218 spectantia
2270 3179 2283 3203 ‚
2325 3134 2543 3189 omnino

424 3295 700 3357 nequeunt
731 3283 834 3336 nisi
859 3297 982 3334 cum
1015 3270 1332 3349 gravissimis
1366 3257 1717 3320 incommodis
1757 3249 2046 3307 dissociari.
2084 3245 2286 3296 Rursus
2325 3250 2378 3291 et
2414 3234 2548 3288 ordo

429 3387 685 3459 temporis
730 3381 891 3438 modo
938 3397 1023 3433 res
1065 3371 1333 3431 connectit
1378 3366 1609 3422 diversas
1624 3401 1638 3427 ,
1677 3354 1838 3410 modo
1886 3350 2107 3420 dissipat
2149 3341 2373 3397 naturali
2414 3357 2554 3391 nexu

1381 3459 1404 3483 ’
1418 3470 1446 3511 ἡ
2350 3444 2373 3483 b
