2970 4152
1210 396 1527 448 EplsTOLAE‘.
2366 399 2428 444 29

319 492 559 541 testatibus
599 490 1029 557 contemptibilem¹
1062 491 1123 538 ad
1153 501 1341 556 tempus
1383 491 1664 550 effecerunt,
1703 499 1748 537 et
1787 489 1861 537 de·
1887 500 1992 536 mea
2023 499 2120 536 tam
2156 487 2250 535 fide
2285 504 2435 552 quam-

317 573 430 632 vita‚
458 572 582 620 adeo
598 572 785 619 sinistra
809 571 1263 631 disseminaverunt,
1290 581 1343 618 ut
1369 572 1498 635 ipsos
1516 586 1708 634 quoque
1733 570 1996 616 amicorum
2016 578 2292 616 nostrorum
2310 585 2429 633 prae-

318 651 486 716 cipuos
510 667 538 699 a
566 668 644 699 me
666 659 956 710 averterent,
985 660 1032 697 et
1050 651 1090 697 si
1112 664 1201 714 qur
1221 650 1403 697 adhuc²
1404 650 1609 714 pristini
1627 650 1801 695 amoris
1819 665 1928 713 erga
1951 665 2029 696 me
2052 647 2232 713 aliquid
2257 648 2429 695 retine-

306 739 446 791 ·rent,
468 730 591 778 1100
579 731 668 795 11151
685 729 841 776 1110(115
857 714 1105 790 omnibus,
1127 739 1258 776 metu
1280 729 1494 789 illorum,
1515 728 1880 776 dissimularent.
1902 729 2058 775 Βο115
2047 745 2147 794 11150
2165 728 2284 775 mihi
2301 729 2430 776 testis

315 815 415 869 est,-
430 809 616 873 quoties
634 808 840 871 aliquem
868 808 1289 855 ecclesiasticarum
1314 824 1630 872 personarum
1647 816 1938 854 conventum
1956 807 2156 854 adunari
2171 824 2397 855 noveram
2412 842 2425 865 ,

314 887 412 935 1100
430 888 481 934 in
506 886 864 933 damnationem
883 878 1134 966 mezussgi
1151 886 1421 935 credebam.
1446 886 1742 952 Stupefactus
1759 886 1885 933 illico
1904 887 2039 950 quasi
2057 887 2431 951 supervenientis

314 966 461 1014 ictum
485 966 702 1030 fulguris,
731 966 1040 1032 expectabam
1065 977 1116 1013 ut
1149 968 1283 1031 quasi
1315 967 1561 1014 haereticus
1595 976 1675 1012 aut
1698 966 1926 1030 profanus
1958 967 2008 1012 in
2041 966 2255 1013 conciliis
2278 966 2432 1013 trahe·

313 1047 430 1106 rer',
458 1055 540 1093 aut
563 1046 839 1110 synagogis.·
858 1049 1010 1110 Atque
1037 1056 1088 1093 ut
1114 1046 1175 1093 de
1199 1047 1355 1112 pulice
1378 1046 1440 1093 ad
1469 1047 1686 1105 leonem,
1720 1044 1780 1092 de
1810 1045 2006 1092 formica
2037 1045 2106 1092 ad·
2129 1045 2429 1109 elephantem

311 1126 605 1190 comparatio
629 1125 854 1185 ducatur,-
874 1141 975 1172 non
1007 1131 1086 1172 n‘ie
1114 1127 1291 1173 mitiori
1312 1125 1488 1172 'animo
1519 1124 1927 1190 persequebantur
1953 1125 2110 1171 aemuli
2138 1124 2255 1183 mei,
2285 1140 2428 1189 quam

311 1202 504 1251 beatum
529 1204 644 1251 olim
666 1203 970 1252 Athanasium
993 1204 1215 1252 haeretici.
1245 1208 1376 1270 Saepe
1401 1215 1560 1252 autem
1577 1205 1735 1269 (Deus
1752 1203 1865 1266 scit)
1879 1205 1928 1251 in
1949 1208 2130 1251 tantam
2146 1203 2304 1268 lapsus
2322 1221 2427 1250 sum

309 1281 730 1349 desperationem,
757 1294 810 1332 ut
836 1284 1215 1331 Christianorum
1245 1285 1419 1332 finibus
1448 1286 1673 1344 excessis,
1705 1284 1767 1331 ad
1791 1293 1952 1348 gentes
1980 1284 2180 1330 transire
2204 1283 2428 1348 dispone-

308 1365 459 1433 rem',
497 1373 638 1428 atque
662 1322 734 1411 ibi
751 1365 942 1429 quiete,
963 1365 1052 1412 sub
1081 1381 1367 1430 quacunque
1392 1365 1555 1412 tributi
1580 1365 1822 1430 pactione,
1860 1364 1984 1411 inter
2006 1363 2224 1410 inimicos
2258 1362 2429 1410 Christi

307 1441 562 1490 christiane
578 1444 774 1491 vive1e⁰·
763 1480 775 1504 ,
798 1461 920 1509 quos
940 1453 1073 1491 tanto
1100 1445 1269 1509 magis⁷
1286 1445 1518 1510 propitios
1542 1461 1620 1492 me
1644 1444 1920 1491 habiturum
1940 1442 2219 1502 credebam,
2248 1433 2429 1506 quanto

308 1536 386 1568 me
409 1522 568 1570 minus
598 1523 907 1572 christianum
932 1542 989 1572 ex
1014 1525 1239 1590 imposito
1264 1525 1382 1571 mihi
1407 1525 1606 1573 crimine
1639 1525 2008 1589 suspicarentur,
2039 1533 2085 1571 et
2109 1523 2174 1570 ob
2201 1522 2297 1570 hoc
2321 1524 2429 1570 faci·

307 1600 399 1649 lius
417 1602 479 1650 ad
503 1613 682 1651 sectam
707 1621 842 1652 suam
866 1605 1083 1652 inclinari
1100 1622 1242 1671 posse
1261 1606 1527 1654 crederent.

369 1683 531 1739 Quum
540 1693 700 1731 autem
710 1685 851 1732 tantis
860 1686 873 1709 ⁸
887 1685 1326 1751 perturbationibus
1341 1686 1631 1734 incessanter
1645 1678 1892 1751 affligerer,
1906 1696 2049 1750 atque
2058 1685 2153 1733 hoc
2163 1695 2427 1733 extremum

307 1761 425 1810 mihi
448 1775 716 1829 superesset
744 1766 1021 1826 consilium,
1050 1776 1104 1814 ut
1127 1766 1256 1831 apud
1280 1767 1500 1814 inimicos
1524 1768 1697 1814 Christ-i
1727 1767 1788 1814 ad
1819 1766 2058 1814 Christum
2083 1766 2422 1829 confugerem,
2410 1783 2421 1794 ·

302 1843 603 1891 occasionem
629 1845 888 1909 quamdam
912 1845 1111 1911 adeptus
1131 1863 1225 1910 qua
1250 1847 1443 1893 insidias
1465 1847 1575 1893 istas
1600 1846 1844 1912 paululum
1866 1846 2105 1893 declinare
2123 1862 2201 1892 me
2219 1844 2422 1903 credidi,

302 1921 448 1969 incidi
472 1923 522 1970 in
555 1924 836 1973 christianos
866 1936 1008 1991 atque
1042 1925 1307 1973 monachos
1332 1925 1552 1990 gentibus
1584 1925 1730 1990 longo
1767 1926 2007 1984 saeviores,
2043 1934 2194 1987 atque·
2218 1923 2420 1987 pejores.

302 2002 413 2049 Erat
428 2003 604 2069 quippe
618 2005 666 2051 in
681 2005 921 2053 Britannia
939 2006 1143 2067 minore,
1161 2006 1210 2052 in
1222 2006 1500 2072 episcopatu
1512 2006 1806 2065 Venetensi⁹,
1822 2005 2008 2051 abbatia
2028 2003 2247 2068 quaedam
2268 2004 2424 2050 Sancti

301 2078 497 2128 Gildasii
509 2083 723 2131 Ruiensis
733 2086 773 2144 ¹⁰,
791 2094 980 2150 pastore
997 2085 1225 2133 defuncto
1241 2080 1470 2146 desolata,
1485 2085 1546 2132 ad
1563 2101 1708 2150 quam
1726 2101 1804 2134 me
1822 2099 2025 2131 concors
2039 2083 2235 2130 fratrum
2253 2082 2420 2130 electio

299 2174 410 2206 cum
443 2176 638 2210 assensu
661 2164 890 2229 principis
925 2174 1058 2213 101110
1095 2166 1301 2224 vocavit,
1331 2162 1473 2230 atque
1505 2165 1599 2211 hoc
1624 2165 1684 2211 ab
1721 2163 1892 2211 abbate
1925 2172 2091 2210 nostro
2123 2172 2170 2210 et
2200 2162 2420 2210 fratribus

298 2236 431 2286 facile
455 2240 747 2306 impetravit;
775 2244 939 2307 sicque
964 2259 1041 2290 me
1066 2247 1358 2291 Francorum
1383 2243 1562 2292 invidia
1595 2243 1663 2290 ad·
1682 2243 2020 2303 Occidentem,
2049 2243 2169 2289 sicut
2191 2242 2421 2306 Hierony—

297 2332 433 2365 mum·
468 2321 794 2368 Romanorum
828 2322 1007 2387 expulit
1035 2322 1097 2368 ad
1134 2322 1396 2369 Orientem.
1438 2325 1693 2385 Nunquam
1717 2323 1847 2368 enim
1871 2321 1984 2368 huic
2009 2322 2076 2369 rei
2101 2321 2243 2385 (sciat
2266 2322 2420 2384 Deus)

296 2398 634 2461 acquievissem
654 2429 666 2461 ·,
712 2401 803 2448 nisi
847 2411 900 2449 ut
937 2417 1228 2467 quocunque
1277 2401 1426 2449 modo
1474 2401 1561 2448 has
1613 2416 1731 2465 quas
1786 2401 2077 2448 incessanter
2127 2400 2419 2449 sustinebam

296 2478 654 2541 oppressiones,
682 2489 735 2527 ut
763 2480 886 2541 dixi,
921 2480 1225 2528 declinarem.
1253 2483 1393 2528 Terra
1423 2482 1602 2545 quippe
1626 2479 1850 2541 barbara,
1882 2490 1931 2527 et
1961 2490 2094 2527 terrae
2116 2479 2278 2544 lingua
2303 2481 2416 2528 mihi

295 2554 535 2620 incognita
559 2567 681 2618 erat,
713 2569 760 2606 et
785 2552 933 2625 turpis
957 2570 1100 2624 atque
1136 2559 1440 2607 indomabilis
1467 2560 1660 2606 illorum
1685 2559 2035 2606 monachorum
2069 2559 2162 2605 vita
2193 2558 2417 2606 omnibus

294 2635 389 2682 fere
407 2637 675 2697 notissima,
705 2648 752 2685 et
776 2655 892 2702 gens
910 2649 1045 2687 terrae
1062 2637 1186 2686 illi-us
1211 2639 1475 2686 inhumana
1499 2648 1641 2703 atque
1665 2639 1997 2703 incomposita.
2028 2638 2158 2684 Sicut
2177 2654 2289 2702 ergo
2309 2638 2411 2698 ille,

293 2706 376 2779 qui
411 2716 689 2766 imminente
722 2717 811 2765 sibi
837 2719 995 2783 gladio
1018 2720 1296 2784 perterritus
1319 2720 1367 2766 in
1394 2719 1707 2786 praecipitium
1734 2735 1784 2766 se
1813 2718 2023 2778 collidit,
2052 2728 2127 2777 et,
2158 2728 2210 2764 ut
2232 2728 2413 2783 puncto

293 2796 522 2861 temporis
533 2799 557 2822 ¹¹
573 2807 779 2845 mortem
796 2814 941 2846 unam
960 2799 1166 2859 differat,
1189 2799 1330 2847 aliam
1347 2800 1572 2846 incurrit:
1594 2800 1660 2846 sic
1679 2814 1767 2863 ego
1787 2798 1848 2846 ab
1867 2815 1965 2846 uno
1985 2798 2197 2863 periculo
2216 2798 2265 2844 in
2286 2797 2414 2845 aliud

293 2875 496 2924 scienter
520 2893 597 2924 me
613 2878 818 2940 contuli,
838 2879 1001 2944 ibique
1017 2879 1078 2926 ad
1091 2879 1333 2928 horrisoni
1353 2879 1505 2927 undas
1524 2880 1720 2939 Oceani,
1740 2896 1890 2944 quum
1910 2879 2067 2943 fugam
2086 2878 2202 2924 mihi
2219 2877 2414 2925 ulterius

293 2963 427 3002 terrae
435 2958 884 3021 postremitasstnon
904 2959 1151 3025 praeberet,
1172 2976 1295 3025 saepe
1307 2961 1357 3007 in
1374 2959 1671 3007 orationibus
1689 2961 1806 3007 meis
1824 2959 1940 3006 illud
1955 2958 2289 3005 revolvebam-¹³
2309 2976 2358 3004 :«
2376 2962 2412 3005 A

291 3033 466 3084 finibus
489 3044 625 3085 terrae
643 3038 704 3085 ad
723 3048 770 3086 te
795 3037 1017 3100 clamavi,
1039 3040 1156 3087 dum
1182 3041 1452 3088 anxiaretur
1468 3056 1554 3087 cor
1571 3057 1749 3087 meum.
1778 3058 1801 3083 »
1823 3042 2012 3096 Quanta
2031 3039 2160 3085 enim
2178 3039 2410 3085 anxietate

290 3114 367 3163 1113
390 3117 532 3166 0113111
565 3135 711 3183 quam
736 3119 999 3184 regendam
1018 3136 1317 3186 susceperam
1347 3119 1696 3186 indisciplinata
1705 3121 1731 3145 ¹⁴
1758 3119 1954 3166 fratrum
1986 3118 2291 3183 congregatio
2325 3133 2409 3165 cor

336 3290 345 3306 ¹
367 3291 533 3332 Abjectum
553 3291 648 3325 RMS.
662 3310 703 3316 —-
717 3291 730 3309 ¹
747 3292 800 3326 Sic
819 3292 845 3325 D
863 3298 997 3325 recte.-·
1008 3293 1054 3326 Et
1070 3296 1098 3326 si
1116 3295 1194 3334 quid
1218 3293 1327 3335 adhuc
1369 3292 1381 3310 ⁸
1395 3294 1539 3326 Assiduis
1552 3293 1644 3327 RMS.
1659 3309 1703 3317 —
1716 3291 1729 3309 ⁹
1748 3293 1918 3325 Vanetensn·
1930 3291 2180 3326 B.-Venecemi
2197 3290 2237 3324 D.
2252 3308 2290 3315 -
2309 3289 2338 3307 ⁴⁰
2352 3290 2404 3323 Sic

266 3340 353 3444 [B.
367 3363 391 3370 -
404 3346 449 3379 Et
467 3350 520 3388 qui
544 3347 653 3382 adhuc
678 3348 764 3382 Edit.
783 3349 877 3383 Amb.
894 3364 938 3373 —
954 3349 967 3366 ⁸
984 3349 1153 3391 Abriperer
1170 3350 1266 3384 Rus.
1285 3368 1326 3374 -
1368 3350 1434 3383 MS.
1445 3349 1714 3383 Ama-niveum
1726 3348 1943 3394 Edit-Vulgo
1955 3350 1994 3381 de
2005 3348 2103 3390 Ruys.
2117 3347 2198 3381 Vide
2209 3352 2280 3380 not.v
2294 3355 2404 3379 xtvni.

290 3400 458 3436 ‘Eatenus
472 3413 557 3445 epem
572 3405 678 3446 abjeci
690 3404 848 3439 Rus—⁵
857 3406 1034 3439 statuerem
1048 3405 1205 3440 Rus—⁸
1224 3407 1326 3439 Vitam
1368 3424 1412 3433 —-
1428 3406 1455 3424 ⁴¹
1475 3407 1548 3448 Ipso
1567 3409 1714 3447 temporis
1729 3408 1867 3439 articulo
1882 3404 1977 3438 MS.
1993 3422 2036 3428 -
2052 3403 2080 3422 ¹¹
2098 3401 2403 3437 amanitae-Rus

290 3460 404 3493 ducere
419 3469 482 3493 non
497 3462 677 3504 eligendam
693 3458 786 3496 RMS.
800 3479 845 3489 —-
856 3462 868 3480 '¹
883 3462 937 3497 Sic
953 3462 1174 3507 ace-[meme
1188 3462 1327 3496 Edit.·-·
1369 3482 1406 3488 —
1429 3462 1459 3480 ⁴⁸
1480 3462 1597 3495 Psalm.
1619 3472 1674 3497 tx,
1694 3472 1724 3494 v.
1744 3463 1777 3494 3.
1799 3479 1837 3486 -
1854 3459 1884 3479 ¹⁴
1903 3461 1988 3494 Male
2004 3463 2162 3493 instructa
2177 3458 2270 3493 Rus.

2511 1714 2580 1735 CAP.
2609 1715 2675 1735 xm.

2462 1745 2508 1778 De
2528 1745 2655 1779 abbatia
2680 1747 2720 1778 ad

2474 1799 2569 1832 quam
2585 1800 2710 1822 assum—

2495 1839 2567 1875 ptus
2582 1839 2647 1869 est
2662 1840 2694 1864 et

2479 1876 2705 1919 persecutione

2462 1925 2524 1951 tam
2559 1918 2716 1955 filiorum.

2483 1962 2517 1994 id
2529 1968 2577 1994 est
2590 1972 2699 1994 mona—

2461 2004 2608 2044 chorum,
2626 2016 2720 2048 quam

2505 2049 2631 2091 tyranni
2644 2050 2675 2080 in

2546 2102 2631 2124 eum.
