2970 4152
559 422 653 470 ⁴64
1137 421 1305 466 PETRI
1342 420 1649 469 ABAELARDI
1672 423 1753 470 ET
1785 424 2084 470 HELOISSAE

557 516 732 563 ibidem
769 517 963 580 gratiam
996 525 1091 560 tam
1133 513 1260 577 apud
1288 516 1620 579 Deumquam
1651 516 1780 580 apud
1816 516 2035 563 homines
2070 514 2269 578 adeptus
2308 525 2455 575 esset,
2496 516 2658 563 relicto

559 596 844 642 monasterio
875 594 1074 640 civitatis
1101 609 1209 640 cum
1235 592 1489 640 mobilibus
1514 593 1655 640 rebus
1680 594 1835 641 nudos
1865 611 2027 642 secum
2043 593 2105 644 'ad
2120 593 2368 656 heremum
2389 595 2541 641 traxit.
2566 595 2659 652 Qui

556 674 889 738 postmodum,
931 689 1065 719 more
1090 671 1320 718 israelitici
1350 672 1517 737 populi
1540 673 1764 720 adversus
1789 676 1999 737 Moysem
2025 673 2359 736 conquerentis
2375 709 2387 732 ,
2423 674 2662 737 quodeos

555 755 695 800 etiam
720 753 780 799 de
804 756 1039 817 AEgypto,
1078 751 1258 798 relictis·
1280 751 1383 799 ollis
1406 753 1621 800 carnium
1660 763 1706 799 et
1740 752 2032 800 abundantia
2067 763 2226 812 terrae,
2271 753 2320 798 in
2356 752 2663 799 solitudinem

554 833 814 893 eduxisset,
838 842 1188 879 murmurantes
1214 832 1450 879 incassum
1470 832 1690 879 dicebant
1714 842 1733 878 :¹
1757 851 1779 877 «
1801 832 2026 896 Nunquid
2045 832 2146 879 sola
2164 833 2212 879 in
2228 831 2424 881 heremo
2443 832 2662 898 castitas,

554 931 656 977 quae
679 914 727 960 in
755 914 951 960 urbibus
974 929 1073 959 non
1099 912 1203 959 est?
1239 915 1334 959 Cur
1368 913 1526 976 itaque
1552 929 1652 960 non
1682 914 1729 960 in
1766 914 2002 961 civitatem
2037 914 2346 973 revertimur,
2385 912 2445 959 de
2476 911 2662 976 quaad

554 1003 739 1056 tempus
762 991 1024 1038 exivimus?
1052 994 1119 1038 An
1148 992 1194 1037 in
1220 991 1469 1038 heremum
1495 992 1650 1038 solum
1670 995 1797 1039 Deus
1822 992 2039 1038 exaudiet
2069 991 2292 1038 orantes?
2318 991 2435 1048 Quis
2453 990 2563 1038 cibo
2579 1007 2661 1038 an·-

552 1073 764 1136 gelorum
789 1072 948 1119 vivat?
975 1075 1130 1129 Quem
1155 1088 1385 1136 pecorum
1411 1082 1457 1118 et
1481 1072 1686 1118 ferarum
1724 1072 1924 1119 delectat
1958 1072 2060 1119 fieri
2094 1072 2316 1120 socium?
2353 1073 2661 1128 Quanta.5nos

550 1152 693 1199 habet
718 1152 969 1199 necessitas
994 1151 1074 1198 hic
1103 1151 1314 1198 morari?
1348 1154 1442 1197 Cur
1476 1152 1632 1215 itaque
1659 1168 1758 1198 non
1799 1153 1997 1216 regressi
2036 1153 2083 1199 in
2123 1151 2313 1210 locum,
2349 1151 2396 1198 in
2434 1166 2533 1214 quo
2563 1151 2661 1210 nati

550 1247 737 1291 sumus,
765 1232 1093 1279 benedicimus
1113 1231 1403 1278 Dominum?
1428 1250 1450 1275 n
1476 1232 1600 1280 ,Hinc
1620 1242 1666 1278 et
1682 1232 1889 1280 Jacobus
1913 1232 2142 1282 admonet
2164 1231 2433 1296 apostolus}
2465 1249 2474 1278 ;
2514 1233 2659 1278 «Νο-

550 1312 656 1372 lite,
685 1331 707 1357 »
735 1313 888 1376 inquit
904 1348 922 1371 „
947 1331 970 1358 «
990 1311 1148 1376 plures
1175 1311 1379 1375 magistri
1402 1310 1531 1370 fieri,
1560 1311 1722 1358 fratres
1748 1313 1865 1371 mei,
1899 1312 2098 1359 scientes
2122 1311 2351 1375 quoniam
2370 1310 2522 1374 majus
2535 1311 2660 1373 judi-

549 1394 676 1439 cium
700 1393 897 1439 sumitis.
926 1411 948 1436 »
978 1392 1099 1438 Hinc
1125 1391 1661 1455 quoque‘Hieronymus
1698 1391 1760 1437 ad
1794 1392 2032 1438 Rusticum
2056 1390 2345 1438 monachum
2377 1390 2436 1437 de
2469 1391 2656 1438 institu-

550 1474 678 1519 tione
704 1474 807 1520 vitae
829 1473 1093 1520 scribens':
1123 1492 1143 1516 n
1178 1472 1341 1531 Nulla,
1370 1491 1392 1516 υ
1433 1473 1612 1536 inquit,
1654 1489 1771 1518 «ars
1796 1472 1974 1535 absque
2005 1472 2228 1534 magistro
2262 1471 2472 1518 discitur.
2508 1471 2661 1519 Etiam

550 1564 680 1600 muta
702 1553 921 1600 animalia
946 1563 992 1599 et
1016 1552 1221 1598 ferarum
1245 1569 1408 1616 greges
1432 1552 1655 1599 ductores
1680 1562 1943 1615 sequuntur
1968 1567 2096 1597 suos,
2119 1554 2172 1597 ln
2192 1550 2360 1616 apibus
2381 1567 2659 1616 unamvprae·

548 1633 795 1680 cedentem
821 1633 1012 1696 reliquae
1037 1632 1406 1696 subsequuntur.
1433 1634 1587 1679 Grues
1612 1649 1763 1678 unum
1789 1642 2051 1695 sequuntur
2068 1631 2236 1678 ordine
2258 1631 2478 1679 litterato.
2507 1634 2660 1697 Impe-

549 1723 674 1759 rator
713 1730 835 1759 unus
856 1749 868 1772 ,
898 1712 1045 1776 judex
1073 1729 1196 1759 unus
1223 1713 1495 1777 provinciae.
1539 1715 1689 1760 Roma
1727 1723 1778 1759 ut
1800 1712 1993 1759 condita
2027 1722 2124 1771 est,
2161 1712 2283 1760 duos
2320 1712 2483 1762 fratres
2518 1712 2658 1759 simul

546 1792 718 1840 habere
759 1810 890 1857 reges
929 1810 1028 1840 non
1069 1794 1252 1858 potuit,
1283 1803 1330 1840 et
1351 1793 1606 1857 parricidio
1636 1792 1897 1840 dedicatur.
1932 1795 1986 1839 In
2022 1792 2241 1839 Rebeccae
2260 1802 2394 1839 utero
2413 1828 2425 1851 ,
2467 1795 2659 1857 Esaulet

543 1872 690 1918 Jacob
711 1873 835 1920 bella
860 1883 1118 1937 gesserunt.
1149 1872 1329 1936 Singuli
1354 1872 1657 1919 ecclesiarum
1675 1873 1911 1937 episcopi,
1935 1871 2106 1934 singuli
2129 1870 2658 1936 archipresbyteri‚.sin-

545 1951 642 2014 guli
666 1952 1014 2012 archidiaconi,
1045 1962 1090 1998 et
1119 1952 1275 1999 omnis
1304 1952 1425 1999 ordo
1450 1951 1789 1999 ecclesiasticus
1814 1952 1909 1998 suis
1938 1950 2199 1998 rectoribus
2227 1951 2406 1997 nititur..
2449 1953 2504 1998 In
2536 1967 2657 1998 nave

548 2019 668 2078 unus
696 2032 1000 2096 gubernator.
1033 2036 1084 2079 In
1116 2032 1265 2079 domo
1301 2049 1423 2079 unus
1449 2033 1699 2079 Dominus.
1741 2035 1793 2078 In
1832 2032 2046 2095 quamvis
2083 2030 2250 2095 grandi
2276 2031 2482 2078 exercitu
2506 2031 2674 2077 unius.

544 2112 729 2174 signum
755 2121 1006 2176 spectatur.
1045 2115 1130 2158 Per
1157 2112 1257 2158 haec
1287 2112 1450 2158 omnia
1474 2111 1535 2158 ad
1560 2111 1674 2158 illud
1709 2110 1858 2157 tendit
1884 2112 2036 2158 oratio
2054 2146 2066 2169 ,
2103 2121 2154 2156 ut
2177 2110 2374 2157 doceam
2394 2120 2437 2156 te
2455 2126 2554 2157 non
2573 2121 2659 2157 tuo—

544 2190 736 2237 arbitrio
763 2191 1097 2237 dimittendum
1116 2227 1128 2250 ,
1152 2191 1235 2238 sed
1258 2192 1414 2238 vivere
1438 2190 1611 2237 debere
1636 2191 1682 2236 in
1710 2190 1998 2236 monasterio
2024 2189 2112 2236 sub
2144 2189 2282 2236 unius
2309 2188 2556 2253 disciplina
2572 2205 2655 2253 pa-.

546 2270 626 2315 tris
651 2271 989 2334 consortioque
1019 2270 1297 2317 multorum.
1329 2289 1351 2314 2>

610 2354 670 2396 Ut
694 2351 834 2414 igitur
856 2351 902 2396 in
931 2351 1153 2397 omnibus
1182 2351 1438 2412 concordia
1466 2351 1640 2397 servari
1676 2351 1846 2414 possit,
1887 2366 2031 2396 unam
2062 2348 2284 2395 omnibus
2316 2365 2511 2413 praeesse
2538 2366 2671 2395 con--

546 2432 671 2477 venit
690 2468 700 2490 ,
730 2432 805 2478 cui
823 2448 910 2496 per
925 2432 1087 2478 omnia
1115 2448 1282 2478 omnes
1309 2430 1551 2478 obediant.
1572 2430 1669 2476 Sub
1691 2430 1781 2476 hac
1797 2431 1936 2476 etiam
1955 2430 2087 2493 quasi
2105 2430 2400 2492 magistratus
2419 2428 2651 2492 quosdam

544 2510 796 2557 nonnullas
816 2510 927 2558 alias
948 2527 1176 2575 personas
1193 2547 1204 2569 ,
1232 2521 1375 2575 prout
1400 2511 1499 2575 ipsa
1523 2510 1811 2568 decreverit,
1841 2509 2063 2555 constitui
2095 2517 2299 2572 oportet.
2336 2510 2451 2564 Quae
2482 2507 2654 2571 quibus

545 2590 708 2637 officiis
724 2591 824 2655 ipsa
843 2591 1118 2655 praeceperit
1133 2626 1144 2648 ,
1175 2600 1221 2636 et
1248 2599 1477 2653 quantum
1508 2589 1722 2647 voluerit,
1751 2589 1940 2653 praesint
1956 2624 1967 2646 ‚
1998 2598 2049 2634 ut
2066 2588 2157 2634 sint
2178 2576 2392 2633 videlicet
2411 2587 2506 2634 istae
2521 2589 2651 2651 quasi

542 2671 686 2718 duces
710 2671 785 2718 vel
810 2671 1029 2718 consules
1052 2672 1099 2717 in
1128 2671 1333 2717 exercitu
1362 2670 1606 2716 dominico
1628 2688 1637 2715 t
1662 2669 1853 2733 reliquae
1877 2678 2035 2715 autem
2053 2684 2219 2714 omnes
2238 2678 2462 2730 tanquam
2482 2667 2653 2715 milites

543 2752 615 2798 vel
641 2752 823 2816 pedites
840 2787 852 2811 ,
883 2752 1077 2798 istarum
1105 2768 1216 2797 cura
1245 2752 1311 2797 eis
1337 2751 1651 2816 praevidente,
1679 2750 1902 2796 adversus
1929 2749 2187 2812 malignum
2211 2749 2405 2812 ejusque
2433 2748 2651 2797 satellites

541 2832 687 2878 libere
709 2842 938 2896 pugnent.
970 2834 1159 2895 Septem
1188 2847 1299 2877 vero
1322 2847 1549 2894 personas
1574 2845 1631 2877 ex
1664 2829 1799 2876 vobis
1825 2829 1886 2876 ad
1920 2846 2112 2876 omnem
2145 2829 2417 2875 monasterii
2445 2828 2648 2876 admini-

539 2912 812 2958 strationem
837 2912 1121 2958 necessarias
1147 2927 1246 2957 esse
1271 2909 1509 2956 credimus
1532 2919 1672 2973 atque
1700 2907 1915 2957 sufficere
1940 2928 1948 2955 :
1974 2909 2260 2974 portariam³
2286 2908 2458 2955 scilicet
2475 2945 2487 2967 ‚
2520 2909 2654 2956 celle·

542 2992 712 3037 rariam
727 3030 739 3050 ,
767 2992 1060 3049 vestiariam,
1084 2990 1391 3037 infirmariam
1409 3025 1422 3050 ,
1455 2991 1710 3037 cantricem
1729 2991 1767 3048 ⁴,
1809 2989 2047 3036 sacristam
2066 3025 2078 3049 ,
2109 2999 2155 3036 et
2178 2989 2236 3036 ad
2265 2999 2529 3036 extremum
2553 2989 2652 3037 dia-

541 3073 804 3132 conissam,
836 3088 981 3136 quam
1008 3088 1137 3118 nunc
1162 3071 1447 3118 abbatissam
1479 3071 1746 3117 nominant.
1786 3073 1837 3116 In
1876 3069 1949 3116 his
1981 3071 2140 3134 itaque
2175 3069 2365 3127 castriS,
2407 3079 2452 3115 et
2489 3070 2647 3116 divina

542 3150 749 3214 quadam
776 3152 957 3210 militia,
984 3151 1104 3197 sicut
1135 3151 1361 3215 scriptum
1388 3151 1484 3196 est'⁵
1518 3168 1527 3194 ε
1562 3149 1760 3195 «Militia
1787 3159 1857 3195 est
1879 3150 1972 3196 vita
1996 3149 2204 3195 hominis
2233 3164 2375 3213 super
2397 3158 2567 3194 terram
2583 3186 2594 3208 ‚
2623 3170 2645 3192 »

542 3240 587 3277 et
611 3229 720 3276 alibi
735 3232 747 3254 ⁶
767 3249 825 3292 μα
844 3230 1076 3276 Terribilis
1104 3240 1154 3276 ut
1178 3239 1442 3277 castrorum
1461 3229 1583 3276 acies
1606 3227 1851 3288 ordinata,
1879 3248 1900 3272 »
1935 3229 2087 3275 vicem
2110 3227 2408 3292 imperatoris
2426 3264 2437 3286 ,
2467 3229 2543 3274 cui
2565 3235 2649 3293 per

592 3438 598 3453 ¹
617 3437 754 3478 dacob„
775 3449 849 3481 cap.
869 3448 920 3477 ιιι,
941 3449 969 3469 ν.
996 3441 1023 3469 1.
1038 3436 1105 3461 -’
1132 3437 1231 3480 Epist.
1251 3448 1326 3478 xcv,
1354 3438 1434 3478 Opp.
1465 3444 1485 3469 t.
1518 3436 1571 3474 lV,
1618 3437 1674 3469 sed
1694 3437 1790 3469 male.
1810 3454 1847 3459 α
1864 3436 1876 3453 ‘⁴'
1895 3438 1968 3476 Job,
1993 3448 2066 3485 cap.
2094 3448 2135 3470 vn
2149 3463 2157 3477 ,
2180 3448 2208 3470 v.
2237 3440 2263 3470 1.
2279 3437 2347 3461 -θ
2367 3428 2485 3476 Canus
2500 3449 2572 3482 cap.
2598 3449 2625 3470 vn
2639 3464 2647 3479 ‚

542 3506 574 3537 p.
595 3495 630 3525 '17
639 3495 667 3526 5.
687 3512 726 3518 —
742 3494 755 3511 ²
772 3494 947 3527 Ianitorem
964 3493 1057 3527 RMS.
1124 3491 1136 3508 ⁴
1153 3493 1364 3572 Captae-icem
1384 3493 1448 3525 MS.
1464 3492 1573 3532 Amb„
1619 3503 1649 3525 v.
1668 3494 1700 3524 3.
1732 3523 1734 3527 ,

1211 3555 1223 3571 s
