2970 4152
1207 407 1523 456 EPISTOLAE.
2340 407 2425 454 444

314 511 505 557 vineam
531 506 660 557 illam
692 505 880 570 Jephte¹
910 503 1055 551 filiam
1079 503 1258 550 assumi
1281 519 1382 549 non
1409 502 1627 549 censeat?
1660 505 1804 562 Quae,
1832 518 1894 548 ne
1924 501 2026 561 voti
2046 501 2156 548 licet
2178 500 2435 567 improvidi

315 607 423 638 reus
450 599 583 655 pater
609 587 881 644 haberetur,
913 595 961 632 et
982 585 1155 632 divinae
1183 584 1339 648 gratiae
1366 582 1653 629 beneficium
1677 583 1911 646 promissa
1936 582 2233 629 fraudaretur
2250 583 2431 644 hostia,

313 672 545 718 victorem
578 679 760 734 patrem
792 668 841 714 in
857 650 1087 730 ‘jugulum
1121 664 1373 731 proprium
1404 664 1647 711 animavit.
1677 664 1805 721 Quid
1835 664 1958 723 haee,
1992 681 2176 728 quaeSO,
2208 665 2256 711 in
2283 682 2435 730 agone

308 763 576 816 martyrum
600 752 777 798 factura
794 758 936 807 esset,
966 749 1005 795 si
1027 748 1148 795 forte
1183 747 1244 794 ab
1271 745 1542 793 infidelibus
1567 746 1789 809 negando
1821 749 1976 792 Deum
2001 757 2266 810 apostatare
2291 764 2433 811 coge-

311 834 474 881 retur?
495 830 721 895 Nunquid
737 831 1025 893 interrogata
1037 829 1098 876 de
1108 828 1296 875 Christo
1307 843 1418 874 cum
1434 827 1516 874 illo
1526 827 1626 890 jam
1642 826 1971 891 apostolorum
1983 827 2198 892 principe
2211 828 2428 877 diceret²:

313 934 338 959 «
360 917 464 961 Non
486 913 599 960 novi
609 911 784 958 illum?
807 929 830 954 »
858 910 1061 956 Dimissa
1080 926 1166 974 per
1184 909 1308 956 duos
1332 924 1520 954 menses
1539 924 1567 954 a
1591 917 1724 972 patre
1749 907 1920 966 libera,
1942 907 2017 953 his
2041 909 2291 973 completis
2312 910 2435 957 redit

311 994 372 1041 ad
389 1004 573 1059 patrem
590 991 869 1039 occidenda.
892 992 1072 1055 Sponte
1089 990 1232 1036 morti
1252 1006 1302 1036 se
1317 989 1510 1052 ingerit,
1533 998 1580 1035 et
1598 1005 1704 1035 eam
1723 988 1870 1051 magis
1886 999 2116 1052 provocat
2134 1006 2278 1052 quam
2304 1007 2435 1038 vere-

308 1083 402 1122 tur.
440 1073 647 1120 Stultum
678 1071 824 1137 patris
852 1070 1074 1136 plectitur
1104 1079 1295 1128 votum,
1332 1079 1379 1116 et
1409 1078 1660 1143 paternum
1699 1068 1891 1115 redimit
1927 1069 2205 1115 mandatum
2237 1073 2435 1118 amatrix

299 1154 514 1200 maxima
538 1152 760 1199 veritatis.
800 1154 1044 1208 Quantum
1074 1149 1206 1196 bunc
1234 1151 1284 1196 in
1310 1166 1360 1196 se
1387 1148 1574 1215 lapsum
1604 1148 1905 1206 abhorreret,
1935 1165 2079 1212 quem
2104 1149 2151 1195 in
2177 1160 2310 1214 patre
2335 1168 2433 1199 non

305 1231 530 1281 sustinet!
574 1236 790 1290 Quantus
821 1231 899 1277 hic
936 1241 1006 1278 est
1039 1230 1231 1294 virginis
1265 1229 1421 1277 fervor
1448 1240 1547 1277 tam
1581 1230 1629 1276 in
1665 1229 1905 1276 carnalem
1938 1246 2082 1293 quam
2115 1230 2161 1275 in
2197 1230 2434 1278 coelestem

304 1301 519 1379 spa-trem!
551 1316 666 1371 Quae
693 1312 834 1360 simul
858 1322 1012 1359 morte
1043 1328 1128 1358 sua
1158 1322 1204 1358 et
1231 1311 1361 1359 hunc
1385 1328 1412 1358 a
1437 1310 1690 1358 mendacio
1716 1310 1938 1370 liberare,
1974 1320 2019 1357 et
2050 1310 2116 1356 illi
2147 1313 2432 1376 promissum

307 1394 520 1441 decrevit
536 1409 836 1440 conservare.
857 1391 996 1438 Unde
1015 1392 1187 1438 merito
1207 1400 1337 1438 tanta
1354 1390 1454 1437 haec
1475 1390 1698 1455 puellaris
1715 1390 1861 1436 animi
1880 1390 2109 1436 fortitudo
2130 1393 2434 1455 praerogativa

304 1473 513 1537 quadam
525 1472 574 1519 id
590 1472 765 1519 meruit
780 1471 998 1518 obtinere
1010 1507 1022 1529 ,
1039 1481 1093 1518 ut
1107 1488 1194 1536 per
1208 1487 1361 1517 annos
1374 1470 1585 1534 singulos
1601 1470 1705 1518 filiae
1716 1470 1859 1517 Israel
1873 1471 1920 1516 in
1935 1487 2084 1517 unum
2098 1474 2436 1520 convenientes

305 1553 442 1616 quasi
469 1550 759 1616 quibusdam
784 1550 1082 1597 solemnibus
1109 1550 1302 1613 hymnis
1327 1549 1513 1596 festivas
1531 1550 1724 1614 virginis
1749 1560 1889 1614 agant
1913 1551 2155 1614 exequiaS,
2178 1562 2223 1598 et
2249 1552 2309 1599 de
2330 1570 2437 1617 pas-

254 1670 256 1672 .
304 1634 442 1680 sione
464 1631 656 1695 virginis
683 1640 982 1694 compunctae
1007 1630 1097 1694 piis
1121 1629 1389 1694 planctibus
1414 1631 1783 1693 compatiantur.
1818 1633 1879 1677 Ut
1901 1641 2059 1677 autem
2084 1642 2250 1679 caetera
2274 1634 2435 1680 omnia

306 1712 742 1777 praetermittamus,
777 1711 893 1775 quid
934 1721 1030 1757 tam
1065 1711 1385 1757 necessarium
1426 1720 1599 1756 nostrae
1632 1709 1977 1774 redemptioni,
2018 1722 2064 1758 et
2094 1713 2235 1758 totius
2265 1714 2433 1760 mundi

301 1791 444 1839 saluti
462 1792 623 1850 fuerit,
657 1808 801 1855 quam
829 1807 967 1836 sexus
993 1790 1249 1848 femineus,
1279 1790 1362 1853 qui
1385 1789 1525 1836 nobis
1546 1790 1703 1855 ipsum
1726 1791 1910 1856 peperit
1938 1791 2260 1838 Salvatorem?
2290 1795 2434 1857 Cujus

301 1872 498 1936 quidem
533 1871 730 1918 honoris
765 1870 1138 1935 singularitatem
1171 1870 1340 1917 mulier
1369 1870 1474 1929 illa,
1510 1886 1614 1934 quae
1641 1871 1795 1935 prima
1830 1870 2095 1935 irrumpere
2127 1889 2238 1918 ausa
2269 1884 2339 1920 est
2371 1876 2433 1921 ad

302 1952 496 1998 beatum
521 1951 851 2009 Hilarionem³,
894 1950 958 1996 illi
990 1949 1244 1996 admiranti
1278 1950 1584 2015 opponebat,
1618 1950 1810 1996 dicens:
1836 1950 2005 2008 «Quid
2037 1953 2207 1998 avertis
2238 1954 2431 2001 oculos?

302 2032 431 2089 Quid
449 2042 698 2095 rogantem
718 2031 866 2095 fugis?
888 2030 994 2077 Noli
1015 2047 1091 2077 me
1111 2030 1359 2077 mulierem
1380 2031 1589 2096 aspicere
1604 2067 1615 2088 ‚
1637 2030 1719 2077 sed
1743 2030 1977 2076 miseram.
2005 2031 2090 2077 Hic
2113 2048 2250 2079 sexus
2269 2036 2431 2097 genuit

304 2112 613 2159 Salvatorem.
631 2131 654 2156 »
678 2115 794 2169 Quae
811 2111 959 2175 gloria
975 2110 1086 2157 huic
1107 2111 1280 2176 poterit
1307 2111 1597 2175 comparari,
1624 2126 1768 2174 quam
1786 2111 1834 2157 in
1850 2112 2045 2158 Domini
2065 2122 2213 2160 matre
2230 2114 2430 2180 adeptus

301 2203 372 2239 est
390 2209 529 2239 sexus
553 2192 667 2239 iste?
696 2194 859 2238 Posset
879 2191 1041 2255 utique
1060 2191 1099 2237 si
1122 2190 1259 2238 vellet
1280 2190 1569 2255 Redemptor
1589 2201 1750 2238 noster
1768 2191 1829 2237 de
1853 2192 1952 2238 viro
1973 2209 2148 2257 corpus
2163 2210 2425 2255 assumere,

299 2273 421 2319 sicut
447 2273 649 2337 primam
676 2271 899 2318 feminam
919 2271 979 2318 de
999 2287 1203 2336 corpore
1230 2271 1316 2318 viri
1336 2271 1485 2318 voluit
1504 2271 1744 2318 formare&
1775 2271 1868 2318 Sed
1888 2271 2011 2318 hanc
2036 2289 2130 2319 suae
2156 2274 2429 2323 humilitatis

300 2352 582 2417 singularem
610 2353 806 2417 gratiam
838 2351 899 2399 ad
926 2350 1199 2415 infirmioris
1224 2369 1362 2398 sexus
1388 2351 1626 2399 transtulit
1650 2350 1903 2398 honorem.
1937 2355 2100 2400 Posset
2119 2363 2164 2400 et
2183 2354 2272 2401 alia
2298 2366 2430 2419 parte

302 2432 546 2479 muliebris
560 2435 572 2456 '⁵
587 2432 802 2499 corporis
819 2431 1036 2496 digniore
1056 2432 1185 2479 nasci
1205 2428 1348 2496 quam
1367 2432 1522 2478 caeteri
1537 2431 1760 2478 homines
1772 2468 1783 2490 ,
1802 2431 1968 2478 eadem
1987 2449 2080 2496 qua
2096 2435 2431 2499 concipiuntur

302 2511 522 2559 vilissima
537 2513 758 2578 portione
774 2522 1036 2559 nascentes.
1055 2511 1149 2559 Sed
1165 2512 1223 2558 ad
1241 2511 1665 2576 incomparabilem
1683 2511 1955 2558 infirmioris
1968 2515 2181 2577 corporis
2196 2514 2430 2562 honorem

301 2593 441 2657 longe
469 2592 671 2657 amplius
699 2602 808 2639 ortu
834 2609 921 2639 suo
948 2593 1243 2639 consecravit
1274 2592 1375 2655 ejus
1402 2592 1604 2656 genitale
1629 2609 1773 2656 quam
1801 2592 1887 2638 viri
1915 2592 2087 2639 fecerat
2106 2609 2163 2639 ex
2183 2595 2430 2643 circumci-

298 2674 448 2720 sione.
489 2677 636 2737 Atque
670 2683 719 2719 ut
754 2672 883 2718 hunc
917 2671 1203 2735 singularem
1236 2672 1473 2735 virginum
1513 2688 1642 2718 nunc
1679 2671 1895 2718 omittam
1924 2671 2188 2733 honorem,
2221 2675 2334 2722 libet
2370 2676 2432 2724 ad

299 2763 489 2800 caeteras
513 2754 728 2817 quoque⁶
759 2752 958 2799 feminas
981 2753 1102 2799 sicut
1131 2752 1471 2818 proposuimus
1508 2751 1667 2798 stilum
1704 2762 1997 2799 convertere.
2036 2754 2236 2802 Attende
2271 2757 2430 2821 itaque

298 2844 526 2897 quantam
548 2834 703 2880 statim
723 2834 921 2897 gratiam
938 2833 1171 2880 adventus
1190 2832 1362 2880 Christi
1388 2832 1627 2880 Elisabeth
1651 2833 1938 2897 conjugatae,
1969 2845 2197 2898 quantam
2218 2837 2430 2886 exhibuit

299 2917 444 2961 Annae
462 2907 630 2960 v‘iduae.
652 2914 818 2960 Virum
837 2913 1076 2961 Elisabeth
1095 2913 1394 2961 Zachariam⁷
1414 2930 1638 2978 magnum
1660 2914 1855 2961 Domini
1875 2915 2191 2962 sacerdotem⁸
2213 2918 2430 2966 incredu-

296 2993 436 3040 litatis
468 2993 732 3040 diffidentia
757 3003 943 3039 mutum
969 2993 1127 3040 adhuc
1156 2992 1372 3053 tenebat,
1404 2993 1521 3040 dum
1550 2995 1598 3040 in
1632 2993 1840 3040 adventu
1867 3004 1912 3040 et
1940 2994 2220 3043 salutatione
2246 2999 2425 3058 Mariae,

296 3075 397 3140 ipsa
414 3091 525 3121 mox
545 3073 812 3133 Elisabeth,
841 3075 1013 3139 Spiritu
1035 3084 1202 3121 sancto
1225 3074 1433 3140 repleta,
1458 3085 1503 3122 et
1522 3074 1811 3122 exultantem
1835 3074 1883 3121 in
1910 3085 2044 3122 utero
2066 3092 2152 3123 suo
2177 3079 2429 3142 parvulum

293 3154 469 3214 sensit,
510 3164 557 3201 et
581 3153 885 3219 prophetiam
906 3153 1005 3217 jam
1031 3154 1092 3201 de
1117 3154 1221 3219 ipso
1247 3154 1489 3220 completo
1518 3154 1674 3201 Mariae
1704 3164 1940 3218 conceptu
1970 3155 2125 3219 prima
2157 3158 2425 3221 proferens,

295 3234 402 3299 plus
421 3251 567 3299 quam
593 3227 829 3299 propheta
855 3207 1022 3289 extitit)
1053 3237 1338 3282 Praesentem
1363 3236 1542 3300 quippe
1564 3234 1688 3280 illico
1717 3234 1908 3297 virginis
1930 3246 2219 3301 conceptum
2244 3241 2429 3287 nuntia·

339 3385 348 3402 ¹
368 3387 494 3424 Judic„
512 3396 586 3429 cap.
605 3397 636 3417 xi
653 3410 660 3424 ,
677 3395 707 3417 v.
724 3386 776 3418 39.
792 3401 836 3409 -
851 3383 864 3401 ⁸
880 3385 975 3425 Luc„
992 3395 1065 3429 cap.
1083 3397 1170 3428 xxii,
1187 3397 1219 3419 v.
1237 3386 1337 3419 52—
1389 3388 1518 3427 Quoque
1549 3384 1642 3418 deest
1667 3385 1700 3418 in
1724 3384 1810 3418 Edd.
1823 3384 1891 3411 -—-⁷
1906 3385 2000 3427 Luc„
2023 3398 2096 3432 cap.
2122 3399 2150 3429 ι,
2174 3400 2202 3422 v.
2230 3390 2248 3420 5
2271 3397 2302 3423 et
2317 3401 2364 3434 sq.
2383 3409 2424 3415 -

296 3445 387 3477 ’Vita
400 3445 648 3484 Hilarionis,ap.
658 3442 806 3481 Hieron„
819 3442 900 3482 Opp.
914 3449 935 3474 t.
948 3441 1003 3482 tv,
1013 3442 1076 3475 col.
1090 3443 1340 3481 781-⁴Genes.,
1387 3441 1399 3460 ⁸
1416 3443 1592 3476 Maximum
1607 3442 1735 3475 Domini
1745 3444 1926 3483 pontificem
1942 3442 2035 3477 RMS.

291 3510 370 3542 cap.
391 3508 399 3530 ι
417 3524 426 3540 ,
447 3510 476 3532 v.
505 3499 558 3531 92.
580 3514 624 3524 -—
639 3498 651 3514 ⁵
666 3498 719 3531 Sic
743 3498 782 3530 D.
799 3515 821 3522 -
836 3498 977 3530 Mulieris
1007 3497 1090 3530 Edd.
1110 3516 1146 3521 —-
1164 3497 1244 3531 f‘Sic
1267 3499 1302 3531 Ι).
1320 3516 1343 3522 -

2590 3156 2616 3216 ἃ
2656 3147 2731 3201 {lm
