2970 4152
898 404 1210 452 EXPOSlTlO
1246 403 1573 452 ORATlole-
1596 403 1919 457 DOMlNlCAE.
2379 405 2473 451 599

346 510 486 548 cante
516 510 727 558 transeat
758 500 809 547 in
832 500 1033 564 gloriam
1064 498 1230 565 patriae
1258 497 1480 545 coelestis.
1508 501 1627 546 Item
1655 498 1921 546 «adveniat
1947 515 2149 562 regnum
2176 508 2314 545 tuum
2328 536 2340 558 ‚
2363 517 2387 543 »
2418 511 2472 547 ut

343 583 467 629 sicut
489 598 659 646 regnas
680 582 730 629 in
747 581 1014 646 justificatis
1024 581 1135 639 sita
1155 580 1251 628 cito
1274 596 1454 643 regnes
1463 579 1516 625 in
1535 579 1854 642 justificandis
1875 599 1886 627 :
1909 589 1956 627 et
1977 580 2099 627 sicut
2119 596 2288 644 regnas
2310 580 2360 627 in
2382 579 2471 627 illis

344 662 429 726 qui
443 663 546 725 jam
567 671 680 710 sunt
699 661 842 721 boni,
861 662 928 708 sic
950 659 1144 726 expulsa
1164 653 1402 726 potestate
1420 659 1716 719 daemonum,
1736 676 1905 723 regnes
1927 669 1974 707 et
1995 660 2044 707 in
2067 659 2179 720 illis,
2205 659 2288 723 qui
2310 657 2469 706 adhuc

342 753 459 801 sunt
483 743 596 797 mali
610 764 630 794 τι
660 763 684 789 «
706 744 937 792 Adveniat
958 759 1161 807 regnum
1185 752 1339 793 tuum.
1365 761 1389 786 »

1205 887 1386 918 PETITIO
1419 886 1585 917 TERTIA
1591 907 1601 916 .

411 1004 436 1030 «
462 986 565 1035 Fiat
585 984 808 1032 voluntas
838 994 923 1031 tua
957 984 1086 1031 sicut.
1113 984 1162 1030 in
1195 983 1317 1031 coelo
1346 993 1394 1030 et
1422 983 1472 1030 in
1504 992 1648 1030 terra.
1675 1001 1697 1027 υ
1725 983 1909 1029 Scimus
1937 982 2070 1047 quod
2102 984 2150 1029 in
2180 983 2301 1031 coelo
2324 1001 2469 1032 nemo

340 1075 619 1112 sanctorum
641 1063 716 1112 vel
740 1054 1023 1128 angelorum
1045 1080 1072 1111 a
1094 1063 1342 1111 voluntate
1364 1063 1454 1109 Dei
1476 1062 1658 1122 deviat,
1679 1079 1824 1109 nemo
1846 1062 1915 1109 illi
1935 1063 2238 1111 contradicit.
2261 1065 2468 1122 Quando

339 1160 454 1208 ergo
476 1142 580 1191 fieri
603 1145 798 1210 poterit,
820 1154 874 1191 ut
895 1161 995 1191 non
1020 1143 1242 1191 voluntas
1269 1144 1358 1191 Dei
1381 1144 1448 1190 ita
1469 1143 1519 1189 in
1542 1153 1670 1190 terra
1690 1143 1812 1189 sicut
1834 1142 1883 1188 in
1907 1142 2028 1190 coelo
2051 1142 2150 1202 fiat,
2177 1154 2228 1191 ut
2249 1144 2470 1193 videlicet

338 1224 389 1271 in
417 1234 545 1278 terra
565 1242 710 1272 nemo
742 1225 820 1272 vel
840 1242 926 1290 per
953 1225 1302 1289 ignorantiam,
1333 1224 1409 1271 vel
1445 1241 1538 1289 per,
1559 1223 1861 1287 fragilitatem
1890 1223 2154 1272 humanam
2182 1225 2429 1290 delinquat
2453 1247 2462 1274 :

337 1321 489 1370 quum
509 1305 668 1353 infans
693 1306 833 1352 unius
856 1305 951 1352 diei
974 1322 1075 1352 non
1098 1306 1159 1352 sit
1180 1306 1283 1352 sine
1305 1315 1504 1370 peccato
1528 1321 1672 1370 super
1700 1314 1901 1365 terram,
1928 1314 1976 1351 et
1998 1305 2048 1351 in
2072 1305 2233 1352 multis
2255 1306 2466 1354 offenda-

337 1402 443 1433 mus
466 1403 651 1433 omnes.
676 1386 770 1433 Sed
798 1385 1049 1432 sciendum
1072 1386 1206 1451 quod
1222 1422 1234 1446 ,
1267 1405 1291 1430 «
1307 1386 1429 1433 sicut
1443 1423 1455 1444 ,
1477 1405 1500 1431 »
1527 1402 1629 1433 non
1662 1394 1734 1432 est
1761 1385 2064 1449 quantitatis,
2088 1385 2172 1432 sed
2194 1386 2432 1450 qualitatis
2452 1427 2462 1446 ,

335 1475 383 1513 et
404 1466 767 1514 similitudinem
786 1467 1030 1526 insinuat,
1059 1483 1160 1514 non
1183 1466 1518 1531 aequalitatem.
1546 1466 1595 1513 Si
1614 1467 1722 1530 quis
1750 1465 2006 1513 aedificaret
2038 1466 2240 1513 domum
2268 1484 2464 1531 parvam

334 1545 602 1592 secundum
630 1545 837 1593 formam
865 1555 913 1592 et
940 1546 1309 1610 dispositionem
1345 1545 1520 1592 domus
1550 1546 1770 1609 majoris,
1803 1562 1903 1592 non
1933 1545 2201 1592 diceremus
2230 1546 2292 1593 de
2319 1564 2465 1612 parva

335 1625 485 1681 domo
507 1644 517 1672 ε
539 1629 689 1674 Tanta
711 1636 783 1673 est
805 1626 894 1673 ista
918 1636 1100 1690 quanta
1114 1625 1194 1672 illa
1216 1626 1371 1687 major
1392 1645 1402 1671 z
1420 1626 1504 1672 sed
1522 1626 1790 1673 diceremus
1812 1643 1822 1670 z
1849 1626 1953 1673 talis
1975 1636 2046 1672 est
2071 1626 2159 1674 ista
2181 1626 2333 1690 qualis
2358 1628 2459 1687 illa;

334 1706 439 1754 talis
467 1706 801 1766 similitudine,
822 1723 922 1753 non
953 1716 1086 1753 tanta
1112 1706 1396 1770 quantitate.
1431 1724 1454 1749 «
1481 1706 1582 1752 Fiat
1607 1699 1638 1749 n>
1657 1722 1789 1768 ergo,
1820 1723 1850 1751 o
1884 1716 2037 1769 pater,
2077 1725 2101 1751 «
2130 1707 2352 1755 voluntas
2382 1719 2463 1758 tua

333 1788 455 1835 sicut
484 1788 535 1835 in
561 1788 683 1837 coelo
715 1807 738 1832 »
766 1805 852 1852 per
879 1787 1099 1851 angelos,
1124 1796 1172 1833 et
1202 1803 1289 1851 per
1322 1796 1515 1833 sanctos
1545 1802 1630 1850 per
1666 1786 1874 1850 primam
1901 1786 2074 1833 stolam
2103 1787 2204 1850 jam
2230 1788 2463 1851 glorifica--

333 1878 409 1916 tos
436 1887 446 1915 ι
478 1869 545 1917 ita
573 1889 596 1913 κ
618 1869 667 1915 in
700 1878 827 1916 terra
847 1888 870 1913 υ
907 1886 994 1934 per
1019 1868 1243 1915 homines
1263 1867 1597 1931 justificandos
1624 1877 1671 1914 et
1697 1867 2058 1930 glorificandos,
2087 1878 2140 1915 ut
2163 1870 2285 1917 sicut
2309 1871 2377 1918 illi
2405 1873 2467 1920 fa-

333 1949 467 1996 ciunt
487 1949 786 1997 voluntatem
810 1959 943 1997 tuam
965 1950 1014 1996 in
1038 1948 1179 2008 coelo,
1205 1949 1270 1996 ita
1292 1965 1399 1996 eam
1423 1948 1599 1996 faciant
1621 1948 1697 1995 isti
1719 1948 1769 1995 in
1793 1958 1937 2007 terra,
1963 1949 2051 1996 etsi
2076 1966 2177 1997 non
2198 1951 2465 2000 secundum

331 2029 668 2093 aequalitatem,
693 2039 854 2077 tamen
878 2029 1145 2076 secundum
1167 2028 1531 2076 similitudinem
1562 2047 1572 2075 :
1600 2029 1639 2075 si
1664 2045 1765 2075 non
1791 2028 2058 2075 secundum
2088 2029 2280 2077 illorum
2308 2034 2463 2096 perfe-

331 2109 560 2169 ctionem,
578 2120 740 2157 tamen
752 2110 1020 2158 secundum
1034 2110 1340 2175 perfectionis
1354 2109 1547 2156 illorum
1563 2109 1898 2157 imitationem.
1921 2130 1941 2153 u
1961 2109 2061 2157 Fiat
2080 2109 2301 2159 voluntas
2320 2123 2417 2172 tua,
2438 2134 2460 2159 »

332 2185 432 2238 non
454 2191 612 2238 solum
633 2192 683 2238 in
707 2191 867 2238 electis
889 2207 976 2256 per
1000 2191 1475 2256 bonorumoperum
1501 2190 1846 2238 exhibitionem
1863 2227 1874 2249 ,
1899 2207 2069 2237 verum
2094 2200 2141 2238 et
2165 2192 2213 2238 in
2244 2194 2462 2258 reprobis

330 2287 416 2335 per
443 2271 683 2318 malorum
705 2271 1088 2337 dispositionem.
1107 2271 1338 2329 Quamvis
1366 2288 1481 2318 vero
1500 2270 1739 2318 malorum
1765 2270 2042 2335 dispositor,
2060 2281 2108 2318 et
2129 2274 2348 2335 quamvis
2370 2276 2460 2322 sub

330 2362 565 2417 potestate
591 2363 674 2400 tua
699 2352 850 2400 multa
876 2363 991 2400 sunt
1016 2352 1162 2412 mala,
1191 2352 1325 2400 nulla
1357 2362 1518 2400 tamen
1548 2351 1778 2416 relinquis
1809 2351 2081 2399 inordinata
2110 2370 2120 2398 ε
2153 2362 2200 2399 et
2229 2353 2297 2400 sic
2328 2354 2380 2401 fit
2411 2357 2458 2402 in

330 2432 556 2480 omnibus
585 2432 808 2480 voluntas
830 2442 929 2480 tua.

1183 2579 1362 2609 PETITIO
1395 2578 1583 2617 QUARTA
1591 2598 1600 2607 .

400 2675 624 2732 «Panem
658 2683 880 2720 nostrum
913 2672 1252 2737 quotidianum
1288 2672 1352 2720 da
1386 2671 1526 2720 nobis
1563 2671 1727 2719 hodie.
1758 2690 1780 2716 »
1812 2672 1940 2720 Fecit
1970 2673 2098 2719 Deus
2126 2671 2373 2723 hominem
2403 2695 2458 2724 ex

328 2752 596 2801 substantia
618 2753 819 2819 duplici,
846 2770 1081 2819 corporea
1102 2754 1280 2801 scilicet
1303 2763 1350 2800 et
1375 2753 1625 2819 spirituali.
1651 2753 1775 2811 Quia
1805 2753 1947 2817 igitur
1978 2753 2128 2800 homo
2163 2758 2458 2820 compositus

328 2842 399 2880 est
423 2849 481 2880 ex
505 2833 693 2882 duabus
717 2833 1012 2893 substantiis,
1034 2834 1327 2882 necessarius
1349 2843 1420 2880 est
1445 2834 1488 2881 ei
1511 2833 1688 2899 duplex
1714 2834 1870 2899 panis,
1890 2833 2155 2899 corporalis
2174 2845 2221 2882 et
2244 2837 2459 2900 spiritua-

327 2911 401 2958 lis.
430 2913 704 2978 Corporalis
738 2913 890 2960 reficit
923 2931 1125 2979 corpus,
1157 2913 1414 2980 spiritualis
1446 2914 1658 2961 animam
1692 2913 1847 2960 satiat.
1878 2913 2189 2978 Corporalem
2223 2916 2452 2979 petimus,

328 2993 441 3057 quia
470 2994 561 3041 nisi
590 2998 718 3042 Deus
753 2994 916 3042 fecerit
946 3005 1123 3044 terram
1158 2996 1449 3060 germinare,
1485 3012 1584 3042 non
1618 2995 1795 3060 poterit
1823 2995 2002 3042 fructus
2029 3012 2141 3042 suos
2166 2996 2451 3046 ministrare.

327 3074 631 3138 spiritualem
653 3091 830 3140 panem
854 3092 882 3122 a
903 3078 1007 3123 Deo
1029 3075 1328 3141 postulamus
1343 3113 1354 3135 ,
1384 3076 1498 3140 quia
1518 3092 1609 3123 nec
1632 3076 1790 3141 ipsum
1812 3075 1903 3122 nisi
1924 3075 2026 3140 ipse
2049 3075 2234 3123 dederit
2255 3078 2457 3143 percipi-

327 3170 450 3202 mus.
477 3158 616 3203 Hunc
639 3155 820 3204 habent
839 3155 980 3203 nobis
1005 3157 1281 3223 dispensare
1303 3156 1593 3205 sacerdotes.
1618 3156 1740 3203 Hinc
1757 3156 1858 3219 jam
1881 3156 2107 3220 quaeritur
2128 3156 2252 3204 inter
2269 3157 2456 3224 dispen-

325 3245 523 3295 satores,
543 3247 597 3284 ut
618 3236 772 3285 fidelis
797 3238 904 3302 quis
923 3238 1212 3287 inveniatur.
1228 3238 1346 3296 Quis
1368 3255 1484 3286 vero
1502 3248 1573 3285 est
1596 3238 1771 3285 nostris
1790 3237 2090 3303 temporibus
2113 3237 2268 3286 fidelis
2290 3257 2453 3288 servus

325 3325 372 3362 et
394 3316 629 3381 prudens,
654 3335 801 3383 quem
824 3319 1072 3366 constituit
1098 3320 1335 3366 Dominus
1365 3335 1509 3384 super
1531 3318 1758 3366 familiam
1787 3335 1946 3378 suam,
1982 3327 2035 3366 ut
2064 3318 2146 3366 det
2174 3319 2264 3367 illis
2292 3321 2453 3368 cibum

324 3395 374 3441 in
397 3405 613 3461 tempore
631 3395 834 3445 fideliter
856 3407 903 3444 et
923 3398 1213 3463 prudenter?
1236 3397 1456 3445 Fideliter
1478 3408 1713 3463 quantum
1733 3397 1795 3445 ad
1819 3401 1997 3457 Deum,
2026 3408 2079 3445 ut
2101 3398 2321 3446 videlicet
2344 3417 2453 3447 cum

324 3484 457 3523 tanta
488 3475 607 3536 fide,
634 3487 768 3526 tanto
803 3479 1000 3539 timore,
1026 3489 1161 3527 tanta
1193 3478 1528 3539 similitudine,
1563 3489 1695 3527 tanta
1730 3479 1981 3539 instantia,
2020 3490 2155 3528 tanta
2186 3479 2450 3543 diligentia,
