2970 4152
982 389 1060 435 DE
1094 386 1319 435 SANCTO
1353 386 1546 433 PETRO
1581 384 1797 431 SERMO.
2357 383 2449 428 507

331 484 380 531 in
403 501 504 544 me,
537 485 720 549 majora
742 484 920 532 horum
941 484 1097 543 faciet,
1117 503 1140 528 υ
1166 494 1220 530 ut
1241 483 1358 530 dixit
1381 481 1661 546 generaliter
1688 480 1960 544 quicunque
1978 516 1989 537 ,
2015 478 2082 525 sic
2104 477 2367 541 specialiter
2389 478 2450 524 ad

330 565 619 629 singularem
646 566 966 613 constantiam
990 564 1102 612 fidei
1127 564 1252 611 Petri
1275 564 1404 610 visus
1427 572 1502 609 est
1523 561 1754 608 retulisse.
1787 559 2046 606 Mirabilius
2067 568 2228 605 autem
2250 558 2337 604 fuit
2359 558 2448 603 mi-

331 647 546 695 raculum
576 647 756 695 umbrae
785 648 931 707 Petri,
963 663 1109 711 quam
1137 630 1336 692 fim‘briae
1370 643 1560 691 Christi.
1594 641 1803 689 Fimbria
1831 641 2007 705 quippe
2036 639 2215 703 aliquid
2243 639 2451 686 veritatis

331 728 494 789 habet,
519 730 691 777 umbra
712 746 828 777 vero
850 728 1211 776 similitudinem
1232 736 1385 785 tenet,
1412 736 1459 773 et
1479 725 1560 772 illa
1580 733 1846 789 permanet,
1871 723 1972 769 haec
1996 721 2217 786 praeterit.

397 809 541 868 Quod
569 810 607 857 si
635 820 745 874 post
765 809 892 856 hanc
914 809 1256 856 miraculorum
1279 806 1502 871 gratiam,
1531 804 1814 867 dignitatem
1838 820 2031 867 quoque
2056 802 2279 864 honoris,
2305 818 2450 868 quam

334 891 498 937 Petrus
521 906 549 936 a
569 890 780 937 Domino
803 899 874 936 est
895 889 1113 954 adeptus,
1135 886 1511 943 consideremus,
1527 883 1797 931 videbimus
1815 882 1979 930 sedem
2002 883 2126 929 Petri
2146 884 2234 949 ipsi
2259 901 2451 949 quoque

330 971 536 1035 propriae
565 969 667 1017 sedi
697 971 808 1029 Dei,
845 986 992 1035 quam
1022 969 1083 1017 ab
1118 969 1254 1016 initio
1290 965 1597 1030 Jerosolymis
1629 963 1822 1022 habuit,
1854 963 2133 1027 praeminere
2148 1001 2159 1023 ,
2187 974 2241 1010 ut
2275 982 2330 1011 ex
2358 964 2453 1013 hoc

330 1051 475 1099 etiam
509 1050 874 1115 quodammodo
912 1051 962 1097 in
996 1051 1133 1097 terris
1170 1049 1384 1096 Christus
1421 1046 1641 1094 videatur
1677 1044 1914 1110 praeferre.
1955 1044 2072 1101 Quis
2109 1045 2237 1091 enim
2274 1047 2455 1094 nesciat

331 1133 484 1198 ipsam
515 1149 709 1198 quoque
728 1132 1171 1198 jerosolymitanam
1198 1130 1476 1188 Ecclesiam,
1497 1130 1618 1176 sicut
1643 1137 1689 1174 et
1711 1136 1924 1184 caeteraS,
1950 1142 2161 1173 romanae
2182 1126 2453 1191 subjacere?

331 1215 488 1271 Quam
509 1224 669 1261 tamen
693 1213 951 1261 Ecclesiam
979 1212 1135 1276 ipsum
1162 1211 1357 1258 fratrem
1381 1209 1578 1257 Domini
1600 1207 1833 1255 Jacobum
1856 1206 2064 1271 primum
2091 1205 2314 1255 habuisse
2335 1226 2452 1256 con-

329 1301 423 1339 stat
444 1294 746 1358 episcopum,
776 1310 866 1340 nec
888 1303 1048 1340 tamen
1071 1291 1152 1338 illa
1174 1291 1274 1354 ejus
1295 1290 1451 1355 prima
1475 1287 1701 1336 cathedra
1724 1287 1798 1334 vel
1822 1296 2102 1334 caeterorum
2124 1288 2453 1351 apostolorum

331 1372 634 1422 festivitatem
656 1374 705 1421 in
729 1373 939 1421 Ecclesia
966 1381 1268 1431 meruerunt,
1303 1381 1357 1418 ut
1384 1370 1479 1417 hoc
1507 1370 1597 1417 soli
1627 1372 1767 1416 Petro
1791 1367 2089 1433 privilegium
2115 1380 2450 1419 reservaretur.

331 1453 425 1512 Qui
446 1454 591 1510 etiam
611 1453 966 1502 successoribus
994 1453 1091 1500 suis
1114 1453 1164 1499 in
1187 1452 1427 1517 Sylvestro
1450 1467 1576 1516 papa
1604 1449 1652 1496 id
1677 1450 1883 1514 propriis
1905 1449 2153 1513 acquisivit
2175 1450 2376 1509 meritis,
2404 1465 2456 1500 ut

330 1533 558 1601 deinceps
584 1552 815 1583 romanus
846 1535 1061 1600 pontifex
1087 1534 1291 1581 vicarius
1325 1550 1519 1598 quoque
1554 1531 1855 1578 Constantini
1890 1530 1938 1577 in
1975 1529 2095 1577 urbe
2127 1531 2361 1597 imperiali
2394 1533 2454 1581 ab

331 1616 436 1680 ipso
454 1616 759 1675 constitutus,
776 1631 805 1663 a
823 1632 921 1680 quo
942 1626 988 1662 et
1005 1615 1208 1678 insignia
1220 1652 1231 1673 ,
1251 1630 1356 1679 quae
1368 1613 1495 1661 hanc
1518 1621 1753 1659 exornant
1774 1611 2056 1675 dignitatem
2073 1628 2299 1660 concessa
2318 1627 2451 1674 sunt;

330 1695 467 1758 quasi
482 1696 618 1760 juxta
639 1695 861 1743 ordinem
884 1694 1233 1742 Melchisedech
1256 1693 1492 1759 perfectus
1514 1703 1614 1740 tam
1636 1691 1918 1740 sacerdotali
1941 1708 2086 1756 quam
2115 1693 2241 1756 regia
2267 1697 2456 1757 praemi-

331 1786 467 1825 neret
487 1777 735 1842 dignitate,
754 1787 806 1825 ut
829 1778 877 1824 in
902 1777 1109 1824 Ecclesia
1136 1779 1317 1835 Petrus,
1342 1777 1388 1822 in
1413 1775 1533 1823 urbe
1553 1777 1706 1822 Caesar
1723 1773 1973 1821 habeatur.
2005 1774 2258 1822 Geminam
2281 1777 2458 1842 quippe

329 1858 530 1922 gratiam
554 1867 653 1906 tam
677 1858 725 1904 in
749 1858 1019 1906 constantia
1039 1856 1150 1905 fidei
1173 1874 1319 1922 quam
1348 1857 1396 1903 in
1430 1856 1617 1903 fervore
1643 1855 1911 1902 dilectionis
1935 1854 2158 1919 adeptus,
2185 1865 2284 1903 tam
2305 1857 2454 1905 eccle·

329 1939 567 1987 siasticam
588 1955 735 2004 quam
752 1940 931 2004 regiam
953 1939 1127 1987 meruit
1148 1937 1238 1987 sibi
1262 1937 1592 1985 monarchiam
1615 1936 1875 1983 vindicare.
1903 1936 2091 1982 CaeteriS
2117 1937 2294 2001 quippe
2326 1937 2460 1986 disci-

329 2018 554 2083 pulorum
577 2019 858 2084 opinionem
879 2019 1135 2067 hominum
1158 2019 1324 2083 magis,
1349 2035 1495 2083 quam
1518 2017 1829 2065 assertionem
1851 2032 1987 2062 suam
2008 2014 2070 2062 de
2093 2015 2281 2064 Christo
2303 2019 2457 2082 profe-

329 2099 624 2159 rentibus,et
637 2116 787 2164 quum
811 2081 911 2164 ipse
936 2100 1172 2148 Dominus
1200 2099 1261 2146 ab
1285 2099 1351 2146 eis
1374 2099 1668 2164 requisisset¹
1697 2117 1706 2144 :
1737 2117 1759 2142 ι(
1784 2100 1881 2144 Vos
1904 2107 2064 2144 autem
2086 2114 2230 2161 quem
2254 2115 2332 2146 me
2356 2117 2456 2147 esse

329 2178 510 2228 dicitis?
527 2198 550 2224 »
578 2181 713 2244 quasi
743 2179 902 2228 adhuc
917 2179 1180 2232 haesitando
1210 2178 1541 2236 reticentibus,
1573 2181 1736 2225 Petrus
1766 2187 1819 2224 ut
1844 2177 2127 2224 fluctuantes
2150 2178 2457 2227 confirmaret

328 2259 622 2325 respondere
643 2276 743 2307 non
767 2258 976 2306 distulit’
1002 2277 1011 2304 :
1043 2261 1151 2306 «Tu
1173 2275 1223 2306 es
1248 2258 1463 2306 Christus
1486 2258 1627 2305 Filius
1650 2258 1737 2305 Dei
1752 2257 1864 2304 vivi.
1891 2277 1914 2301 »
1941 2257 2080 2304 Unde
2102 2259 2258 2305 statim
2284 2260 2459 2324 specia-

329 2341 434 2389 liter
463 2358 518 2389 ac
548 2341 678 2389 solus
711 2340 879 2389 beatus
916 2357 943 2388 a
975 2340 1189 2393 Domino
1224 2339 1535 2406 praedicatur,
1570 2356 1626 2387 ac
1657 2339 1959 2403 singulariter
1981 2338 2279 2403 privilegium
2305 2341 2454 2388 eccle-

326 2421 521 2470 siasticae
543 2421 791 2486 potestatis
807 2421 1049 2485 suscipere
1065 2429 1292 2479 meretur,
1312 2437 1464 2485 quum
1478 2420 1519 2467 ei
1535 2437 1561 2467 a
1579 2420 1790 2466 Domino
1808 2430 1962 2466 totum
1978 2419 2209 2467 coelorum
2233 2438 2449 2485 regnum,

327 2518 426 2548 non
462 2517 595 2566 pars,
633 2500 677 2548 ei
714 2498 1160 2548 commendandum
1194 2515 1222 2547 a
1251 2499 1441 2547 Christo
1481 2499 1800 2564 promittitur³
1826 2518 1836 2545 :
1867 2499 2007 2545 «Tibi
2043 2498 2196 2558 dabo,
2219 2518 2241 2543 υ
2279 2501 2447 2566 inquit,

330 2602 352 2626 «
374 2582 530 2630 claves
554 2581 688 2646 regni
710 2580 959 2628 coelorum.
983 2599 1005 2624 υ
1032 2581 1261 2638 Quamvis
1283 2581 1411 2627 enim
1435 2579 1769 2643 generabiliter
1790 2579 1972 2626 dictum
1995 2579 2061 2626 sic
2085 2579 2310 2627 omnibus
2333 2597 2450 2645 apo-

325 2662 484 2709 stolis‘
509 2681 520 2709 :
552 2664 898 2726 «Quaecunque
935 2660 1152 2725 ligaveris
1185 2677 1328 2725 super
1355 2671 1555 2718 terram,
1586 2669 1699 2718 etc.,
1719 2679 1741 2703 »
1781 2659 1868 2708 soli
1903 2669 2063 2706 tamen
2098 2662 2235 2706 Petro
2259 2660 2453 2726 insuper

327 2743 483 2790 claves
505 2742 637 2806 regni
661 2741 894 2789 coelorum
916 2741 1037 2790 datae
1059 2751 1186 2789 sunt.
1220 2742 1351 2788 Sicut
1373 2742 1502 2788 enim
1530 2741 1691 2788 multae
1713 2740 1926 2787 civitates
1948 2749 2058 2787 sunt
2081 2740 2128 2787 in
2153 2758 2252 2787 uno
2276 2758 2447 2805 regno,

328 2823 393 2870 ita
426 2822 586 2870 multae
615 2832 773 2887 partes
805 2823 854 2869 in
885 2821 1068 2887 populo
1105 2821 1383 2869 christiano.
1425 2825 1640 2886 Regnum
1673 2822 1833 2886 itaque
1852 2820 2037 2868 Christi
2072 2821 2347 2869 universalis
2382 2833 2452 2870 est

330 2902 562 2961 Ecclesia,
594 2903 659 2950 ita
681 2903 729 2950 in
753 2913 1040 2968 potestatem
1067 2903 1191 2950 Petri
1223 2902 1420 2961 tradita,
1447 2913 1500 2949 ut
1522 2902 1641 2949 nihil
1664 2902 1710 2949 in
1735 2918 1791 2949 ea
1814 2901 1913 2948 fieri
1939 2902 2028 2948 nisi
2051 2901 2354 2949 ordinatione
2375 2903 2452 2951 vel

329 2981 641 3047 permissione
663 2982 803 3031 liceat
823 2983 1011 3031 romani
1034 2982 1296 3048 pontificis3
1323 2982 1480 3030 nullus
1502 2982 1621 3030 alius
1644 2982 1915 3046 generalem
1945 2998 2088 3046 super
2110 2998 2278 3028 omnes
2306 2981 2452 3030 habet

328 3065 874 3112 excommunicationem
893 3064 970 3112 vel
992 3063 1363 3112 absolutionem.
1396 3065 1490 3123 Qui
1518 3065 1662 3111 etiam
1686 3063 1930 3110 nonnullis
1953 3061 2296 3127 discipulorum
2319 3079 2450 3112 rece·

327 3143 576 3204 dentibus,
609 3155 657 3192 et
687 3144 912 3210 omnibus
940 3144 1200 3209 plurimum
1223 3143 1577 3204 dubitantibus,
1604 3161 1754 3209 quum
1777 3144 1843 3191 eis
1867 3144 2102 3190 Dominus
2123 3143 2410 3208 requireret⁵
2435 3164 2447 3194 :

332 3243 358 3270 «
378 3223 603 3290 Nunquid
630 3234 676 3272 et
705 3242 792 3272 vos
820 3224 961 3272 vultis
989 3224 1148 3272 abire?
1176 3244 1198 3270 »
1236 3235 1466 3290 tanquam
1500 3223 1678 3272 scilicet
1716 3224 1764 3270 in
1801 3222 2016 3288 quodam
2050 3223 2296 3270 anxietatis
2336 3225 2450 3272 arti-

329 3305 438 3352 culo
452 3305 755 3367 constitutus,
772 3322 1076 3370 nequaquam
1099 3306 1294 3353 reticere
1318 3309 1483 3353 Petrus
1505 3306 1742 3353 sustinens
1765 3303 2067 3370 respondit⁶z
2089 3323 2111 3349 «
2134 3305 2364 3364 Domine,
2390 3305 2451 3353 ad

376 3479 386 3497 ¹
413 3479 540 3522 Manli„
555 3491 631 3524 cap.
650 3492 721 3520 xvi.
740 3492 771 3515 v.
795 3483 848 3516 1⁵.
863 3481 930 3507 —'
945 3482 1043 3521 lbid.,
1063 3492 1094 3516 v.
1113 3483 1166 3516 16.
1183 3500 1224 3507 —-
1238 3482 1251 3500 ⁸
1267 3481 1367 3523 lbid„
1380 3483 1482 3515 v.19.
1494 3500 1536 3507 —
1552 3480 1661 3516 ⁴1bid.
1675 3499 1713 3505 -
1732 3481 1744 3498 ⁸
1756 3482 1866 3521 luam,
1880 3491 1953 3524 cap.
1969 3492 2012 3522 vi,
2028 3492 2057 3515 v.
2078 3481 2133 3514 68.
2145 3498 2189 3506 —
2203 3480 2332 3522 ⁸1bid.‚
2347 3491 2378 3515 v.
2393 3483 2450 3516 60.
