2970 4152
583 362 610 402 8
1152 353 1319 398 PETRI
1356 351 1666 398 ABAELARDI
1702 352 1774 398 ET
1807 351 2106 398 HELOlSSAE

532 467 537 485 ι’
580 460 626 496 et
658 449 869 497 tradatur
905 447 1057 494 vobis¹
1089 446 1328 510 expositor
1361 445 1555 509 alicujus
1587 446 1837 494 inusitatae²
1867 446 2128 510 scripturae,
2176 454 2222 490 et
2256 445 2515 508 probemus
2549 445 2682 510 quod

285 655 293 663 .
335 620 498 660 Quomodo

284 670 411 695 sanctos
440 673 541 706 cupe-

299 707 339 737 rit
358 707 464 749 leger-c
484 708 521 739 li

283 748 356 781 bros
367 750 541 782 scholasti-

307 793 363 831 cis,
376 800 516 826 etnovas

285 836 434 868 auden-00
419 837 533 876 glosas.

345 1667 413 1686 <tum
439 1668 477 1687 ιι

282 1699 324 1728 n.»
317 1710 366 1740 »ul
359 1701 515 1731 ‹wiser-uno

311 1753 348 1772 ιιι·
369 1752 438 1784 mag
441 1743 505 1774 istri

312 1785 394 1817 Ans·
387 1786 478 1816 lmi
472 1798 501 1817 ιιι

363 1840 445 1861 ιιιιιιι

345 2774 411 2793 (ΛΡ.
437 2774 465 2793 ἱ.

291 2808 411 2844 Quium
406 2805 444 2836 ὼ
446 2816 455 2836 )
469 2817 493 2836 ι

578 547 663 576 vos
698 527 986 593 promittitis.
1019 529 1073 571 Et
1105 535 1447 589 consenserunt
1479 542 1646 573 omnes
1679 526 1726 573 in
1759 525 2089 572 obscurissima
2123 523 2377 571 Ezechielis
2412 525 2677 590 prophetia.

580 613 827 672 Assumpto
865 607 1021 668 itaque
1049 605 1313 669 expositore
1349 605 1503 652 statim
1539 606 1588 651 in
1623 606 1828 652 crastino
1860 621 1941 652 eos
1977 603 2037 650 ad
2073 603 2325 650 lectionem
2354 604 2559 655 invitavi.
2589 605 2682 662 Qui

576 688 722 733 invito
751 684 867 731 mihi
894 683 1148 730 consilium
1172 684 1354 742 danteS,
1384 683 1602 732 dicebant
1628 683 1688 731 ad
1720 701 1821 731 rem
1851 694 2028 730 tantam
2054 699 2152 730 non
2181 700 2281 730 esse
2305 684 2682 748 properandumi

575 784 622 812 se
598 767 654 812 ed
680 765 857 811 diutius
882 764 929 810 in
950 764 1243 828 expositione
1268 764 1484 812 rimanda
1510 774 1556 811 et
1574 763 1807 811 firmanda
1826 763 1943 810 mihi
1960 762 2089 815 hanc
2103 764 2349 828 inexperto
2371 762 2680 827 vigilandum.

576 846 845 909 Indignatus
863 854 1021 891 autem
1047 845 1271 910 respondi
1293 862 1392 892 non
1412 862 1512 892 esse
1532 862 1646 892 meae
1671 844 2027 892 consuetudinis
2051 861 2137 909 per
2160 861 2298 891 usum
2322 844 2580 910 proficere,
2602 845 2685 892 sed

573 943 655 989 per
681 925 946 989 ingenium,
975 935 1116 988 atque
1144 924 1295 988 adjeci
1314 925 1387 972 vel
1410 941 1487 971 me
1517 925 1705 989 penitus
1730 924 1993 971 desiturum
2022 940 2139 984 esse,
2172 924 2246 971 vel
2272 941 2353 972 eos
2377 941 2468 990 pro.
2491 910 2684 972 arbitrio

571 1022 679 1051 meo
698 1005 758 1052 ad
776 1005 1030 1052 lectionem
1046 1004 1272 1052 accedere
1291 1021 1391 1051 non
1417 1004 1622 1060 differre.
1651 1007 1709 1051 Et
1729 1004 1898 1077 primae
1922 1003 2115 1068 quidem
2141 1004 2340 1052 lectioni
2357 1015 2530 1052 nostrae
2546 1006 2683 1070 pauci

571 1097 684 1131 tunc
702 1085 972 1144 interfuere,
1001 1084 1134 1150 quod
1153 1084 1407 1132 ridiculum
1427 1084 1650 1132 omnibus
1667 1083 1905 1132 videretur
1922 1102 1998 1131 me
2018 1084 2175 1133 adhuc
2191 1086 2325 1150 quasi
2342 1085 2530 1150 penitus
2545 1101 2686 1134 sacrae

572 1165 783 1211 lectionis
798 1167 1061 1230 expertem³
1079 1164 1129 1211 id
1149 1175 1244 1212 tam
1263 1182 1467 1230 propere
1485 1164 1691 1230 aggredi.
1723 1164 1958 1212 Omnibus
1977 1175 2136 1212 tamen
2157 1166 2240 1230 qui
2264 1164 2505 1213 affuerunt
2517 1166 2687 1213 instan-

570 1256 671 1291 tum
700 1245 839 1292 lectio
865 1244 943 1291 illa
967 1255 1097 1308 grata
1115 1245 1281 1303 extitit,
1302 1255 1354 1291 ut
1379 1261 1485 1292 eam
1516 1244 1741 1309 singulari
1759 1245 1997 1310 praeconio
2026 1244 2320 1306 extollerent,
2351 1255 2396 1292 et
2421 1261 2498 1292 me
2522 1251 2687 1292 securi·

571 1325 687 1370 dum
712 1324 842 1371 hunc
866 1334 1037 1371 nostrae
1056 1324 1271 1371 lectionis
1297 1334 1512 1371 tenorem
1541 1324 1602 1371 ad
1621 1323 1905 1388 glosandum
1921 1326 1935 1348 '⁹
1959 1324 2318 1389 compellerent.
2349 1326 2466 1381 Quov
2488 1323 2685 1388 quidem

573 1403 733 1450 audito
748 1438 760 1462 ,
782 1403 815 1449 ii
833 1404 915 1467 qui
932 1420 1031 1450 non
1052 1403 1363 1451 interfuerant
1386 1413 1634 1469 coeperunt
1657 1403 1721 1450 ad
1742 1402 2001 1451 secundam
2021 1413 2078 1469 et·
2097 1404 2284 1450 tertiam
2307 1403 2564 1450 lectionem
2585 1419 2687 1450 cer-

573 1485 704 1530 tatim
728 1484 990 1544 accederess,
1016 1495 1061 1532 et
1086 1501 1254 1532 omnes
1272 1484 1447 1549 pariter
1471 1484 1532 1531 de
1558 1483 1926 1537 transcribendis
1951 1483 2092 1547 glosis
2106 1485 2119 1508 ⁶
2136 1499 2253 1547 quas
2277 1484 2429 1548 prima
2449 1483 2525 1529 die
2548 1484 2688 1533 incoe-

572 1580 752 1626 peram,
775 1565 823 1610 in
842 1565 946 1629 ipso
963 1581 1133 1624 eorum
1152 1565 1286 1611 initio
1304 1564 1564 1628 plurimum
1583 1564 1770 1611 solliciti
1787 1580 1903 1610 esse.

635 1644 755 1689 Hinc
773 1645 931 1707 itaque
951 1644 1201 1708 praedictus
1216 1660 1358 1690 senex
1377 1643 1647 1690 vehementi
1663 1652 1933 1689 commotus
1950 1642 2150 1702 invidia,
2173 1653 2220 1690 et
2236 1644 2556 1707 quorumdam
2578 1658 2689 1732 per-

569 1722 894 1768 suasionibus
878 1738 978 1784 Jam
997 1722 1249 1769 adversum
1265 1739 1365 1781 me,
1390 1733 1442 1769 ut
1461 1739 1604 1790 supra
1620 1723 1841 1782 memini,
1862 1739 1919 1769 ex
1937 1725 2075 1769 tunc⁷
2093 1723 2378 1782 stimulatus,
2405 1740 2502 1770 non
2531 1723 2688 1769 minus

568 1802 616 1846 in
637 1818 768 1848 sacra
782 1801 987 1848 lectione
1004 1819 1080 1848 me
1098 1803 1318 1867 persequi
1331 1803 1494 1866 coepit,
1516 1819 1661 1866 quam
1677 1813 1816 1849 antea
1830 1758 2111 1849 ²Guillelmus
2126 1813 2287 1849 noster
2303 1804 2350 1849 in
2366 1802 2682 1868 philosophia.

569 1884 715 1927 ,Erant
735 1892 893 1928 autem
913 1891 1026 1928 tunc
1045 1882 1095 1927 in
1119 1881 1293 1928 scholis
1310 1881 1452 1945 hujus
1477 1882 1601 1929 senis
1626 1881 1724 1928 duo
1743 1881 1827 1946 qui
1853 1881 2029 1928 caeteris
2052 1882 2358 1946 praeeminere
2383 1881 2681 1930 videbantur.

571 1960 808 2008 Albericus
851 1962 1026 2008 scilicet
1074 1962 1328 2021 remensis,
1374 1972 1420 2008 et
1464 1961 1727 2026 Lotulphus
1750 1963 1763 1985 ⁸
1798 1961 2076 2008 lombardus
2099 1980 2111 2019 ;
2164 1963 2246 2025 qui
2301 1972 2481 2026 quanto
2533 1963 2593 2009 de
2639 1980 2688 2009 se

569 2041 747 2103 majora
782 2042 1130 2107 praesumebant
1149 2044 1177 2101 ⁹,
1212 2042 1415 2106 amplius
1452 2042 1705 2088 adversum
1746 2059 1823 2089 me
1864 2041 2262 2089 accendebantur.
2306 2043 2491 2089 Horum
2530 2028 2689 2107 itaque

569 2122 770 2167 maxime
802 2121 1203 2185 suggestionibus,
1233 2123 1357 2169 sicut
1378 2121 1690 2187 postmodum
1721 2121 2074 2187 deprehensum
2107 2132 2202 2181 est,
2234 2139 2376 2169 senex
2401 2121 2477 2169 ille
2501 2125 2688 2188 pertur-

568 2200 703 2247 batus
734 2201 1081 2266 impudenter¹⁰
1116 2202 1234 2248 mihi
1265 2202 1506 2249 interdixit
1531 2201 1794 2267 incqeptum
1825 2201 2041 2265 glosandi
2065 2218 2186 2266 opus
2214 2202 2262 2248 in
2294 2202 2401 2249 loco
2435 2202 2690 2290 magisterii

567 2283 639 2327 sui
675 2281 876 2346 amplius
910 2299 1158 2329 exerceie:
1182 2283 1307 2329 hanc
1341 2281 1560 2329 videlicet
1592 2298 1783 2329 causam
1817 2281 2115 2346 praetendens
2130 2284 2171 2341 ¹¹,
2205 2298 2266 2329 ne
2291 2282 2330 2328 si
2363 2281 2483 2329 forte
2522 2281 2569 2327 in
2607 2280 2688 2327 illo

567 2377 711 2424 opere
731 2360 907 2425 aliquid
927 2378 1012 2425 per
1030 2378 1242 2409 errorem
1261 2361 1544 2422 scriberem,
1568 2371 1620 2408 ut
1637 2371 1750 2427 pote
1769 2361 1900 2408 rudis
1918 2361 2104 2408 adhuc
2094 2378 2142 2407 in
2159 2361 2254 2408 ho'c
2273 2360 2456 2420 studio,
2479 2361 2522 2407 ei
2542 2354 2690 2426 depu-

567 2450 743 2486 taiwetm
755 2442 795 2486 ¹².
832 2441 975 2498 Quod
1000 2458 1153 2505 quum
1186 2441 1246 2489 ad
1271 2457 1408 2488 aures
1434 2441 1722 2488 scholarium
1752 2443 2067 2506 pervenisset,
2094 2442 2298 2488 maxima
2321 2441 2551 2488 commoti
2580 2450 2691 2488 sunt

570 2519 889 2583 indignatione
906 2538 1048 2586 super
1066 2532 1163 2568 tam
1180 2521 1427 2568 manifesta
1442 2522 1604 2569 livoris
1623 2522 1886 2581 calumnia,
1909 2539 2014 2586 quae
2032 2522 2212 2569 nemini
2232 2537 2449 2588 unquam
2463 2520 2691 2569 ulterius¹³

568 2599 816 2646 acciderat.
858 2603 974 2657 Quae
1003 2612 1181 2669 quanto
1216 2602 1530 2661 manifestior,
1573 2612 1703 2649 tanto
1738 2588 1856 2670 mihi
1881 2601 2209 2649 honorabilior
2240 2602 2413 2662 extitit,
2452 2612 2498 2648 et
2531 2618 2686 2684 perse-

568 2679 760 2741 quendo
777 2681 801 2704 ¹⁴
823 2679 1151 2743 gloriosiorem
1175 2681 1343 2728 effecit.
2376 2687 2381 2698 ⁴
2431 2684 2435 2697 '
2663 2685 2665 2690 ’

635 2763 742 2806 Post
760 2777 939 2824 paucos
957 2761 1117 2825 itaque
1141 2760 1241 2807 dies
1261 2761 1464 2807 Parisius
1483 2763 1732 2808 reversus¹¹⁵
1736 2797 1747 2819 ,
1770 2761 1955 2808 scholas
1975 2762 2122 2808 mihi
2105 2777 2205 2824 Jam
2222 2761 2408 2808 dudum
2430 2760 2687 2809 destinatas

276 2860 300 2878 ιι
304 2860 329 2879 ι
332 2859 383 2879 sus
399 2849 534 2880 Parisiu
568 2849 706 2902 atque
726 2841 931 2902 oblatas,
955 2841 1083 2889 unde
1095 2842 1251 2906 primo
1266 2841 1447 2889 fueram
1466 2841 1713 2906 expulsus,
1736 2843 1871 2888 annis
1891 2842 2125 2906 aliquibus
2139 2843 2298 2941 quiete
2315 2842 2531 2910 possedi3
2548 2839 2689 2927 atque

297 2892 400 2932 glosas
419 2903 511 2924 sutus

291 2946 367 2977 quas
379 2927 520 2966 Laudun'i

318 2979 368 3019 lcg
352 2988 424 3009 vore
435 2988 499 3010 co-

277 3029 405 3063 puram:
409 3032 535 3053 onsum·

351 3072 456 3096 inavit.

617 3024 623 3040 ⁶
641 3025 693 3057 Sic
704 3024 757 3056 (Π)
771 3032 802 3056 et
816 3026 880 3057 MS.
896 3027 1114 3060 Anah-Nobis
1125 3027 1211 3061 Edit.
1228 3027 1323 3061 Amb.
1339 3035 1372 3060 et
1387 3027 1602 3060 itu-Transi.
1654 3026 1719 3060 MS.
1752 3027 1847 3060 Amb.
1869 3045 1911 3050 —
1936 3027 1948 3044 ⁶
1966 3028 2247 3068 Explicaeionibus
2261 3025 2355 3059 RMS.
2369 3041 2414 3050 —-
2433 3024 2444 3040 ⁷
2455 3018 2518 3058 *Ex
2534 3007 2588 3057 illo
2606 3032 2686 3057 tem-

569 3079 695 3119 gallica.
712 3080 769 3112 fol.
791 3082 809 3111 7
829 3094 836 3113 z
854 3094 869 3109 ιι
891 3081 952 3121 Or,
973 3093 1053 3115 vous
1073 3082 1136 3115 soit
1154 3083 1225 3127 quit
1239 3089 1272 3116 et
1286 3082 1383 3116 baille
1402 3082 1605 3126 exposierres
1649 3086 1738 3124 poris
1752 3085 1889 3115 articulo
1904 3082 1999 3115 RMS.
2013 3100 2054 3105 -
2074 3081 2087 3099 ⁸
2101 3082 2154 3114 Sic
2175 3081 2282 3115 ABCD
2302 3088 2335 3113 et
2346 3080 2417 3114 MS.
2434 3075 2684 3118 Amb2-Transi.

544 3162 548 3191 ξ
570 3148 582 3161 ιι
600 3136 757 3168 d'aucune
773 3137 951 3179 escripture
965 3139 1018 3181 qui
1033 3148 1075 3171 ne
1090 3138 1153 3171 soit
1164 3149 1223 3182 pas
1236 3139 1326 3179 usse,
1337 3146 1369 3172 et
1385 3149 1549 3181 prouvons
1564 3148 1602 3170 ce
1652 3139 1779 3182 gallica,
1799 3139 1855 3171 fol.
1874 3141 1910 3171 8:
1928 3139 2097 3179 Lotulphes
2113 3141 2135 3171 li
2152 3137 2423 3171 lombars.-Edit.
2435 3136 2530 3169 Amb.
2548 3150 2556 3168 :
2577 3137 2689 3169 Locul-

543 3195 547 3223 ἑ
569 3202 660 3234 «que
684 3202 761 3224 vous
780 3199 956 3235 prometez.
977 3194 1017 3226 Et
1043 3194 1284 3228 s’accorderent
1309 3194 1369 3228 tuit
1387 3194 1404 3226 ἐι
1425 3205 1489 3228 une
1516 3194 1600 3226 tres·
1646 3197 1742 3236 plius.
1767 3194 1831 3227 Sed
1862 3195 1979 3228 Othoni
1996 3194 2176 3237 frisingensi
2195 3206 2203 3226 :
2221 3194 2393 3226 Leutamus
2418 3195 2626 3226 novariensis.
2645 3208 2689 3215 —

568 3261 580 3274 ιι
601 3258 715 3280 oscure
729 3247 900 3291 prophetie
914 3249 954 3281 de
968 3243 1136 3289 Ezechiel,
1155 3258 1187 3284 et
1202 3257 1303 3294 quant
1317 3251 1348 3284 le
1367 3251 1554 3294 expositeur
1567 3251 1601 3283 fu
1650 3250 1663 3268 ⁹
1679 3253 1813 3284 Meliora
1833 3254 2053 3293 coqitaverunt
2072 3250 2168 3284 Rus.
2186 3267 2226 3274 ·-
2243 3249 2272 3266 ¹⁰
2291 3250 2514 3290 Imprudentia,
2534 3247 2628 3282 RMS.
2645 3266 2687 3272 —

566 3316 578 3331 ιι
600 3303 685 3345 pris,
702 3303 736 3344 je
751 3304 798 3339 les
811 3315 940 3337 semons
958 3311 1079 3338 tantost
1096 3307 1115 3338 a
1129 3306 1313 3340 lendemain
1333 3306 1374 3339 de
1392 3306 1484 3340 venir
1502 3316 1559 3339 ore
1570 3306 1602 3339 la
1652 3306 1678 3324 ⁴⁴
1703 3308 1866 3340 simulans
1896 3307 1989 3340 RMS.
2010 3326 2050 3330 —
2067 3306 2095 3324 ¹²
2117 3307 2350 3340 attribueretur
2366 3305 2459 3338 Rus.
2480 3304 2567 3339 —.¹³
2586 3306 2686 3339 Amen

565 3372 578 3387 (ι
597 3359 702 3398 ΙΘῼΟΠ·
722 3373 736 3388 ⁷·
753 3378 802 3397 ss—
824 3359 836 3376 ²
848 3360 1089 3395 Sacro-sanctae
1100 3362 1195 3395 RMS.
1212 3381 1243 3386 -—
1264 3363 1277 3380 ³
1292 3364 1494 3404 [inexpertum
1503 3362 1599 3396 RMS.
1650 3362 1745 3396 RMS.
1763 3381 1803 3388 -—-
1827 3363 1854 3380 ¹⁴
1880 3363 2082 3396 Persecutum
2103 3362 2167 3396 MS.
2189 3361 2284 3395 Amb.
2303 3380 2344 3386 —
2361 3362 2390 3378 ¹⁵
2408 3361 2490 3394 Vide
2513 3368 2580 3394 not.
2606 3371 2684 3394 xvii.

560 3432 602 3440 —
620 3415 631 3432 ⁴
648 3418 887 3457 E.r12licandurn
916 3417 1008 3450 RMS.
1033 3437 1066 3442 —-
1098 3419 1109 3435 ⁵
1135 3420 1331 3452 Contendere
1356 3427 1388 3452 et
1418 3429 1607 3453 concurrere
2634 3439 2637 3442 -
