<?xml version="1.0" encoding="UTF-8"?>
<!DOCTYPE html PUBLIC "-//W3C//DTD XHTML 1.0 Transitional//EN"
    "http://www.w3.org/TR/xhtml1/DTD/xhtml1-transitional.dtd">
<html xmlns="http://www.w3.org/1999/xhtml" xml:lang="en" lang="en">
 <head>
  <title>
</title>
<meta http-equiv="Content-Type" content="text/html;charset=utf-8" />
  <meta name='ocr-system' content='tesseract 3.04.00' />
  <meta name='ocr-capabilities' content='ocr_page ocr_carea ocr_par ocr_line ocrx_word'/>
</head>
<body>
  <div class='ocr_page' id='page_1' title='image "./operahactenusseo01abeluoft_0408.png"; bbox 0 0 2970 4152; ppageno 0'>
   <div class='ocr_carea' id='block_1_1' title="bbox 561 390 1877 438">
    <p class='ocr_par' dir='ltr' id='par_1_1' title="bbox 561 390 1877 438">
     <span class='ocr_line' id='line_1_1' title="bbox 561 390 1877 438; baseline 0 0"><span class='ocrx_word' id='word_1_1' title='bbox 561 392 656 438; x_wconf 73' lang='lat'><strong>394</strong></span> <span class='ocrx_word' id='word_1_2' title='bbox 1357 391 1528 438; x_wconf 86' lang='lat' dir='ltr'>PETRI</span> <span class='ocrx_word' id='word_1_3' title='bbox 1563 390 1877 438; x_wconf 85' lang='lat' dir='ltr'><strong>ABAELARDI</strong></span> 
     </span>
    </p>
   </div>
   <div class='ocr_carea' id='block_1_2' title="bbox 536 483 2695 3282">
    <p class='ocr_par' dir='ltr' id='par_1_2' title="bbox 558 483 2678 1030">
     <span class='ocr_line' id='line_1_2' title="bbox 559 483 2668 551; baseline 0 -20"><span class='ocrx_word' id='word_1_4' title='bbox 559 484 748 544; x_wconf 90' lang='lat' dir='ltr'><strong>rabant,</strong></span> <span class='ocrx_word' id='word_1_5' title='bbox 775 483 901 531; x_wconf 88' lang='lat' dir='ltr'><strong>istud</strong></span> <span class='ocrx_word' id='word_1_6' title='bbox 926 493 1084 531; x_wconf 85' lang='lat' dir='ltr'><strong>autem</strong></span> <span class='ocrx_word' id='word_1_7' title='bbox 1103 483 1235 548; x_wconf 92' lang='lat' dir='ltr'><strong>quod</strong></span> <span class='ocrx_word' id='word_1_8' title='bbox 1254 494 1471 532; x_wconf 88' lang='lat' dir='ltr'><strong>nostrum</strong></span> <span class='ocrx_word' id='word_1_9' title='bbox 1493 495 1562 533; x_wconf 87' lang='lat' dir='ltr'><strong>est</strong></span> <span class='ocrx_word' id='word_1_10' title='bbox 1583 486 1683 551; x_wconf 91' lang='lat' dir='ltr'><strong>ipse</strong></span> <span class='ocrx_word' id='word_1_11' title='bbox 1706 485 1963 533; x_wconf 87' lang='lat' dir='ltr'><strong>constituit.</strong></span> <span class='ocrx_word' id='word_1_12' title='bbox 1986 483 2079 531; x_wconf 89' lang='lat' dir='ltr'><strong>Sed</strong></span> <span class='ocrx_word' id='word_1_13' title='bbox 2101 484 2201 548; x_wconf 90' lang='lat' dir='ltr'><strong>ipse</strong></span> <span class='ocrx_word' id='word_1_14' title='bbox 2225 484 2373 532; x_wconf 86' lang='lat' dir='ltr'><strong>factus</strong></span> <span class='ocrx_word' id='word_1_15' title='bbox 2392 495 2461 532; x_wconf 89' lang='lat' dir='ltr'><strong>est</strong></span> <span class='ocrx_word' id='word_1_16' title='bbox 2478 485 2668 551; x_wconf 88' lang='lat' dir='ltr'><strong>pascha.</strong></span> 
     </span>
     <span class='ocr_line' id='line_1_3' title="bbox 560 563 2673 630; baseline 0.001 -20"><span class='ocrx_word' id='word_1_17' title='bbox 560 568 617 612; x_wconf 90' lang='lat' dir='ltr'><strong>Et</strong></span> <span class='ocrx_word' id='word_1_18' title='bbox 639 582 723 612; x_wconf 91' lang='lat' dir='ltr'><strong>cur</strong></span> <span class='ocrx_word' id='word_1_19' title='bbox 747 563 864 611; x_wconf 91' lang='lat' dir='ltr'><strong>illud</strong></span> <span class='ocrx_word' id='word_1_20' title='bbox 889 563 1227 612; x_wconf 81' lang='lat' dir='ltr'><strong>manducavit?</strong></span> <span class='ocrx_word' id='word_1_21' title='bbox 1262 565 1383 622; x_wconf 87' lang='lat' dir='ltr'>Quia</span> <span class='ocrx_word' id='word_1_22' title='bbox 1414 566 1576 613; x_wconf 91' lang='lat' dir='ltr'><strong>omnia</strong></span> <span class='ocrx_word' id='word_1_23' title='bbox 1603 583 1707 630; x_wconf 87' lang='lat' dir='ltr'><strong>quae</strong></span> <span class='ocrx_word' id='word_1_24' title='bbox 1731 566 1845 630; x_wconf 89' lang='lat' dir='ltr'><strong>legis</strong></span> <span class='ocrx_word' id='word_1_25' title='bbox 1873 575 1983 612; x_wconf 87' lang='lat' dir='ltr'><strong>sunt</strong></span> <span class='ocrx_word' id='word_1_26' title='bbox 2015 564 2306 630; x_wconf 84' lang='lat' dir='ltr'><strong>adimplevit.</strong></span> <span class='ocrx_word' id='word_1_27' title='bbox 2333 568 2452 613; x_wconf 88' lang='lat' dir='ltr'><strong>Nam</strong></span> <span class='ocrx_word' id='word_1_28' title='bbox 2478 564 2673 630; x_wconf 89' lang='lat' dir='ltr'><strong>quando</strong></span> 
     </span>
     <span class='ocr_line' id='line_1_4' title="bbox 559 633 2671 710; baseline 0.001 -20"><span class='ocrx_word' id='word_1_29' title='bbox 559 643 884 708; x_wconf 78' lang='lat' dir='ltr'>baptizabatur</span> <span class='ocrx_word' id='word_1_30' title='bbox 906 642 1112 691; x_wconf 90' lang='lat' dir='ltr'><strong>dicebat¹</strong></span> <span class='ocrx_word' id='word_1_31' title='bbox 1136 662 1146 690; x_wconf 90' lang='lat'>:</span> <span class='ocrx_word' id='word_1_32' title='bbox 1179 663 1202 689; x_wconf 78' lang='grc' dir='ltr'><em>α</em></span> <span class='ocrx_word' id='word_1_33' title='bbox 1231 645 1306 691; x_wconf 90' lang='lat' dir='ltr'><strong>Sic</strong></span> <span class='ocrx_word' id='word_1_34' title='bbox 1331 645 1460 691; x_wconf 89' lang='lat' dir='ltr'><strong>enim</strong></span> <span class='ocrx_word' id='word_1_35' title='bbox 1485 633 1621 693; x_wconf 79' lang='lat' dir='ltr'><strong>decet</strong></span> <span class='ocrx_word' id='word_1_36' title='bbox 1645 661 1733 692; x_wconf 92' lang='lat' dir='ltr'><strong>nos</strong></span> <span class='ocrx_word' id='word_1_37' title='bbox 1756 645 1954 710; x_wconf 88' lang='lat' dir='ltr'><strong>implere</strong></span> <span class='ocrx_word' id='word_1_38' title='bbox 1977 661 2172 692; x_wconf 90' lang='lat' dir='ltr'><strong>omnem</strong></span> <span class='ocrx_word' id='word_1_39' title='bbox 2198 644 2446 708; x_wconf 88' lang='lat' dir='ltr'><strong>justitiam.</strong></span> <span class='ocrx_word' id='word_1_40' title='bbox 2473 663 2496 688; x_wconf 72' lang='lat'><strong>&gt;2</strong></span> <span class='ocrx_word' id='word_1_41' title='bbox 2527 647 2671 706; x_wconf 91' lang='lat' dir='ltr'><strong>Item,</strong></span> 
     </span>
     <span class='ocr_line' id='line_1_5' title="bbox 560 723 2676 789; baseline 0.001 -20"><span class='ocrx_word' id='word_1_42' title='bbox 560 726 686 771; x_wconf 93' lang='lat' dir='ltr'><strong>Deus</strong></span> <span class='ocrx_word' id='word_1_43' title='bbox 720 723 870 770; x_wconf 89' lang='lat' dir='ltr'><strong>filium</strong></span> <span class='ocrx_word' id='word_1_44' title='bbox 905 741 1044 771; x_wconf 91' lang='lat' dir='ltr'><strong>suum</strong></span> <span class='ocrx_word' id='word_1_45' title='bbox 1082 724 1207 771; x_wconf 90' lang='lat' dir='ltr'>misit</span> <span class='ocrx_word' id='word_1_46' title='bbox 1240 734 1406 771; x_wconf 90' lang='lat' dir='ltr'><strong>natum</strong></span> <span class='ocrx_word' id='word_1_47' title='bbox 1435 725 1495 773; x_wconf 91' lang='lat' dir='ltr'><strong>de</strong></span> <span class='ocrx_word' id='word_1_48' title='bbox 1526 725 1748 785; x_wconf 90' lang='lat' dir='ltr'><strong>muliere,</strong></span> <span class='ocrx_word' id='word_1_49' title='bbox 1785 725 1961 771; x_wconf 89' lang='lat' dir='ltr'><strong>factum</strong></span> <span class='ocrx_word' id='word_1_50' title='bbox 1994 724 2083 772; x_wconf 93' lang='lat' dir='ltr'><strong>sub</strong></span> <span class='ocrx_word' id='word_1_51' title='bbox 2116 724 2243 788; x_wconf 87' lang='lat' dir='ltr'><strong>lege,</strong></span> <span class='ocrx_word' id='word_1_52' title='bbox 2277 734 2329 771; x_wconf 92' lang='lat' dir='ltr'><strong>ut</strong></span> <span class='ocrx_word' id='word_1_53' title='bbox 2359 741 2441 772; x_wconf 92' lang='lat' dir='ltr'><strong>eos</strong></span> <span class='ocrx_word' id='word_1_54' title='bbox 2469 725 2553 789; x_wconf 89' lang='lat' dir='ltr'><strong>qui</strong></span> <span class='ocrx_word' id='word_1_55' title='bbox 2587 724 2676 773; x_wconf 91' lang='lat' dir='ltr'><strong>sub</strong></span> 
     </span>
     <span class='ocr_line' id='line_1_6' title="bbox 558 803 2677 870; baseline 0.001 -20"><span class='ocrx_word' id='word_1_56' title='bbox 558 803 661 866; x_wconf 89' lang='lat' dir='ltr'><strong>lege</strong></span> <span class='ocrx_word' id='word_1_57' title='bbox 679 813 813 850; x_wconf 86' lang='lat' dir='ltr'><strong>erant</strong></span> <span class='ocrx_word' id='word_1_58' title='bbox 840 803 1117 864; x_wconf 81' lang='lat' dir='ltr'><strong>redimeret,</strong></span> <span class='ocrx_word' id='word_1_59' title='bbox 1140 814 1185 851; x_wconf 88' lang='lat' dir='ltr'><strong>et</strong></span> <span class='ocrx_word' id='word_1_60' title='bbox 1207 804 1297 870; x_wconf 92' lang='lat' dir='ltr'><strong>ipsi</strong></span> <span class='ocrx_word' id='word_1_61' title='bbox 1319 804 1411 869; x_wconf 89' lang='lat' dir='ltr'><strong>legi</strong></span> <span class='ocrx_word' id='word_1_62' title='bbox 1429 805 1643 869; x_wconf 84' lang='lat' dir='ltr'><strong>requiem</strong></span> <span class='ocrx_word' id='word_1_63' title='bbox 1659 805 1793 852; x_wconf 86' lang='lat' dir='ltr'><strong>daret</strong></span> <span class='ocrx_word' id='word_1_64' title='bbox 1818 823 1827 851; x_wconf 72' lang='grc' dir='ltr'><strong><em>ε</em></strong></span> <span class='ocrx_word' id='word_1_65' title='bbox 1850 814 1896 852; x_wconf 88' lang='lat' dir='ltr'><strong>et</strong></span> <span class='ocrx_word' id='word_1_66' title='bbox 1920 814 1971 851; x_wconf 94' lang='lat' dir='ltr'><strong>ut</strong></span> <span class='ocrx_word' id='word_1_67' title='bbox 1989 821 2134 852; x_wconf 89' lang='lat' dir='ltr'><strong>nemo</strong></span> <span class='ocrx_word' id='word_1_68' title='bbox 2159 804 2286 852; x_wconf 88' lang='lat' dir='ltr'><strong>dicat</strong></span> <span class='ocrx_word' id='word_1_69' title='bbox 2310 805 2421 869; x_wconf 92' lang='lat' dir='ltr'><strong>quia</strong></span> <span class='ocrx_word' id='word_1_70' title='bbox 2438 804 2548 852; x_wconf 91' lang='lat' dir='ltr'><strong>ideo</strong></span> <span class='ocrx_word' id='word_1_71' title='bbox 2571 820 2677 852; x_wconf 87' lang='lat' dir='ltr'><strong>eam</strong></span> 
     </span>
     <span class='ocr_line' id='line_1_7' title="bbox 560 884 2678 952; baseline 0.001 -22"><span class='ocrx_word' id='word_1_72' title='bbox 560 884 819 944; x_wconf 82' lang='lat' dir='ltr'><strong>evacuavit,</strong></span> <span class='ocrx_word' id='word_1_73' title='bbox 849 885 960 949; x_wconf 91' lang='lat' dir='ltr'><strong>quia</strong></span> <span class='ocrx_word' id='word_1_74' title='bbox 986 902 1093 932; x_wconf 89' lang='lat' dir='ltr'><strong>eam</strong></span> <span class='ocrx_word' id='word_1_75' title='bbox 1111 885 1352 951; x_wconf 89' lang='lat' dir='ltr'><strong>complere</strong></span> <span class='ocrx_word' id='word_1_76' title='bbox 1380 897 1431 933; x_wconf 85' lang='lat' dir='ltr'><strong>ut</strong></span> <span class='ocrx_word' id='word_1_77' title='bbox 1449 887 1700 934; x_wconf 89' lang='lat' dir='ltr'><strong>molestam</strong></span> <span class='ocrx_word' id='word_1_78' title='bbox 1717 896 1762 933; x_wconf 92' lang='lat' dir='ltr'><strong>et</strong></span> <span class='ocrx_word' id='word_1_79' title='bbox 1777 885 1976 933; x_wconf 89' lang='lat' dir='ltr'><strong>arduam</strong></span> <span class='ocrx_word' id='word_1_80' title='bbox 1992 902 2092 933; x_wconf 90' lang='lat' dir='ltr'><strong>non</strong></span> <span class='ocrx_word' id='word_1_81' title='bbox 2114 886 2286 948; x_wconf 88' lang='lat' dir='ltr'><strong>valuit,</strong></span> <span class='ocrx_word' id='word_1_82' title='bbox 2308 887 2408 951; x_wconf 88' lang='lat' dir='ltr'><strong>ipse</strong></span> <span class='ocrx_word' id='word_1_83' title='bbox 2425 886 2559 952; x_wconf 90' lang='lat' dir='ltr'><strong>prius</strong></span> <span class='ocrx_word' id='word_1_84' title='bbox 2572 901 2678 934; x_wconf 89' lang='lat' dir='ltr'><strong>eam</strong></span> 
     </span>
     <span class='ocr_line' id='line_1_8' title="bbox 560 963 1460 1030; baseline 0.003 -20"><span class='ocrx_word' id='word_1_85' title='bbox 560 963 843 1028; x_wconf 88' lang='lat' dir='ltr'><strong>complevit,</strong></span> <span class='ocrx_word' id='word_1_86' title='bbox 863 975 908 1012; x_wconf 90' lang='lat' dir='ltr'><strong>et</strong></span> <span class='ocrx_word' id='word_1_87' title='bbox 926 965 991 1011; x_wconf 90' lang='lat' dir='ltr'><strong>sic</strong></span> <span class='ocrx_word' id='word_1_88' title='bbox 1017 965 1126 1012; x_wconf 88' lang='lat' dir='ltr'><strong>fecit</strong></span> <span class='ocrx_word' id='word_1_89' title='bbox 1150 966 1460 1030; x_wconf 88' lang='lat' dir='ltr'><strong>requiescere.</strong></span> 
     </span>
    </p>

    <p class='ocr_par' dir='ltr' id='par_1_3' title="bbox 536 1045 2695 3282">
     <span class='ocr_line' id='line_1_9' title="bbox 624 1045 2678 1112; baseline 0 -21"><span class='ocrx_word' id='word_1_90' title='bbox 624 1048 790 1092; x_wconf 90' lang='lat' dir='ltr'><strong>Factus</strong></span> <span class='ocrx_word' id='word_1_91' title='bbox 813 1055 881 1092; x_wconf 87' lang='lat' dir='ltr'><strong>est</strong></span> <span class='ocrx_word' id='word_1_92' title='bbox 905 1046 1064 1110; x_wconf 92' lang='lat' dir='ltr'><strong>itaque</strong></span> <span class='ocrx_word' id='word_1_93' title='bbox 1089 1046 1177 1093; x_wconf 91' lang='lat' dir='ltr'><strong>sub</strong></span> <span class='ocrx_word' id='word_1_94' title='bbox 1195 1046 1322 1112; x_wconf 87' lang='lat' dir='ltr'><strong>lege,</strong></span> <span class='ocrx_word' id='word_1_95' title='bbox 1346 1057 1397 1094; x_wconf 91' lang='lat' dir='ltr'><strong>ut</strong></span> <span class='ocrx_word' id='word_1_96' title='bbox 1424 1048 1490 1094; x_wconf 90' lang='lat' dir='ltr'><strong>sic</strong></span> <span class='ocrx_word' id='word_1_97' title='bbox 1510 1047 1858 1111; x_wconf 84' lang='lat' dir='ltr'><strong>competentius</strong></span> <span class='ocrx_word' id='word_1_98' title='bbox 1874 1063 1963 1093; x_wconf 90' lang='lat' dir='ltr'><strong>nos</strong></span> <span class='ocrx_word' id='word_1_99' title='bbox 1985 1046 2205 1095; x_wconf 86' lang='lat' dir='ltr'><strong>liberaret</strong></span> <span class='ocrx_word' id='word_1_100' title='bbox 2220 1063 2248 1094; x_wconf 92' lang='lat' dir='ltr'><strong>a</strong></span> <span class='ocrx_word' id='word_1_101' title='bbox 2268 1046 2397 1111; x_wconf 88' lang='lat' dir='ltr'><strong>lege,</strong></span> <span class='ocrx_word' id='word_1_102' title='bbox 2427 1055 2473 1094; x_wconf 88' lang='lat' dir='ltr'><strong>et</strong></span> <span class='ocrx_word' id='word_1_103' title='bbox 2495 1045 2556 1094; x_wconf 92' lang='lat' dir='ltr'><strong>de</strong></span> <span class='ocrx_word' id='word_1_104' title='bbox 2578 1061 2678 1093; x_wconf 87' lang='lat' dir='ltr'><strong>ser-</strong></span> 
     </span>
     <span class='ocr_line' id='line_1_10' title="bbox 560 1124 2679 1191; baseline 0.001 -21"><span class='ocrx_word' id='word_1_105' title='bbox 560 1124 707 1171; x_wconf 84' lang='lat' dir='ltr'><strong>vitute</strong></span> <span class='ocrx_word' id='word_1_106' title='bbox 728 1124 843 1189; x_wconf 87' lang='lat' dir='ltr'><strong>legis</strong></span> <span class='ocrx_word' id='word_1_107' title='bbox 873 1126 921 1172; x_wconf 94' lang='lat' dir='ltr'><strong>in</strong></span> <span class='ocrx_word' id='word_1_108' title='bbox 948 1125 1212 1174; x_wconf 87' lang='lat' dir='ltr'><strong>libertatem</strong></span> <span class='ocrx_word' id='word_1_109' title='bbox 1245 1128 1517 1175; x_wconf 79' lang='lat' dir='ltr'><strong>transferret</strong></span> <span class='ocrx_word' id='word_1_110' title='bbox 1543 1126 1810 1191; x_wconf 86' lang='lat' dir='ltr'><strong>Evangelii,</strong></span> <span class='ocrx_word' id='word_1_111' title='bbox 1840 1137 1886 1174; x_wconf 90' lang='lat' dir='ltr'><strong>et</strong></span> <span class='ocrx_word' id='word_1_112' title='bbox 1911 1126 1972 1175; x_wconf 91' lang='lat' dir='ltr'><strong>de</strong></span> <span class='ocrx_word' id='word_1_113' title='bbox 1995 1128 2167 1175; x_wconf 87' lang='lat' dir='ltr'><strong>timore</strong></span> <span class='ocrx_word' id='word_1_114' title='bbox 2194 1143 2441 1175; x_wconf 86' lang='lat' dir='ltr'><strong>servorum</strong></span> <span class='ocrx_word' id='word_1_115' title='bbox 2471 1127 2520 1173; x_wconf 91' lang='lat' dir='ltr'><strong>in</strong></span> <span class='ocrx_word' id='word_1_116' title='bbox 2546 1140 2679 1173; x_wconf 88' lang='lat' dir='ltr'><strong>amo-</strong></span> 
     </span>
     <span class='ocr_line' id='line_1_11' title="bbox 560 1205 2681 1272; baseline 0.001 -23"><span class='ocrx_word' id='word_1_117' title='bbox 560 1220 661 1250; x_wconf 88' lang='lat' dir='ltr'><strong>rem</strong></span> <span class='ocrx_word' id='word_1_118' title='bbox 702 1205 969 1253; x_wconf 86' lang='lat' dir='ltr'><strong>traduceret</strong></span> <span class='ocrx_word' id='word_1_119' title='bbox 999 1205 1225 1254; x_wconf 89' lang='lat' dir='ltr'><strong>filiorum.</strong></span> <span class='ocrx_word' id='word_1_120' title='bbox 1266 1207 1404 1255; x_wconf 85' lang='lat' dir='ltr'><strong>Liber</strong></span> <span class='ocrx_word' id='word_1_121' title='bbox 1441 1208 1618 1272; x_wconf 88' lang='lat' dir='ltr'><strong>quippe</strong></span> <span class='ocrx_word' id='word_1_122' title='bbox 1659 1217 1752 1267; x_wconf 88' lang='lat' dir='ltr'><strong>est,</strong></span> <span class='ocrx_word' id='word_1_123' title='bbox 1791 1223 1936 1272; x_wconf 91' lang='lat' dir='ltr'><strong>quem</strong></span> <span class='ocrx_word' id='word_1_124' title='bbox 1962 1208 2105 1255; x_wconf 86' lang='lat' dir='ltr'><strong>timor</strong></span> <span class='ocrx_word' id='word_1_125' title='bbox 2141 1207 2204 1255; x_wconf 90' lang='lat' dir='ltr'><strong>ad</strong></span> <span class='ocrx_word' id='word_1_126' title='bbox 2237 1206 2681 1255; x_wconf 83' lang='lat' dir='ltr'><strong>serviendum.non</strong></span> 
     </span>
     <span class='ocr_line' id='line_1_12' title="bbox 561 1283 2678 1352; baseline 0 -22"><span class='ocrx_word' id='word_1_127' title='bbox 561 1285 710 1348; x_wconf 86' lang='lat' dir='ltr'><strong>cogit,</strong></span> <span class='ocrx_word' id='word_1_128' title='bbox 747 1285 831 1333; x_wconf 93' lang='lat' dir='ltr'><strong>sed</strong></span> <span class='ocrx_word' id='word_1_129' title='bbox 864 1285 926 1333; x_wconf 92' lang='lat' dir='ltr'><strong>ad</strong></span> <span class='ocrx_word' id='word_1_130' title='bbox 951 1285 1275 1335; x_wconf 90' lang='lat' dir='ltr'><strong>obediendum</strong></span> <span class='ocrx_word' id='word_1_131' title='bbox 1303 1303 1438 1334; x_wconf 89' lang='lat' dir='ltr'><strong>amor</strong></span> <span class='ocrx_word' id='word_1_132' title='bbox 1472 1297 1788 1352; x_wconf 89' lang='lat' dir='ltr'><strong>spontaneum</strong></span> <span class='ocrx_word' id='word_1_133' title='bbox 1814 1288 1939 1335; x_wconf 88' lang='lat' dir='ltr'><strong>facit.</strong></span> <span class='ocrx_word' id='word_1_134' title='bbox 1976 1290 2091 1346; x_wconf 89' lang='lat' dir='ltr'><strong>Quae</strong></span> <span class='ocrx_word' id='word_1_135' title='bbox 2131 1287 2228 1335; x_wconf 93' lang='lat' dir='ltr'><strong>duo</strong></span> <span class='ocrx_word' id='word_1_136' title='bbox 2265 1287 2514 1351; x_wconf 86' lang='lat' dir='ltr'><strong>diligenter</strong></span> <span class='ocrx_word' id='word_1_137' title='bbox 2547 1283 2678 1332; x_wconf 86' lang='lat' dir='ltr'><strong>idem</strong></span> 
     </span>
     <span class='ocr_line' id='line_1_13' title="bbox 563 1363 2679 1433; baseline -0 -22"><span class='ocrx_word' id='word_1_138' title='bbox 563 1365 804 1430; x_wconf 90' lang='lat' dir='ltr'><strong>apostolus</strong></span> <span class='ocrx_word' id='word_1_139' title='bbox 829 1366 1102 1428; x_wconf 88' lang='lat' dir='ltr'><strong>attendens,</strong></span> <span class='ocrx_word' id='word_1_140' title='bbox 1131 1378 1178 1414; x_wconf 93' lang='lat' dir='ltr'><strong>et</strong></span> <span class='ocrx_word' id='word_1_141' title='bbox 1194 1367 1459 1415; x_wconf 85' lang='lat' dir='ltr'><strong>libertatem</strong></span> <span class='ocrx_word' id='word_1_142' title='bbox 1485 1366 1719 1428; x_wconf 84' lang='lat' dir='ltr'><strong>filiorum,</strong></span> <span class='ocrx_word' id='word_1_143' title='bbox 1747 1384 1954 1432; x_wconf 90' lang='lat' dir='ltr'><strong>quorum</strong></span> <span class='ocrx_word' id='word_1_144' title='bbox 1969 1368 2176 1433; x_wconf 88' lang='lat' dir='ltr'><strong>perfecta</strong></span> <span class='ocrx_word' id='word_1_145' title='bbox 2197 1368 2365 1433; x_wconf 86' lang='lat' dir='ltr'><strong>caritas</strong></span> <span class='ocrx_word' id='word_1_146' title='bbox 2387 1367 2513 1413; x_wconf 86' lang='lat' dir='ltr'><strong>foras</strong></span> <span class='ocrx_word' id='word_1_147' title='bbox 2537 1363 2679 1411; x_wconf 83' lang='lat' dir='ltr'><strong>mittit</strong></span> 
     </span>
     <span class='ocr_line' id='line_1_14' title="bbox 567 1444 2673 1513; baseline -0.001 -21"><span class='ocrx_word' id='word_1_148' title='bbox 567 1446 807 1507; x_wconf 85' lang='lat' dir='ltr'><strong>timorem,</strong></span> <span class='ocrx_word' id='word_1_149' title='bbox 842 1464 870 1494; x_wconf 91' lang='lat' dir='ltr'><strong>a</strong></span> <span class='ocrx_word' id='word_1_150' title='bbox 903 1448 1179 1496; x_wconf 87' lang='lat' dir='ltr'><strong>conditione</strong></span> <span class='ocrx_word' id='word_1_151' title='bbox 1204 1465 1451 1495; x_wconf 89' lang='lat' dir='ltr'><strong>servorum</strong></span> <span class='ocrx_word' id='word_1_152' title='bbox 1480 1448 1796 1513; x_wconf 87' lang='lat' dir='ltr'><strong>distinguens,</strong></span> <span class='ocrx_word' id='word_1_153' title='bbox 1824 1447 2036 1513; x_wconf 87' lang='lat' dir='ltr'><strong>quodam</strong></span> <span class='ocrx_word' id='word_1_154' title='bbox 2060 1448 2168 1495; x_wconf 91' lang='lat' dir='ltr'><strong>loco</strong></span> <span class='ocrx_word' id='word_1_155' title='bbox 2196 1448 2420 1495; x_wconf 88' lang='lat' dir='ltr'><strong>Romanis</strong></span> <span class='ocrx_word' id='word_1_156' title='bbox 2450 1444 2636 1493; x_wconf 83' lang='lat' dir='ltr'><strong>scribit²</strong></span> <span class='ocrx_word' id='word_1_157' title='bbox 2662 1462 2673 1490; x_wconf 70' lang='grc' dir='ltr'>ε</span> 
     </span>
     <span class='ocr_line' id='line_1_15' title="bbox 568 1523 2678 1595; baseline -0.001 -22"><span class='ocrx_word' id='word_1_158' title='bbox 568 1547 590 1572; x_wconf 88' lang='lat'>«</span> <span class='ocrx_word' id='word_1_159' title='bbox 615 1530 717 1575; x_wconf 90' lang='lat' dir='ltr'><strong>Non</strong></span> <span class='ocrx_word' id='word_1_160' title='bbox 746 1529 874 1575; x_wconf 90' lang='lat' dir='ltr'><strong>enim</strong></span> <span class='ocrx_word' id='word_1_161' title='bbox 896 1530 1139 1594; x_wconf 87' lang='lat' dir='ltr'><strong>accepistis</strong></span> <span class='ocrx_word' id='word_1_162' title='bbox 1158 1531 1375 1595; x_wconf 89' lang='lat' dir='ltr'><strong>spiritum</strong></span> <span class='ocrx_word' id='word_1_163' title='bbox 1400 1531 1634 1577; x_wconf 90' lang='lat' dir='ltr'><strong>servitutis</strong></span> <span class='ocrx_word' id='word_1_164' title='bbox 1659 1531 1830 1577; x_wconf 90' lang='lat' dir='ltr'><strong>iterum</strong></span> <span class='ocrx_word' id='word_1_165' title='bbox 1859 1531 1908 1576; x_wconf 90' lang='lat' dir='ltr'><strong>in</strong></span> <span class='ocrx_word' id='word_1_166' title='bbox 1935 1530 2128 1589; x_wconf 91' lang='lat' dir='ltr'><strong>timore,</strong></span> <span class='ocrx_word' id='word_1_167' title='bbox 2159 1528 2243 1575; x_wconf 89' lang='lat' dir='ltr'><strong>sed</strong></span> <span class='ocrx_word' id='word_1_168' title='bbox 2268 1526 2512 1591; x_wconf 87' lang='lat' dir='ltr'><strong>accepistis</strong></span> <span class='ocrx_word' id='word_1_169' title='bbox 2542 1523 2678 1589; x_wconf 89' lang='lat' dir='ltr'><strong>spiri-</strong></span> 
     </span>
     <span class='ocr_line' id='line_1_16' title="bbox 566 1607 2676 1675; baseline -0.003 -21"><span class='ocrx_word' id='word_1_170' title='bbox 566 1618 667 1654; x_wconf 89' lang='lat' dir='ltr'><strong>tum</strong></span> <span class='ocrx_word' id='word_1_171' title='bbox 686 1608 957 1674; x_wconf 91' lang='lat' dir='ltr'><strong>adoptionis</strong></span> <span class='ocrx_word' id='word_1_172' title='bbox 977 1611 1024 1656; x_wconf 91' lang='lat' dir='ltr'><strong>in</strong></span> <span class='ocrx_word' id='word_1_173' title='bbox 1043 1626 1139 1674; x_wconf 91' lang='lat' dir='ltr'><strong>quo</strong></span> <span class='ocrx_word' id='word_1_174' title='bbox 1159 1610 1443 1657; x_wconf 83' lang='lat' dir='ltr'><strong>clamamus:</strong></span> <span class='ocrx_word' id='word_1_175' title='bbox 1461 1609 1608 1668; x_wconf 78' lang='lat' dir='ltr'><strong>Abba,</strong></span> <span class='ocrx_word' id='word_1_176' title='bbox 1626 1620 1777 1675; x_wconf 84' lang='lat' dir='ltr'><strong>pater.</strong></span> <span class='ocrx_word' id='word_1_177' title='bbox 1800 1629 1822 1654; x_wconf 87' lang='lat'>»</span> <span class='ocrx_word' id='word_1_178' title='bbox 1842 1613 1899 1656; x_wconf 90' lang='lat' dir='ltr'><strong>Et</strong></span> <span class='ocrx_word' id='word_1_179' title='bbox 1917 1610 1966 1656; x_wconf 91' lang='lat' dir='ltr'><strong>in</strong></span> <span class='ocrx_word' id='word_1_180' title='bbox 1980 1609 2070 1656; x_wconf 91' lang='lat' dir='ltr'><strong>hac</strong></span> <span class='ocrx_word' id='word_1_181' title='bbox 2085 1609 2186 1674; x_wconf 88' lang='lat' dir='ltr'><strong>ipsa</strong></span> <span class='ocrx_word' id='word_1_182' title='bbox 2206 1607 2426 1673; x_wconf 78' lang='lat' dir='ltr'><strong>epistola³</strong></span> <span class='ocrx_word' id='word_1_183' title='bbox 2447 1625 2456 1652; x_wconf 73' lang='grc' dir='ltr'>ι</span> <span class='ocrx_word' id='word_1_184' title='bbox 2479 1607 2633 1664; x_wconf 87' lang='lat' dir='ltr'><strong>«Vos,</strong></span> <span class='ocrx_word' id='word_1_185' title='bbox 2652 1622 2676 1647; x_wconf 90' lang='lat'>»</span> 
     </span>
     <span class='ocr_line' id='line_1_17' title="bbox 564 1685 2680 1751; baseline -0.001 -18"><span class='ocrx_word' id='word_1_186' title='bbox 564 1687 713 1751; x_wconf 87' lang='lat' dir='ltr'><strong>inquit</strong></span> <span class='ocrx_word' id='word_1_187' title='bbox 729 1725 741 1749; x_wconf 92' lang='lat'><strong>,</strong></span> <span class='ocrx_word' id='word_1_188' title='bbox 775 1709 796 1734; x_wconf 91' lang='lat'>«</span> <span class='ocrx_word' id='word_1_189' title='bbox 817 1690 864 1736; x_wconf 91' lang='lat' dir='ltr'><strong>in</strong></span> <span class='ocrx_word' id='word_1_190' title='bbox 892 1689 1157 1737; x_wconf 86' lang='lat' dir='ltr'><strong>libertatem</strong></span> <span class='ocrx_word' id='word_1_191' title='bbox 1175 1690 1330 1737; x_wconf 86' lang='lat' dir='ltr'><strong>vocati</strong></span> <span class='ocrx_word' id='word_1_192' title='bbox 1352 1690 1460 1737; x_wconf 92' lang='lat' dir='ltr'><strong>estis</strong></span> <span class='ocrx_word' id='word_1_193' title='bbox 1483 1689 1647 1736; x_wconf 85' lang='lat' dir='ltr'><strong>fratres</strong></span> <span class='ocrx_word' id='word_1_194' title='bbox 1667 1708 1678 1736; x_wconf 78' lang='lat' dir='ltr'><strong><em>z</em></strong></span> <span class='ocrx_word' id='word_1_195' title='bbox 1701 1699 1885 1736; x_wconf 89' lang='lat' dir='ltr'><strong>tantum</strong></span> <span class='ocrx_word' id='word_1_196' title='bbox 1918 1705 1979 1736; x_wconf 92' lang='lat' dir='ltr'><strong>ne</strong></span> <span class='ocrx_word' id='word_1_197' title='bbox 2003 1688 2268 1736; x_wconf 88' lang='lat' dir='ltr'><strong>libertatem</strong></span> <span class='ocrx_word' id='word_1_198' title='bbox 2301 1687 2352 1733; x_wconf 88' lang='lat' dir='ltr'><strong>in</strong></span> <span class='ocrx_word' id='word_1_199' title='bbox 2379 1685 2680 1733; x_wconf 84' lang='lat' dir='ltr'><strong>occasionem</strong></span> 
     </span>
     <span class='ocr_line' id='line_1_18' title="bbox 566 1767 2680 1836; baseline -0.002 -20"><span class='ocrx_word' id='word_1_200' title='bbox 566 1769 684 1817; x_wconf 90' lang='lat' dir='ltr'><strong>detis</strong></span> <span class='ocrx_word' id='word_1_201' title='bbox 708 1771 889 1832; x_wconf 89' lang='lat' dir='ltr'><strong>carnis,</strong></span> <span class='ocrx_word' id='word_1_202' title='bbox 916 1771 999 1818; x_wconf 86' lang='lat' dir='ltr'><strong>sed</strong></span> <span class='ocrx_word' id='word_1_203' title='bbox 1022 1788 1107 1836; x_wconf 90' lang='lat' dir='ltr'><strong>per</strong></span> <span class='ocrx_word' id='word_1_204' title='bbox 1131 1771 1373 1818; x_wconf 86' lang='lat' dir='ltr'><strong>caritatem</strong></span> <span class='ocrx_word' id='word_1_205' title='bbox 1398 1771 1567 1818; x_wconf 87' lang='lat' dir='ltr'><strong>servite</strong></span> <span class='ocrx_word' id='word_1_206' title='bbox 1590 1770 1809 1817; x_wconf 91' lang='lat' dir='ltr'><strong>invicem.</strong></span> <span class='ocrx_word' id='word_1_207' title='bbox 1828 1769 1997 1816; x_wconf 92' lang='lat' dir='ltr'><strong>Omnis</strong></span> <span class='ocrx_word' id='word_1_208' title='bbox 2022 1769 2150 1816; x_wconf 91' lang='lat' dir='ltr'><strong>enim</strong></span> <span class='ocrx_word' id='word_1_209' title='bbox 2168 1767 2243 1814; x_wconf 90' lang='lat' dir='ltr'><strong>lex</strong></span> <span class='ocrx_word' id='word_1_210' title='bbox 2265 1767 2315 1814; x_wconf 91' lang='lat' dir='ltr'><strong>in</strong></span> <span class='ocrx_word' id='word_1_211' title='bbox 2340 1782 2439 1813; x_wconf 92' lang='lat' dir='ltr'><strong>uno</strong></span> <span class='ocrx_word' id='word_1_212' title='bbox 2458 1779 2680 1813; x_wconf 88' lang='lat' dir='ltr'><strong>sermone</strong></span> 
     </span>
     <span class='ocr_line' id='line_1_19' title="bbox 567 1843 2682 1918; baseline -0.003 -20"><span class='ocrx_word' id='word_1_213' title='bbox 567 1852 789 1916; x_wconf 88' lang='lat' dir='ltr'><strong>impletur</strong></span> <span class='ocrx_word' id='word_1_214' title='bbox 819 1871 828 1898; x_wconf 90' lang='lat'>:</span> <span class='ocrx_word' id='word_1_215' title='bbox 864 1872 887 1898; x_wconf 74' lang='lat' dir='ltr'><strong>&lt;c</strong></span> <span class='ocrx_word' id='word_1_216' title='bbox 910 1853 1086 1917; x_wconf 87' lang='lat' dir='ltr'><strong>Diliges</strong></span> <span class='ocrx_word' id='word_1_217' title='bbox 1108 1852 1380 1918; x_wconf 84' lang='lat' dir='ltr'><strong>proximum</strong></span> <span class='ocrx_word' id='word_1_218' title='bbox 1407 1862 1543 1898; x_wconf 91' lang='lat' dir='ltr'><strong>tuum</strong></span> <span class='ocrx_word' id='word_1_219' title='bbox 1575 1851 1695 1898; x_wconf 88' lang='lat' dir='ltr'><strong>sicut</strong></span> <span class='ocrx_word' id='word_1_220' title='bbox 1719 1851 1941 1916; x_wconf 88' lang='lat' dir='ltr'><strong>teipsum.</strong></span> <span class='ocrx_word' id='word_1_221' title='bbox 1966 1869 1989 1894; x_wconf 92' lang='lat'>»</span> <span class='ocrx_word' id='word_1_222' title='bbox 2018 1849 2282 1909; x_wconf 88' lang='lat' dir='ltr'><strong>Attendite,</strong></span> <span class='ocrx_word' id='word_1_223' title='bbox 2322 1848 2510 1908; x_wconf 81' lang='lat' dir='ltr'><strong>fratres,</strong></span> <span class='ocrx_word' id='word_1_224' title='bbox 2549 1843 2682 1910; x_wconf 90' lang='lat' dir='ltr'><strong>quod</strong></span> 
     </span>
     <span class='ocr_line' id='line_1_20' title="bbox 566 1929 2687 1996; baseline -0.003 -18"><span class='ocrx_word' id='word_1_225' title='bbox 566 1932 930 1996; x_wconf 51' lang='lat' dir='ltr'><strong>quum-dixisset</strong></span> <span class='ocrx_word' id='word_1_226' title='bbox 953 1951 962 1979; x_wconf 93' lang='lat'>:</span> <span class='ocrx_word' id='word_1_227' title='bbox 997 1952 1021 1979; x_wconf 92' lang='lat'>«</span> <span class='ocrx_word' id='word_1_228' title='bbox 1048 1936 1101 1979; x_wconf 91' lang='lat' dir='ltr'><strong>In</strong></span> <span class='ocrx_word' id='word_1_229' title='bbox 1123 1932 1389 1979; x_wconf 88' lang='lat' dir='ltr'><strong>libertatem</strong></span> <span class='ocrx_word' id='word_1_230' title='bbox 1419 1932 1606 1978; x_wconf 89' lang='lat' dir='ltr'><strong>vocavit</strong></span> <span class='ocrx_word' id='word_1_231' title='bbox 1626 1947 1716 1979; x_wconf 91' lang='lat' dir='ltr'><strong>nos</strong></span> <span class='ocrx_word' id='word_1_232' title='bbox 1737 1933 1890 1991; x_wconf 91' lang='lat' dir='ltr'><strong>Deus,</strong></span> <span class='ocrx_word' id='word_1_233' title='bbox 1921 1948 1944 1974; x_wconf 68' lang='grc' dir='ltr'><strong>ι)</strong></span> <span class='ocrx_word' id='word_1_234' title='bbox 1979 1930 2135 1976; x_wconf 89' lang='lat' dir='ltr'><strong>statim</strong></span> <span class='ocrx_word' id='word_1_235' title='bbox 2152 1929 2342 1992; x_wconf 91' lang='lat' dir='ltr'><strong>adjecit,</strong></span> <span class='ocrx_word' id='word_1_236' title='bbox 2370 1947 2393 1972; x_wconf 88' lang='lat'><strong><em>«</em></strong></span> <span class='ocrx_word' id='word_1_237' title='bbox 2411 1937 2598 1975; x_wconf 88' lang='lat' dir='ltr'><strong>tantum</strong></span> <span class='ocrx_word' id='word_1_238' title='bbox 2622 1940 2687 1972; x_wconf 85' lang='lat' dir='ltr'><strong>ne</strong></span> 
     </span>
     <span class='ocr_line' id='line_1_21' title="bbox 567 2006 2687 2075; baseline -0.002 -18"><span class='ocrx_word' id='word_1_239' title='bbox 567 2011 831 2059; x_wconf 85' lang='lat' dir='ltr'><strong>libertatem</strong></span> <span class='ocrx_word' id='word_1_240' title='bbox 856 2012 975 2059; x_wconf 91' lang='lat' dir='ltr'><strong>detis</strong></span> <span class='ocrx_word' id='word_1_241' title='bbox 997 2013 1046 2059; x_wconf 93' lang='lat' dir='ltr'><strong>in</strong></span> <span class='ocrx_word' id='word_1_242' title='bbox 1073 2012 1372 2059; x_wconf 90' lang='lat' dir='ltr'><strong>occasionem</strong></span> <span class='ocrx_word' id='word_1_243' title='bbox 1399 2011 1569 2058; x_wconf 87' lang='lat' dir='ltr'><strong>carnis.</strong></span> <span class='ocrx_word' id='word_1_244' title='bbox 1596 2029 1620 2055; x_wconf 88' lang='lat'>»</span> <span class='ocrx_word' id='word_1_245' title='bbox 1642 2014 1886 2075; x_wconf 90' lang='lat' dir='ltr'><strong>Tanquam</strong></span> <span class='ocrx_word' id='word_1_246' title='bbox 1912 2010 1950 2056; x_wconf 91' lang='lat' dir='ltr'><strong>si</strong></span> <span class='ocrx_word' id='word_1_247' title='bbox 1974 2009 2152 2056; x_wconf 91' lang='lat' dir='ltr'><strong>diceret</strong></span> <span class='ocrx_word' id='word_1_248' title='bbox 2174 2027 2184 2055; x_wconf 77' lang='lat' dir='ltr'><strong>t</strong></span> <span class='ocrx_word' id='word_1_249' title='bbox 2216 2011 2319 2055; x_wconf 92' lang='lat' dir='ltr'><strong>Hoc</strong></span> <span class='ocrx_word' id='word_1_250' title='bbox 2342 2024 2494 2055; x_wconf 90' lang='lat' dir='ltr'><strong>unum</strong></span> <span class='ocrx_word' id='word_1_251' title='bbox 2516 2008 2567 2054; x_wconf 91' lang='lat' dir='ltr'><strong>in</strong></span> <span class='ocrx_word' id='word_1_252' title='bbox 2594 2006 2687 2054; x_wconf 87' lang='lat' dir='ltr'><strong>hac</strong></span> 
     </span>
     <span class='ocr_line' id='line_1_22' title="bbox 570 2089 2684 2157; baseline -0.001 -20"><span class='ocrx_word' id='word_1_253' title='bbox 570 2091 840 2139; x_wconf 91' lang='lat' dir='ltr'><strong>obedientia</strong></span> <span class='ocrx_word' id='word_1_254' title='bbox 862 2092 1088 2139; x_wconf 87' lang='lat' dir='ltr'><strong>libertatis</strong></span> <span class='ocrx_word' id='word_1_255' title='bbox 1113 2091 1445 2157; x_wconf 88' lang='lat' dir='ltr'><strong>providentes,</strong></span> <span class='ocrx_word' id='word_1_256' title='bbox 1473 2107 1534 2138; x_wconf 93' lang='lat' dir='ltr'><strong>ne</strong></span> <span class='ocrx_word' id='word_1_257' title='bbox 1559 2091 1680 2138; x_wconf 88' lang='lat' dir='ltr'><strong>forte</strong></span> <span class='ocrx_word' id='word_1_258' title='bbox 1705 2092 1817 2155; x_wconf 90' lang='lat' dir='ltr'><strong>quia</strong></span> <span class='ocrx_word' id='word_1_259' title='bbox 1842 2091 1957 2155; x_wconf 88' lang='lat' dir='ltr'><strong>legis</strong></span> <span class='ocrx_word' id='word_1_260' title='bbox 1979 2106 2173 2155; x_wconf 88' lang='lat' dir='ltr'><strong>poenam</strong></span> <span class='ocrx_word' id='word_1_261' title='bbox 2197 2105 2296 2136; x_wconf 91' lang='lat' dir='ltr'><strong>non</strong></span> <span class='ocrx_word' id='word_1_262' title='bbox 2326 2089 2573 2147; x_wconf 90' lang='lat' dir='ltr'><strong>timemus,</strong></span> <span class='ocrx_word' id='word_1_263' title='bbox 2603 2103 2684 2134; x_wconf 89' lang='lat' dir='ltr'><strong>oc—</strong></span> 
     </span>
     <span class='ocr_line' id='line_1_23' title="bbox 572 2166 2687 2238; baseline -0.002 -20"><span class='ocrx_word' id='word_1_264' title='bbox 572 2172 812 2219; x_wconf 90' lang='lat' dir='ltr'><strong>casionem</strong></span> <span class='ocrx_word' id='word_1_265' title='bbox 837 2172 897 2219; x_wconf 92' lang='lat' dir='ltr'><strong>de</strong></span> <span class='ocrx_word' id='word_1_266' title='bbox 921 2173 1200 2238; x_wconf 89' lang='lat' dir='ltr'><strong>impunitate</strong></span> <span class='ocrx_word' id='word_1_267' title='bbox 1226 2182 1489 2231; x_wconf 82' lang='lat' dir='ltr'><strong>sumenteS,</strong></span> <span class='ocrx_word' id='word_1_268' title='bbox 1525 2172 1735 2219; x_wconf 90' lang='lat' dir='ltr'><strong>securius</strong></span> <span class='ocrx_word' id='word_1_269' title='bbox 1760 2171 1892 2217; x_wconf 87' lang='lat' dir='ltr'><strong>carni</strong></span> <span class='ocrx_word' id='word_1_270' title='bbox 1916 2166 2201 2230; x_wconf 88' lang='lat' dir='ltr'><strong>serviamus,</strong></span> <span class='ocrx_word' id='word_1_271' title='bbox 2233 2179 2280 2216; x_wconf 87' lang='lat' dir='ltr'><strong>et</strong></span> <span class='ocrx_word' id='word_1_272' title='bbox 2301 2168 2493 2216; x_wconf 89' lang='lat' dir='ltr'><strong>libertas</strong></span> <span class='ocrx_word' id='word_1_273' title='bbox 2516 2184 2687 2232; x_wconf 88' lang='lat' dir='ltr'><strong>corpo·</strong></span> 
     </span>
     <span class='ocr_line' id='line_1_24' title="bbox 570 2248 2688 2317; baseline -0.002 -18"><span class='ocrx_word' id='word_1_274' title='bbox 570 2252 677 2299; x_wconf 89' lang='lat' dir='ltr'><strong>ralis</strong></span> <span class='ocrx_word' id='word_1_275' title='bbox 715 2251 868 2300; x_wconf 88' lang='lat' dir='ltr'><strong>deleat</strong></span> <span class='ocrx_word' id='word_1_276' title='bbox 897 2253 1171 2317; x_wconf 88' lang='lat' dir='ltr'><strong>spiritalem.</strong></span> <span class='ocrx_word' id='word_1_277' title='bbox 1211 2255 1365 2310; x_wconf 91' lang='lat' dir='ltr'><strong>Quam</strong></span> <span class='ocrx_word' id='word_1_278' title='bbox 1399 2262 1445 2299; x_wconf 89' lang='lat' dir='ltr'><strong>et</strong></span> <span class='ocrx_word' id='word_1_279' title='bbox 1478 2252 1588 2300; x_wconf 91' lang='lat' dir='ltr'><strong>alibi</strong></span> <span class='ocrx_word' id='word_1_280' title='bbox 1617 2251 1911 2317; x_wconf 83' lang='lat' dir='ltr'><strong>praeveniens</strong></span> <span class='ocrx_word' id='word_1_281' title='bbox 1945 2250 2271 2310; x_wconf 90' lang='lat' dir='ltr'><strong>occasionem,</strong></span> <span class='ocrx_word' id='word_1_282' title='bbox 2308 2249 2531 2296; x_wconf 90' lang='lat' dir='ltr'><strong>Romanis</strong></span> <span class='ocrx_word' id='word_1_283' title='bbox 2562 2248 2688 2296; x_wconf 91' lang='lat' dir='ltr'><strong>dice-</strong></span> 
     </span>
     <span class='ocr_line' id='line_1_25' title="bbox 569 2327 2687 2394; baseline -0.001 -16"><span class='ocrx_word' id='word_1_284' title='bbox 569 2331 671 2379; x_wconf 66' lang='lat' dir='ltr'><strong>bat⁴</strong></span> <span class='ocrx_word' id='word_1_285' title='bbox 701 2351 710 2378; x_wconf 82' lang='lat' dir='ltr'><em>z</em></span> <span class='ocrx_word' id='word_1_286' title='bbox 743 2352 765 2377; x_wconf 90' lang='lat'>«</span> <span class='ocrx_word' id='word_1_287' title='bbox 796 2335 1046 2380; x_wconf 87' lang='lat' dir='ltr'><strong>Peccatum</strong></span> <span class='ocrx_word' id='word_1_288' title='bbox 1068 2331 1203 2380; x_wconf 91' lang='lat' dir='ltr'><strong>vobis</strong></span> <span class='ocrx_word' id='word_1_289' title='bbox 1228 2348 1327 2378; x_wconf 90' lang='lat' dir='ltr'><strong>non</strong></span> <span class='ocrx_word' id='word_1_290' title='bbox 1348 2331 1689 2379; x_wconf 89' lang='lat' dir='ltr'><strong>dominabitur.</strong></span> <span class='ocrx_word' id='word_1_291' title='bbox 1714 2334 1820 2379; x_wconf 92' lang='lat' dir='ltr'><strong>Non</strong></span> <span class='ocrx_word' id='word_1_292' title='bbox 1840 2332 1967 2378; x_wconf 90' lang='lat' dir='ltr'><strong>enim</strong></span> <span class='ocrx_word' id='word_1_293' title='bbox 1987 2330 2196 2394; x_wconf 85' lang='lat' dir='ltr'><strong>sublege</strong></span> <span class='ocrx_word' id='word_1_294' title='bbox 2220 2330 2354 2389; x_wconf 89' lang='lat' dir='ltr'><strong>estis,</strong></span> <span class='ocrx_word' id='word_1_295' title='bbox 2377 2328 2462 2376; x_wconf 91' lang='lat' dir='ltr'><strong>sed</strong></span> <span class='ocrx_word' id='word_1_296' title='bbox 2480 2327 2569 2376; x_wconf 88' lang='lat' dir='ltr'><strong>sub</strong></span> <span class='ocrx_word' id='word_1_297' title='bbox 2586 2345 2687 2393; x_wconf 83' lang='lat' dir='ltr'><strong>gra-</strong></span> 
     </span>
     <span class='ocr_line' id='line_1_26' title="bbox 571 2408 2687 2476; baseline -0.001 -18"><span class='ocrx_word' id='word_1_298' title='bbox 571 2413 649 2459; x_wconf 90' lang='lat' dir='ltr'><strong>tia.</strong></span> <span class='ocrx_word' id='word_1_299' title='bbox 690 2412 817 2470; x_wconf 88' lang='lat' dir='ltr'><strong>Quid</strong></span> <span class='ocrx_word' id='word_1_300' title='bbox 850 2412 994 2476; x_wconf 77' lang='lat' dir='ltr'><strong>ergo?</strong></span> <span class='ocrx_word' id='word_1_301' title='bbox 1034 2411 1364 2472; x_wconf 82' lang='lat' dir='ltr'><strong>Peccabimus,</strong></span> <span class='ocrx_word' id='word_1_302' title='bbox 1403 2412 1631 2476; x_wconf 91' lang='lat' dir='ltr'><strong>quoniam</strong></span> <span class='ocrx_word' id='word_1_303' title='bbox 1668 2428 1769 2458; x_wconf 90' lang='lat' dir='ltr'><strong>non</strong></span> <span class='ocrx_word' id='word_1_304' title='bbox 1805 2426 1969 2457; x_wconf 90' lang='lat' dir='ltr'><strong>sumus</strong></span> <span class='ocrx_word' id='word_1_305' title='bbox 1998 2409 2086 2457; x_wconf 91' lang='lat' dir='ltr'><strong>sub</strong></span> <span class='ocrx_word' id='word_1_306' title='bbox 2122 2409 2253 2474; x_wconf 87' lang='lat' dir='ltr'><strong>lege,</strong></span> <span class='ocrx_word' id='word_1_307' title='bbox 2286 2408 2370 2456; x_wconf 91' lang='lat' dir='ltr'><strong>sed</strong></span> <span class='ocrx_word' id='word_1_308' title='bbox 2394 2408 2483 2456; x_wconf 92' lang='lat' dir='ltr'><strong>sub</strong></span> <span class='ocrx_word' id='word_1_309' title='bbox 2508 2409 2687 2473; x_wconf 81' lang='lat' dir='ltr'><strong>gratia?</strong></span> 
     </span>
     <span class='ocr_line' id='line_1_27' title="bbox 571 2489 2684 2557; baseline -0.001 -18"><span class='ocrx_word' id='word_1_310' title='bbox 571 2492 713 2540; x_wconf 86' lang='lat' dir='ltr'><strong>Absit.</strong></span> <span class='ocrx_word' id='word_1_311' title='bbox 737 2493 932 2540; x_wconf 88' lang='lat' dir='ltr'><strong>Nescitis</strong></span> <span class='ocrx_word' id='word_1_312' title='bbox 949 2492 1177 2557; x_wconf 88' lang='lat' dir='ltr'><strong>quoniam</strong></span> <span class='ocrx_word' id='word_1_313' title='bbox 1198 2493 1274 2539; x_wconf 88' lang='lat' dir='ltr'><strong>cui</strong></span> <span class='ocrx_word' id='word_1_314' title='bbox 1293 2491 1522 2539; x_wconf 85' lang='lat' dir='ltr'><strong>exhibetis</strong></span> <span class='ocrx_word' id='word_1_315' title='bbox 1541 2508 1627 2539; x_wconf 91' lang='lat' dir='ltr'><strong>vos</strong></span> <span class='ocrx_word' id='word_1_316' title='bbox 1652 2508 1813 2539; x_wconf 91' lang='lat' dir='ltr'><strong>servos</strong></span> <span class='ocrx_word' id='word_1_317' title='bbox 1833 2490 1894 2537; x_wconf 85' lang='lat' dir='ltr'><strong>ad</strong></span> <span class='ocrx_word' id='word_1_318' title='bbox 1917 2489 2269 2550; x_wconf 82' lang='lat' dir='ltr'><strong>obediendum,</strong></span> <span class='ocrx_word' id='word_1_319' title='bbox 2294 2490 2416 2537; x_wconf 88' lang='lat' dir='ltr'><strong>servi</strong></span> <span class='ocrx_word' id='word_1_320' title='bbox 2435 2490 2544 2536; x_wconf 87' lang='lat' dir='ltr'><strong>estis</strong></span> <span class='ocrx_word' id='word_1_321' title='bbox 2566 2490 2684 2553; x_wconf 80' lang='lat' dir='ltr'><strong>eJus,</strong></span> 
     </span>
     <span class='ocr_line' id='line_1_28' title="bbox 571 2568 2691 2637; baseline -0.002 -17"><span class='ocrx_word' id='word_1_322' title='bbox 571 2573 647 2619; x_wconf 91' lang='lat' dir='ltr'><strong>cui</strong></span> <span class='ocrx_word' id='word_1_323' title='bbox 660 2572 879 2633; x_wconf 87' lang='lat' dir='ltr'><strong>obeditis,</strong></span> <span class='ocrx_word' id='word_1_324' title='bbox 897 2573 994 2620; x_wconf 90' lang='lat' dir='ltr'><strong>sive</strong></span> <span class='ocrx_word' id='word_1_325' title='bbox 1007 2572 1188 2637; x_wconf 88' lang='lat' dir='ltr'><strong>peccati</strong></span> <span class='ocrx_word' id='word_1_326' title='bbox 1206 2572 1267 2618; x_wconf 92' lang='lat' dir='ltr'><strong>ad</strong></span> <span class='ocrx_word' id='word_1_327' title='bbox 1285 2581 1508 2632; x_wconf 87' lang='lat' dir='ltr'><strong>mortem,</strong></span> <span class='ocrx_word' id='word_1_328' title='bbox 1529 2572 1626 2618; x_wconf 90' lang='lat' dir='ltr'><strong>sive</strong></span> <span class='ocrx_word' id='word_1_329' title='bbox 1644 2570 1932 2618; x_wconf 85' lang='lat' dir='ltr'><strong>obeditionis</strong></span> <span class='ocrx_word' id='word_1_330' title='bbox 1950 2569 2278 2634; x_wconf 82' lang='lat' dir='ltr'><strong>adjustitiam?</strong></span> <span class='ocrx_word' id='word_1_331' title='bbox 2292 2587 2315 2613; x_wconf 88' lang='lat'>»</span> <span class='ocrx_word' id='word_1_332' title='bbox 2329 2568 2514 2626; x_wconf 89' lang='lat' dir='ltr'><strong>Quibus</strong></span> <span class='ocrx_word' id='word_1_333' title='bbox 2526 2577 2691 2634; x_wconf 88' lang='lat' dir='ltr'><strong>paten-</strong></span> 
     </span>
     <span class='ocr_line' id='line_1_29' title="bbox 570 2645 2692 2716; baseline -0.003 -15"><span class='ocrx_word' id='word_1_334' title='bbox 570 2663 641 2701; x_wconf 91' lang='lat' dir='ltr'><strong>ter</strong></span> <span class='ocrx_word' id='word_1_335' title='bbox 663 2654 817 2701; x_wconf 87' lang='lat' dir='ltr'><strong>verbis</strong></span> <span class='ocrx_word' id='word_1_336' title='bbox 835 2653 1181 2701; x_wconf 86' lang='lat' dir='ltr'><strong>dedecorosam</strong></span> <span class='ocrx_word' id='word_1_337' title='bbox 1207 2663 1252 2699; x_wconf 87' lang='lat' dir='ltr'><strong>et</strong></span> <span class='ocrx_word' id='word_1_338' title='bbox 1274 2652 1554 2699; x_wconf 85' lang='lat' dir='ltr'><strong>damnosam</strong></span> <span class='ocrx_word' id='word_1_339' title='bbox 1581 2652 1764 2699; x_wconf 89' lang='lat' dir='ltr'><strong>inhibet</strong></span> <span class='ocrx_word' id='word_1_340' title='bbox 1790 2652 2063 2699; x_wconf 87' lang='lat' dir='ltr'><strong>servitutem</strong></span> <span class='ocrx_word' id='word_1_341' title='bbox 2087 2651 2295 2716; x_wconf 89' lang='lat' dir='ltr'><strong>peccati,</strong></span> <span class='ocrx_word' id='word_1_342' title='bbox 2315 2645 2399 2714; x_wconf 88' lang='lat' dir='ltr'><strong>qui</strong></span> <span class='ocrx_word' id='word_1_343' title='bbox 2413 2648 2692 2713; x_wconf 87' lang='lat' dir='ltr'><strong>hominibus</strong></span> 
     </span>
     <span class='ocr_line' id='line_1_30' title="bbox 571 2729 2693 2800; baseline -0.003 -18"><span class='ocrx_word' id='word_1_344' title='bbox 571 2735 744 2782; x_wconf 89' lang='lat' dir='ltr'><strong>servire</strong></span> <span class='ocrx_word' id='word_1_345' title='bbox 769 2752 891 2800; x_wconf 84' lang='lat' dir='ltr'><strong>saepe</strong></span> <span class='ocrx_word' id='word_1_346' title='bbox 911 2734 1063 2798; x_wconf 89' lang='lat' dir='ltr'><strong>jubet.</strong></span> <span class='ocrx_word' id='word_1_347' title='bbox 1094 2734 1244 2792; x_wconf 88' lang='lat' dir='ltr'><strong>Quale</strong></span> <span class='ocrx_word' id='word_1_348' title='bbox 1269 2743 1339 2781; x_wconf 91' lang='lat' dir='ltr'><strong>est</strong></span> <span class='ocrx_word' id='word_1_349' title='bbox 1364 2734 1506 2781; x_wconf 79' lang='lat' dir='ltr'><strong>illud⁵</strong></span> <span class='ocrx_word' id='word_1_350' title='bbox 1535 2751 1544 2780; x_wconf 91' lang='lat'>:</span> <span class='ocrx_word' id='word_1_351' title='bbox 1578 2753 1598 2778; x_wconf 92' lang='lat'>«</span> <span class='ocrx_word' id='word_1_352' title='bbox 1632 2733 1801 2780; x_wconf 89' lang='lat' dir='ltr'><strong>Omnis</strong></span> <span class='ocrx_word' id='word_1_353' title='bbox 1823 2732 1983 2780; x_wconf 92' lang='lat' dir='ltr'><strong>anima</strong></span> <span class='ocrx_word' id='word_1_354' title='bbox 2006 2730 2360 2779; x_wconf 88' lang='lat' dir='ltr'><strong>sublimioribus</strong></span> <span class='ocrx_word' id='word_1_355' title='bbox 2383 2729 2693 2796; x_wconf 88' lang='lat' dir='ltr'><strong>potestatibus</strong></span> 
     </span>
     <span class='ocr_line' id='line_1_31' title="bbox 536 2813 2692 2879; baseline -0.003 -16"><span class='ocrx_word' id='word_1_356' title='bbox 536 2861 539 2865; x_wconf 89' lang='grc'><strong>,</strong></span> <span class='ocrx_word' id='word_1_357' title='bbox 569 2816 757 2863; x_wconf 87' lang='lat' dir='ltr'><strong>subdita</strong></span> <span class='ocrx_word' id='word_1_358' title='bbox 784 2816 856 2862; x_wconf 88' lang='lat' dir='ltr'><strong>sit.</strong></span> <span class='ocrx_word' id='word_1_359' title='bbox 889 2819 995 2862; x_wconf 89' lang='lat' dir='ltr'><strong>Non</strong></span> <span class='ocrx_word' id='word_1_360' title='bbox 1020 2825 1091 2862; x_wconf 89' lang='lat' dir='ltr'><strong>est</strong></span> <span class='ocrx_word' id='word_1_361' title='bbox 1112 2815 1239 2862; x_wconf 88' lang='lat' dir='ltr'><strong>enim</strong></span> <span class='ocrx_word' id='word_1_362' title='bbox 1273 2824 1482 2879; x_wconf 89' lang='lat' dir='ltr'><strong>potestas</strong></span> <span class='ocrx_word' id='word_1_363' title='bbox 1501 2814 1591 2860; x_wconf 92' lang='lat' dir='ltr'><strong>nisi</strong></span> <span class='ocrx_word' id='word_1_364' title='bbox 1616 2831 1642 2861; x_wconf 90' lang='lat' dir='ltr'><strong>a</strong></span> <span class='ocrx_word' id='word_1_365' title='bbox 1674 2817 1795 2861; x_wconf 87' lang='lat' dir='ltr'><strong>Deo.</strong></span> <span class='ocrx_word' id='word_1_366' title='bbox 1820 2832 1843 2857; x_wconf 91' lang='lat'>»</span> <span class='ocrx_word' id='word_1_367' title='bbox 1871 2815 1930 2860; x_wconf 90' lang='lat' dir='ltr'><strong>Et</strong></span> <span class='ocrx_word' id='word_1_368' title='bbox 1957 2813 2174 2859; x_wconf 79' lang='lat' dir='ltr'><strong>rursum⁶</strong></span> <span class='ocrx_word' id='word_1_369' title='bbox 2200 2830 2210 2857; x_wconf 93' lang='lat'><strong>:</strong></span> <span class='ocrx_word' id='word_1_370' title='bbox 2244 2831 2267 2856; x_wconf 90' lang='lat'>«</span> <span class='ocrx_word' id='word_1_371' title='bbox 2294 2813 2468 2859; x_wconf 90' lang='lat' dir='ltr'><strong>Servus</strong></span> <span class='ocrx_word' id='word_1_372' title='bbox 2495 2819 2692 2857; x_wconf 90' lang='lat' dir='ltr'><strong>vocatus</strong></span> 
     </span>
     <span class='ocr_line' id='line_1_32' title="bbox 573 2889 2692 2959; baseline -0.002 -17"><span class='ocrx_word' id='word_1_373' title='bbox 573 2897 656 2942; x_wconf 77' lang='lat' dir='ltr'><strong>es?</strong></span> <span class='ocrx_word' id='word_1_374' title='bbox 683 2913 782 2943; x_wconf 91' lang='lat' dir='ltr'><strong>non</strong></span> <span class='ocrx_word' id='word_1_375' title='bbox 810 2896 868 2942; x_wconf 91' lang='lat' dir='ltr'><strong>sit</strong></span> <span class='ocrx_word' id='word_1_376' title='bbox 891 2895 976 2942; x_wconf 91' lang='lat' dir='ltr'><strong>tibi</strong></span> <span class='ocrx_word' id='word_1_377' title='bbox 995 2912 1118 2942; x_wconf 87' lang='lat' dir='ltr'><strong>curae</strong></span> <span class='ocrx_word' id='word_1_378' title='bbox 1139 2913 1147 2941; x_wconf 76' lang='grc' dir='ltr'>ε</span> <span class='ocrx_word' id='word_1_379' title='bbox 1171 2894 1255 2942; x_wconf 93' lang='lat' dir='ltr'><strong>sed</strong></span> <span class='ocrx_word' id='word_1_380' title='bbox 1280 2896 1318 2941; x_wconf 89' lang='lat' dir='ltr'><strong>si</strong></span> <span class='ocrx_word' id='word_1_381' title='bbox 1343 2905 1479 2959; x_wconf 88' lang='lat' dir='ltr'><strong>potes</strong></span> <span class='ocrx_word' id='word_1_382' title='bbox 1497 2894 1618 2942; x_wconf 89' lang='lat' dir='ltr'><strong>liber</strong></span> <span class='ocrx_word' id='word_1_383' title='bbox 1644 2893 1771 2954; x_wconf 88' lang='lat' dir='ltr'><strong>fieri,</strong></span> <span class='ocrx_word' id='word_1_384' title='bbox 1801 2893 1949 2958; x_wconf 89' lang='lat' dir='ltr'><strong>magis</strong></span> <span class='ocrx_word' id='word_1_385' title='bbox 1969 2903 2119 2941; x_wconf 87' lang='lat' dir='ltr'><strong>utere.</strong></span> <span class='ocrx_word' id='word_1_386' title='bbox 2148 2893 2243 2950; x_wconf 92' lang='lat' dir='ltr'><strong>Qui</strong></span> <span class='ocrx_word' id='word_1_387' title='bbox 2261 2892 2389 2940; x_wconf 89' lang='lat' dir='ltr'><strong>enim</strong></span> <span class='ocrx_word' id='word_1_388' title='bbox 2405 2891 2454 2938; x_wconf 91' lang='lat' dir='ltr'><strong>in</strong></span> <span class='ocrx_word' id='word_1_389' title='bbox 2481 2889 2692 2938; x_wconf 89' lang='lat' dir='ltr'><strong>Domino</strong></span> 
     </span>
     <span class='ocr_line' id='line_1_33' title="bbox 571 2971 2691 3040; baseline -0.002 -18"><span class='ocrx_word' id='word_1_390' title='bbox 571 2987 766 3023; x_wconf 79' lang='lat' dir='ltr'><strong>vocatus</strong></span> <span class='ocrx_word' id='word_1_391' title='bbox 791 2987 883 3037; x_wconf 89' lang='lat' dir='ltr'><strong>est,</strong></span> <span class='ocrx_word' id='word_1_392' title='bbox 906 2992 1068 3024; x_wconf 90' lang='lat' dir='ltr'><strong>servus</strong></span> <span class='ocrx_word' id='word_1_393' title='bbox 1096 2985 1193 3035; x_wconf 85' lang='lat' dir='ltr'><strong>est;</strong></span> <span class='ocrx_word' id='word_1_394' title='bbox 1224 2975 1392 3022; x_wconf 89' lang='lat' dir='ltr'><strong>Christi</strong></span> <span class='ocrx_word' id='word_1_395' title='bbox 1420 2976 1573 3040; x_wconf 88' lang='lat' dir='ltr'><strong>pretio</strong></span> <span class='ocrx_word' id='word_1_396' title='bbox 1600 2975 1748 3040; x_wconf 89' lang='lat' dir='ltr'><strong>empti</strong></span> <span class='ocrx_word' id='word_1_397' title='bbox 1770 2975 1877 3022; x_wconf 90' lang='lat' dir='ltr'><strong>estis</strong></span> <span class='ocrx_word' id='word_1_398' title='bbox 1894 3010 1906 3034; x_wconf 95' lang='lat'><strong>,</strong></span> <span class='ocrx_word' id='word_1_399' title='bbox 1940 2973 2088 3021; x_wconf 89' lang='lat' dir='ltr'><strong>nolite</strong></span> <span class='ocrx_word' id='word_1_400' title='bbox 2107 2972 2210 3020; x_wconf 88' lang='lat' dir='ltr'><strong>fieri</strong></span> <span class='ocrx_word' id='word_1_401' title='bbox 2231 2973 2353 3020; x_wconf 86' lang='lat' dir='ltr'><strong>servi</strong></span> <span class='ocrx_word' id='word_1_402' title='bbox 2369 2971 2640 3019; x_wconf 83' lang='lat' dir='ltr'><strong>hominum.</strong></span> <span class='ocrx_word' id='word_1_403' title='bbox 2663 2989 2691 3016; x_wconf 67' lang='grc' dir='ltr'><strong>ι)</strong></span> 
     </span>
     <span class='ocr_line' id='line_1_34' title="bbox 573 3054 2692 3124; baseline -0.003 -19"><span class='ocrx_word' id='word_1_404' title='bbox 573 3060 681 3116; x_wconf 93' lang='lat' dir='ltr'><strong>Quo</strong></span> <span class='ocrx_word' id='word_1_405' title='bbox 702 3060 829 3105; x_wconf 91' lang='lat' dir='ltr'><strong>enim</strong></span> <span class='ocrx_word' id='word_1_406' title='bbox 854 3058 1114 3124; x_wconf 86' lang='lat' dir='ltr'><strong>expeditius</strong></span> <span class='ocrx_word' id='word_1_407' title='bbox 1131 3061 1233 3104; x_wconf 93' lang='lat' dir='ltr'><strong>Deo</strong></span> <span class='ocrx_word' id='word_1_408' title='bbox 1251 3057 1487 3105; x_wconf 88' lang='lat' dir='ltr'><strong>deservire</strong></span> <span class='ocrx_word' id='word_1_409' title='bbox 1511 3058 1772 3123; x_wconf 91' lang='lat' dir='ltr'><strong>possimus,</strong></span> <span class='ocrx_word' id='word_1_410' title='bbox 1802 3057 1959 3103; x_wconf 90' lang='lat' dir='ltr'><strong>minus</strong></span> <span class='ocrx_word' id='word_1_411' title='bbox 1981 3055 2235 3103; x_wconf 90' lang='lat' dir='ltr'><strong>hominum</strong></span> <span class='ocrx_word' id='word_1_412' title='bbox 2251 3054 2524 3102; x_wconf 89' lang='lat' dir='ltr'><strong>servitutem</strong></span> <span class='ocrx_word' id='word_1_413' title='bbox 2540 3068 2692 3118; x_wconf 88' lang='lat' dir='ltr'><strong>appe-</strong></span> 
     </span>
     <span class='ocr_line' id='line_1_35' title="bbox 576 3131 2695 3202; baseline -0.002 -19"><span class='ocrx_word' id='word_1_414' title='bbox 576 3147 672 3184; x_wconf 81' lang='lat' dir='ltr'><strong>tere</strong></span> <span class='ocrx_word' id='word_1_415' title='bbox 683 3137 928 3186; x_wconf 84' lang='lat' dir='ltr'><strong>debemus.</strong></span> <span class='ocrx_word' id='word_1_416' title='bbox 954 3142 1109 3196; x_wconf 90' lang='lat' dir='ltr'><strong>Quam</strong></span> <span class='ocrx_word' id='word_1_417' title='bbox 1132 3138 1295 3202; x_wconf 88' lang='lat' dir='ltr'><strong>utique</strong></span> <span class='ocrx_word' id='word_1_418' title='bbox 1318 3138 1357 3184; x_wconf 89' lang='lat' dir='ltr'><strong>si</strong></span> <span class='ocrx_word' id='word_1_419' title='bbox 1375 3137 1474 3201; x_wconf 89' lang='lat' dir='ltr'><strong>jam</strong></span> <span class='ocrx_word' id='word_1_420' title='bbox 1492 3137 1779 3184; x_wconf 85' lang='lat' dir='ltr'><strong>incurrimus</strong></span> <span class='ocrx_word' id='word_1_421' title='bbox 1795 3173 1808 3197; x_wconf 92' lang='lat'><strong>,</strong></span> <span class='ocrx_word' id='word_1_422' title='bbox 1825 3137 2052 3200; x_wconf 86' lang='lat' dir='ltr'><strong>injustum</strong></span> <span class='ocrx_word' id='word_1_423' title='bbox 2071 3145 2141 3183; x_wconf 86' lang='lat' dir='ltr'><strong>est</strong></span> <span class='ocrx_word' id='word_1_424' title='bbox 2157 3145 2211 3182; x_wconf 88' lang='lat' dir='ltr'><strong>ut</strong></span> <span class='ocrx_word' id='word_1_425' title='bbox 2227 3134 2441 3182; x_wconf 86' lang='lat' dir='ltr'><strong>debitum</strong></span> <span class='ocrx_word' id='word_1_426' title='bbox 2467 3132 2533 3179; x_wconf 90' lang='lat' dir='ltr'><strong>eis</strong></span> <span class='ocrx_word' id='word_1_427' title='bbox 2551 3131 2695 3179; x_wconf 90' lang='lat' dir='ltr'><strong>servi-</strong></span> 
     </span>
     <span class='ocr_line' id='line_1_36' title="bbox 576 3213 2694 3282; baseline -0.002 -19"><span class='ocrx_word' id='word_1_428' title='bbox 576 3217 694 3264; x_wconf 91' lang='lat' dir='ltr'><strong>tium</strong></span> <span class='ocrx_word' id='word_1_429' title='bbox 728 3218 1082 3280; x_wconf 86' lang='lat' dir='ltr'><strong>subtrahamus,</strong></span> <span class='ocrx_word' id='word_1_430' title='bbox 1113 3235 1225 3266; x_wconf 90' lang='lat' dir='ltr'><strong>cum</strong></span> <span class='ocrx_word' id='word_1_431' title='bbox 1252 3234 1349 3282; x_wconf 92' lang='lat' dir='ltr'><strong>quo</strong></span> <span class='ocrx_word' id='word_1_432' title='bbox 1377 3217 1575 3265; x_wconf 88' lang='lat' dir='ltr'><strong>servitus</strong></span> <span class='ocrx_word' id='word_1_433' title='bbox 1600 3217 1772 3265; x_wconf 91' lang='lat' dir='ltr'><strong>Christi</strong></span> <span class='ocrx_word' id='word_1_434' title='bbox 1788 3216 2014 3264; x_wconf 92' lang='lat' dir='ltr'><strong>humilius</strong></span> <span class='ocrx_word' id='word_1_435' title='bbox 2031 3220 2357 3263; x_wconf 82' lang='lat' dir='ltr'><strong>conservatur.</strong></span> <span class='ocrx_word' id='word_1_436' title='bbox 2379 3214 2500 3261; x_wconf 89' lang='lat' dir='ltr'><strong>Hinc</strong></span> <span class='ocrx_word' id='word_1_437' title='bbox 2522 3213 2694 3260; x_wconf 88' lang='lat' dir='ltr'><strong>iterum</strong></span> 
     </span>
    </p>
   </div>
   <div class='ocr_carea' id='block_1_3' title="bbox 582 3421 2692 3526">
    <p class='ocr_par' dir='ltr' id='par_1_4' title="bbox 582 3421 2692 3526">
     <span class='ocr_line' id='line_1_37' title="bbox 623 3421 2692 3467; baseline -0.002 -11"><span class='ocrx_word' id='word_1_438' title='bbox 623 3423 633 3440; x_wconf 84' lang='lat'>⁴</span> <span class='ocrx_word' id='word_1_439' title='bbox 659 3422 872 3466; x_wconf 84' lang='lat' dir='ltr'><strong>Matth.,cap.</strong></span> <span class='ocrx_word' id='word_1_440' title='bbox 893 3434 947 3463; x_wconf 90' lang='grc' dir='ltr'>ιιι,</span> <span class='ocrx_word' id='word_1_441' title='bbox 962 3423 1129 3457; x_wconf 76' lang='lat' dir='ltr'><strong>V.15.—¹</strong></span> <span class='ocrx_word' id='word_1_442' title='bbox 1144 3424 1251 3462; x_wconf 73' lang='lat' dir='ltr'><strong>Rom,</strong></span> <span class='ocrx_word' id='word_1_443' title='bbox 1269 3433 1343 3467; x_wconf 88' lang='lat' dir='ltr'><strong>cap.</strong></span> <span class='ocrx_word' id='word_1_444' title='bbox 1362 3434 1435 3463; x_wconf 76' lang='grc' dir='ltr'>νιιι,</span> <span class='ocrx_word' id='word_1_445' title='bbox 1452 3434 1483 3457; x_wconf 89' lang='lat' dir='ltr'><strong>v.</strong></span> <span class='ocrx_word' id='word_1_446' title='bbox 1505 3424 1553 3456; x_wconf 85' lang='lat'><strong>15.</strong></span> <span class='ocrx_word' id='word_1_447' title='bbox 1568 3423 1629 3448; x_wconf 88' lang='lat'><strong>-³</strong></span> <span class='ocrx_word' id='word_1_448' title='bbox 1646 3423 1768 3461; x_wconf 74' lang='lat' dir='ltr'><strong>Gazae„</strong></span> <span class='ocrx_word' id='word_1_449' title='bbox 1785 3433 1857 3467; x_wconf 86' lang='lat' dir='ltr'><strong>cap.</strong></span> <span class='ocrx_word' id='word_1_450' title='bbox 1877 3434 1909 3465; x_wconf 91' lang='lat' dir='ltr'><strong>v,</strong></span> <span class='ocrx_word' id='word_1_451' title='bbox 1924 3434 1954 3456; x_wconf 89' lang='lat' dir='ltr'><strong>v.</strong></span> <span class='ocrx_word' id='word_1_452' title='bbox 1976 3425 2026 3456; x_wconf 85' lang='lat'><strong>13.</strong></span> <span class='ocrx_word' id='word_1_453' title='bbox 2039 3421 2224 3461; x_wconf 56' lang='grc' dir='ltr'><strong>-ᾸΙίοηιυ</strong></span> <span class='ocrx_word' id='word_1_454' title='bbox 2238 3431 2312 3464; x_wconf 82' lang='lat' dir='ltr'><strong>cap.</strong></span> <span class='ocrx_word' id='word_1_455' title='bbox 2328 3431 2357 3454; x_wconf 88' lang='lat' dir='ltr'><strong>v1</strong></span> <span class='ocrx_word' id='word_1_456' title='bbox 2372 3446 2380 3461; x_wconf 90' lang='lat'><strong>,</strong></span> <span class='ocrx_word' id='word_1_457' title='bbox 2397 3431 2427 3454; x_wconf 90' lang='lat' dir='ltr'><strong>v.</strong></span> <span class='ocrx_word' id='word_1_458' title='bbox 2449 3421 2545 3452; x_wconf 74' lang='lat'><strong>14.-</strong></span> <span class='ocrx_word' id='word_1_459' title='bbox 2559 3421 2571 3438; x_wconf 77' lang='lat'>⁸</span> <span class='ocrx_word' id='word_1_460' title='bbox 2584 3422 2692 3459; x_wconf 87' lang='lat' dir='ltr'><strong>Rom.,</strong></span> 
     </span>
     <span class='ocr_line' id='line_1_38' title="bbox 582 3482 1430 3526; baseline -0.001 -11"><span class='ocrx_word' id='word_1_461' title='bbox 582 3493 654 3526; x_wconf 87' lang='lat' dir='ltr'><strong>cap.</strong></span> <span class='ocrx_word' id='word_1_462' title='bbox 673 3493 793 3523; x_wconf 76' lang='lat' dir='ltr'><strong>x111,V.</strong></span> <span class='ocrx_word' id='word_1_463' title='bbox 816 3485 843 3516; x_wconf 90' lang='lat'><strong>1.</strong></span> <span class='ocrx_word' id='word_1_464' title='bbox 861 3500 904 3508; x_wconf 89' lang='lat'><strong>-—</strong></span> <span class='ocrx_word' id='word_1_465' title='bbox 920 3482 932 3500; x_wconf 76' lang='lat'><strong>⁶</strong></span> <span class='ocrx_word' id='word_1_466' title='bbox 952 3482 1093 3516; x_wconf 76' lang='lat' dir='ltr'><strong>Corinth.</strong></span> <span class='ocrx_word' id='word_1_467' title='bbox 1110 3483 1146 3521; x_wconf 86' lang='lat' dir='ltr'><strong>I,</strong></span> <span class='ocrx_word' id='word_1_468' title='bbox 1164 3492 1237 3526; x_wconf 87' lang='lat' dir='ltr'><strong>cap.</strong></span> <span class='ocrx_word' id='word_1_469' title='bbox 1253 3493 1313 3522; x_wconf 85' lang='lat' dir='ltr'><strong>vn,</strong></span> <span class='ocrx_word' id='word_1_470' title='bbox 1328 3493 1359 3514; x_wconf 91' lang='lat' dir='ltr'><strong>v.</strong></span> <span class='ocrx_word' id='word_1_471' title='bbox 1377 3483 1430 3514; x_wconf 71' lang='lat'><strong>21.</strong></span> 
     </span>
    </p>
   </div>
  </div>
 </body>
</html>
