2970 4152
575 387 664 434 146
1151 388 1321 434 PETRI
1361 387 1668 435 ABAELARDI
1702 387 1776 434 ET
1809 386 2110 433 HELOISSAE

569 482 859 528 moravimus
883 499 892 527 ε
916 482 1040 527 hanc
1060 498 1172 528 vero
1186 485 1213 541 ¹,
1250 492 1302 529 ut
1321 483 1550 548 scriptum
1569 493 1664 542 est,
1692 498 1834 547 supra
1850 482 2111 527 humanam
2129 478 2352 524 virtutem
2370 478 2686 524 >anachoreta-

569 579 674 609 rum
706 578 858 626 agone
888 561 1243 621 dimicantem²,
1271 564 1391 609 utin
1419 573 1735 627 utrorumque
1763 561 2114 609 monachorum
2138 552 2387 624 proposito
2416 568 2685 605 sanctarum

566 644 713 689 virtus
729 643 1011 689 feminarum
1030 644 1352 707 praeemineat,
1376 653 1421 692 et
1437 644 1555 692 illud
1573 644 1706 708 quod
1722 641 1980 690 incredulis
1993 640 2230 688 Dominus
2247 639 2356 686 ait³:
2381 658 2407 683 «
2421 640 2688 686 Meretrices
2795 695 2797 698 ¹

567 722 837 787 praecedent
870 739 955 769 vos
985 724 1033 768 in
1067 740 1266 788 regnum
1299 725 1412 784 Dei,
1447 743 1469 768 »
1522 725 1634 789 ipsis
1663 724 1830 770 etiam‘
1856 720 2076 768 fidelibus
2117 720 2228 767 viris
2265 718 2688 784 improperandum
2733 699 2794 763 is

566 803 810 861 videatur,
847 813 893 849 et
917 803 1180 850 secundum
1207 821 1404 852 sexuum
1432 821 1514 851 seu
1544 805 1649 851 vitae
1664 803 1991 850 differentiam
2023 800 2139 847 fiant
2165 800 2410 847 novissimi
2439 799 2608 864 primi,
2644 809 2691 845 et

566 882 708 946 primi
721 883 980 928 novissimi.
1003 884 1120 940 Quis
1139 884 1346 948 denique
1365 877 1550 949 ignoret
1570 884 1766 930 feminas
1786 868 2166 929 exhortationem
2183 880 2355 927 Christi
2375 889 2423 926 et
2441 878 2690 927 consilium

569 963 780 1026 Apostoli
807 973 938 1009 tanto
959 965 1247 1011 castimoniae
1266 965 1367 1012 zelo
1386 982 1486 1012 esse
1499 963 1794 1028 complean,
1818 973 1870 1010 ut
1889 979 1979 1028 pro
1990 960 2327 1009 conservanda
2346 960 2500 1006 carnis
2517 960 2693 1024 pariter

485 467 505 493 v.

568 1058 622 1088 ac
642 1044 813 1089 mentis
840 1044 1130 1107 integritate,
1171 1048 1271 1091 Deo
1296 1062 1345 1092 se
1369 1062 1456 1109 per
1478 1044 1757 1107 martyrium
1786 1043 2009 1090 offerrent
2036 1033 2396 1100 holocaustum,
2427 1051 2473 1087 et
2505 1040 2692 1103 gemina

572 1122 919 1188 triumphantes
944 1140 1146 1183 corona,
1177 1140 1351 1187 agnum
1382 1141 1612 1189 sponsum
1644 1124 1903 1188 virginum¹⁵
1932 1138 2223 1186 quocunque
2248 1121 2354 1167 ierit
2378 1121 2512 1184 sequi
2540 1119 2694 1166 stude·

570 1203 707 1249 rent?
731 1206 885 1260 Quam
905 1204 1100 1268 quidem
1119 1204 1307 1251 virtutis
1327 1205 1669 1269 perfectionem
1686 1220 1840 1250 raram
1860 1204 1908 1250 in
1929 1203 2058 1261 viris,
2082 1195 2367 1248 crebramin
2389 1200 2574 1247 feminis
2593 1216 2693 1248 esse

569 1284 897 1346 cognovimus.
927 1286 1142 1341 Quarum
1168 1285 1310 1332 etiam
1343 1285 1598 1332 nonnullas
1620 1294 1805 1332 tantum
1831 1285 1880 1330 in
1905 1283 1996 1330 hac
2021 1283 2176 1330 carnis
2200 1282 2508 1347 praerogativa
2538 1280 2693 1328 zelum

569 1362 790 1411 hahuisse
809 1365 1007 1428 legimus
1023 1402 1036 1427 ,
1061 1376 1113 1412 ut
1139 1383 1239 1413 non
1259 1366 1347 1413 sibi
1365 1383 1565 1414 manum
1583 1367 1755 1413 inferre
1775 1364 2070 1423 dubitarent,
2100 1381 2162 1410 ne
2179 1380 2324 1427 quam
2343 1365 2446 1410 Deo
2465 1372 2696 1409 voverant

571 1444 980 1510 incorruptionem
1009 1446 1308 1506 amitterent,
1347 1457 1392 1493 et
1424 1447 1485 1493 ad
1516 1463 1747 1511 sponsum
1772 1445 2004 1510 virginem
2030 1444 2233 1508 virgines
2260 1443 2579 1507 pervenirent.
2602 1443 2696 1499 Qui

571 1524 711 1569 etiam
731 1535 1002 1572 sanctarum
1027 1525 1336 1573 devotionem
1355 1527 1587 1590 virginum
1605 1527 1655 1572 in
1669 1536 1854 1572 tantum
1876 1525 1964 1572 sibi
1991 1535 2172 1588 gratam
2191 1540 2292 1570 esse
2311 1522 2615 1582 monstravit,
2645 1532 2697 1568 ut

571 1605 756 1667 gentilis
790 1606 958 1671 populi
991 1606 1368 1667 multitudinem,
1399 1607 1460 1653 ad
1485 1607 1633 1654 beatae
1662 1606 1849 1670 Agathae
1869 1605 2143 1669 suffragium
2169 1613 2562 1661 concurrentem,
2589 1601 2696 1649 velo

573 1685 672 1746 ejus
704 1696 868 1732 contra
898 1688 1135 1733 aestuantis
1165 1690 1316 1734 AEtnae
1352 1687 1609 1734 terribilem
1646 1688 1804 1750 ignem
1838 1686 2086 1751 opposito,
2118 1695 2215 1731 tam
2251 1701 2277 1730 a
2312 1684 2526 1749 corporis
2553 1699 2698 1748 quam

571 1765 739 1810 animae
764 1765 1051 1813 liberaverit⁶
1075 1767 1316 1814 incendio.
1348 1767 1536 1814 Nullam
1566 1767 1790 1814 novimus
1815 1765 2040 1812 monachi
2067 1764 2302 1813 cucullam
2329 1762 2549 1811 beneficii
2583 1763 2700 1810 tanti

571 1845 766 1907 gratiam
799 1863 898 1892 esse
925 1847 1163 1912 adeptam,
1194 1849 1412 1912 Legimus
1443 1848 1638 1913 quidem
1671 1847 1732 1894 ad
1763 1856 1941 1893 tactum
1982 1846 2111 1912 pallii
2148 1846 2258 1892 Eliae
2301 1845 2558 1892 Jordanem
2599 1860 2700 1890 esse

571 1923 798 1984 divisum,
828 1936 873 1972 ct
899 1926 988 1991 ipsi
1014 1928 1190 1992 pariter
1215 1938 1262 1975 et
1289 1928 1453 1975 Elisaeo
1485 1929 1607 1975 viam
1640 1945 1726 1993 per
1760 1937 1934 1974 terram
1959 1926 2268 1992 praebuisse⁷z
2291 1925 2400 1972 velo
2426 1935 2584 1971 autem
2610 1924 2701 1971 vir·

576 2005 695 2068 ginis
726 2006 1009 2054 immensam
1043 2009 1201 2056 adhue
1226 2009 1430 2057 infidelis
1465 2009 1633 2075 populi
1658 2008 2017 2056 multitudinem
2044 2018 2143 2055 tam
2173 2018 2333 2055 mente
2364 2007 2531 2054 salvari
2557 2021 2701 2070 quam

574 2103 794 2152 corpore,
819 2088 945 2135 etsie
962 2090 1027 2136 eis
1048 2091 1289 2137 conversis
1308 2091 1368 2138 ad
1387 2091 1593 2138 coelestia
1609 2092 1734 2137 viam
1750 2090 1974 2156 patuisse.
1997 2089 2118 2136 lllud
2135 2105 2328 2153 quoque
2343 2104 2442 2134 non
2457 2086 2702 2134 modicum

574 2177 843 2214 sanctarum
876 2169 1152 2232 dignitatem
1189 2171 1498 2218 commendat
1524 2171 1836 2230 feminarum,
1866 2169 1999 2234 quod
2028 2170 2075 2216 in
2104 2170 2199 2216 suis
2223 2171 2334 2234 ipsae
2357 2167 2514 2215 verbis
2539 2182 2703 2214 conse·

574 2259 783 2306 orantur,
813 2249 1023 2296 dicentes
1051 2269 1060 2296 ε
1098 2250 1332 2297 «Annulo
1358 2268 1445 2298 suo
1479 2251 1780 2298 subarrhavit
1814 2267 1916 2310 me,
1954 2251 2043 2316 ipsi
2081 2267 2186 2297 sum
2218 2249 2518 2313 desponsata.
2545 2265 2567 2290 »
2596 2250 2704 2293 Haec

575 2329 751 2393 quippe
768 2330 912 2376 verba
936 2341 1046 2377 sunt
1064 2330 1212 2378 beatae
1238 2333 1426 2395 Agnetis
1443 2369 1455 2392 ,
1479 2333 1527 2379 in
1547 2331 1720 2396 quibus
1740 2331 1945 2395 virgines
1964 2347 2098 2377 suam
2120 2330 2465 2395 professionem
2484 2327 2705 2374 facientes

574 2408 760 2456 Christo
779 2402 1144 2475 desponsantur.
1169 2412 1218 2457 Si
1237 2412 1343 2475 quis
1359 2413 1501 2459 etiam
1519 2422 1683 2459 vestrae
1702 2411 1942 2475 religionis
1961 2410 2165 2457 formam
2190 2426 2245 2456 ac
2274 2409 2552 2472 dignitatem
2577 2405 2705 2471 apud

578 2489 772 2551 gentiles
786 2506 1074 2554 cognoscere
1091 2502 1224 2539 curet
1236 2528 1247 2550 ,
1269 2502 1411 2556 atque
1428 2491 1661 2539 nonnulla
1673 2492 1786 2543 inde
1801 2504 1996 2556 quoque
2013 2489 2230 2554 exempla
2248 2488 2309 2535 ad
2328 2487 2705 2535 exhortationem

579 2580 780 2616 vestram
813 2572 1065 2631 inducere;
1095 2572 1230 2620 facile
1260 2573 1588 2638 deprehendet
1615 2574 1663 2620 in
1690 2573 1804 2638 ipsis
1829 2572 1970 2619 etiam
1997 2570 2279 2617 nonnullam
2311 2568 2453 2631 hujus
2477 2567 2705 2632 propositi

579 2651 925 2699 institutionem
948 2654 1266 2717 praecessisse,
1303 2664 1500 2719 excepto
1525 2654 1659 2718 quod
1685 2653 1746 2700 ad
1772 2653 1885 2700 fidei
1908 2652 2114 2718 pertinet
2134 2638 2377 2709 tenorem3
2413 2659 2458 2696 et
2485 2647 2634 2696 multa
2658 2648 2706 2694 in

580 2731 667 2777 illis
683 2732 802 2778 sicut
829 2743 875 2778 et
893 2736 914 2778 J
920 2733 1063 2779 udaeis
1082 2734 1398 2797 praecessisse,
1423 2750 1528 2798 quae
1547 2750 1602 2781 ex
1625 2734 1836 2797 utrisque
1853 2741 2138 2795 congregata
2154 2729 2361 2777 Ecclesia
2380 2728 2598 2787 retinuit,
2624 2727 2707 2775 sed

579 2812 625 2858 in
645 2812 812 2858 melius
827 2814 1151 2860 commutavit.
1167 2815 1284 2870 Quis
1295 2814 1473 2860 nesciat
1492 2815 1738 2861 universos
1757 2812 2040 2859 clericorum
2058 2810 2253 2857 ordines
2269 2809 2329 2856 ab
2346 2809 2539 2856 ostiario
2558 2824 2708 2873 usque

581 2893 640 2938 ad
661 2893 939 2958 episcopum
954 2930 965 2952 ,
995 2894 1245 2958 ipsumque
1264 2904 1472 2941 tonsurae
1491 2911 1629 2941 usum
1648 2892 1992 2951 ecclesiasticae,
2016 2908 2111 2955 qua
2127 2891 2285 2938 clerici
2304 2889 2449 2949 fiunt,
2471 2899 2518 2936 et
2531 2888 2710 2952 jejunia

582 2983 787 3035 quatuor
812 2984 1110 3039 temporum,
1141 2984 1186 3020 et
1220 2975 1485 3021 azimorum
1511 2974 1818 3033 sacrificium,
1849 2989 2039 3020 necnon
2060 2972 2162 3037 ipsa
2181 2970 2546 3018 sacerdotalium
2569 2968 2709 3016 indu-

586 3064 858 3100 mentorum
877 3065 1185 3112 ornamenta,
1216 3065 1262 3101 et
1287 3054 1521 3102 nonnulla
1539 3054 1854 3102 dedicationis
1873 3053 1948 3099 vel
1968 3052 2057 3100 alia
2077 3060 2392 3110 sacramenta,
2422 3066 2448 3096 a
2474 3065 2711 3113 synagoga

586 3133 841 3180 Ecclesiam
861 3135 1207 3200 assumpsisse?
1234 3136 1352 3193 Quis
1379 3135 1521 3182 etiam
1552 3136 1737 3199 ignoret
1760 3135 1913 3199 ipsam
1946 3133 2193 3180 utilissima
2229 3131 2583 3196 dispensatione
2611 3145 2709 3176 nou

586 3213 740 3260 solum
761 3215 1041 3262 secularium
1069 3216 1351 3279 dignitatum
1376 3215 1548 3280 gradus
1574 3216 1621 3262 in
1642 3214 1856 3279 regibus,
1880 3214 2154 3278 caeterisque
2181 3210 2501 3278 principibus,
2523 3220 2570 3257 et
2595 3224 2713 3256 non-

631 3420 639 3436 ⁴
668 3421 722 3453 Sic
744 3420 895 3453 l).-Hac
916 3421 1000 3453 Edd,
1018 3440 1058 3444 —
1077 3421 1315 3456 'Dimicantem
1343 3423 1628 3456 (zu-Diminuam
1674 3438 1716 3446 —
1734 3421 1747 3439 ⁸
1774 3422 1925 3463 Apocal„
1958 3431 2033 3464 cap.
2061 3431 2128 3463 xiv,
2158 3432 2189 3453 v.
2219 3421 2251 3453 4.
2276 3439 2316 3443 —
2343 3419 2356 3437 ⁶
2384 3420 2547 3452 Liberam
2574 3417 2640 3451 Cl).
2671 3435 2712 3441 ‹-

592 3476 671 3508 Edd.
691 3494 729 3500 -
745 3477 757 3493 ³
771 3477 898 3516 Manli„
931 3487 1002 3520 cap.
1025 3488 1100 3518 xx1,
1130 3489 1159 3511 v.
1182 3480 1211 3512 3.
1231 3498 1267 3503 —
1291 3478 1305 3496 ⁴
1319 3479 1373 3512 Sic
1390 3479 1428 3511 D.
1445 3496 1468 3505 -
1483 3480 1525 3511 Ει
1543 3479 1628 3511 Edd.
1677 3477 1688 3495 ‘¹
1707 3479 1785 3520 Περ.
1809 3477 1865 3518 lv,
1882 3487 1955 3520 cap.
1975 3489 2015 3517 u,
2034 3488 2066 3510 v.
2088 3477 2120 3532 8..
