2970 4152
499 411 594 457 258
1187 412 1486 461 HELOlSSAE
1518 413 1909 463 PROBLEMATA

498 521 588 569 pro
610 504 772 551 amicis
796 502 913 562 suis,
944 522 967 547 υ
997 520 1299 567 nequaquam
1322 505 1384 552 de
1405 506 1478 553 his
1506 506 1822 554 diffidendum
1846 504 2033 551 videtur
2056 503 2139 567 qui
2162 503 2264 551 zelo
2280 504 2415 569 legis,
2435 520 2601 568 quam·
2639 543 2642 546 Δ

499 584 567 630 vis
593 583 828 632 Christum
853 599 952 629 non
983 583 1229 643 noverint,
1258 586 1379 632 mori
1406 602 1494 650 pro
1519 589 1623 634 Deo
1648 586 1908 644 sustinent3
1953 600 2104 647 quum
2132 584 2191 630 sit
2217 582 2351 631 facile
2375 586 2478 630 Deo
2500 583 2602 631 tali·

498 662 586 708 bus
604 663 760 708 statim
777 662 1004 726 inspirare
1022 662 1134 726 quid
1154 663 1215 710 de
1232 663 1417 711 Christo
1437 665 1496 711 sit
1511 665 1820 724 credendum,
1843 674 2096 727 antequam
2114 662 2176 710 de
2191 678 2394 727 corpore
2412 662 2599 714 recedat

497 742 676 799 anima,
707 758 767 788 ne
791 741 993 788 infidelis
1017 752 1220 790 transeat
1247 759 1303 790 ex
1326 743 1417 791 hac
1441 745 1548 791 vita.

1229 895 1471 926 PROBLEMA
1503 895 1727 925 HELOISSAE
1761 894 1856 924 XIV.

559 992 683 1050 Quid
712 1002 780 1039 est
805 992 937 1057 quod
968 992 1180 1041 fidelium
1205 1005 1386 1042 mentes
1405 981 1640 1042 Dominus
1658 1010 1976 1059 cotnponenS,
2003 1003 2050 1040 et
2071 1009 2126 1040 ea
2142 1002 2425 1058 computans
2447 992 2592 1053 hona,

494 1070 666 1134 quibus
687 1071 1028 1119 beatitudinem
1054 1075 1317 1138 promereri
1341 1083 1566 1139 possunt,
1596 1074 1744 1120 modo
1770 1074 1818 1119 in
1851 1072 2045 1137 singulis
2076 1073 2190 1119 dicit
2213 1089 2296 1120 eos
2318 1072 2513 1132 beatos,
2546 1073 2596 1119 in

493 1150 664 1214 quibus
688 1161 820 1210 sunt,
848 1161 1075 1216 tanquam
1096 1170 1246 1200 unum
1275 1153 1502 1217 quodque
1532 1153 1684 1200 facere
1708 1152 1908 1199 sufficiat
1932 1152 2142 1212 beatum,
2175 1153 2295 1199 sicut
2321 1168 2421 1199 esse
2444 1150 2601 1199 decla-

493 1239 622 1276 ratur
650 1246 708 1277 ex
730 1233 1109 1278 remuneratione
1137 1249 1304 1279 eorum
1333 1232 1572 1294 subjecta?
1598 1233 1673 1279 Sic
1698 1233 1874 1297 quippe
1905 1232 2106 1278 dicitur¹
2133 1250 2143 1278 ι
2177 1251 2201 1276 «
2224 1232 2350 1279 Beati
2367 1246 2600 1296 pauperes

493 1309 682 1373 spiritu,
711 1311 940 1373 quoniam
958 1311 1170 1375 ipsorum
1188 1321 1256 1358 est
1278 1328 1477 1375 regnum
1494 1311 1740 1359 coelorum.
1764 1330 1788 1356 ›)
1815 1315 1872 1358 Et
1890 1311 2101 1358 similiter
2127 1312 2175 1358 in
2202 1311 2380 1358 caeteris
2405 1309 2601 1374 singulis

492 1392 810 1437 remuneratio
835 1392 1143 1456 supponitur,
1174 1409 1231 1438 ex
1256 1408 1351 1455 qua
1372 1409 1668 1456 unaquaeque
1691 1393 1837 1456 gratia
1862 1391 2077 1440 sufficere
2099 1392 2286 1440 videtur
2301 1391 2362 1438 ad
2378 1391 2593 1438 salutem.

492 1471 620 1526 Quas
644 1470 786 1516 etiam
820 1470 1043 1534 distingui
1074 1471 1278 1535 petimus
1303 1470 1574 1534 diligenter,
1604 1488 1701 1535 quo
1740 1471 1907 1518 melius
1930 1481 2181 1536 appareat,
2211 1481 2373 1518 utrum
2405 1469 2599 1534 singulae

492 1548 746 1609 sufficiant,
776 1550 814 1595 si
842 1565 940 1596 non
972 1550 1020 1595 in
1047 1549 1219 1596 eodem
1240 1549 1436 1596 homine
1460 1550 1601 1596 simul
1625 1559 1879 1596 occurrant
1891 1552 1920 1594 ².
2189 1563 2194 1568 ·

1308 1685 1370 1728 So
1375 1683 1487 1729 latio
1519 1686 1565 1729 A
1566 1682 1777 1730 boelardi.

555 1797 745 1860 Septem
771 1805 881 1842 sunt
905 1795 1034 1842 bona
1057 1806 1284 1860 tanquam
1319 1806 1501 1861 septem
1527 1796 1899 1844 beatitudinibus
1919 1799 1933 1822 ³
1961 1796 2205 1855 distincta,
2231 1796 2403 1860 quibus
2427 1796 2489 1843 ad
2513 1813 2600 1844 su·-

491 1864 843 1939 pernae'gaudia
863 1876 967 1922 vitae
988 1892 1226 1923 meremur
1248 1877 1532 1940 pertingere.
1560 1879 1679 1923 Nam
1697 1876 1801 1936 illa,
1833 1893 1937 1940 quae
1960 1877 2095 1940 quasi
2113 1886 2278 1924 octava
2295 1876 2595 1941 supponitur,

492 1954 712 2018 probatio
750 1956 897 2020 magis
938 1966 1008 2004 est
1032 1956 1399 2021 praecedentium
1434 1956 1784 2005 beatitudinum
1801 1993 1813 2016 ,
1853 1973 1998 2021 quam
2031 1956 2122 2003 illis
2159 1966 2385 2020 tanquam
2417 1955 2599 2004 diversa

493 2036 907 2093 connumeranda,
949 2036 1031 2082 ubi
1067 2036 1285 2083 videlicet
1317 2036 1516 2083 di.citur''
1554 2055 1564 2081 ε
1607 2056 1630 2081 κ
1663 2037 1789 2084 Beati
1829 2037 1910 2101 qui
1942 2037 2322 2102 persecutionem
2358 2036 2604 2100 patiuntur

492 2123 686 2178 propter
705 2114 932 2177 justitiam
950 2151 962 2174 ,
986 2115 1214 2179 quoniam
1241 2115 1454 2179 ipsorum
1475 2126 1545 2162 est
1567 2132 1767 2179 regnum
1792 2116 2038 2163 coelorum.
2067 2135 2090 2160 »
2111 2119 2231 2163 Nam
2250 2116 2362 2179 quia
2379 2115 2599 2163 fidelibus

490 2191 638 2239 beatis
661 2194 1010 2258 persecutiones
1029 2195 1229 2241 maxime
1252 2204 1437 2241 constat
1452 2195 1718 2256 imminere,
1739 2212 1801 2241 ne
1826 2196 1930 2259 quis
1955 2210 2037 2242 eos
2056 2204 2251 2259 propter
2271 2194 2366 2242 hoc
2386 2194 2600 2242 crederet

494 2273 650 2319 minus
683 2290 784 2321 esse
823 2274 1013 2333 beatos,
1053 2274 1162 2321 ideo
1193 2274 1426 2339 praedictis
1455 2274 1825 2322 beatitudinibus
1851 2274 1975 2321 istud
1998 2275 2274 2339 supposuit,
2304 2285 2531 2338 tanquam
2561 2275 2600 2321 si

492 2352 668 2400 diceret
701 2372 711 2400 :
753 2357 848 2401 Nec
881 2355 1038 2401 minus
1067 2355 1142 2401 isti
1174 2355 1290 2401 tales
1321 2354 1447 2401 beati
1482 2365 1617 2414 sunt,
1650 2371 1800 2418 quum
1838 2354 2191 2418 persecutiones
2223 2354 2485 2412 sustinent3
2517 2353 2601 2400 sed

493 2433 639 2497 magis
662 2433 774 2481 hinc
799 2434 1062 2498 probantur
1077 2470 1090 2495 ,
1119 2452 1269 2498 quum
1294 2435 1343 2481 in
1369 2435 1435 2481 eis
1459 2451 1557 2480 non
1586 2434 1829 2481 deficiunt.
1858 2437 1969 2480 Tres
1989 2443 2148 2480 autem
2174 2432 2385 2480 fidelium
2409 2434 2602 2480 ordines

492 2522 676 2559 constat
701 2530 835 2560 esse:
861 2531 1010 2560 unum
1035 2514 1252 2561 videlicet
1283 2515 1657 2572 continentium,
1691 2514 2177 2571 alterumr,ectorum
2211 2514 2399 2560 tertium
2433 2513 2600 2576 conju-

491 2596 810 2656 gatorum.1n
842 2593 992 2654 tribus
1019 2603 1178 2639 autem
1213 2592 1588 2657 praecedentibus
1618 2591 1989 2639 beatitudinibus
2029 2594 2327 2639 continentes
2355 2591 2603 2661 diligenter

493 2672 698 2720 describi
721 2672 949 2732 arbitror3
977 2683 1087 2738 post
1109 2673 1195 2720 has
1221 2683 1378 2720 autem
1405 2684 1525 2733 tres,
1558 2673 1676 2720 duas
1702 2673 1942 2737 proximas
1973 2672 2035 2719 ad
2060 2682 2266 2719 rectores
2290 2672 2493 2719 maxime
2521 2689 2600 2719 re»

492 2751 708 2800 ferendas
739 2752 971 2811 arbitror,
1011 2753 1131 2799 sicut
1154 2752 1273 2799 duas
1305 2753 1494 2799 ultimas
1519 2753 1581 2799 ad
1614 2753 1915 2816 conjugatos,
1955 2761 2002 2798 et
2025 2761 2095 2799 est
2129 2751 2250 2798 ordo
2272 2765 2509 2816 congruus
2533 2764 2607 2800 se⁴

491 2832 703 2879 cundum
735 2833 1012 2879 meritorum
1042 2831 1228 2895 gradus.
1258 2832 1391 2878 Ordo
1416 2833 1594 2896 quippe
1618 2833 1989 2890 continentium,
2016 2831 2309 2896 perfectione
2336 2832 2440 2879 vitae
2469 2812 2602 2896 prior

491 2920 560 2956 est
584 2912 776 2958 caeteris.
813 2911 1059 2958 Secundus
1095 2920 1165 2957 est
1186 2921 1449 2970 rectorum,
1478 2913 1589 2975 qui,
1619 2912 1835 2974 quamvis
1866 2911 1960 2958 sint
1994 2919 2228 2976 potestate
2263 2911 2373 2976 ipsis
2407 2923 2600 2975 quoque

494 2990 844 3038 continentibus
868 2991 1107 3055 digniores
1123 3026 1135 3049 ,
1163 2991 1338 3054 gratior
1365 3001 1520 3038 tamen
1545 2991 1693 3037 extitit
1720 2990 1994 3054 patriarchae
2015 2990 2212 3055 pulchra
2240 2986 2411 3038 Rachel
2442 3001 2489 3038 et
2509 3001 2601 3038 ste·

494 3068 589 3114 rilis
605 3104 617 3128 ‚
645 3087 790 3133 quam
822 3072 902 3117 Lia
930 3071 1058 3136 lippa
1087 3081 1135 3117 et
1159 3070 1379 3116 foecunda
1395 3073 1409 3095 ⁵
1436 3088 1445 3116 :
1488 3080 1535 3116 et
1558 3069 1727 3127 melior
1750 3085 1859 3134 pars
1887 3070 2042 3116 Mariae
2070 3079 2295 3132 tanquam
2327 3070 2376 3116 in
2402 3070 2501 3116 otio
2525 3085 2603 3117 va-

495 3148 667 3207 cantis,
697 3167 841 3213 quam
865 3150 1058 3198 Marthae
1081 3149 1242 3197 cibum
1266 3149 1571 3196 ministrantis
1586 3151 1614 3195 ⁶.
1640 3149 1843 3195 Ultimus
1865 3149 1987 3195 ordo
2013 3159 2082 3195 est
2100 3149 2462 3212 conjugatorum
2486 3168 2496 3195 :
2520 3151 2602 3214 qui

495 3225 635 3289 longe
657 3243 684 3273 a
710 3229 1060 3276 continentibus
1081 3230 1257 3276 distant
1273 3265 1285 3288 ,
1311 3239 1369 3276 et*-
1383 3228 1646 3276 rectoribus
1661 3229 1836 3292 aequari
1856 3245 1954 3275 non
1973 3238 2234 3285 merentur,
2255 3229 2470 3292 quamvis
2494 3231 2604 3276 utri-

541 3417 550 3432 ·
576 3417 703 3456 Manli„
722 3428 795 3460 cap.
817 3429 850 3457 v,
868 3429 898 3451 v.
913 3420 944 3450 9.
962 3436 1001 3442 —
1017 3418 1030 3435 ¹
1050 3421 1248 3452 Comum-ant
1273 3419 1353 3452 Cod.
1382 3419 1467 3452 vict.
1481 3435 1524 3444 ·—
1539 3419 1551 3436 ³
1571 3420 1787 3452 Beatituaines
1815 3418 1897 3452 cod.
1923 3418 2009 3452 vict.
2029 3437 2062 3443 --
2081 3418 2094 3435 ⁴
2108 3417 2237 3458 nauh„
2266 3429 2339 3462 cap.
2369 3430 2401 3460 v,
2426 3430 2456 3452 v.
2489 3421 2539 3453 10.
2560 3438 2603 3444 —-

501 3475 514 3491 ⁸
535 3476 663 3513 Germ„
681 3485 754 3519 cap.
768 3487 856 3509 xxix.
874 3495 910 3499 —
930 3477 942 3494 ⁶
960 3477 1053 3518 Luc.,
1072 3487 1145 3520 cap.
1165 3490 1204 3518 x,
1219 3489 1247 3510 v.
1267 3479 1308 3510 39
1323 3484 1357 3511 et
1373 3488 1422 3521 sq,
