2970 4152
723 415 782 463 ΙΝ
816 414 993 461 FERIA
1027 372 1295 460 SECUNDA
1329 410 1737 459 PENTECOSTES
1770 409 1992 456 SERMO:
2324 409 2418 456 495

298 524 489 578 petunt,
515 523 563 559 et
584 511 735 558 Graeci
763 510 1047 576 sapientiam
1075 517 1311 573 quaerunt.
1338 511 1434 554 Nos
1468 517 1628 554 autem
1660 505 1972 571 praedicamus
1994 505 2236 553 Christum
2268 507 2420 552 cruci·
2455 520 2463 526 ·

299 593 469 651 fixum,
494 592 666 639 Judaeis
687 590 886 655 quidem
906 588 1210 648 scandalum,
1231 586 1643 650 ‚gentibus‘autem
1665 586 1930 633 stultitiam.
1956 586 2073 651 Ipsis
2095 595 2256 632 autem
2282 602 2423 632 voca-

299 675 357 722 tis
385 673 556 720 Judaeis
578 683 720 737 atque
751 671 924 718 Graecis
955 669 1197 717 Christum
1224 668 1313 714 Dei
1343 668 1569 714 virtutem
1602 677 1650 714 et
1686 667 1775 714 Dei
1807 667 2106 732 sapientiam.
2132 666 2255 724 Quia
2290 667 2423 731 quod

299 753 495 800 stultum
519 761 590 798 est
611 751 700 797 Dei
720 750 981 815 sapientius
1002 759 1073 796 est
1093 747 1396 805 hominibus,
1429 757 1477 794 et
1508 746 1641 811 quod
1668 746 1916 793 infirmum
1943 757 2014 793 est
2039 746 2128 793 Dei
2156 746 2323 793 fortius
2354 757 2425 793 est

301 832 594 879 hominibus.
621 830 790 878 Videte
812 831 943 877 enim
964 829 1271 876 vocationem
1298 837 1531 886 vestram,
1557 827 1748 886 fratres,
1774 828 1887 892 quia
1907 844 2008 874 non
2030 827 2167 874 multi
2188 828 2424 892 sapientes

299 912 564 959 secundum
586 927 806 968 carnem,
831 926 932 956 non
956 908 1094 955 multi
1115 918 1362 974 potentes,
1387 924 1489 954 non
1512 893 1652 954 multi
1674 906 1883 968 nobiles;
1909 907 1994 955 sed
2014 925 2119 972 quae
2139 908 2282 955 stulta
2314 918 2424 955 sunt

300 992 496 1052 mundi,
522 991 662 1055 elegit
682 993 811 1039 Deus
832 999 886 1037 ut
907 989 1174 1036 confundat
1194 989 1455 1054 sapientes,
1480 999 1527 1036 et
1543 988 1772 1052 ignobilia
1793 999 1840 1036 et
1860 989 2239 1055 contemptibilia
2255 989 2424 1036 mundi

300 1072 440 1136 elegit
461 1075 590 1119 Deus
611 1073 659 1118 et
681 1086 736 1118 ea
765 1086 870 1134 quae
898 1086 998 1116 non
1034 1079 1170 1128 sunt,
1201 1079 1255 1116 ut
1285 1085 1343 1116 ea
1375 1086 1481 1134 quae
1514 1079 1626 1116 sunt
1659 1069 1947 1129 destrueret,
1980 1080 2034 1116 ut
2063 1087 2163 1117 non
2200 1070 2425 1133 glorietur

301 1153 458 1200 omnis
479 1169 592 1200 caro
615 1152 664 1198 in
687 1159 949 1215 conspectu
980 1151 1098 1213 ejus
1123 1169 1146 1194 n
1173 1152 1280 1196 Non
1311 1150 1442 1196 enim
1470 1149 1689 1197 mirabile
1717 1160 1840 1197 esset
1866 1150 1906 1196 si
1933 1167 2076 1216 super
2102 1161 2322 1215 potentes
2349 1152 2425 1198 vel

300 1233 537 1298 sapientes
564 1230 918 1301 saeculi-magna
950 1238 1250 1293 operaretur,
1281 1228 1416 1292 quod
1446 1228 1670 1275 humanae
1697 1228 1861 1275 virtuti
1893 1230 2052 1294 potius
2079 1247 2226 1294 quam
2253 1230 2424 1279 divinae

301 1313 634 1360 ascriberetur.
662 1310 802 1357 Unde
823 1309 973 1368 bene,
998 1309 1120 1355 sicut
1140 1308 1221 1355 hic
1242 1308 1434 1368 dicitur,
1459 1309 1563 1373 ipse
1590 1311 1718 1355 Deus
1746 1309 1913 1369 Israel,
1948 1311 2032 1374 qui
2058 1310 2280 1358 videlicet
2308 1312 2426 1358 anti-

301 1410 452 1458 quum
472 1391 707 1458 populum
730 1390 892 1454 elegit3
919 1390 1045 1454 ipse,
1071 1389 1293 1453 inquam,
1318 1405 1420 1435 non
1443 1388 1562 1436 alter
1584 1399 1666 1436 aut
1692 1390 1859 1437 recens
1881 1393 2025 1437 Deus.
2057 1391 2140 1438 His
2161 1390 2359 1456 plebeiis'
2380 1403 2424 1439 et

302 1473 592 1540 pauperibus
613 1472 726 1519 viris
748 1471 810 1518 de
831 1470 1016 1536 populo
1038 1468 1214 1517 eodem
1242 1469 1496 1534 assumptis
1514 1506 1526 1528 ,
1556 1479 1605 1516 et
1632 1486 1763 1517 nunc
1793 1470 1967 1517 virtute
2000 1487 2057 1518 ex
2087 1471 2184 1519 alto
2218 1471 2396 1519 indutis
2411 1512 2421 1531 ,

302 1554 437 1603 dabit
463 1554 691 1601 virtutem
726 1551 989 1599 verborum
1025 1561 1195 1598 contra
1232 1550 1389 1598 saeculi
1422 1550 1683 1616 sapientes,
1722 1561 1769 1598 et
1796 1551 2126 1599 fortitudinem
2153 1553 2425 1601 animorum

303 1646 471 1683 contra
492 1634 764 1700 potentium
785 1632 1187 1698 impugnationes.
1209 1649 1234 1676 «
1249 1631 1532 1679 Benedictus
1553 1634 1705 1691 Deus,
1726 1651 1750 1676 »
1771 1632 2000 1680 subaudis
2021 1652 2032 1680 ε
2057 1634 2139 1694 sit,
2160 1634 2256 1682 hoc
2275 1645 2345 1682 est
2364 1636 2424 1683 ab

304 1714 529 1762 omnibus
558 1713 847 1778 glorificatus
874 1723 922 1760 et
955 1711 1176 1760 laudatus
1196 1749 1208 1772 ,
1239 1712 1323 1777 qui
1350 1728 1436 1777 per
1469 1710 1587 1759 tales
1619 1711 1730 1759 talia
1764 1723 1989 1778 operatus
2022 1724 2093 1762 est
2128 1713 2204 1762 his
2236 1715 2424 1763 diebus.

305 1801 471 1845 Amen.

736 2248 813 2306 IN
862 2247 1096 2307 FERIA
1141 2247 1418 2307 TERTIA
1462 2249 1996 2312 PENTECOSTES.

1232 2414 1383 2444 SERMO
1417 2416 1481 2444 XX
1488 2435 1498 2445 .

371 2534 659 2578 Hesternum
689 2548 964 2580 sermonem
994 2549 1051 2579 ex
1083 2533 1366 2581 testimoniis
1398 2536 1675 2599 sexagesimi
1707 2538 1897 2603 septimi
1929 2538 2101 2604 psalmi
2131 2540 2422 2605 collegimus.

307 2614 442 2658 Nunc
464 2621 625 2658 autem
647 2611 709 2658 ad
730 2612 1132 2676 septuagesimum
1153 2612 1392 2678 psalmum
1413 2626 1748 2664 convertentes
1775 2617 1974 2681 stylum,
2000 2619 2135 2682 juvat
2165 2619 2280 2668 hinc
2312 2639 2429 2686 quo—

306 2709 399 2756 que
420 2691 562 2756 hujus
582 2691 896 2739 solemnitatis
917 2693 1212 2758 praeconium
1234 2693 1517 2742 subinferre.
1543 2697 1783 2762 Scriptum
1804 2697 1871 2744 ibi
1893 2700 1988 2746 est¹
2009 2717 2019 2745 ε
2042 2718 2067 2744 «
2085 2702 2257 2748 Notam
2279 2701 2428 2750 fecisti

307 2773 355 2820 in
377 2772 568 2838 populis
589 2773 816 2820 virtutem
838 2783 995 2832 tuam,
1020 2772 1265 2821 redemisti
1286 2774 1335 2821 in
1361 2774 1562 2823 brachio
1585 2786 1669 2824 tuo
1691 2778 1927 2843 populum
1949 2763 2086 2826 tuum
2099 2817 2110 2838 ,
2137 2780 2258 2828 filios
2280 2784 2428 2831 Jacob

306 2863 353 2902 et
374 2853 568 2919 Joseph.
594 2853 830 2901 Viderunt
850 2864 897 2901 te
920 2870 1054 2919 aquae
1068 2891 1080 2913 ,
1104 2857 1258 2914 Deus,
1283 2855 1508 2904 viderunt
1528 2867 1575 2904 te
1596 2874 1753 2923 aquae,
1781 2869 1827 2906 et
1849 2860 2134 2920 timuerunt,
2160 2872 2207 2909 et
2228 2863 2428 2911 turbatae

306 2945 417 2982 sunt
438 2934 613 2999 abyssi.
633 2934 889 2982 Multitudo
908 2937 1092 2983 sonitus
1109 2952 1366 3002 aquarum,
1387 2955 1557 2986 vocem
1574 2939 1813 2987 dederunt
1832 2941 2007 3002 nubes,
2028 2953 2119 2989 etc.
2139 2962 2161 2988 n
2184 2945 2254 2991 Ad
2274 2948 2428 2993 Deum

307 3014 551 3063 Psalmista
571 3015 802 3080 loquitur,
828 3015 1095 3081 praevidens
1126 3018 1176 3064 in
1197 3018 1401 3084 Spiritu,
1426 3035 1532 3083 quae
1559 3036 1646 3085 per
1667 3020 1893 3068 eumdem
1914 3023 2144 3087 Spiritum
2165 3024 2238 3072 his
2261 3025 2430 3076 diebus

307 3094 512 3160 apostoli
544 3095 782 3143 mirabilia
814 3106 927 3143 sunt
960 3097 1145 3162 operati
1169 3116 1179 3144 ι
1211 3116 1235 3142 «
1262 3099 1437 3146 Notam
1467 3098 1640 3159 fecisti,
1663 3119 1687 3144 »
1713 3101 1870 3166 inquit
1887 3139 1899 3160 ,
1928 3120 1951 3146 «
1974 3102 2024 3148 in
2047 3104 2237 3168 populis
2271 3107 2432 3155 multis

307 3175 533 3222 virtutem
554 3185 711 3235 tuam,
735 3194 758 3220 »
784 3175 916 3223 illam
936 3176 1159 3225 videlicet
1179 3194 1327 3243 quam
1349 3179 1578 3245 apostolis
1605 3181 1891 3245 promiserat
1905 3218 1917 3241 ,
1942 3181 2132 3230 dicens*
2153 3204 2162 3231 z
2188 3204 2212 3230 «
2235 3189 2433 3235 Vos-au-

229 3300 236 3308 ,
309 3266 407 3303 tem
433 3256 594 3304 sedete
616 3258 666 3304 in
689 3258 880 3305 civitate
902 3258 1060 3306 donec
1087 3258 1357 3307 induamini
1385 3261 1561 3309 virtute
1592 3278 1646 3309 ex
1671 3262 1785 3310 alto.
1809 3282 1833 3307 »
1860 3266 2014 3329 Atque
2045 3265 2110 3313 ita
2131 3266 2181 3312 in
2203 3266 2431 3316 bracchio

310 3345 418 3394 tuo,
444 3335 539 3383 hoc
560 3346 655 3396 est,
688 3337 736 3383 in
769 3337 848 3385 illa
870 3338 1045 3385 virtute
1075 3338 1150 3386 vel
1174 3339 1454 3389 fortitudine
1476 3341 1720 3391 redemisti
1740 3344 1977 3409 populum
1998 3355 2136 3393 tuum
2158 3363 2185 3395 a
2206 3350 2432 3397 servitute

358 3501 367 3518 ¹
391 3502 509 3537 Psalm.
530 3515 643 3543 mxxvi,
665 3515 697 3538 v.
719 3506 771 3538 15.
789 3523 829 3531 --
843 3504 856 3522 ¹
874 3506 968 3547 Luc„
987 3516 1062 3550 cap.
1082 3517 1172 3548 xxiv,
1186 3517 1217 3539 v.
1232 3507 1287 3541 49.
