2970 4152
558 387 621 436 62
1277 391 1537 439 ANDREAE
1569 390 1936 450 fflERCETANl

557 482 749 519 monachis
777 481 901 525 dedit,
934 493 1001 517 nos
1028 480 1150 517 eidem
1178 482 1340 519 ecclesiae
1365 484 1640 523 confirmamus.
1670 486 1801 523 Eidem
1827 485 1940 521 etiam
1966 484 2126 521 ecclesie
2149 483 2411 523 confirmamus
2437 492 2597 531 terram,
2627 492 2664 523 et

558 556 687 580 nemus
710 543 811 592 quod
836 543 975 578 dicitur
993 542 1207 579 Raimundi.
1227 544 1364 580 Actum
1381 545 1545 583 Parisius
1571 559 1670 583 anno
1694 547 1876 583 incarnati
1898 545 2017 582 Verbi
2044 557 2201 591 mcxxxv,
2226 546 2416 585 adelaidis
2445 549 2580 597 reginae
2601 560 2663 586 vu.

558 606 714 654 Signum
741 605 921 652 Stephani
939 604 1115 652 dapiferi,
1150 606 1299 654 signum
1324 606 1525 657 Gilleberti
1553 609 1787 654 buticularii,
1819 609 1971 657 siguum
2002 608 2174 653 Hugonis
2202 608 2487 657 constabularii,
2516 611 2664 658 signum

558 667 719 703 Alberiei
734 666 939 701 camerarii.
961 665 1052 701 Data
1070 678 1136 714 per
1153 679 1305 703 manum
1324 667 1504 718 Stephani
1523 669 1748 706 cancellarii.
1766 685 1783 702 »

606 765 760 801 Verum‘
776 763 850 798 haec
874 761 1001 814 charta
1025 764 1243 816 scrupulum
1267 765 1424 814 ingerit,
1450 765 1514 816 qui
1542 766 1652 815 paulo
1672 766 1892 814 diligentius
1915 763 2157 801 excutiendus
2179 771 2245 801 est.
2268 765 2363 801 Nam
2380 771 2418 801 et
2434 765 2663 813 Stephanum

557 826 786 875 dapiferum,
817 832 855 861 et
880 824 1115 873 Stephanum
1142 815 1402 864 cancellarium
1430 828 1542 864 simul
1567 828 1794 876 subscriptos
1820 827 1945 864 habet.
1975 827 2104 873 Quum
2130 833 2256 863 tamen
2283 827 2444 864 Annales
2461 827 2665 863 maurinia-

555 888 671 923 censis
690 887 871 931 coenobii,
892 898 984 936 quos
1000 884 1156 924 'seulfus
1169 916 1179 933 ,
1198 895 1236 925 et
1254 887 1484 942 aliquot'loci
1503 889 1603 926 illius
1623 889 1796 926 monachi
1816 890 2066 937 scripserunt,
2088 889 2262 925 eumdem
2280 888 2418 925 faciant
2433 889 2665 938 Stephanum

551 951 600 997 ,de
628 941 817 986 Garianda
844 949 1053 997 dapiferum
1080 961 1165 987 cum
1184 950 1377 999 Stephano
1404 951 1623 988 cancellario
1651 953 1762 1002 regis,
1788 951 1910 987 Teulfi
1929 950 2039 987 verba
2052 959 2143 987 sunt
2161 951 2239 987 haec
2259 951 2460 988 Ari-natium
2477 951 2576 987 libro
2595 952 2660 988 111:

556 1028 571 1044 «
596 1012 778 1048 Defuncto
808 1010 1012 1049 Vuillelmo
1043 1011 1184 1048 Anselli
1211 1013 1368 1062 dapiferi
1398 1026 1597 1062 germano,
1633 1012 1844 1062 Stephanus
1870 1012 2131 1058 cancellarius,
2156 1012 2275 1048 frater
2296 1013 2516 1058 amborum,
2547 1012 2667 1060 major

555 1075 661 1122 regiae
683 1074 816 1110 domus
839 1073 990 1110 effectus
1017 1081 1084 1110 est.
1110 1074 1192 1111 Hoc
1216 1076 1410 1112 retroactis
1430 1075 1733 1125 generationibus
1749 1075 1872 1112 fuerat
1894 1075 2129 1115 inauditum,
2158 1081 2201 1112 ut
2220 1075 2336 1111 homo
2357 1075 2422 1124 qui
2450 1074 2666 1111 diaconatus

553 1135 780 1184 fungebatur
807 1136 948 1181 officio,
979 1135 1119 1172 militiae
1144 1136 1255 1172 simul
1282 1145 1367 1186 post
1394 1149 1518 1186 regem
1547 1137 1700 1174 duceret
1720 1137 1989 1186 principatum.
2009 1137 2082 1173 Hic
2107 1137 2163 1172 vir
2190 1137 2420 1181 industrius,
2442 1143 2480 1172 et
2503 1135 2666 1172 saeculari

555 1197 729 1245 praeditus
751 1199 945 1247 sapientia,
975 1211 1060 1234 cum
1080 1197 1210 1235 multis
1230 1199 1562 1236 ecclesiasticorum
1581 1199 1767 1235 bonorum
1787 1198 2017 1245 redditibus,
2038 1206 2120 1236 tum
2138 1198 2390 1235 familiaritate
2411 1198 2532 1247 regis,
2554 1208 2666 1247 qnam

554 1262 605 1297 sic
631 1260 815 1307 habebat,
845 1269 887 1298 ut
907 1262 940 1297 ei
964 1262 1088 1310 potius
1113 1251 1142 1297 a⁵
1157 1262 1381 1312 quibusdam
1410 1262 1599 1299 diceretur
1618 1262 1804 1311 imperare
1827 1274 1939 1311 quam
1958 1262 2118 1307 servire,
2143 1261 2342 1310 temporali
2362 1260 2667 1310 felicitatem

551 1330 699 1360 caeteros
718 1323 890 1360 mortales
907 1324 1043 1360 nostris
1060 1324 1294 1373 temporibus
1312 1323 1515 1361 efflorebat.
1536 1324 1690 1360 Tradita
1707 1337 1794 1360 vero
1813 1324 1917 1372 nepti
1934 1324 1990 1360 sui
2006 1324 2046 1360 in
2063 1324 2238 1372 conjugio
2251 1324 2440 1360 Almarico
2457 1323 2505 1359 de
2520 1323 2667 1359 Monte-

550 1386 660 1430 forti,
692 1397 777 1421 cum
804 1385 947 1421 honore
965 1385 1011 1422 de
1031 1384 1226 1433 Rupeforti
1242 1415 1252 1431 ,
1283 1374 1348 1435 qui
1375 1386 1505 1435 puellae
1533 1385 1579 1422 de
1607 1386 1846 1422 matrimonio
1873 1384 2093 1433 obvenerat,
2115 1386 2342 1422 *tumefactus
2363 1384 2580 1433 oblitusque
2608 1383 2667 1420 sui

553 1446 708 1482 Adelam
724 1447 893 1495 reginam
907 1446 1218 1496 frequentissimis
1231 1448 1413 1496 molestiis
1431 1448 1501 1484 sibi
1517 1448 1684 1484 reddidit
1698 1447 1889 1493 infestam,
1912 1447 2084 1496 odiisque
2096 1448 2352 1484 'crescentibus
2364 1476 2373 1493 ‚
2395 1459 2483 1496 rege
2499 1447 2666 1490 turbato,

552 1510 742 1558 depositus
765 1511 811 1546 ab
836 1511 998 1554 honore,
1025 1510 1194 1558 pulsatur
1218 1524 1235 1546 a
1262 1512 1377 1546 curia.
1398 1512 1481 1559 lpse
1504 1522 1590 1546 vero
1615 1511 1731 1547 veluti
1758 1510 1919 1559 quadam
1939 1517 2133 1558 correptus
2148 1510 2311 1554 insania,
2340 1521 2501 1557 regnum
2516 1507 2667 1544 tur-bare

550 1573 639 1608 ‘totis
664 1573 805 1608 viribus
831 1575 1012 1615 enititur,
1045 1580 1083 1609 et
1107 1574 1176 1608 viri
1208 1574 1246 1608 in
1275 1574 1388 1609 armis
1418 1574 1580 1618 strenui,
1610 1573 1789 1609 Amalrici
1808 1573 1911 1617 dico,
1942 1573 2060 1607 fretus
2077 1572 2244 1617 auxiliis,
2267 1573 2424 1620 patriam
2444 1572 2542 1607 hanc
2562 1569 2668 1606 bellis

477 1666 483 1667 ⁷
549 1634 730 1670 accendit.
747 1635 819 1670 Sed
836 1647 953 1683 quum
971 1646 1055 1669 suos
1072 1634 1222 1670 affectus
1242 1634 1427 1670 deducere
1445 1647 1520 1670 non
1540 1642 1662 1682 posset
1682 1635 1729 1670 ad
1745 1634 1913 1678 effectus,
1934 1646 2101 1670 reversus
2125 1634 2171 1669 ad
2198 1635 2436 1682 semetipsum
2451 1662 2460 1677 ‚
2488 1633 2668 1669 senescal-

549 1697 642 1731 ciam
655 1725 665 1741 ,
691 1707 800 1745 quam
827 1697 913 1743 jure
942 1695 1131 1744 possidere
1151 1708 1188 1732 se
1207 1695 1353 1732 dicebat
1373 1696 1604 1732 hereditario
1617 1724 1627 1743 ,
1645 1696 1805 1740 dimisit,
1834 1702 1872 1733 et
1895 1708 1980 1731 cum
2004 1708 2093 1744 rege
2109 1695 2316 1740 ludovico,
2343 1695 2521 1732 Adelaide
2540 1695 2667 1742 regina

548 1759 835 1804 interveniente,
864 1757 1077 1807 pacificatus
1095 1759 1160 1795 est.
1178 1774 1194 1792 >›
1216 1758 1340 1807 [Vide
1361 1760 1498 1808 Script.
1518 1773 1590 1798 rer.
1613 1760 1738 1809 gallic.
1752 1790 1759 1802 ‚
1778 1767 1806 1796 t.
1826 1756 1922 1801 XII,
1939 1772 1976 1808 p.
1994 1760 2068 1808 715]
2088 1760 2141 1795 Ex
2155 1759 2296 1808 quibus
2315 1766 2477 1808 quantus
2488 1765 2530 1794 et
2549 1757 2669 1807 qualis

549 1823 661 1858 fuerit
680 1821 891 1870 Stephanus
911 1820 957 1857 de
977 1820 1166 1858 Garianda
1186 1821 1331 1870 dapifer
1351 1815 1526 1859 facillime
1551 1829 1673 1870 potest
1691 1822 1867 1870 judicati.
1886 1821 1960 1858 Sed
1977 1828 2021 1858 ut
2036 1833 2122 1858 eum
2141 1821 2256 1858 fuisse
2273 1821 2420 1858 credam
2439 1820 2668 1868 Stephanum

549 1879 655 1919 illum
672 1883 930 1919 cancellarium
943 1884 1036 1950 ‚qui
1053 1876 1180 1932 postea
1197 1883 1410 1931 parisiensis
1433 1884 1629 1933 episcopus
1642 1884 1762 1920 factus
1773 1890 1852 1930 ·,est
1870 1883 2005 1920 adduci
2024 1895 2181 1932 nequeo.
2201 1883 2320 1919 Multa
2333 1884 2433 1918 enim
2451 1883 2491 1918 in
2508 1882 2672 1930 antiquis

549 1953 587 1981 et
606 1945 677 1982 fide
697 1930 821 1994 dignis
839 1930 1092 1982 monumentis
1116 1953 1340 1990 occuirunt,
1371 1958 1450 1994 quae
1470 1954 1579 1983 conti
1581 1956 1701 1983 arium
1719 1946 1944 1996 persuadere
1962 1946 2149 1982 videntur.
2161 1947 2217 1982 Et
2234 1946 2376 1994 primo',
2395 1944 2529 1980 *tabulae
2545 1944 2670 1980 Sancti

550 2008 702 2044 Martini
722 2004 891 2044 leserunt
908 2008 1140 2056 Stephanum
1163 2008 1404 2056 parisiensem
1419 2009 1661 2057 episcopum,
1681 2024 1699 2043 «1
1714 2009 1906 2045 ecclesiam
1926 2008 2052 2046 Sancti
2068 2008 2239 2056 Dionysii
2262 2020 2343 2056 quae
2359 2007 2499 2043 dicitur
2514 2006 2562 2041 de
2571 2006 2670 2042 Car·-

550 2065 660 2114 cere,
671 2078 782 2119 quam
801 2070 867 2105 diu
884 2081 1016 2105 manus
1032 2069 1123 2105 laica
1142 2070 1280 2116 injuste
1295 2070 1478 2105 invaserat
1489 2098 1498 2114 ,
1522 2083 1602 2118 quae
1614 2066 1725 2106 etiam
1742 2082 1808 2106 suo
1821 2078 1994 2118 tempore
2014 2070 2062 2106 ad
2081 2082 2212 2105 manus
2224 2071 2345 2117 regias
2358 2070 2505 2105 redacta
2523 2070 2645 2105 iuerat
2657 2098 2667 2114 ,

551 2132 667 2180 ipsam
686 2131 725 2166 in
740 2131 911 2167 manibus
930 2130 1006 2166 suis
1022 2130 1208 2166 redditam
1222 2143 1267 2166 ex
1283 2142 1487 2176 consensu,
1511 2127 1692 2179 petitione
1705 2139 1743 2168 et
1760 2131 1949 2168 voluntate
1963 2132 2062 2180 regis
2075 2132 2273 2174 Ludovici,
2289 2139 2477 2168 annuente
2492 2131 2671 2168 Adelaide

552 2194 698 2242 regina,
729 2200 770 2247 et?
788 2193 955 2230 Heni-ico
982 2192 1149 2240 ejusdem
1171 2192 1331 2228 ecclesiae
1353 2193 1486 2229 abbate
1504 2194 1752 2238 concedente,
1780 2195 1819 2230 in
1846 2201 2073 2243 perpetuum
2096 2193 2252 2230 donasse
2276 2194 2411 2230 Sancto
2432 2195 2600 2230 'Martino
2621 2194 2670 2230 de

551 2256 702 2305 Campis
721 2267 817 2292 anno
833 2255 975 2292 Christi
990 2266 1166 2291 mcxxxm.
1183 2269 1201 2287 »
1219 2255 1265 2290 In
1282 2253 1416 2291 litteris
1439 2268 1526 2291 vero
1543 2256 1699 2292 Henrici
1716 2256 1859 2293 abbatis
1874 2257 2000 2293 Sancti
2017 2257 2199 2293 Germani
2215 2256 2264 2292 de
2279 2256 2401 2292 Pratis
2416 2263 2671 2292 memorantur

561 2337 575 2353 a
600 2319 799 2355 servientes
834 2317 1012 2366 Stephani
1041 2315 1089 2353 de
1121 2316 1312 2354 Gai-landa
1328 2347 1337 2363 ,
1367 2333 1383 2351 »
1428 2318 1495 2367 qui
1520 2318 1594 2354 sub
1621 2330 1761 2354 annum
1790 2319 1915 2355 adhuc
1941 2321 2056 2364 Μ’38,
2098 2333 2115 2352 «ι
2137 2324 2301 2355 castrum
2322 2320 2552 2367 -gurnaicum
2585 2327 2671 2355 cum

554 2379 783 2429 appendiciis
808 2381 847 2416 in
872 2379 1113 2416 advocatione
1135 2380 1287 2416 tenebat
1306 2392 1375 2428 pro
1404 2380 1591 2417 Almarico
1608 2381 1772 2417 Eboredi
1800 2382 1937 2417 comite
1955 2381 2077 2429 neptis
2094 2393 2166 2418 suae
2183 2381 2281 2426 filio,
2298 2381 2366 2417 cui
2387 2380 2493 2417 'idem
2509 2387 2670 2416 castrum

554 2442 782 2479 hereditario
794 2442 879 2490 jure
897 2449 1134 2478 successerat.
1152 2457 1168 2475 υ
1184 2442 1374 2487 seeundo,
1395 2442 1757 2491 tumulus'Stephan‘i
1776 2443 1987 2490 parisiensis
2000 2442 2167 2491 episcopi
2180 2471 2191 2490 ,
2209 2443 2273 2492 qui
2287 2443 2444 2478 decessit
2454 2455 2553 2478 anno
2564 2444 2670 2488 ww,

553 2516 638 2542 eum
661 2504 783 2554 primo
801 2504 1082 2549 cancellarium,
1111 2511 1196 2552 post
1212 2502 1428 2553 episcopum
1447 2505 1575 2548 fuisse,
1589 2503 1698 2541 ¹nulla
1712 2505 1870 2553 dapiferi
1889 2504 1945 2541 vel
1963 2505 2151 2541 senescalli
2173 2506 2363 2541 mentione
2380 2505 2497 2549 facta,
2515 2504 2672 2541 demon-

554 2576 663 2613 strat,
693 2569 765 2604 hoc
793 2567 904 2604 modo
926 2583 932 2603 :
957 2567 1066 2602 «Hic
1087 2567 1186 2614 jacet
1206 2566 1324 2603 felicis
1351 2567 1538 2604 memorias
1563 2567 1788 2604 reverendus
1815 2575 1920 2616 pater
1944 2574 1987 2604 ‘et
2016 2567 2191 2604 dominus
2214 2567 2452 2615 Stephanus,
2479 2566 2672 2616 quondam

554 2631 715 2669 Francia}
742 2631 1003 2675 cancellarius,
1029 2637 1112 2679 post
1136 2630 1349 2678 parisiensis
1376 2631 1591 2680 episcopus»,
1617 2638 1691 2669 etc.
1710 2647 1727 2664 »
1752 2632 1944 2680 Denique,
1972 2631 2077 2681 qnod
2093 2632 2183 2668 ‘luce
2210 2631 2414 2667 meridiana
2438 2631 2669 2675 clai-insest,

556 2696 684 2732 tabulae
705 2697 820 2731 Beatae
836 2690 962 2731 Mariae
978 2693 1024 2730 de
1036 2692 1212 2730 Gornaio
1230 2694 1401 2730 ‘referunt
1420 2694 1531 2730 simul
1547 2701 1586 2731 et
1604 2709 1622 2727 «
1637 2694 1869 2743 Stephanum
1888 2695 2126 2743 parisiensem
2143 2694 2371 2742 episcopum,
2391 2700 2429 2729 et
2440 2693 2671 2741 Stephanum

553 2758 761 2806 dapiferum
781 2756 994 2794 Gornaium
1011 2759 1215 2792 tenentem.
1229 2770 1249 2789 11
1277 2757 1404 2802 Quare
1421 2755 1537 2792 'dubio
1555 2756 1632 2792 hoc
1652 2757 1705 2793 ita
1723 2763 1891 2802 remoto,
1906 2757 1984 2804 jam
2001 2755 2303 2804 subjungendum
2317 2761 2456 2800 restat,
2483 2755 2673 2802 Stephano

554 2819 599 2856 de
619 2817 808 2856 Gaulanda
838 2816 1082 2867 Raduiphum
1107 2817 1292 2863 Pemonae
1313 2829 1379 2853 seu
1403 2817 1750 2855 Viromanduorum
1774 2819 1953 2856 comitem
1984 2819 2024 2854 in
2050 2818 2269 2854 senescalcia
2297 2818 2527 2856 successisse.
2555 2816 2672 2864 Quod

554 2889 678 2929 aperte
699 2888 860 2917 testatur
885 2881 997 2936 fingo
1009 2877 1066 2916 fle
1083 2878 1217 2930 Cleriis
1243 2884 1361 2929 quum
1390 2867 1467 2915 ait:
1495 2893 1518 2912 «
1540 2879 1628 2916 Post
1655 2879 1887 2928 Stephanum
1918 2880 1989 2915 fuit
2013 2879 2254 2926 senescallus,
2275 2879 2504 2927 Radulphus
2517 2879 2673 2915 Peronae

554 2937 675 2979 comes
690 2945 785 2992 ,qui
803 2930 987 2979 similiter*
991 2941 1079 2978 fecit
1088 2941 1263 2978 hominia
1276 2945 1330 2979 'et
1335 2942 1576 2980 servitium.»
1603 2933 1693 2978 Post
1714 2941 1957 2991 Radulphum
1984 2941 2227 2978 Theobaldus
2244 2942 2426 2990 Magnus,
2446 2951 2579 2977 comes
2595 2940 2674 2978 hle-

554 3006 687 3048 sensis,
720 3005 875 3054 dapiferi
898 3007 1052 3042 munere
1065 3003 1224 3041 ‘functus
1249 3006 1321 3041 est
1327 3004 1396 3040 'stili
1419 3003 1609 3055 Ludovico
1635 3005 1805 3041 Juniore.
1828 3004 1918 3041 Post
1936 3004 2199 3040 Theobaldum
2227 3004 2413 3052 Magnum
2434 3002 2674 3040 Theobaldus

542 3063 646 3104 'aiter
662 3069 760 3105 'filius
774 3070 873 3119 ejus,
891 3069 1021 3106 iti'dem
1040 3069 1163 3106 coines
1174 3067 1375 3113 blesensis,
1395 3052 1565 3122 Philippi
1583 3069 1747 3116 Augusti
1765 3068 1984 3105 senescallus
1999 3068 2140 3104 extitit.
2157 3068 2203 3105 Et
2221 3068 2273 3104 sie
2290 3067 2337 3103 de
2354 3067 2504 3103 ceteris.

1376 3177 1473 3214 Nota
1496 3176 1647 3222 xmv,
1674 3189 1760 3226 pag.
1784 3179 1847 3216 25.

568 3319 569 3322 Ἰ
602 3272 772 3309 Assensu
792 3275 955 3320 epc'scopi
968 3266 1094 3309 ierne.
1109 3273 1325 3310 —Hatonis
1347 3261 1487 3323 scilicet
1509 3273 1674 3321 episcopi
1700 3273 1901 3317 trecensis,
1922 3278 2124 3320 posteaque
2151 3269 2394 3306 cluniacensis
2419 3267 2608 3312 monachi,
2628 3265 2674 3302 de

554 3334 763 3382 quo'multa
785 3334 916 3370 Petrus
940 3335 1175 3372 Venerabilis
1201 3329 1313 3372 abbas
1332 3332 1524 3379 Clu'niaci,
1549 3341 1700 3384 sanctus
1717 3333 1945 3380 Bernardus,
1974 3341 2012 3371 et
2037 3331 2298 3381 alii'ejusdem
2328 3331 2389 3367 aevi
2421 3330 2618 3379 scriptores
2635 3330 2674 3365 in

555 3396 731 3445 epistolis.
2536 3407 2538 3409 >
