2970 4152
467 425 561 472 236
1095 421 1265 467 PETRI
1303 420 1615 467 ABAELARDI
1650 420 1967 467 EPISTOLAE.

467 535 575 566 rum
601 518 764 564 fluant.
791 534 813 560 »
841 515 987 572 Quasi
1013 515 1117 562 fons
1141 515 1274 579 origo
1300 515 1662 563 translationum
1686 517 1935 582 Scripturae
1960 524 2070 561 sunt
2096 514 2209 574 illae,
2235 531 2263 562 a
2291 516 2464 581 quibus
2486 519 2587 584 ipse

467 601 628 657 fuerit3
660 608 707 645 et
742 598 835 645 cito
870 595 1226 656 translationes,
1255 606 1483 661 tanquam
1519 597 1798 665 mendaces,
1830 595 2028 660 repulsae
2059 595 2313 656 deficiunt,
2341 597 2380 644 si
2409 597 2471 644 ab
2494 600 2589 646 ori-

469 681 575 743 gine
601 695 684 726 sua
709 678 925 738 deviare,
961 687 1006 725 et
1034 677 1095 724 ad
1119 678 1272 743 ipsam
1300 693 1385 743 per
1413 678 1721 725 concordiam
1740 693 1983 725 recurrere
2007 693 2106 724 non
2131 676 2410 741 probentur.
2447 683 2502 726 At
2527 697 2591 727 ne

468 760 525 806 ad
555 759 716 806 omnia
743 775 894 805 unum
919 757 1050 805 hunc
1078 758 1385 822 interpretem
1413 757 1629 805 sufficere
1663 758 1913 805 credamus
1928 791 1941 815 ,
1971 767 2199 821 tanquam
2232 758 2409 822 peritiae
2438 760 2592 824 perfe-

467 841 674 886 ctionem
701 838 762 885 de
795 837 990 903 singulis
1025 838 1279 903 adeptum,
1318 839 1522 885 maxime
1547 839 1595 884 in
1625 838 1878 898 hebraico,
1913 837 1996 885 ubi
2030 837 2159 901 apud
2195 853 2285 884 nos
2311 839 2592 903 praeminere

467 920 663 979 dicitur,
692 919 837 984 ipsius
862 935 1004 984 super
1032 918 1126 965 hoc
1151 918 1477 965 testimonium
1514 918 1789 974 audiamus,
1824 935 1886 965 ne
1915 918 2022 983 plus
2050 919 2093 966 ei
2120 934 2266 983 quam
2291 917 2465 966 habeat
2501 919 2589 965 im-

467 1011 633 1066 putare
659 1016 1013 1065 praesumamus.
1044 998 1215 1046 Scribit
1238 1015 1380 1063 super
1406 998 1501 1045 hoc
1519 998 1580 1044 ad
1599 999 1922 1045 Domnionem
1943 1008 1989 1045 et
2010 999 2337 1063 Rogatianum,
2361 1007 2408 1046 et
2425 1007 2591 1046 contra

467 1089 815 1139 accusatorem,
855 1079 930 1126 his
966 1078 1121 1126 verbis
1156 1097 1165 1124 ε
1201 1081 1369 1137 «Nos,
1410 1078 1493 1141 qui
1529 1077 1726 1125 hebraeae
1755 1078 1926 1141 linguae
1949 1078 2115 1125 saltem
2139 1094 2336 1143 parvam
2360 1077 2593 1126 habemus

467 1160 708 1208 scientiam
725 1197 740 1220 ,
769 1169 814 1206 et
841 1159 1014 1206 latinus
1041 1158 1181 1204 nobis
1205 1168 1448 1221 utcunque
1471 1173 1627 1204 sermo
1658 1173 1757 1204 non
1789 1157 1952 1217 deest,
1987 1168 2033 1204 et
2056 1157 2116 1205 de
2142 1158 2243 1205 aliis
2261 1159 2409 1222 magis
2427 1174 2595 1224 possu-

467 1258 573 1288 mus
594 1241 831 1304 judicare,
872 1250 919 1287 et
943 1256 1022 1298 ea,
1055 1255 1160 1302 quae
1187 1238 1276 1303 ipsi
1301 1237 1631 1301 intelligimUS,
1662 1238 1711 1283 in
1749 1247 1913 1284 nostra
1947 1237 2105 1302 lingua
2136 1254 2375 1304 promere.
2406 1257 2429 1283 n
2466 1238 2593 1287 Felix

470 1321 547 1368 illa
571 1321 729 1368 anima
752 1331 845 1380 est,
874 1336 979 1383 quae
1000 1319 1048 1365 in
1074 1318 1175 1383 lege
1203 1317 1397 1364 Domini
1422 1317 1657 1364 meditans
1674 1317 1752 1364 die
1785 1333 1840 1364 ac
1870 1327 2035 1378 nocte,
2068 1333 2458 1383 unamquamque
2482 1320 2594 1366 scri-

470 1411 659 1465 pturam
677 1402 725 1447 in
750 1401 856 1466 ipso
882 1410 988 1446 ortu
1015 1399 1158 1446 fontis
1180 1398 1313 1462 quasi
1333 1398 1634 1462 purissimam
1655 1414 1829 1462 aquam
1852 1398 2043 1446 haurire
2068 1399 2256 1463 sata-git,
2282 1415 2343 1446 ne
2361 1399 2489 1446 rivos
2506 1415 2594 1464 per

471 1481 653 1528 diversa
679 1481 995 1528 discurrentes
1015 1515 1027 1539 ,
1060 1478 1359 1526 turbulentos
1388 1496 1478 1543 pro
1509 1479 1646 1525 claris
1670 1495 1757 1543 per
1785 1479 2102 1542 ignorantiam
2133 1479 2207 1526 vel
2240 1478 2590 1544 impossibilita—

470 1572 566 1608 tem
591 1572 771 1621 sumat,
801 1571 847 1608 et
864 1560 997 1625 quod
1012 1559 1224 1618 biberat,
1249 1576 1471 1606 evomere
1500 1569 1712 1623 cogatur.
1742 1558 1923 1605 Defecit
1944 1559 2044 1621 jam
2066 1558 2250 1606 dudum
2275 1558 2370 1606 hoc
2388 1560 2593 1624 peregri-

471 1659 641 1689 narum
664 1642 933 1705 linguarum
959 1642 1069 1687 viris
1094 1639 1333 1699 studium,
1372 1649 1419 1686 et
1448 1656 1559 1686 cum
1586 1638 1871 1703 negligentia
1903 1638 2166 1686 litterarum
2184 1675 2197 1699 ,
2239 1639 2433 1687 scientia
2455 1641 2594 1705 periit

471 1739 650 1768 earum.
687 1721 831 1780 Quod
857 1723 903 1768 in
935 1721 1044 1768 viris
1079 1720 1350 1779 amisimus,
1383 1721 1433 1766 in
1462 1720 1646 1767 feminis
1678 1736 2047 1784 recuperemus,
2079 1730 2126 1767 et
2156 1719 2218 1767 ad
2238 1721 2453 1767 virorum
2485 1737 2596 1767 con-

470 1802 855 1860 demnationem,
883 1811 929 1849 et
949 1801 1154 1848 fortioris
1183 1817 1321 1847 sexus
1341 1800 1602 1864 judicium,
1632 1817 1822 1847 rursum
1842 1801 2002 1864 regina
2021 1800 2175 1847 Austri
2195 1801 2475 1866 sapientiam
2495 1802 2596 1848 veri

471 1883 739 1931 Salomonis
762 1883 811 1929 in
839 1882 975 1929 vobis
1001 1882 1231 1945 exquirat.
1264 1881 1351 1928 Cui
1376 1891 1509 1928 tanto
1541 1881 1689 1945 magis
1715 1897 1912 1945 operam
1937 1881 2050 1928 dare
2080 1881 2299 1946 potestis,
2329 1891 2510 1945 quanto
2546 1881 2594 1928 in

472 1981 616 2029 opere
630 1981 861 2012 manuum
877 1963 1034 2009 minus
1053 1961 1283 2008 moniales
1300 1978 1445 2025 quam
1462 1961 1686 2007 monachi
1706 1960 1939 2008 desudare
1957 1970 2176 2026 possunt,
2198 1971 2244 2008 et
2261 1977 2316 2008 ex
2336 1961 2419 2008 otii
2438 1962 2598 2026 quiete

472 2053 614 2108 atque
641 2043 913 2092 infirmitate
938 2052 1117 2089 naturae
1146 2041 1326 2088 facilius
1354 2042 1402 2087 in
1423 2042 1734 2088 tentationem
1752 2040 1863 2087 labi.
1900 2041 2038 2088 Unde
2066 2051 2112 2088 et
2139 2042 2406 2106 praemissus
2426 2041 2598 2089 doctor

473 2124 520 2169 in
546 2133 752 2170 vestram
777 2122 1045 2169 doctrinam
1071 2131 1118 2171 et
1142 2121 1522 2168 exhortationem
1549 2121 1835 2185 praecipuus,
1872 2131 1970 2167 tam
1988 2121 2172 2186 scriptis
2198 2137 2344 2185 quam
2370 2121 2597 2186 exemplis

474 2202 687 2250 laborem
711 2213 921 2250 vestrum
953 2202 1014 2249 ad
1037 2201 1249 2248 studium
1274 2202 1438 2248 incitat
1465 2201 1727 2248 litterarum
1751 2219 1761 2247 t
1792 2201 1997 2248 maxime
2022 2217 2083 2248 ne
2111 2202 2362 2248 occasione
2383 2201 2596 2249 discendi

474 2284 596 2331 vires
626 2300 839 2347 unquam
861 2282 1001 2329 acciri
1026 2282 1345 2329 necessarium
1373 2282 1459 2342 sit,
1489 2291 1570 2328 aut
1599 2271 1775 2328 'frustra
1805 2298 2009 2347 corpore
2034 2282 2226 2329 intentae
2255 2281 2443 2330 animus
2474 2281 2596 2328 foras

477 2373 723 2428 evagetur,
749 2372 796 2410 et
815 2361 979 2409 relicto
1009 2378 1187 2427 sponso
1206 2398 1219 2421 ,
1248 2361 1508 2411 fornicetur
1532 2377 1643 2408 cum
1671 2360 1872 2410 mundo-
