2970 4152
514 381 564 426 41
580 383 608 426 0
1317 380 1486 427 PETRI
1523 381 1835 432 ABAELARDI

512 476 697 538 tingunt
714 472 937 538 pedibus,
960 472 1067 535 quia
1089 489 1295 536 quorum
1320 473 1609 523 desiderium
1636 489 1944 526 conversatur
1970 479 2017 524 in
2045 477 2175 524 coelis
2191 515 2204 537 ‚
2240 495 2407 527 eorum
2442 481 2634 530 affectus

512 570 609 600 non
629 552 870 600 adhaerent
887 552 1104 611 terrenis;
1122 569 1211 600 nec
1230 554 1416 601 animos
1431 571 1542 603 suos
1559 556 1787 620 dejiciunt
1800 559 1847 604 in
1865 557 2074 618 caduciS,
2094 558 2177 622 qui
2190 575 2378 606 sursum
2395 561 2632 610 Christum

513 643 772 698 quaerentes
798 631 907 678 solis
932 632 1116 680 inhiant
1139 634 1340 682 aeternis.
1369 637 1502 693 Quos
1528 647 1579 684 ut
1600 635 1774 685 imitari
1792 639 2051 703 possimus,
2081 655 2304 703 rogamus
2327 650 2400 699 te,
2428 644 2634 691 Domine

513 718 639 774 Jesu,
664 723 715 760 ut
732 729 821 759 nos
840 729 1032 777 quoque
1051 722 1132 760 tua
1150 713 1289 762 facias
1307 715 1545 778 jumenta,
1574 717 1747 781 quibus
1766 718 1814 764 in
1835 717 1981 765 fidem
2000 728 2046 765 et
2066 718 2275 782 regendo
2295 718 2502 783 digneris
2521 738 2636 786 prae-

513 811 631 854 esse,
652 793 865 842 Salvator
885 794 1050 841 mundi
1061 829 1074 851 ‚
1096 796 1172 842 cui
1191 795 1364 843 dicitur
1382 797 1431 843 in
1452 797 1544 844 alio
1563 798 1773 863 psalmo¹
1796 817 1805 845 ε
1833 819 1855 843 «
1875 800 2105 847 Homines
2121 809 2168 847 et
2179 800 2397 863 jumenta
2413 801 2630 862 salvabis,

513 877 742 936 Domine,
771 875 1179 940 quemadmodum
1206 878 1526 944 multiplicasti
1550 879 1923 927 misericordiam
1952 890 2108 941 tuam,
2138 883 2281 928 Deus.
2308 902 2330 926 »
2359 886 2524 930 Amen.

1278 1380 1355 1438 IN
1403 1379 1658 1437 EADEM
1705 1381 1855 1437 DIE,

1428 1564 1575 1594 SERMO
1610 1564 1693 1594 VIII
1700 1584 1709 1594 .

583 1707 604 1731 «
627 1690 738 1734 Erat
779 1696 938 1733 autem
979 1686 1205 1751 spelunca
1233 1696 1280 1733 et
1312 1686 1430 1752 lapis
1472 1688 1822 1752 superpositus,
1864 1697 1908 1735 et
1952 1688 2016 1735 ait
2060 1690 2192 1735 Jesus
2230 1707 2240 1734 ε
2275 1687 2483 1735 «Tollite
2517 1688 2637 1754 lapi-

518 1786 539 1809 «
564 1765 703 1826 dem,
728 1769 894 1813 etc.².»
922 1765 1245 1813 Miserationes
1269 1766 1465 1813 Domini
1490 1766 1720 1814 universis
1745 1765 1970 1832 operibus
1990 1766 2091 1830 ejus
2117 1766 2361 1834 Psalmista
2385 1767 2638 1832 praeferens

515 1846 577 1891 ait
592 1847 604 1870 ³
630 1864 639 1891 ε
667 1866 690 1890 «
712 1849 769 1893 Et
793 1846 1120 1894 miserationes
1144 1846 1245 1909 ejus
1270 1862 1411 1911 super
1435 1847 1597 1894 omnia
1623 1857 1768 1912 opera
1794 1846 1909 1910 ejus.
1936 1865 1959 1890 »
1991 1845 2346 1894 Miserationum
2366 1847 2524 1910 itaque
2543 1849 2639 1892 Do-

515 1927 632 1973 mini
657 1927 960 1974 recordantes
973 1963 985 1987 ,
1006 1937 1138 1974 tanto
1156 1927 1270 1974 hine
1298 1944 1410 1975 eum
1434 1927 1637 1993 amplius
1662 1927 1925 1993 glorificare
1946 1927 2200 1985 debemuS‚
2221 1936 2401 1991 quanto
2420 1927 2522 1974 haec
2540 1928 2640 1990 ejus

515 2024 660 2071 opera
686 2009 863 2056 caeteris
886 2025 1112 2074 praeesse,
1142 2018 1188 2056 et
1209 2009 1358 2073 magis
1390 2009 1654 2057 necessaria
1689 2009 1829 2056 nobis
1858 2009 2191 2073 cognoscimus
2226 2025 2343 2056 esse.
2373 2008 2511 2056 Unde
2536 2018 2581 2055 et
2611 2025 2639 2056 a

515 2087 664 2134 turbis
688 2087 831 2136 hodie
851 2090 1023 2137 meruit
1042 2089 1294 2148 honorari,
1317 2090 1520 2136 maxime
1536 2089 1669 2153 quod
1695 2089 1997 2136 moerentium
2018 2105 2241 2136 sororum
2267 2088 2427 2134 Lazari
2446 2089 2639 2135 misera·

516 2177 611 2227 tus,
642 2170 917 2217 suscitatum
939 2170 1005 2217 eis
1025 2169 1234 2217 reddidit
1259 2169 1451 2216 fratrem
1468 2169 1573 2233 jam'
1592 2169 1641 2215 in
1672 2178 1989 2216 monumento
2009 2178 2215 2232 quatuor
2239 2167 2339 2214 dies
2359 2166 2633 2215 habentem.

521 2251 576 2294 Ut
603 2252 731 2296 enim
762 2253 967 2297 Joannes
1000 2249 1185 2310 scribit,
1218 2259 1414 2316 propter
1435 2249 1531 2297 hoc
1557 2249 1700 2296 hodie
1718 2248 1858 2297 turba
1877 2250 1922 2296 ei
1948 2248 2090 2296 obvia
2109 2249 2263 2307 venit,
2285 2249 2514 2312 quoniam
2544 2249 2640 2296 hoc

515 2329 763 2377 audierant
781 2330 970 2379 factum.
997 2329 1066 2377 Ad
1085 2329 1217 2394 quod
1239 2339 1467 2394 tanquam
1486 2329 1730 2377 hodiernae
1754 2329 2013 2377 festivitatis
2031 2329 2263 2393 originem
2283 2329 2449 2376 oculos
2469 2330 2640 2376 mentis

514 2410 811 2470 reducentes,
835 2399 967 2458 tanto
989 2411 1257 2476 diligentius
1275 2411 1376 2474 ejus
1393 2411 1672 2474 mysterium
1687 2411 1861 2457 intueri
1880 2409 2128 2469 debemus,
2150 2419 2332 2474 quanto
2348 2409 2448 2456 haec
2467 2426 2639 2473 magna

516 2493 709 2539 Domini
747 2492 1071 2540 misericordia
1105 2492 1337 2555 majorem
1362 2491 1526 2538 tribuit
1556 2490 1886 2557 peccatoribus
1909 2490 2303 2538 consolationem.
2332 2493 2443 2537 Tres
2461 2491 2641 2555 quippe

517 2582 730 2619 mortuos
748 2589 775 2619 a
794 2573 1003 2619 Domino
1022 2572 1221 2636 legimus
1239 2572 1508 2632 suscitatOS,
1532 2572 1705 2636 quibus
1728 2572 1947 2619 universa
1962 2580 2266 2636 peccatorum
2286 2586 2459 2634 genera
2476 2570 2641 2617 docto-

514 2670 587 2699 res
611 2654 761 2699 nostri
785 2652 1005 2700 dixerunt
1030 2652 1236 2717 figurari.
1259 2653 1509 2700 Suscitavit
1532 2654 1660 2700 enim
1681 2652 1828 2699 filiam
1853 2651 2212 2716 archisynagogi
2233 2651 2426 2698 adhuc
2415 2668 2463 2697 m
2491 2650 2639 2698 domo

509 2734 747 2795 jacentem
782 2744 1038 2798 antequam
1078 2735 1202 2780 foras
1238 2734 1498 2781 efferretur.
1533 2734 1781 2781 Suscitavit
1807 2733 1955 2780 filium
1986 2732 2138 2779 viduae
2163 2741 2292 2779 extra
2316 2742 2503 2796 portam
2530 2731 2639 2778 civi-

514 2816 617 2861 tatis
645 2816 779 2862 Naim
806 2815 906 2878 jam
933 2811 1252 2879 deportatum.
1278 2815 1528 2861 Suscitavit
1551 2824 1598 2861 et
1632 2814 1789 2874 hunc,
1817 2813 1878 2861 de
1902 2830 2000 2878 quo
2027 2829 2156 2860 nunc
2178 2812 2317 2859 nobis
2346 2828 2503 2871 sermo
2537 2822 2635 2871 est,

513 2895 730 2942 videlicet
754 2898 1009 2955 Lazarum,
1046 2911 1197 2959 quum
1222 2896 1321 2957 jam
1358 2895 1405 2940 in
1443 2905 1758 2942 monumento
1796 2903 2001 2958 quatuor
2040 2893 2141 2940 dies
2173 2892 2385 2939 haberet.
2426 2891 2563 2938 Unde
2593 2903 2639 2939 et

514 2977 855 3039 quatriduanus
894 2986 1110 3023 mortuus
1146 2975 1334 3022 dicitur.
1371 2978 1482 3022 Tres
1513 2975 1654 3039 igitur
1691 2976 1766 3022 isti
1804 2975 1981 3022 mortui
2013 2974 2100 3020 tria
2130 2973 2430 3038 peccantium
2467 2976 2639 3036 genera

515 3059 719 3121 signant,
748 3059 831 3123 qui
852 3075 938 3124 per
960 3057 1255 3123 praesentiam
1292 3055 1504 3104 divinam
1535 3057 1795 3122 inspirante
1821 3056 1965 3121 gratia
2002 3056 2280 3103 reviviscere
2304 3054 2527 3101 dicuntur
2554 3072 2564 3099 ε
2592 3063 2638 3100 et

515 3138 691 3185 feliciu‘s
715 3139 789 3186 isti
817 3155 845 3186 a
866 3149 1020 3186 morte
1051 3138 1247 3197 animae,
1288 3154 1432 3201 quam
1465 3137 1559 3183 illi*
1586 3154 1612 3183 a
1638 3147 1792 3184 morte
1821 3137 2036 3202 corporis
2073 3153 2159 3201 per
2194 3136 2455 3182 Dominum
2490 3134 2636 3180 susci-

516 3227 691 3263 tantur.

582 3298 737 3346 Puella
764 3299 959 3363 quidem
990 3267 1205 3358 mort-ua,
1231 3315 1335 3362 quae
1358 3297 1515 3346 adhuc
1540 3298 1587 3343 in
1611 3297 1759 3344 domo
1779 3296 2028 3344 tenebatur
2051 3296 2208 3343 clausa
2238 3294 2432 3359 quando
2463 3304 2532 3341 est
2562 3310 2637 3340 su—

564 3472 573 3490 ²
600 3473 718 3506 Psalm.
740 3485 841 3511 xxxv,
860 3485 888 3505 v.
911 3477 942 3506 7.
964 3491 1001 3497 -
1019 3474 1030 3489 ²
1051 3474 1161 3515 Joan.,
1182 3484 1255 3517 cap.
1271 3485 1303 3505 xi
1319 3499 1326 3512 ‚
1348 3484 1377 3505 v.
1398 3475 1452 3505 38.
1471 3491 1508 3496 —
1525 3471 1536 3487 ³
1555 3471 1672 3505 psalm.
1690 3483 1801 3508 cxuv.
1820 3484 1848 3505 v.
1866 3474 1897 3504 9.
1916 3490 1951 3495 —
1971 3472 1982 3488 ⁴
2002 3473 2071 3504 111ae
2086 3470 2182 3504 Amb.
