2970 4152
926 328 983 375 ΙΝ
1018 327 1212 383 RAMJS.
1230 325 1556 382 PALMARUM
1589 324 1806 372 SERMO.
2143 333 2147 337 ’
2330 322 2425 368 407

312 424 406 481 Qui
429 433 656 470 venturus
680 433 775 487 est,
808 423 962 487 inquit
977 458 990 482 ,
1016 422 1488 486 quoniamtempore
1513 421 1773 486 prophetiae
1794 419 1890 466 hoc
1912 427 2012 475 erat
2034 417 2268 476 futurum,
2296 418 2429 482 (111οἀ

312 504 360 553 111
380 513 544 553 nostro
563 503 784 555 novimus
803 501 1228 568 essecompletum,
1241 536 1282 556 „=
2034 506 2038 508 “

377 582 508 630 Adeo
539 592 697 635 autem
739 583 800 629 ad
836 580 1276 647 praesentemffdiem
1310 579 1541 644 psalmus⁴
1554 578 1640 626 iste
1672 579 1904 644 pertinet,
1945 588 1997 624 ut
2027 577 2125 623 haec
2154 577 2256 641 ipsa
2284 579 2428 627 verba

310 662 480 726 psalmi
500 663 708 728 populus
725 662 870 710 hodie
887 657 1216 734 acclamaverit
1241 661 1292 707 in
1315 659 1507 713 laudem
1530 660 1741 709 Domini.
1766 659 1903 706 Unde
1928 669 1976 709 et
1999 658 2242 706 Matthaeus
2265 664 2430 708 memi-

311 742 382 789 nit
399 760 410 787 :
443 761 468 787 «
485 742 650 796 Turbae
665 754 822 795 autem
843 760 948 807 quae
960 740 1318 816 praecedebant,
1339 750 1388 790 et
1403 756 1510 804 quae
1525 738 1864 803 sequebantur,
1881 738 2149 786 clamabant
2166 738 2395 789 dicentes¹
2414 761 2424 787 ε

314 840 337 865 «
358 823 583 868 Hosanna
608 821 705 868 filio
726 821 878 869 David
900 840 910 868 :
930 821 1212 874 Benedictus
1228 820 1311 884 qui
1334 819 1530 875 venitin
1557 819 1752 865 nomine
1770 818 1980 867 Domini.
2004 837 2026 862 »
2048 819 2169 864 Hinc
2194 829 2241 865 et
2264 820 2428 868 Hiero·

310 918 483 965 nymus
500 904 706 949 Damaso
717 901 775 948 de
790 905 1019 948 Hosanna
1032 901 1196 956 scribit,
1206 900 1280 948 his
1295 899 1474 947 verbis'
1490 918 1500 945 :
1522 919 1543 943 α
1563 902 1669 963 Ipsa
1684 898 1871 954 hebraea
1887 897 2032 947 verba
2047 898 2272 963 ponenda
2286 912 2396 948 sunt
2414 921 2423 948 ε

310 980 359 1026 111
377 997 504 1028 cxvn
522 981 704 1045 psalmo
716 1016 728 1040 ,
750 980 831 1035 ubi
849 997 941 1034 nos
961 980 1160 1045 legimus
1177 999 1188 1026 ε
1213 1000 1235 1025 «
1256 982 1299 1027 Ο
1318 979 1541 1038 Domine,
1572 978 1755 1035 salvum
1785 995 1861 1027 me
1880 978 1951 1027 fac
1963 1014 1975 1037 ,
1999 987 2110 1038 etc.,
2128 998 2151 1023 υ
2172 979 2219 1025 111
2237 979 2427 1028 hebraeo

309 1058 478 1122 legitur
499 1064 675 1108 :Anna
698 1060 940 1124 Adonay,
964 1062 1213 1113 Hosianna
1231 1097 1246 1117 ,
1275 1070 1360 1106 etc.
1390 1062 1448 1107 Et
1472 1059 1584 1123 quia
1611 1060 1883 1116 Hosianna,
1919 1058 2051 1123 quod
2085 1075 2174 1106 nos
2206 1071 2427 1124 corrupte

309 1150 506 1204 propter
527 1141 843 1205 ignorantiam
854 1142 1069 1196 dicimus
1093 1145 1345 1197 Hosanna,
1377 1139 1584 1196 salvifica
1599 1175 1613 1199 ,
1638 1140 1735 1187 sive
1763 1129 1947 1193 sfflvnm
1972 1156 2049 1188 me
2078 1140 2170 1197 fac,
2195 1142 2427 1206 exprima-

310 1230 405 1280 tur,
437 1222 656 1271 omnium
678 1222 1067 1288 nitet-pretatione
1101 1222 1338 1286 signatum
1370 1232 1457 1273 est.
1484 1240 1508 1265 »
1536 1224 1595 1268 Et
1617 1231 1726 1287 post
1749 1220 1926 1285 aliqua³
1949 1240 1958 1268 z
1987 1241 2009 1266 «
2033 1221 2215 1269 Hebraei
2251 1222 2430 1270 habent

307 1299 706 1364 interjectionem,
738 1312 788 1357 ut
813 1302 1009 1367 quando
1031 1302 1201 1350 volunt
1220 1302 1479 1360 Dominum
1513 1301 1782 1367 deprecari,
1806 1301 1994 1355 dicant:
2023 1306 2171 1351 Anna
2193 1303 2424 1362 Domine,

309 1380 442 1443 quod
455 1382 762 1446 Septuaginta
775 1383 1071 1448 interpretati
1086 1392 1222 1439 sunt:
1246 1385 1289 1429 O
1306 1383 1528 1441 Domine,-
1545 1384 1665 1433 Hosi
1681 1399 1793 1447 ergo
1817 1381 2023 1432 salvifica
2039 1383 2424 1448 interpretantur,

309 1477 440 1507 anna
466 1462 729 1527 interJectio
755 1463 1052 1529 deprecantis
1071 1473 1156 1512 est.
1180 1465 1229 1510 Si
1247 1481 1304 1511 ex
1327 1463 1517 1512 duobus
1545 1463 1659 1511 velis
1685 1465 2002 1529 compositum
2029 1464 2228 1512 verbum
2251 1465 2424 1525 facere,

308 1541 438 1591 dices
453 1546 721 1602 Hosz‘amuz,
745 1545 843 1592 sive
862 1554 915 1593 ut
929 1561 1021 1598 nos
1037 1545 1281 1609 loquimur
1302 1548 1556 1602 Hosanna,
1580 1544 1738 1603 media
1755 1545 1908 1604 vocali
1918 1545 2077 1595 littera
2095 1546 2223 1593 elisa.
2235 1566 2258 1590 »
2278 1550 2394 1593 Item
2413 1567 2422 1594 ε

313 1641 335 1667 «
357 1623 449 1678 Ubi
473 1641 562 1678 nos
578 1624 776 1689 legimus
800 1626 849 1676 in
876 1626 1022 1674 latino
1045 1644 1054 1672 :
1079 1646 1102 1671 «
1124 1628 1167 1673 Ο
1191 1626 1415 1685 Domine,
1439 1625 1620 1680 salvum
1648 1642 1724 1674 me
1750 1626 1842 1685 fac,
1872 1643 1903 1673 o
1929 1627 2155 1687 Domine,
2174 1627 2296 1678 bene
2318 1647 2428 1693 pro-

312 1723 335 1747 «
355 1720 566 1767 sperare,
592 1723 615 1748 »
632 1704 764 1768 juxta
781 1705 1024 1760 hebraeum
1042 1705 1196 1769 legere
1214 1721 1468 1769 possumus
1487 1723 1497 1750 :
1523 1704 1749 1764 Obsecro,
1768 1705 1998 1762 Domine,
2021 1706 2202 1759 salvum
2225 1724 2301 1755 me
2324 1708 2423 1768 fac;

308 1781 526 1842 obsecro,
555 1785 778 1843 Domine,
807 1800 1106 1849 prosperare.
1127 1783 1398 1843 Matthaeus,
1428 1785 1508 1847 qui
1534 1783 1724 1833 hebraeo
1758 1778 2212 1851 sermonescripsit,
2241 1788 2302 1834 ita
2333 1805 2427 1853 po-

307 1863 426 1909 suit:
450 1866 679 1910 Hosanna
702 1863 950 1920 barrama,
984 1863 1031 1910 id
1057 1873 1127 1911 est
1147 1866 1372 1912 Hosanna
1393 1864 1440 1911 in
1469 1863 1676 1912 excelsis.
1699 1883 1723 1909 »
1750 1863 1858 1912 Tale
1884 1875 1954 1912 est
1976 1882 2088 1930 ergo
2107 1866 2241 1929 juxta
2266 1870 2428 1915 Hiero—

307 1958 504 2006 nymum
527 1962 537 1991 ε
565 1964 587 1988 α
605 1947 831 1991 Hosanna
848 1944 898 1993 in
914 1944 1126 2004 excelsis,
1144 1963 1169 1989 »
1194 1954 1419 2008 tauquam
1443 1944 1482 1992 si
1505 1944 1682 1993 diceret
1701 1963 1711 1991 :
1734 1947 2003 2006 Precamur,
2026 1947 2255 2007 Domine,
2278 1959 2331 1996 ut
2349 1967 2427 1996 ve-

307 2040 410 2072 ram
434 2024 573 2077 uobis
603 2025 813 2081 salutem
828 2025 1044 2081 conferas
1059 2026 1111 2078 in
1129 2024 1274 2081 coelis.
1688 2084 1690 2086 v

375 2124 397 2149 «
424 2104 754 2160 Benediximus
773 2104 924 2157 vobis.
952 2124 975 2150 »ι
999 2108 1111 2163 Post
1129 2105 1512 2156 benedictionem
1533 2105 1804 2155 salvationis
1827 2107 2052 2166 Domini,
2078 2109 2161 2172 qui
2186 2109 2334 2159 sactus
2359 2122 2428 2158 est

305 2184 354 2231 in
389 2195 532 2249 caput
561 2185 719 2249 anguli
737 2221 749 2244 ‚
779 2185 839 2235 ad
866 2184 1251 2244 benedictionem
1281 2203 1475 2251 quoque
1501 2186 1834 2245 membrorum,
1861 2198 2087 2252 tanquam
2112 2188 2321 2236 duorum
2346 2208 2427 2255 pa-

305 2264 476 2317 rietum
491 2266 555 2315 311
572 2282 682 2322 eum
701 2266 1070 2330 conjunctorum
1083 2276 1367 2324 convertens
1386 2267 1547 2328 verba,
1570 2267 1685 2320 dicit
1706 2268 1975 2326 psalmista:
1994 2269 2179 2319 «Vobis
2197 2270 2259 2319 de
2277 2270 2424 2319 domo

306 2345 503 2395 Domini
533 2346 865 2406 existentibus,
894 2356 953 2403 et,
982 2347 1030 2398 in
1052 2363 1122 2401 ¹:ea
1150 2356 1380 2411 tanquam
1408 2347 1598 2396 duobus
1636 2350 1801 2396 erectis
1836 2349 2116 2414 parietibus,
2153 2350 2319 2411 vobis,
2359 2353 2426 2401 in-

306 2441 468 2488 quam,
488 2425 833 2486 benediximus,
855 2436 1001 2485 etc,.,»
1025 2426 1121 2475 hoc
1137 2437 1233 2475 est:
1258 2430 1350 2476 Pro
1367 2428 1741 2478 sanctificatione
1756 2439 1932 2490 vestra,
1955 2440 2001 2478 et
2017 2430 2234 2479 Ecclesiae
2259 2433 2423 2484 multi-

306 2504 560 2567 plicatione
580 2505 733 2553 futura
749 2541 762 2565 ,
790 2521 880 2561 nos
904 2505 1148 2571 proplietae
1171 2508 1368 2564 Domini
1388 2525 1509 2573 saepe
1527 2510 1823 2572 rogavimus,
1853 2519 1900 2561 et
1925 2520 2150 2575 tanquam
2169 2511 2230 2559 de
2254 2530 2303 2560 re
2323 2514 2421 2576 jam

306 2585 542 2649 completa
561 2587 692 2645 certi,
714 2602 824 2632 eum
840 2586 1152 2633 laudavimus.
1177 2589 1228 2633 ln
1249 2586 1390 2650 hujus
1407 2598 1521 2653 typo
1542 2589 1707 2637 futurae
1726 2589 2070 2639 benedictionis
2088 2609 2230 2657 super
2242 2603 2422 2645 utrum-

305 2679 398 2727 que
432 2664 691 2729 populum,
720 2665 866 2716 Jacob
900 2665 1164 2731 patriarcha
1197 2666 1319 2716 filios
1353 2668 1555 2733 Joseph,
1590 2669 1844 2734 Ephraim,
1869 2679 1916 2717 et
1939 2658 2174 2732 Manasse,
2203 2673 2422 2721 manibus

305 2744 599 2806 cancellatis,
626 2746 720 2794 hoc
742 2756 813 2802 est
828 2747 877 2795 in
892 2747 1105 2807 modum
1120 2749 1274 2797 crucis
1298 2749 1513 2814 obligatis
1527 2785 1539 2809 ,
1562 2750 1755 2815 legitur
1772 2751 2081 2809 benedixisse.
2114 2754 2205 2802 Ubi
2226 2756 2420 2819 quidem

304 2835 519 2888 patenter
534 2826 755 2881 innuitur
780 2827 1028 2892 utriusque
1043 2827 1209 2894 populi
1228 2828 1538 2881 salvationem
1557 2829 1793 2885 futuram
1782 2848 1831 2879 m
1850 2832 2022 2881 Christi
2039 2824 2299 2887 consistere
2316 2853 2420 2901 pas-

304 2905 477 2965 sione,
485 2915 531 2953 et
553 2905 679 2962 113110
703 2906 1087 2966 benedictionem
1108 2918 1205 2958 tam
1227 2910 1320 2975 ipsi
1341 2910 1514 2971 Jacob,
1548 2928 1691 2976 quam
1728 2915 1854 2966 Isaac
1879 2923 1928 2964 et
1948 2896 2180 2965 Abrabae
2168 2933 2215 2963 m
2250 2934 2417 2965 eorum

303 2986 483 3040 semine
503 2987 800 3052 promissam
821 3004 950 3046 esse.
969 2992 1043 3044 Ac
1054 3006 1118 3046 ne
1143 2989 1262 3043 forte
1289 2991 1541 3056 quisquam
1571 3003 1800 3057 quaereret
1829 3010 1857 3042 a
1881 2994 2115 3060 propheta
2147 3006 2243 3044 tam
2278 2997 2418 3062 longe

303 3074 413 3117 ante
438 3065 696 3119 adventum
714 3066 889 3123 Christi
904 3068 1154 3127 existente,
1175 3070 1282 3135 quis
1300 3070 1394 3122 1100
1412 3072 1454 3120 ei
1472 3073 1735 3144 ceterisque
1749 3073 2026 3131 revelaverit
2047 3074 2110 3124 de
2129 3074 2412 3142 longinquo,
2449 3118 2453 3124 .

305 3155 430 3197 tauta
468 3147 674 3201 0111011310
700 3148 750 3195 111
780 3148 920 3220 Israel
951 3148 1071 3204 (heta
1102 3148 1170 3205 de
1199 3151 1416 3215 proximo
1433 3187 1446 3212 ,
1484 3162 1536 3199 ut
1563 3152 1852 3210 subintraret
1881 3155 2094 3219 gentium
2129 3156 2410 3221 plenitudo,

303 3227 436 3290 quasi
458 3227 753 3292 iespondens
773 3228 870 3281 ait.
895 3247 922 3274 a
935 3232 1040 3295 lpse
1057 3228 1194 3283 idem
1204 3233 1463 3293 Dominus,
1489 3234 1572 3298 qui
1595 3250 1725 3288 nune
1745 3251 1832 3300 per
1849 3237 2156 3301 semetipsum
2180 3255 2414 3305 apparens

347 3348 357 3364 ¹
383 3348 511 3389 Manli„
537 3361 610 3394 cap.
637 3362 712 3393 xxi,
739 3364 768 3385 v.
803 3355 853 3384 Η.
872 3369 910 3375 -
931 3350 943 3368 ¹
968 3353 1050 3394 Opp.
1076 3359 1100 3385 t.
1130 3352 1185 3394 lv,
1212 3360 1295 3396 part.
1315 3354 1348 3393 l,
1369 3355 1433 3388 col.
1455 3356 1528 3388 146.
1549 3375 1584 3380 —
1606 3356 1619 3373 ³
1640 3357 1722 3398 opp.
1745 3364 1767 3390 t.
1790 3357 1845 3398 lV,
1865 3365 1948 3401 part.
1975 3358 2007 3399 1,
2034 3369 2068 3402 p.
2095 3360 2225 3393 1411-
2245 3360 2258 3378 ⁸
2285 3363 2411 3402 Genes„

303 3415 376 3448 cap.
391 3414 500 3440 xtvm.
