2970 4152
1321 418 1638 472 EPlSTOLAE.
2441 420 2536 468 227

418 516 640 580 orbisque
679 516 996 574 domitorem,
1040 525 1086 562 et
1121 515 1170 562 in
1211 515 1453 574 moribus,
1492 524 1539 561 et
1567 515 1616 560 in
1648 514 1859 573 incessu,
1895 512 2143 560 Leonidis¹
2184 512 2427 578 paedagogi
2465 515 2536 560 sui

416 613 515 643 non
559 598 770 662 potuisse
815 613 974 644 carere
1006 595 1155 656 vitiis,
1191 595 1364 660 quibus
1397 583 1561 642 adhuc
1585 593 1810 659 parvulus
1839 593 1992 641 suerat
2024 593 2237 641 infectus.
2281 597 2342 640 Ut
2378 605 2536 641 autem

416 678 856 741 pronuntiationem
886 677 1127 741 scripturae
1152 676 1460 724 commendet
1481 675 1748 734 memoriae,
1775 684 1954 722 certam
1977 684 2023 721 et
2045 674 2145 740 ipse
2168 674 2383 722 lectionis
2406 691 2538 722 men-

416 776 576 806 suram
595 758 789 823 singulis
810 758 979 805 diebus
1000 758 1100 805 vult
1123 757 1325 824 praefigi3
1348 773 1493 822 quam
1518 772 1669 820 quum
1693 755 1969 802 memoriter
1988 755 2250 820 persolvat,
2274 771 2363 803 nec
2382 755 2538 803 solum

417 838 572 886 latinis
590 876 602 898 ,
634 854 798 886 verum
830 839 971 886 etiam
995 839 1155 903 graecis
1180 839 1344 886 litteris
1369 854 1568 902 operam
1594 836 1696 883 dari
1719 836 1952 901 praecipit,
1976 852 2126 899 quum
2148 846 2356 900 utraeque
2372 836 2541 900 linguae

419 928 532 966 tunc
559 922 718 967 Romae
743 920 1171 984 frequentarentur,
1202 930 1247 966 et
1274 918 1480 966 maxime
1504 927 1701 983 propter
1725 917 1990 981 Scripturas
2008 915 2069 963 de
2091 932 2241 980 graeco
2267 917 2314 962 in
2340 916 2540 963 latinum

418 1017 599 1061 versas,
629 1011 680 1048 ut
703 1017 781 1048 eas
812 1018 868 1048 ex
900 1001 1082 1064 origine
1107 1018 1191 1048 sua
1216 1000 1382 1048 melius
1407 1008 1741 1063 cognosceret,
1779 1014 1834 1045 ac
1871 998 2027 1045 verius
2062 997 2322 1061 dijudicare
2361 1008 2534 1064 posset.

417 1081 641 1128 Nondum
671 1082 800 1128 enim
835 1080 1068 1128 hebraicae
1106 1082 1313 1127 veritatis
1348 1079 1655 1127 translatione
1685 1078 1888 1125 latinitas
1900 1126 1906 1133 „
1924 1077 2160 1125 utebatur.
2203 1079 2276 1125 Ait
2313 1078 2536 1143 itaque²:

418 1181 442 1204 «
464 1161 647 1208 Reddat
671 1161 757 1208 tibi
781 1177 985 1226 pensum
1014 1160 1230 1224 quotidie
1252 1160 1313 1207 de
1339 1160 1688 1224 Scripturarum
1720 1157 1918 1205 floribus
1945 1169 2179 1223 carptum.
2211 1157 2399 1206 Ediscat
2423 1176 2542 1223 grae-
2615 1158 2631 1172 Χ

414 1258 581 1288 corum
601 1254 826 1289 versuum
838 1257 1110 1287 numerum.
1126 1242 1361 1304 Sequatur
1376 1241 1532 1286 statim
1552 1249 1598 1287 et
1617 1239 1761 1286 latina
1783 1238 2012 1299 eruditi03
2035 1256 2140 1303 quae
2155 1240 2194 1286 si
2212 1256 2311 1286 non
2331 1239 2391 1286 ab
2407 1239 2543 1286 initio

416 1339 470 1369 os
494 1332 709 1370 tenerum
739 1322 1088 1387 composuerit,
1117 1322 1165 1368 in
1189 1322 1495 1387 peregrinum
1518 1337 1692 1368 sonum
1715 1320 1875 1384 lingua
1899 1321 2240 1385 corrumpitur,
2269 1332 2315 1368 et
2341 1321 2544 1368 externis

416 1402 538 1450 vitiis
561 1420 718 1450 sermo
743 1404 923 1468 patrius
945 1402 1233 1450 sordidatur.
1266 1405 1358 1450 Pro
1377 1402 1579 1467 gemmis
1603 1411 1649 1448 et
1673 1402 1823 1448 serico
1841 1437 1853 1460 ,
1882 1401 2071 1448 divinos
2097 1402 2288 1449 codices
2311 1412 2464 1462 amet,
2493 1403 2540 1449 in

416 1482 589 1546 quibus
612 1500 710 1530 non
741 1484 869 1543 auri,
893 1494 940 1531 et
958 1483 1092 1549 pellis
1110 1482 1405 1547 babylonicae
1435 1482 1742 1530 vermiculata
1764 1482 1973 1548 pictura,
2000 1481 2084 1529 sed
2108 1482 2169 1530 ad
2193 1481 2338 1529 fidem
2363 1482 2547 1548 placeat

415 1563 668 1610 emendata
692 1573 739 1610 et
763 1563 947 1611 erudita
972 1563 1228 1611 distinctio.
1257 1563 1418 1610 Discat
1446 1563 1604 1628 primo
1630 1562 1930 1619 psalterium,
1961 1562 2034 1609 his
2057 1579 2107 1610 se
2127 1563 2320 1609 canticis
2346 1573 2540 1622 avocet,

416 1654 461 1691 et
489 1645 537 1691 in
564 1643 827 1691 Proverbz'clr
859 1644 1128 1691 Salomonis
1151 1643 1397 1691 erudiatur
1420 1643 1482 1690 ad
1505 1644 1668 1690 vitam.
1710 1646 1761 1689 ln
1787 1642 2069 1690 Ecclesiaste
2102 1653 2405 1702 consuescat,
2441 1661 2545 1708 quae

418 1725 587 1772 mundi
612 1735 751 1784 sunt,
779 1725 975 1773 calcare.
1004 1729 1056 1772 In
1082 1724 1195 1782 Job,
1219 1725 1403 1773 virtutis
1429 1735 1475 1772 et
1498 1725 1732 1790 patientiae
1757 1724 1974 1790 exempla
1995 1735 2215 1772 sectetur.
2238 1725 2307 1772 Ad
2333 1728 2545 1789 Evange-

415 1806 475 1853 lia
495 1816 727 1866 transeat,
751 1823 998 1871 nunquam
1025 1822 1081 1853 ea
1103 1806 1378 1872 depositura
1397 1805 1458 1853 de
1481 1804 1718 1852 manibus.
1743 1805 2080 1869 Apostolorum
2097 1810 2221 1852 Acta
2239 1815 2286 1853 et
2309 1806 2549 1870 Epzlrtolas

417 1895 514 1934 tota
539 1887 697 1933 cordis
731 1886 932 1934 imbibat
971 1886 1231 1934 voluntate.
1256 1890 1473 1951 Cumque
1509 1887 1716 1952 pectoris
1741 1886 1815 1933 sui
1840 1885 2085 1934 cellarium
2110 1886 2184 1934 his
2209 1886 2382 1952 opibus
2414 1887 2547 1934 locu-

417 1967 688 2033 pletaverit,
713 1967 908 2014 mandet
929 1968 1171 2015 memoriae
1189 1967 1474 2033 prophetas,
1498 1967 1886 2032 Heptateuchum,
1914 1978 1960 2014 et
1984 1971 2189 2032 Regum,
2224 1978 2270 2014 et
2295 1968 2548 2032 Paralipo-

416 2066 588 2096 menon
623 2048 797 2108 libros,
825 2048 984 2095 Esdiae
1009 2065 1203 2113 quoque
1237 2058 1284 2095 et
1319 2049 1491 2095 Esther
1523 2047 1785 2095 volumina.
1820 2048 1889 2094 Ad
1917 2047 2161 2107 ultimum,
2196 2049 2296 2096 sine
2333 2049 2546 2114 periculo

416 2130 567 2177 discat
603 2132 848 2176 Canticum
877 2131 1179 2176 Canticorum
1197 2149 1215 2186 ,·
1242 2146 1331 2188 ne,
1368 2130 1404 2175 si
1431 2130 1479 2176 in
1506 2128 1703 2176 exordio
1738 2128 1925 2192 legerit,
1964 2128 2053 2175 sub
2086 2128 2354 2176 carnalibus
2392 2129 2548 2176 verbis

415 2211 727 2277 spiritualium
752 2211 1026 2275 nuptiarum
1052 2209 1409 2276 epithalamium
1434 2227 1533 2257 non
1560 2209 1829 2274 intelligens
1844 2245 1856 2267 ,
1879 2209 2170 2257 vulneretur.
2194 2212 2369 2257 Caveat
2387 2211 2548 2257 omnia

415 2291 716 2357 apocrypha,
751 2301 821 2351 et,
858 2291 895 2338 si
927 2289 1124 2357 quando
1155 2307 1208 2337 ea
1239 2307 1339 2337 non
1372 2290 1433 2337 ad
1469 2290 1750 2354 dogmatum
1782 2289 2055 2349 veritatem,
2091 2289 2176 2336 sed
2210 2289 2270 2337 ad
2304 2290 2547 2354 signorum

415 2373 729 2420 reverentiam
763 2371 918 2436 legere
953 2371 1177 2431 voluerit,
1213 2371 1329 2418 sciat
1353 2387 1453 2417 non
1479 2388 1648 2418 eorum
1674 2387 1776 2418 esse
1803 2387 2011 2435 quorum
2037 2370 2183 2418 titulis
2201 2380 2543 2435 praenotantur,

419 2452 661 2517 multaque
679 2452 753 2499 his
769 2452 978 2499 admixta
996 2452 1181 2513 vitiosa,
1197 2462 1242 2499 et
1259 2452 1450 2516 grandis
1461 2469 1562 2499 esse
1573 2451 1837 2518 prudentiae
1848 2468 2018 2498 aurum
2037 2452 2085 2499 in
2105 2450 2206 2498 luto
2218 2468 2445 2516 quaerere.
2461 2454 2548 2515 Cy-

418 2531 810 2599 prianiopuscula
821 2549 1009 2597 semper
1021 2533 1068 2580 in
1084 2549 1229 2579 manu
1245 2531 1664 2579 teneat.Athanasii
1674 2531 1912 2596 epistolas,
1926 2541 1972 2578 et
1981 2531 2145 2578 Hilarii
2155 2530 2301 2578 libros
2311 2531 2547 2578 inoffenso

417 2613 636 2661 decurrat
648 2614 787 2680 pede.
800 2613 996 2660 Illorum
1009 2612 1300 2673 tractatibus,
1314 2613 1506 2660 illorum
1522 2612 1783 2660 delectetur
1796 2613 2013 2677 ingeniis,
2028 2613 2075 2659 in
2087 2627 2295 2677 quorum
2309 2611 2439 2658 libris
2454 2613 2549 2677 pie-

417 2705 485 2742 tas
505 2711 604 2742 non
622 2693 821 2742 vacillet.
847 2697 1052 2741 Caeteros
1067 2695 1133 2741 sic
1146 2694 1286 2758 legat,
1309 2704 1362 2741 ut
1380 2693 1530 2758 magis
1538 2693 1737 2757 judicet,
1755 2710 1900 2758 quam
1916 2702 2157 2757 sequatur.
2182 2691 2509 2758 Respondebis
2532 2714 2540 2739 :

415 2775 675 2834 Quomodo
706 2775 808 2823 haec
839 2775 1003 2822 omnia
1032 2774 1202 2822 mulier
1237 2774 1494 2834 saecularis,
1534 2774 1580 2821 in
1618 2784 1747 2822 tanta
1770 2774 2035 2838 frequentia
2055 2772 2310 2820 hominum
2328 2809 2340 2833 ‚
2388 2776 2546 2822 Romae

414 2855 653 2903 custodire
676 2855 880 2922 potero?
907 2854 1014 2902 Noli
1039 2871 1157 2920 ergo.
1176 2854 1334 2902 subire
1360 2872 1484 2902 onus
1500 2892 1512 2915 ,
1542 2854 1676 2920 quod
1698 2855 1817 2902 ferre
1844 2871 1943 2901 non
1968 2864 2131 2919 potes;
2157 2853 2267 2914 sed,
2291 2863 2544 2920 postquam

415 2935 723 2984 ablactaveris
756 2953 862 2984 eam
892 2954 1001 2983 cum
1036 2939 1189 2996 Isaac,
1221 2946 1267 2984 et
1291 2936 1503 2984 vestieris
1542 2953 1654 2983 cum
1691 2935 1935 2994 Samuele,
1978 2935 2111 2982 mitte
2145 2934 2260 2982 aviae
2291 2944 2336 2982 et
2370 2936 2538 2983 amitae.

416 3015 577 3064 Redde
595 3016 985 3081 pretiosissimam
1008 3033 1248 3081 gemmam
1272 3015 1495 3064 cubiculo
1515 3016 1695 3076 Mariae,
1718 3026 1766 3063 et
1789 3017 1924 3063 cunis
1949 3019 2056 3063 Jesu
2082 3016 2309 3080 vagientis
2328 3016 2540 3082 impone.

414 3097 655 3144 Nutriatur
675 3098 724 3144 in
743 3097 1062 3157 monasteri03
1091 3098 1157 3145 sic
1175 3098 1299 3144 inter
1329 3097 1566 3162 virginum
1598 3096 1798 3157 choros,
1824 3097 1986 3161 jurare
2016 3112 2113 3143 non
2141 3095 2318 3157 discat3
2357 3097 2547 3144 mentiri

415 3177 710 3243 sacrilegium
751 3187 916 3243 putet;
952 3178 1131 3225 nesciat
1167 3177 1407 3239 seculum;
1447 3179 1575 3226 vivat
1614 3177 1848 3243 angelice3
1886 3178 1945 3224 sit
1978 3177 2027 3224 in
2060 3193 2203 3224 carne
2238 3177 2340 3225 sine
2371 3194 2541 3238 carne,

417 3277 562 3308 omne
600 3247 854 3308 hominum
890 3277 1039 3325 genus
1063 3260 1136 3307 sui
1160 3260 1312 3308 simile
1337 3270 1486 3326 putet.
1523 3263 1607 3320 Et,
1641 3269 1690 3307 ut
1717 3269 1882 3307 caetera
1908 3269 2116 3319 taceam,
2145 3268 2271 3306 certe
2304 3269 2349 3306 te
2380 3258 2546 3307 liberet

414 3341 635 3388 servandi
659 3340 961 3400 difficultate,
990 3351 1036 3388 et
1058 3339 1283 3388 custodiae
1307 3341 1536 3406 periculo.
1561 3340 1726 3388 Melius
1757 3350 1825 3387 est
1851 3339 1936 3387 tibi
1968 3339 2238 3388 desiderare
2263 3339 2507 3387 absentem
2529 3377 2540 3400 ,

470 3520 479 3533 ⁴
501 3523 554 3558 Sic
573 3524 654 3558 cod.
672 3525 795 3559 Victor.
814 3542 837 3550 -
852 3526 989 3558 Loem'dis
1007 3525 1092 3558 Edit.
1110 3524 1205 3558 Amb.
1224 3543 1264 3550 —
1280 3524 1293 3542 '
1309 3525 1408 3567 lbid.,
1424 3536 1458 3569 p.
1477 3525 1537 3558 59⁴
1558 3530 1591 3556 et
1608 3534 1660 3567 sq.
