2970 4152
868 440 1148 488 EPISTOLA
1183 440 1264 488 AD
1297 439 1484 488 DIVUM
1516 436 1897 489 BERNARDUM.
2347 434 2432 482 624

328 537 474 602 nique
494 539 770 584 Graecorum
791 536 1013 584 discretio
1026 573 1038 595 ,
1062 551 1294 600 quorum,
1320 545 1373 582 ut
1393 536 1458 582 ait
1477 535 1644 600 beatus
1665 535 1984 592 Ambrosius¹‚
2012 531 2442 594 auctoritasmajor

326 626 415 675 est,
442 616 823 664 solamMatthaei
851 617 1164 679 orationem,j
1178 614 1414 680 praedictis
1431 652 1443 674 ,
1468 625 1521 661 ut
1546 610 1770 675 arbitror,
1796 600 2087 672 rationibus,
2113 613 2162 659 in
2184 621 2440 658 consuetu-

325 694 491 744 dinem
523 696 679 756 duxit‚
717 696 924 744 dicendo
960 696 1138 744 scilicet
1168 685 1235 743 τόν
1257 704 1378 759 ἄρτον
1399 701 1512 757 ἡμῶν
1526 730 1540 756 ,
1566 700 1632 742 τὸν
1656 699 1880 752 ἐπιούσιον,
1906 694 2038 759 quod
2065 695 2403 758 interpretatur
2427 712 2436 737 ε

329 795 352 818 α
371 779 548 823 Panem
569 786 789 823 nostrum
810 773 1331 840 supersubstantialem.
1362 793 1386 818 »
1422 774 1651 831 Quamvis
1673 774 1802 821 enim
1824 777 1973 822 Lucas
1997 789 2143 837 graece
2158 810 2169 831 ,
2194 772 2441 820 Matthaeus

323 857 562 922 scripserit
582 856 815 904 Hebraice
830 894 841 916 ,
868 857 1190 921 antiquiorem
1210 866 1372 903 tamen
1396 865 1444 902 et
1464 854 1799 919 perfectiorem
1833 855 2093 919 peregrinae
2127 854 2298 917 linguae
2331 870 2439 901 ora-

321 937 506 986 tionem
542 937 844 1002 frequentare
877 938 1038 1002 potius
1070 937 1221 984 Graeci
1257 936 1597 995 decreverunt,
1635 946 1691 999 et*
1716 934 2079 982 translationem
2110 935 2258 997 magis
2295 950 2440 998 quam

320 1018 526 1082 propriae
557 1017 728 1082 linguae
764 1018 1048 1083 scripturam
1081 1018 1232 1082 sequi.
1260 1018 1343 1064 His
1375 1017 1563 1086 itaque,
1599 1017 1651 1063 ni
1685 1015 1840 1074 fallor,
1866 1026 1965 1062 tam
1997 1014 2263 1062 rationibus
2293 1031 2438 1079 quam

320 1097 681 1146 auctoritatibus
718 1099 964 1146 vetustatis
1000 1099 1161 1163 potius
1196 1114 1342 1162 quam
1370 1097 1595 1144 novitatis
1623 1095 1894 1160 arguendus
1915 1095 2101 1154 videor,
2127 1105 2174 1142 et
2194 1095 2353 1141 minus
2378 1095 2439 1142 de

319 1179 690 1243 praesumptione
710 1177 1002 1238 censendus,
1027 1178 1111 1242 qui
1139 1188 1238 1225 tam
1269 1177 1534 1225 Dominum
1569 1193 1716 1242 quam
1753 1175 2025 1241 apostolos,
2063 1184 2109 1222 et
2139 1175 2438 1222 manifestam

318 1257 595 1304 Graecorum
621 1256 974 1322 providentiam
1005 1256 1055 1303 in
1085 1257 1181 1304 hoc
1214 1257 1450 1322 praecipue
1485 1273 1678 1321 sequor.
1717 1259 1823 1303 Non
1858 1255 1987 1302 enim
2023 1253 2346 1301 dubitandum
2369 1264 2439 1301 est

316 1336 561 1400 apostolos
577 1337 847 1384 orationem
861 1336 1098 1410 hancpsihi
1110 1336 1337 1385 traditam
1354 1354 1381 1384 a
1393 1337 1604 1385 Domino
1618 1347 1664 1384 et
1678 1335 1739 1383 ab
1755 1335 1974 1401 apostolo
1990 1335 2200 1399 primum
2214 1335 2438 1398 scriptam

317 1416 366 1463 in
389 1416 571 1466 eisdem
593 1418 750 1466 verbis
773 1434 881 1466 eam
907 1418 1258 1482 frequentasse,
1290 1418 1339 1465 in
1369 1418 1544 1484 quibus
1577 1419 1731 1483 ipsam
1753 1433 1782 1465 a
1803 1417 2014 1464 Domino
2043 1425 2355 1480 acceperant,
2392 1426 2437 1462 et

315 1498 560 1562 apostolus
582 1498 845 1547 tradiderat
865 1500 1109 1565 scriptam.
1135 1500 1253 1558 Quis
1275 1500 1405 1547 enim
1427 1517 1527 1547 non
1550 1509 1742 1547 censeat
1763 1516 1869 1557 eOS,
1899 1498 1981 1563 qui
2009 1498 2057 1544 in
2086 1513 2344 1544 commune
2365 1498 2437 1543 vi-

315 1587 457 1637 vunt,
485 1589 531 1637 et
554 1579 603 1625 in
627 1578 722 1626 hoc
745 1578 1059 1644 apostolicam
1089 1579 1350 1644 plurimum
1378 1580 1552 1640 vitam,
1590 1579 1862 1626 doctrinam
1896 1593 2091 1642 quoque
2128 1577 2343 1642 ipsorum
2368 1576 2439 1622 in-

313 1659 479 1706 sistere
501 1659 678 1707 debere
699 1660 1028 1725 potissimum?
1058 1661 1277 1726 Denique
1299 1677 1449 1725 quum
1471 1660 1708 1707 Dominus
1736 1659 2006 1706 orationem
2040 1657 2167 1705 hanc
2194 1657 2431 1714 traderet,

314 1739 388 1786 vel
421 1739 470 1786 in
506 1739 581 1787 his
608 1740 875 1788 secundum
897 1740 1172 1788 Matthaeum
1192 1740 1351 1788 verbis
1367 1778 1378 1800 ,
1407 1739 1482 1788 vel
1503 1741 1553 1787 in
1576 1739 1665 1787 illis
1688 1738 1954 1787 secundum
1988 1741 2192 1797 Lucam,
2223 1747 2271 1784 et
2296 1753 2430 1793 eam,

311 1819 433 1866 sicut
467 1820 686 1868 tradebat
702 1858 714 1880 ,
753 1821 846 1868 dici
882 1822 1158 1887 praeciperet
1175 1859 1188 1881 ,
1221 1823 1328 1887 quis
1357 1838 1458 1869 non
1492 1820 1653 1869 videat
1678 1838 1761 1868 eos
1795 1837 1896 1868 non
1929 1819 2233 1867 mediocriter
2263 1834 2435 1883 praesu·

311 1915 465 1960 mere,
507 1901 589 1966 qui
626 1901 693 1948 sic
729 1917 837 1949 eam
874 1901 1043 1949 dicunt
1079 1903 1201 1949 sicut
1238 1919 1489 1967 nunquam
1516 1912 1587 1949 est
1614 1901 1676 1949 ab
1710 1902 1815 1966 ipso
1846 1900 2042 1960 tradita,
2076 1916 2166 1947 nec
2189 1899 2250 1946 ab
2273 1899 2433 1963 aliquo

310 1980 514 2045 scripta?
536 1983 727 2039 Quanta
748 1982 879 2029 enim
900 1983 1209 2047 praesumptio
1232 1992 1327 2042 est,
1355 1983 1404 2030 in
1426 1982 1519 2030 hac
1541 1982 1761 2029 oratione
1785 1998 1874 2028 nec
1899 1979 2096 2045 aliquod
2119 1980 2349 2044 scriptum
2368 1996 2436 2026 se-

308 2059 417 2123 qui,
448 2077 538 2108 nec
571 2071 734 2134 tenere
767 2073 1057 2128 praeceptum
1097 2064 1292 2110 Domini
1324 2082 1334 2110 :
1364 2064 1515 2111 immo
1551 2072 1649 2111 tam
1685 2063 1947 2127 scriptum,
1985 2077 2131 2125 quam
2169 2060 2433 2107 Dominum

307 2137 464 2201 ipsum
486 2140 745 2187 emendare
767 2140 967 2203 audere,
988 2142 1026 2189 si
1050 2141 1172 2188 forte
1193 2143 1281 2190 ista
1300 2143 1610 2207 praesumptio
1630 2141 1725 2188 dici
1745 2141 1894 2205 possit
1914 2139 2221 2187 emendatio?
2244 2140 2431 2187 Nemini

306 2226 466 2266 tamen
489 2221 737 2286 praecipio,
764 2221 946 2269 nemini
974 2222 1242 2287 persuadeo
1268 2232 1321 2268 ut
1345 2238 1422 2268 me
1444 2222 1494 2268 in
1518 2221 1614 2269 hoc
1642 2230 1886 2286 sequatur,
1913 2230 1959 2268 et
1978 2236 2006 2267 a
2027 2220 2275 2267 communi
2309 2236 2434 2267 rece-

304 2296 388 2345 dat
416 2314 523 2346 usu.
549 2299 773 2347 Abundet
802 2302 1130 2366 unusquisque
1156 2303 1205 2348 in
1235 2317 1377 2349 sensu
1407 2317 1514 2347 suo.
1541 2299 1663 2348 Illud
1695 2310 1856 2347 tamen
1875 2338 1886 2359 ,
1914 2300 2191 2364 quicunque
2221 2309 2292 2347 est
2325 2299 2426 2358 ille,

305 2378 520 2425 attendat
540 2396 630 2426 nec
651 2396 792 2427 usum
813 2381 1014 2439 rationi,
1038 2397 1128 2428 nec
1143 2381 1548 2429 consuetudinem
1569 2380 1916 2446 praeferendam
1938 2397 2040 2427 esse
2058 2380 2261 2427 veritati.
2285 2381 2427 2437 Quod

302 2455 500 2519 quidem
522 2466 625 2506 tam.
649 2457 804 2504 saeculi
832 2458 957 2521 leges
975 2495 986 2517 ,
1013 2475 1160 2523 quam
1185 2459 1416 2507 doctrinae
1447 2469 1725 2506 sanctorum
1760 2462 1955 2506 Patrum
1992 2458 2254 2522 plurimum
2286 2457 2428 2505 nohis

303 2536 644 2584 commendare
679 2537 1011 2585 decreverunt.
1045 2538 1237 2586 Codicis
1269 2538 1353 2586 lib.
1383 2541 1512 2598 VIII,
1544 2555 1651 2605 cap.
1681 2541 1749 2585 1':
1777 2558 1799 2583 α
1821 2537 2191 2586 Consuetudinis
2217 2553 2425 2602 ususque

303 2615 504 2680 longaevi
527 2633 615 2664 nec
642 2616 746 2664 vilis
768 2618 1025 2666 auctoritas
1052 2628 1153 2666 est:
1176 2635 1342 2666 verum
1367 2636 1456 2666 nec
1485 2636 1635 2684 usque
1664 2608 1786 2667 adeo
1809 2620 1881 2666 sui
1916 2618 2122 2666 valitura
2154 2629 2420 2677 momento,

302 2704 355 2741 ut
377 2705 460 2742 aut
483 2696 719 2742 rationem
732 2697 909 2757 vincat,
934 2707 1015 2745 aut
1044 2695 1214 2761 legem.
1237 2717 1259 2741 n
1293 2699 1599 2762 Augustinus,
1623 2698 1706 2746 lib.
1743 2701 1827 2757 IV,
1850 2698 1907 2745 de
1936 2700 2207 2763 Baptismo³
2233 2717 2244 2745 ε
2271 2717 2293 2743 «
2312 2702 2425 2745 Fru-

300 2784 398 2822 stra
423 2776 506 2840 qui
535 2776 721 2823 ratione
750 2777 1024 2836 vincuntur,
1058 2778 1459 2826 consuetudinem
1489 2779 1630 2827 nobis
1662 2779 1918 2843 objiciunt,
1951 2780 2083 2844 quasi
2120 2779 2421 2827 consuetudo

301 2854 455 2918 major
475 2856 535 2902 sit
557 2856 755 2904 veritate
773 2890 786 2916 ,
811 2867 893 2904 aut
915 2874 1013 2905 non
1038 2858 1097 2905 sit
1118 2858 1167 2906 in
1187 2859 1512 2923 spiritualibus
1528 2859 1851 2925 sequendum,
1870 2859 2005 2924 quod
2022 2860 2070 2906 in
2090 2859 2258 2906 melius
2282 2858 2422 2907 fuerit

299 2949 326 2980 a
349 2934 526 2998 Spiritu
554 2947 719 2983 sancto
748 2936 1027 2985 revelatum.
1053 2939 1157 2985 Hoc
1181 2938 1323 3004 plane
1345 2956 1514 2987 verum
1535 2949 1607 2987 est
1622 2976 1634 2996 ‚
1661 2940 1774 3004 quia
1795 2939 1918 2986 ratio
1941 2948 1989 2987 et
2020 2939 2195 2986 veritas
2216 2955 2419 2986 consue—

297 3013 453 3062 tudini
486 3017 808 3081 praeponenda
833 3027 919 3065 est.
945 3037 968 3063 >1
1002 3019 1260 3083 Gregorius
1291 3021 1520 3086 septimus
1550 3021 1826 3068 Uvimundo
1858 3022 2099 3067 Aversano
2124 3020 2413 3086 episcopo‘:

248 3148 252 3151 ,
298 3093 390 3140 «Si
413 3096 811 3144 consuetudinem
835 3097 1046 3165 fortassis
1067 3115 1309 3165 opponas,
1347 3099 1695 3149 advertendum
1725 3101 1812 3148 fuit
1845 3099 1979 3165 quod
2010 3100 2248 3147 Dominus
2282 3099 2413 3146 dicit.

301 3190 325 3217 «
345 3175 444 3236 Ego
467 3191 591 3234 sum,
608 3195 630 3220 υ
659 3177 836 3241 inquit,
859 3175 1136 3236 «Veritasr'»
1161 3195 1260 3226 non
1285 3181 1351 3227 ait
1371 3199 1382 3227 t
1408 3183 1506 3245 Ego
1530 3198 1636 3229 sum
1658 3179 2010 3228 consuetudo.»
2031 3182 2199 3227 Beatus
2222 3195 2416 3244 quoque

295 3254 552 3317 Gregorius
561 3256 620 3303 de
634 3257 830 3305 diversis
841 3258 1270 3309 consuetudinibus
1280 3261 1587 3310 ecclesiarum
1598 3262 1877 3325 Augustino,
1890 3259 2151 3324 Anglorum
2165 3260 2410 3325 episcop0,

338 3459 348 3476 ¹
374 3457 422 3494 De
440 3471 648 3500 sacramentis
666 3467 722 3500 lib.
745 3467 782 3506 Y,
801 3477 874 3510 cap.
898 3478 928 3501 zv
945 3466 1022 3511 (?)‚
1043 3463 1124 3510 opp.
1140 3475 1163 3502 t.
1183 3466 1233 3508 11,
1247 3468 1311 3502 col.
1330 3464 1404 3502 ais.
1422 3486 1459 3493 -
1476 3465 1489 3486 ¹
1507 3468 1588 3503 Cod.
1617 3468 1674 3502 lib.
1700 3462 1797 3509 v'111.
1830 3469 1878 3502 tit.
1906 3469 1966 3510 53,
1989 3476 2025 3501 n.
2038 3482 2083 3494 ·-·
2096 3461 2110 3485 ⁸
2124 3465 2194 3500 Lib.
2212 3466 2267 3506 1v,
2286 3475 2359 3507 cap.
2379 3476 2410 3503 v,

221 3530 226 3546 x
295 3518 378 3559 opp.
394 3527 419 3554 t.
437 3521 491 3565 lx,
504 3526 565 3556 col.
586 3527 655 3559 ΓΜ.
672 3544 709 3550 ο-
724 3525 825 3558 ⁴vide
841 3527 967 3559 Decret.
984 3526 1142 3564 Gratiani,
1158 3534 1243 3571 parta
1258 3527 1289 3568 1,
1311 3527 1388 3562 dist.
1404 3538 1472 3569 vm,
1488 3538 1560 3571 cap.
1577 3537 1610 3562 v,
