2970 4152
511 380 606 428 364
1311 386 1481 432 PETRI
1516 386 1829 434 ABAELARDI

515 475 731 538 opinioni
763 492 862 521 non
882 475 1186 524 mediocriter
1199 477 1318 524 illud
1341 479 1583 544 suffragari
1599 480 1803 541 videtur,
1826 478 1957 544 quod
1976 489 2085 543 post
2109 479 2451 526 comestionem
2469 481 2625 527 statim

513 555 560 600 in
594 571 643 601 se
675 554 740 601 illi
773 565 958 602 motum
994 556 1188 604 luxuriae
1211 558 1504 620 sentientes,
1547 560 1871 607 erubescentia
1901 559 2085 606 confusi
2125 558 2352 622 pudenda
2391 569 2622 607 texerunt.

518 656 539 679 «
569 637 826 682 Luxuriosa
846 654 869 680 »
892 637 1070 701 quippe
1093 657 1115 682 «
1137 655 1211 686 res
1235 640 1400 686 vinum
1420 651 1512 701 est,
1541 646 1565 686 ›5
1587 624 1706 688 sicut
1731 641 1957 706 scriptum
1982 642 2087 686 est¹.
2118 641 2175 686 Et
2199 639 2477 705 Apostolus:
2506 659 2528 685 α
2549 641 2627 686 Vi-

513 733 651 775 num,
672 735 693 759 ι)
716 717 905 780 inquit2,
932 717 1019 764 «in
1046 735 1143 783 quo
1163 730 1233 767 est
1249 719 1449 768 luxuria.
1473 741 1495 766 υ
1515 725 1569 768 In
1586 721 1746 769 medio
1769 730 1927 768 autem
1952 719 2157 785 paradisi
2181 729 2278 766 tam
2300 719 2481 784 lignum
2495 720 2624 779 vitae‚

514 812 655 859 quam
672 796 853 860 lignum
873 797 1076 846 scientiae
1100 798 1281 847 boniet
1307 801 1417 848 mali
1436 802 1574 849 fuisse
1601 801 1884 860 referuntur,
1917 800 2050 864 quasi
2070 799 2159 846 sibi
2174 800 2378 847 invicem
2400 800 2466 846 ita
2479 816 2628 865 copu-

513 877 626 936 lata,
654 887 705 923 ut
728 877 930 924 alterum
963 878 1097 926 alteri
1114 879 1395 942 adhaereret,
1424 883 1543 929 sicut
1570 883 1676 929 vitis
1700 882 1761 928 ab
1780 881 1911 928 ulmo
1938 881 2046 928 ferri
2066 881 2211 940 solet,
2239 890 2286 927 et
2310 881 2444 945 quasi
2462 880 2511 927 in
2531 897 2629 927 uno

516 975 642 1005 mors
665 969 711 1005 et
734 959 829 1006 vita
855 951 996 1006 siinul
1021 961 1114 1007 sint
1143 961 1396 1024 collocata,
1427 973 1654 1027 tanquam
1677 962 1859 1026 lignum
1884 963 1989 1009 vitae
2015 979 2072 1009 ex
2091 962 2289 1026 proprio
2315 960 2631 1008 fructu'vit-am

515 1039 798 1087 ministraret
814 1076 826 1100 ,
851 1050 898 1087 et
917 1057 972 1088 ex
993 1040 1240 1104 adjacente
1268 1043 1362 1090 vite
1382 1054 1586 1090 mortem
1611 1043 1820 1090 inferret.
1844 1043 2080 1089 Dominus
2102 1042 2279 1107 quippe
2304 1044 2437 1087 Jesus
2463 1042 2512 1087 in
2538 1041 2632 1087 rui-

514 1135 623 1166 nam
643 1129 690 1165 et
714 1120 761 1165 in
788 1121 1185 1169 resurrectionem
1214 1122 1474 1170 multorum
1502 1124 1682 1188 positus
1703 1133 1795 1182 est,
1825 1133 1870 1169 et
1889 1139 1943 1169 ex
1970 1139 2019 1169 se
2034 1122 2138 1187 ipso
2163 1122 2309 1169 vitam
2331 1119 2634 1167 credentibus

513 1210 727 1263 praestat:
752 1210 798 1247 et
822 1201 1080 1267 reprobos,
1111 1219 1233 1267 quos
1258 1203 1338 1250 diu
1364 1203 1614 1250 tolerando
1648 1213 1831 1268 portat,
1872 1214 1957 1268 per
1973 1203 2201 1266 justitiam
2234 1201 2540 1248 condemnat.
2579 1204 2633 1247 In

514 1280 669 1343 cujus,
692 1290 744 1326 ut
768 1280 948 1328 dictum
968 1292 1059 1342 est,
1089 1282 1298 1329 adventu
1322 1282 1440 1328 illud
1463 1283 1755 1347 praemissum
1782 1282 2090 1347 proverbium
2115 1297 2297 1328 cessare
2322 1281 2630 1345 promittitur,
2687 1317 2694 1322 .

514 1361 625 1424 quia
648 1361 695 1407 in
721 1361 902 1422 electis,
923 1363 1005 1426 qui
1018 1380 1105 1427 per
1127 1362 1268 1409 lsrael
1293 1347 1629 1426 designantur,
1641 1363 1737 1426 jam
1757 1362 1837 1409 illa
1862 1379 2004 1427 poena
2024 1361 2264 1426 originalis
2281 1361 2465 1425 peccati
2488 1359 2634 1408 finem

515 1444 695 1506 accepit
718 1461 727 1488 z
768 1453 819 1490 ut
839 1443 939 1506 jam
965 1443 1159 1490 ulterius
1189 1443 1347 1490 nullus
1378 1444 1671 1490 credentium
1697 1445 1783 1490 nisi
1820 1461 1875 1490 ex
1903 1444 2101 1509 proprio
2128 1442 2302 1489 delicto
2319 1442 2575 1489 <differatur
2609 1459 2635 1488 a

514 1538 683 1585 regno,
711 1522 794 1569 sed
821 1523 979 1569 anima
1003 1540 1107 1587 quae
1131 1524 1396 1588 peccaverit
1419 1524 1468 1569 in
1492 1523 1659 1583 Israel,
1686 1524 1781 1570 hoc
1807 1534 1878 1570 est
1901 1523 2263 1570 inter-videntes
2287 1525 2466 1580 Deum,
2495 1522 2637 1568 etiam

514 1602 706 1647 rationis
741 1612 1016 1667 compotes,
1046 1620 1102 1650 ex
1127 1603 1324 1667 proprio
1351 1612 1534 1649 tantum
1564 1614 1783 1668 peccatO,
1812 1620 1911 1650 non
1939 1620 1995 1650 ex
2027 1602 2181 1649 alieno
2215 1602 2473 1666 puniantur
2501 1619 2510 1646 ε
2548 1618 2637 1648 nec

509 1682 608 1744 jam
626 1682 748 1729 filius
772 1693 1019 1748 peccatum
1046 1684 1190 1748 patris
1214 1694 1397 1748 portet,
1425 1684 1507 1730 ubi
1530 1684 1719 1731 nullum
1744 1684 1956 1731 fidelium
1972 1684 2070 1748 jam
2090 1682 2317 1747 originale
2338 1693 2585 1748 peccatum
2611 1699 2639 1730 a

513 1761 809 1809 beatitudine
845 1773 1046 1828 separat.
1078 1764 1216 1811 Unde
1248 1764 1371 1811 bene
1395 1764 1489 1811 hoc
1520 1775 1708 1830 tempus
1744 1766 1925 1829 gratiae,
1963 1781 2060 1829 quo
2093 1763 2284 1829 plenam
2309 1763 2637 1809 remissionem

515 1843 870 1907 consequimur,
899 1844 1020 1891 sicut
1037 1843 1154 1891 illud
1179 1845 1258 1891 irae
1277 1844 1371 1891 dici
1386 1846 1624 1892 convenit.
1653 1849 1723 1892 De
1742 1845 1833 1892 hac
1849 1844 2146 1910 plenitudine
2166 1844 2393 1908 temporis
2418 1853 2465 1890 et
2490 1841 2639 1889 abun-

516 1922 673 1969 dantia
692 1922 861 1971 divinae
878 1924 1034 1988 gratiae
1054 1941 1149 1989 qua
1164 1924 1437 1972 decreverat
1454 1928 1582 1973 Deus
1607 1926 1804 1990 implere
1825 1925 1958 1990 quod
1983 1933 2216 1989 coeperat,
2244 1933 2289 1970 et
2306 1938 2639 1969 consummare

516 2003 648 2065 quod
663 2004 969 2068 promiserat,
997 2004 1060 2051 ait
1077 2004 1378 2069 Apostolusssz
1410 2025 1432 2050 «
1456 2007 1510 2052 At
1534 2005 1617 2052 ubi
1641 2005 1889 2070 plenitudo
1909 2005 2160 2069 temporis,
2186 2003 2311 2049 misit
2335 2005 2463 2048 Deus
2489 2000 2638 2048 filium

518 2099 656 2128 suum
675 2083 852 2130 factum
872 2100 930 2131 ex
942 2084 1139 2132 muliere
1154 2120 1166 2144 ,
1189 2084 1364 2131 factum
1385 2085 1473 2132 sub
1498 2086 1623 2151 lege,
1647 2096 1736 2133 etc.
1763 2105 1787 2131 »

582 2166 690 2209 Haec
711 2164 852 2227 igitur
875 2164 1046 2211 mulier
1065 2181 1204 2225 sexu,
1230 2165 1313 2212 sed
1338 2159 1623 2213 infirmitatis
1642 2167 1805 2231 ignara
1831 2165 2096 2225 muliebriS,
2116 2181 2221 2228 quae
2239 2165 2372 2228 virgo
2389 2164 2640 2229 perpetua*

519 2242 680 2289 divino
701 2254 975 2291 consecrata
993 2255 1064 2291 est
1078 2255 1240 2310 partu,
1258 2256 1395 2310 porta
1411 2246 1489 2292 illa
1506 2256 1574 2293 est
1591 2246 1831 2293 orientalis
1851 2263 2038 2311 semper
2054 2245 2214 2292 clausa
2227 2281 2239 2304 ,
2262 2260 2406 2308 quam
2423 2241 2638 2289 Ezechiel

524 2322 613 2369 sibi
630 2340 716 2388 per
742 2324 958 2389 spiritum
977 2325 1230 2373 revelatam
1256 2325 1499 2386 describit,
1523 2327 1704 2375 dicens⁵
1727 2345 1736 2372 :
1770 2346 1792 2371 «
1818 2330 1958 2373 Porta
1982 2326 2082 2372 haec
2102 2325 2260 2372 clausa
2273 2325 2360 2371 erit
2374 2359 2386 2383 ,
2408 2339 2508 2369 non
2525 2338 2639 2386 ape-

521 2403 684 2463 rietur,
703 2414 748 2450 et
758 2405 831 2451 vir
843 2421 942 2452 non
954 2405 1171 2452 transibit
1181 2423 1267 2471 per
1285 2423 1411 2453 eam:
1433 2408 1662 2471 quoniam
1672 2408 1907 2454 Dominus
1917 2410 2044 2453 Deus
2063 2405 2204 2452 Israel
2224 2405 2461 2468 ingressus
2473 2412 2544 2449 est
2554 2418 2642 2467 per

522 2500 642 2529 eam.
659 2503 681 2528 υ
699 2487 787 2531 Per
798 2484 1131 2551 hancquippe⁶
1150 2487 1387 2550 Virginem
1400 2488 1535 2552 quasi
1547 2498 1735 2553 portam
1751 2486 2009 2551 quamdam
2026 2485 2087 2532 ad
2098 2501 2189 2532 nos
2202 2485 2337 2549 quasi
2347 2485 2393 2530 in
2411 2482 2642 2548 templum

522 2581 660 2610 suum
685 2566 921 2612 Dominus
953 2567 1231 2630 ingreditur,
1255 2568 1372 2615 dum
1391 2586 1440 2615 se
1458 2570 1508 2615 in
1528 2586 1581 2616 ea
1598 2579 1769 2615 nostrae
1789 2567 1982 2634 copulat
2000 2576 2193 2614 naturae.
2224 2565 2316 2612 Sed
2339 2564 2439 2611 haec
2474 2563 2645 2622 eadem·

522 2655 658 2708 porta
672 2663 860 2711 semper
870 2646 1027 2694 clausa
1035 2659 1300 2712 permanet,
1316 2659 1361 2696 et
1375 2650 1445 2696 vir
1463 2667 1547 2715 per
1558 2666 1664 2696 eam
1676 2666 1775 2696 non
1786 2649 1981 2696 transiet
1993 2666 2005 2708 3
2020 2647 2130 2712 quia
2144 2646 2301 2693 nullus
2315 2644 2459 2691 virilis
2469 2644 2637 2690 coitus.

522 2727 637 2781 Quae
660 2725 784 2773 bene
804 2737 942 2791 porta
961 2727 1021 2774 ad
1047 2729 1280 2776 orientem
1312 2731 1547 2795 respicere
1572 2731 1760 2790 dicitur,
1784 2729 2052 2777 secundum
2067 2727 2200 2792 quod
2217 2728 2317 2792 ipsa
2336 2725 2507 2772 orienti
2529 2740 2645 2770 con-

525 2822 637 2868 grue
650 2818 970 2872 comparatur.
989 2809 1118 2856 Sicut
1130 2810 1259 2856 enim
1275 2810 1340 2857 ibi
1355 2811 1427 2857 sol
1439 2812 1527 2858 iste
1540 2811 1800 2876 corporalis
1812 2811 1978 2870 oritur,
1998 2819 2045 2856 et
2058 2807 2244 2855 inde'ad
2265 2816 2454 2854 caeteras
2477 2803 2645 2851 mundi

525 2896 679 2949 partes
693 2886 975 2934 diffunditur
997 2906 1007 2934 :
1031 2888 1098 2935 sic
1116 2889 1165 2935 in
1185 2889 1272 2936 ista
1290 2890 1362 2936 sol
1376 2907 1513 2937 verus
1522 2891 1711 2954 justitiae
1727 2890 1956 2949 Christus,
1981 2887 2253 2935 secundum
2265 2885 2395 2950 quod
2416 2885 2643 2948 scriptum

524 2974 614 3024 est,
639 2981 838 3012 nascens
860 2987 871 3013 ε
898 2987 920 3011 «
944 2967 1088 3024 Quod
1107 2969 1236 3015 enim
1254 2969 1300 3015 in
1320 2986 1374 3016 ea
1391 2980 1556 3016 natum
1576 2980 1668 3030 est,
1685 2970 1746 3016 de
1765 2970 1939 3035 Spiritu
1960 2978 2125 3015 sancto
2144 2970 2254 3026 est⁷,
2274 2964 2534 3012 »claritatis
2551 2979 2646 3009 suae

522 3043 680 3090 radios
694 3044 751 3091 ad
769 3045 1106 3094 illuminandas
1125 3049 1268 3096 totius
1290 3049 1459 3096 mundi
1484 3049 1702 3097 tenebras
1721 3049 1948 3096 dilatavit.
1971 3048 2110 3095 Unde
2137 3057 2183 3094 et
2210 3044 2493 3109 evangelista
2510 3045 2647 3089 Joan-

524 3124 661 3168 nes⁸z
698 3143 720 3167 «
745 3127 876 3185 Erat,
899 3145 921 3168 »
949 3127 1126 3191 inquit,
1159 3127 1280 3175 «lux
1308 3145 1443 3189 vera,
1479 3146 1584 3193 quae
1614 3128 1850 3175 illuminat
1876 3144 2073 3175 omnem
2099 3126 2345 3173 hominem
2375 3122 2646 3170 venientem

525 3201 572 3248 in
599 3200 728 3247 hunc
747 3205 1005 3265 mundum,
1035 3217 1124 3254 etc.
1143 3226 1166 3251 »
1196 3210 1305 3255 Haec
1320 3208 1480 3272 itaque
1498 3207 1577 3255 lux
1594 3244 1605 3268 ,
1622 3207 1671 3254 id
1688 3209 1781 3254 est⁹
1799 3207 2011 3254 Verbum
2027 3206 2200 3266 Patris,
2227 3214 2274 3251 et
2294 3212 2529 3250 coaeterna
2547 3199 2647 3263 ejus

571 3350 581 3368 ¹
606 3352 720 3391 Prov„
734 3363 808 3397 cap.
828 3366 889 3396 xx,
908 3368 940 3389 v.
959 3358 989 3389 1.
1004 3375 1045 3381 -
1063 3357 1075 3374 ¹
1093 3360 1229 3401 Ephes„
1248 3370 1322 3404 cap.
1339 3372 1372 3401 v,
1387 3371 1420 3394 v.
1440 3362 1490 3394 18.
1510 3378 1554 3384 —
1606 3359 1674 3393 MS.
1695 3359 1786 3392 Eius.
1802 3376 1841 3382 ——
1857 3358 1870 3375 '¹
1886 3358 2016 3398 Matth„
2032 3367 2106 3400 cap.
2128 3368 2161 3398 1,
2180 3366 2211 3389 v.
2233 3356 2288 3388 20.
2302 3370 2346 3379 —
2360 3352 2374 3371 ⁸
2395 3342 2598 3394 Joamscap.
2616 3360 2647 3390 ι,

527 3407 539 3423 ¹
554 3408 679 3447 Galat„
695 3417 769 3452 cap.
788 3421 831 3452 iv,
844 3422 875 3444 v.
891 3413 924 3444 4.
940 3430 982 3437 —
999 3412 1013 3430 ⁴
1030 3414 1108 3447 Haec
1125 3417 1193 3457 ejus
1208 3423 1311 3450 mater
1326 3424 1357 3450 et
1372 3418 1467 3459 Viryo
1482 3427 1556 3458 per-
1609 3427 1639 3450 ν.
1656 3418 1690 3449 9.
1704 3432 1749 3441 ·-·
1762 3415 1776 3433 ⁹
1797 3416 1884 3449 Idem
1900 3415 1968 3448 MS·
1987 3414 2077 3448 Eius·

521 3472 618 3506 petua
636 3464 703 3498 MS.
723 3465 811 3500 Eius.
828 3482 873 3492 —
891 3468 903 3485 ⁶
917 3468 1052 3510 Ezech.,
1066 3480 1139 3514 cap.
1156 3482 1240 3513 κων,
1261 3484 1293 3506 v.
1311 3474 1345 3506 9.
1363 3492 1396 3498 -
1417 3472 1431 3491 ⁰
1443 3474 1556 3515 Itaque
