2970 4152
536 379 599 424 74
1106 380 1273 426 PETRI
1312 380 1621 428 ABAELARDI
1659 383 1731 428 ET
1765 382 2064 428 HELOlSSAE

536 489 646 519 nem
672 485 893 530 noverat,
926 474 1104 519 nullam
1128 473 1328 520 domum
1357 474 1603 522 habuerat.
1627 479 1679 522 ln
1705 477 1816 542 ipsis
1835 476 2069 523 cubilibus
2089 476 2317 531 serarum,
2347 477 2396 522 in
2416 476 2529 541 ipsis
2545 475 2644 522 lati-

535 550 655 598 bulis
673 552 934 610 latronum,
964 551 1044 598 ubi
1064 569 1152 599 nec
1176 554 1414 600 nominari
1430 557 1557 603 Deus
1581 555 1724 615 solet,
1748 555 1962 603 divinum
1992 555 2178 602 erexisti
2196 554 2551 603 tabernaculum
2566 590 2578 614 ,
2599 564 2646 601 et

533 633 731 696 Spiritus
750 634 897 679 sancti
913 634 1162 698 proprium
1179 633 1406 682 dedicasti
1421 637 1432 659 ¹
1452 636 1699 701 templum.
1723 636 1846 683 Nihil
1859 635 1920 682 ad
1939 636 2033 682 hoc
2048 634 2381 682 aedificandum
2404 651 2461 681 ex
2481 650 2646 698 regum

534 712 603 757 vel
631 713 897 777 principum
933 713 1102 777 opibus
1133 714 1357 775 intulisti,
1386 731 1536 780 quum
1565 716 1769 781 plurima
1791 733 1953 781 posses
1989 726 2036 762 et
2070 716 2298 774 maxima,
2333 724 2387 761 ut
2413 714 2646 778 quidquid

534 790 686 850 lieret,
718 791 799 838 tibi
825 793 911 839 soli
935 804 1092 858 posset
1109 795 1295 843 ascribi.
1318 796 1484 844 Clerici
1511 797 1608 844 sive
1631 796 1869 843 scholares
1900 796 1995 842 huc
2022 796 2236 843 certatim
2262 795 2323 842 ad
2346 795 2645 859 disciplinam

534 880 661 916 tuam
686 872 983 919 confluentes
1016 875 1176 921 omnia
1205 875 1534 923 ministrabant
1561 876 1848 942 necessaria;
1880 885 1926 922 et
1951 876 2031 939 qui
2065 875 2125 922 de
2158 862 2646 923 beneficiis-vivebant

532 949 880 1012 ecclesiasticis»,
909 970 998 1000 nec
1026 953 1291 1002 oblationes
1312 955 1467 1003 facere
1491 941 1756 1015 noverant,
1792 956 1876 1003 sed
1909 956 2169 1020 suscipere,
2207 965 2254 1002 et
2277 955 2360 1019 qui
2393 968 2561 1002 manus
2582 955 2642 1001 ad

530 1031 881 1097 suscipiendum
908 1051 1007 1081 non
1041 1034 1103 1081 ad
1128 1035 1341 1082 dandum
1366 1036 1658 1094 habuerant,
1682 1036 1760 1083 hic
1785 1037 1832 1082 in
1862 1035 2184 1083 oblationibus
2208 1034 2433 1082 faciendis
2457 1034 2643 1099 prodigi

529 1121 669 1174 atque
695 1113 956 1178 importuni
971 1114 1164 1162 fiebant.
1188 1118 1285 1163 Tua
1304 1117 1482 1180 itaque,
1508 1133 1615 1163 vere
1634 1126 1715 1163 tua
1733 1116 1834 1163 haec
1851 1126 1920 1163 est
1935 1116 2130 1181 proprie
2148 1116 2196 1162 in
2217 1125 2381 1162 sancto
2397 1115 2644 1180 proposito

528 1192 715 1239 novella
743 1194 972 1258 plantatio
987 1196 1024 1253 ²,
1050 1195 1183 1258 cujus
1202 1196 1359 1243 adhuc
1382 1197 1555 1243 teneris
1578 1197 1780 1244 maxime
1803 1196 1976 1261 plantis
2002 1195 2249 1259 frequens,
2280 1205 2332 1242 ut
2360 1194 2611 1260 proficiant
2633 1226 2645 1253 ,

529 1274 789 1320 necessaria
815 1284 884 1320 est
901 1275 1126 1338 irrigatio.
1151 1277 1269 1323 Satis
1296 1292 1349 1323 ex
1372 1277 1471 1341 ipsa
1496 1277 1687 1324 feminei
1706 1294 1842 1324 sexus
1870 1287 2039 1324 natura
2064 1276 2231 1323 debilis
2250 1288 2320 1323 est
2344 1276 2445 1322 haec
2462 1275 2645 1340 planta-

529 1353 610 1412 tio,
632 1363 677 1400 et
697 1365 766 1400 est
781 1355 986 1415 infirma,
1015 1358 1195 1403 etiamsi
1211 1360 1223 1382 ³
1242 1374 1339 1404 non
1358 1368 1480 1404 esset
1499 1375 1639 1405 nova.
1667 1358 1804 1405 Unde
1823 1358 2171 1422 diligentiorem
2190 1357 2424 1404 culturam
2443 1356 2581 1419 exigit
2599 1365 2646 1402 et

528 1434 919 1497 frequentiorem,
936 1437 1067 1499 juxta
1083 1437 1199 1483 illud
1226 1438 1457 1502 apostoli¹⁹
1481 1456 1489 1484 ε
1517 1458 1539 1482 «
1566 1441 1664 1502 Ego
1682 1438 1907 1503 plantavi,
1933 1430 2311 1502 Apollorigavit,
2333 1439 2460 1482 Deus
2488 1445 2646 1482 autem

529 1515 874 1563 incrementum
892 1518 1037 1565 dedit.
1063 1537 1084 1561 »
1104 1519 1399 1566 Plantaverat
1417 1519 1661 1584 apostolus
1680 1530 1822 1583 atque
1841 1519 2118 1565 fundaverat
2134 1519 2182 1564 in
2203 1517 2297 1564 fide
2316 1534 2402 1581 per
2418 1516 2647 1581 praedica-

529 1596 666 1642 tionis
699 1615 791 1644 suae
825 1598 1090 1645 doctrinam
1115 1600 1410 1659 Corinthios,
1449 1600 1622 1664 quibus
1655 1599 1907 1646 scribebat.
1949 1600 2193 1662 Rigaverat
2227 1597 2535 1663 postmodum
2566 1612 2648 1643 eos

528 1678 672 1740 ipsius
698 1680 899 1742 apostoli
931 1680 1190 1745 discipulus
1220 1681 1388 1745 Apollo
1416 1682 1559 1728 sacris
1587 1680 2021 1740 exhortationibus,
2047 1691 2092 1727 et
2116 1681 2182 1727 sic
2206 1680 2274 1726 eis
2299 1680 2647 1726 incrementum

526 1758 750 1804 virtutum
781 1760 941 1806 divina
973 1760 1138 1823 largita
1167 1770 1236 1807 est
1263 1762 1424 1824 gratia.
1455 1762 1571 1807 Vitis
1601 1760 1763 1807 alienae
1790 1762 2001 1820 vineam,
2029 1777 2174 1824 quam
2199 1776 2298 1806 non
2327 1758 2569 1824 plantasti,
2598 1758 2647 1811 in

528 1838 891 1885 amaritudinem
921 1839 1002 1885 tibi
1031 1856 1334 1900 conversam,
1359 1856 1385 1886 a
1423 1840 1766 1886 monitionibus
1784 1857 1907 1904 saepe
1927 1841 2096 1899 cassis,
2120 1850 2167 1886 et
2196 1839 2339 1886 sacris
2362 1839 2532 1885 frustra
2549 1854 2647 1885 ser-

524 1918 746 1964 monibus
765 1919 954 1965 excolis.
977 1920 1104 1976 Quid
1123 1930 1212 1966 tuae
1229 1919 1404 1966 debeas
1425 1908 1643 1979 attende,
1667 1920 1750 1983 qui
1769 1920 1835 1966 sic
1851 1936 2014 1967 curam
2033 1919 2271 1984 impendis
2290 1919 2466 1966 alienae.
2496 1921 2650 1965 Doces

495 2020 503 2034 =
527 2009 571 2044 et
597 1999 827 2046 admones
854 1999 1071 2058 rebelles,
1105 2017 1193 2047 nec
1220 1999 1426 2064 proficis.
1458 2004 1644 2046 Frustra
1674 2010 1782 2047 ante
1805 2017 1979 2064 porcos
2006 2000 2153 2046 divini
2179 1998 2353 2062 eloquii
2378 1999 2651 2062 margaritas

531 2081 724 2143 spargis.
764 2081 857 2137 Qui
891 2080 1138 2127 obstinatis
1171 2091 1299 2127 tanta
1327 2080 1592 2146 impendis,
1623 2080 1740 2144 quid
1773 2079 2106 2129 obedientibus
2139 2079 2312 2126 debeas
2354 2077 2601 2125 considera
2616 2080 2644 2124 ⁵.

534 2160 627 2216 Qui
646 2170 774 2207 tanta
792 2160 1009 2207 hostibus
1024 2161 1227 2225 largiris,
1251 2160 1367 2225 quid
1387 2160 1572 2208 filiabus
1592 2160 1766 2208 debeas
1788 2161 2032 2207 meditare.
2065 2163 2214 2224 Atque
2234 2169 2287 2206 ut
2302 2169 2494 2206 caeteras
2509 2158 2650 2204 omit·

534 2251 627 2285 tam
643 2276 654 2298 ,
684 2251 864 2304 quanto
891 2257 1000 2305 erga
1018 2258 1095 2288 me
1115 2251 1159 2288 te
1184 2241 1466 2305 obligaveris
1486 2240 1647 2288 debito
1670 2277 1681 2300 ,
1705 2257 1854 2305 pensa
1878 2257 1886 2285 :
1911 2250 1962 2286 ut.
1981 2240 2112 2304 quod
2133 2239 2317 2286 devotis
2335 2237 2653 2285 communiter

536 2320 680 2367 debes
706 2321 917 2380 feminis,
957 2323 1107 2369 unicae
1146 2332 1236 2368 tuae
1261 2322 1480 2369 devotius
1507 2321 1690 2391 solvas}
1708 2323 1837 2377 Quot
1862 2331 2022 2367 autem
2053 2330 2099 2367 et
2126 2330 2331 2383 quantos
2358 2328 2579 2365 tractatus
2603 2317 2651 2364 in

537 2401 751 2448 doctrina
770 2438 781 2460 ,
811 2402 883 2448 v⁴el
909 2403 1264 2462 exhortatione,
1294 2419 1376 2450 seu
1396 2403 1536 2449 etiam
1558 2390 1887 2448 consolatione
1913 2411 2184 2448 sanctarum
2203 2400 2485 2458 feminarum
2505 2398 2652 2444 sancti

538 2492 696 2544 patres
735 2484 1222 2540 consummaverint&
1267 2493 1314 2529 et
1347 2492 1525 2546 quanta
1565 2499 1646 2529 eos
1679 2481 1922 2545 diligentia
1958 2480 2342 2545 composuerint,
2373 2489 2456 2524 tua·
2486 2478 2654 2524 melius

539 2562 812 2609 excellentia
846 2579 991 2627 quam
1026 2573 1188 2609 nostra
1217 2564 1452 2628 parvitas⁷
1480 2563 1630 2609 novit.
1666 2562 1801 2608 Unde
1833 2578 1932 2608 non
1959 2561 2191 2608 mediocri
2222 2559 2536 2606 admiratione
2562 2572 2655 2604 :noa—

539 2652 643 2689 stiae
662 2653 825 2689 tenera
840 2643 1166 2689 conversionis
1185 2643 1317 2690 initia
1336 2653 1417 2690 tua
1430 2643 1529 2705 jam
1547 2642 1732 2689 dudum
1747 2641 1924 2689 oblivio
1945 2641 2113 2700 movit,
2136 2639 2269 2704 quod
2287 2655 2376 2685 nec
2394 2637 2657 2684 reverentia

543 2724 627 2768 Dei
647 2754 658 2782 ,
689 2738 777 2770 nec
796 2740 959 2770 amore
984 2724 1156 2782 nostri,
1183 2737 1274 2770 nec
1300 2733 1576 2770 sanctorum
1595 2733 1785 2787 patrum
1811 2722 2037 2786 exemplis
2053 2720 2327 2767 admonitus
2346 2715 2655 2765 fluctuantem

544 2820 619 2849 me
650 2814 695 2850 et
721 2806 818 2866 jam
853 2803 1039 2850 diutino
1071 2820 1276 2850 moerore
1309 2803 1606 2862 confectam,
1644 2802 1719 2848 vel
1759 2818 1979 2848 sermone
2017 2810 2322 2866 praesentem,
2360 2799 2435 2846 vel
2459 2796 2657 2863 epistola

544 2883 786 2931 absentem
805 2884 1041 2945 consolari
1067 2884 1356 2930 tentaveris⁸.
1383 2884 1470 2930 Cui
1492 2880 1689 2947 quidem
1714 2892 1846 2929 tanto
1866 2890 1914 2928 te
1939 2881 2120 2944 majore
2146 2880 2308 2927 debito
2333 2879 2524 2927 noveris
2541 2877 2659 2926 om

545 2974 702 3027 gatum
723 3002 734 3023 ,
764 2975 944 3029 quanto
971 2976 1016 3012 te
1043 2965 1244 3030 amplius
1267 2964 1492 3029 nuptialis
1523 2962 1699 3010 foedere
1726 2963 2007 3009 sacramenti
2032 2971 2215 3008 constat
2242 2977 2346 3008 esse
2377 2960 2655 3018 astrictum;

538 3046 592 3091 ²et
617 3061 674 3091 eo
706 3055 749 3091 te
770 3046 916 3110 magis
943 3045 1063 3092 mihi
1079 3045 1374 3102 obnoxium«,
1403 3056 1500 3108 quo
1527 3054 1572 3090 te
1598 3059 1807 3107 semper,
1837 3052 1890 3088 ut
1915 3042 2139 3089 omnibus
2163 3051 2317 3106 patet,
2342 3039 2658 3086 immoderato

547 3137 709 3173 amore
731 3127 977 3191 complexa
1003 3144 1124 3174 sum.
1157 3126 1343 3186 Nosti⁹,
1369 3125 1666 3183 charissime,
1699 3134 1938 3171 noverunt
1969 3140 2165 3183 omnes,
2191 3132 2371 3187 quanta
2395 3121 2443 3167 in
2469 3131 2516 3168 te
2540 3121 2659 3167 ami-

595 3308 603 3324 ¹
630 3310 787 3347 Accepisti
811 3306 902 3339 RMS.
920 3326 960 3330 m
976 3306 1090 3340 ΞΝουα
1111 3311 1256 3347 εοΙοηὶα,
1275 3315 1330 3340 tua
1348 3318 1429 3340 nova
1446 3309 1581 3348 planta·
1628 3306 1659 3338 in
1695 3305 1903 3339 editionibus.
1934 3324 1976 3330 —
2003 3306 2014 3323 ⁷
2050 3307 2199 3338 Tenuitas
2238 3303 2333 3336 RMS.
2368 3321 2404 3325 -—
2444 3301 2457 3320 ⁸
2495 3303 2663 3335 Studueris

550 3369 592 3397 tio
612 3363 706 3397 RMS.
722 3382 762 3387 —
778 3363 791 3380 ³
806 3363 860 3396 Sic
880 3364 918 3396 D.
933 3365 1028 3396 -Est
1049 3367 1197 3405 infirma,
1218 3368 1276 3398 etsi
1304 3376 1367 3397 non
1392 3371 1478 3397 esset
1494 3370 1583 3396 aava
1628 3359 1722 3396 Rus
1746 3379 1789 3387 —
1813 3362 1827 3380 ⁹
1849 3364 1959 3396 Nostri·
1986 3369 2155 3407 perperam
2180 3360 2303 3404 legitur
2327 3360 2359 3392 in
2385 3358 2478 3393 Amb.
2500 3365 2537 3392 'et
2560 3357 2661 3391 Rawl.

552 3422 638 3454 Edit.
659 3421 753 3453 Amb.
775 3439 818 3444 —
833 3419 846 3437 ⁴
866 3421 1009 3454 Corinth.
1033 3422 1065 3460 Ι,
1095 3432 1155 3465 cap
1193 3434 1246 3462 ιιι,
1267 3424 1306 3455 W.
1334 3423 1366 3455 6.
1383 3431 1421 3445 -·-·-
1437 3421 1450 3439 ⁸
1469 3421 1506 3453 In
1527 3430 1586 3462 pe-
1632 3421 1715 3454 E'dd.

551 3488 638 3511 ctore
659 3489 748 3511 versa
780 3477 873 3510 RMS.
889 3496 931 3502 —
946 3478 958 3495 ⁰
975 3478 1028 3510 Sic
1051 3478 1142 3511 ABD.
1153 3497 1175 3503 -
1189 3480 1480 3512 Consummaverint
1495 3478 1587 3512 deest
