2970 4152
973 412 1284 459 EXPOSlTlO
1320 412 1379 460 ΙΝ
1411 412 1807 461 HEXAMERON.
2357 414 2444 461 674

331 505 603 571 peraddsta,
628 507 824 554 formari
846 507 1039 572 proprie
1068 505 1257 553 dicitur.
1286 505 1520 565 Isidorus,
1550 506 1780 570 Etymol„
1807 505 1892 552 lib.
1923 507 2004 564 XI,
2030 520 2137 570 cap.
2164 521 2181 552 1
2214 524 2224 552 :
2255 524 2280 549 «
2296 509 2453 555 Homo

330 586 485 634 dictus
507 597 604 647 est,
629 588 740 653 quia
763 604 820 634 ex
847 586 999 634 humo
1035 597 1106 634 est
1143 586 1294 634 factus
1311 623 1323 646 ‚
1348 587 1484 650 'sicut
1519 596 1567 633 et
1603 587 1654 633 in
1694 586 1869 645 Genesi
1903 585 2077 633 dicitur
2100 604 2111 633 ε
2141 605 2164 630 «
2187 588 2244 632 Et
2277 588 2455 634 creavit

333 687 357 714 «
376 672 504 717 Deus
526 669 777 716 hominem
798 669 859 716 de
880 668 996 716 limo
1018 678 1171 715 terrae.
1194 686 1218 712 n
1252 666 1459 714 Abusive
1486 676 1649 714 tamen
1677 668 2019 733 pronuntiatur
2040 684 2096 714 ex
2119 677 2322 732 utraque
2344 669 2455 715 sub-

328 750 501 797 stantia
528 759 658 797 totus
685 748 835 796 homo
853 786 865 808 ‚
890 748 941 796 id
964 758 1036 796 est
1060 765 1118 795 ex
1137 748 1365 795 societate
1387 747 1557 795 animae
1579 757 1627 794 et
1649 748 1868 813 corporis
1886 785 1897 807 ,
1929 763 2044 795 nam
2076 748 2271 813 proprie
2301 748 2452 796 homo

327 828 390 876 ab
411 829 580 878 humo.
598 849 621 875 η
649 834 766 877 [tem
789 849 800 877 ε
823 849 846 875 t<
864 829 1048 894 Duplex
1069 839 1140 877 est
1155 839 1318 876 autem
1338 828 1508 887 homo,
1529 829 1728 875 interior
1749 839 1797 876 et
1812 829 2017 876 exterior
2035 830 2262 877 :interior
2279 829 2449 889 homo,

328 910 511 969 anima3
532 911 736 958 exterior
751 910 921 969 homo,
939 927 1131 975 corpus.
1148 928 1171 954 »
1192 909 1326 956 Idem
1347 927 1357 955 :
1378 908 1588 955 «Anima
1607 908 1819 956 hominis
1841 925 1943 955 non
1967 918 2036 955 est
2054 908 2223 968 homo,
2247 909 2332 956 sed
2349 927 2456 957 cor·
2501 968 2504 971 Ι

325 1006 416 1054 pus
431 991 566 1055 quod
587 1008 643 1038 ex
657 991 809 1038 humo
833 991 1011 1039 factum
1033 1001 1104 1039 est
1116 1029 1128 1051 ,
1145 991 1194 1038 id
1210 1001 1398 1038 tantum
1415 1000 1486 1038 est
1500 990 1669 1037 homo.
1680 1009 1703 1034 »
1727 990 1871 1050 Beda,
1888 1007 2037 1054 supra
2056 993 2272 1038 Genesim
2284 992 2369 1039 lib.
2390 996 2430 1038 II
2439 1030 2448 1039 .

327 1070 385 1117 Et
419 1071 611 1119 vocavit
644 1072 844 1119 nomina
874 1088 1044 1118 eorum
1075 1071 1228 1118 Adam
1261 1072 1312 1118 in
1343 1070 1423 1118 die
1454 1087 1552 1135 quo
1588 1071 1736 1118 creati
1765 1080 1895 1118 sunt.
1928 1070 2080 1118 Adam
2115 1071 2454 1137 interpretatur

324 1142 494 1210 homo,
510 1161 564 1198 ut
575 1152 766 1217 utrique
787 1153 918 1199 sexui
938 1152 1090 1217 possit
1111 1152 1283 1216 aptari.
1298 1151 1437 1199 Unde
1459 1161 1588 1199 recte
1606 1150 1805 1198 dicitur:
1822 1151 2052 1199 «Vocavit
2067 1152 2267 1199 nomina
2283 1169 2453 1199 eorum

324 1229 499 1290 Adam,
528 1249 552 1275 >2
579 1231 630 1278 id
652 1241 723 1279 est
743 1231 912 1279 homo.
946 1232 1078 1278 Sicut
1105 1231 1256 1278 homo
1278 1231 1425 1279 latine
1451 1230 1514 1279 ab
1530 1230 1706 1290 humo,
1734 1231 1801 1278 ita
1833 1230 1964 1296 apud
1985 1230 2211 1279 Hebraeos
2239 1232 2391 1279 Adam
2424 1250 2453 1280 a

322 1320 449 1360 terra
471 1313 766 1359 nominatur.
796 1312 936 1359 Unde
965 1322 1013 1359 et
1046 1322 1265 1359 terrenus
1296 1313 1396 1359 sive
1427 1322 1555 1360 terra
1588 1311 1735 1359 rubra
1767 1322 1925 1377 potest
1957 1312 2277 1377 interpretari.
2306 1316 2453 1360 Porro

319 1392 449 1457 apud
489 1395 680 1440 Graecos
717 1393 868 1440 homo
906 1392 1049 1441 aliam
1083 1393 1230 1441 habet
1267 1393 1626 1458 etymologiam.
1653 1395 1866 1441 Vocatur
1900 1393 2030 1439 enim
2065 1399 2272 1460 ἅνθρωπος
2299 1393 2360 1440 ab
2394 1411 2452 1440 eo

319 1471 454 1536 quod
492 1489 700 1538 superna
741 1473 945 1538 spectari
985 1482 1033 1520 et
1069 1473 1131 1520 ad
1174 1472 1384 1520 coelestia
1423 1473 1702 1520 contuenda
1745 1471 1920 1520 debeat
1958 1473 2133 1520 mentis
2175 1473 2342 1520 oculos
2381 1485 2453 1520 at·

320 1550 506 1599 tollere.
529 1570 553 1596 υ

389 1651 413 1676 ι(
434 1633 686 1697 Inspiravit
717 1632 1010 1697 spiraculum
1037 1633 1161 1679 vitae.
1187 1651 1210 1676 n
1236 1632 1291 1679 Id
1324 1642 1394 1679 est
1425 1633 1562 1696 quasi
1594 1648 1681 1697 per
1713 1648 1764 1679 se
1795 1649 1896 1679 non
1931 1632 1992 1679 de
2025 1631 2187 1697 aliquo
2219 1633 2451 1679 materiali

317 1713 586 1777 primordio
610 1713 744 1761 dedit
766 1714 978 1761 animam
999 1713 1193 1778 corpori
1209 1714 1309 1777 jam
1333 1713 1564 1771 formato,
1590 1723 1643 1760 ut
1666 1713 1768 1778 ipsa
1803 1712 2026 1760 videlicet
2060 1714 2222 1760 anima
2255 1730 2311 1760 ex
2344 1713 2449 1760 solo

318 1795 421 1840 Deo
446 1803 677 1859 tanquam
699 1794 938 1859 principio
968 1810 1069 1840 non
1099 1810 1156 1840 ex
1181 1793 1274 1841 alia
1297 1793 1599 1859 primordiali
1629 1809 1774 1841 causa
1803 1810 1905 1841 esse
1932 1793 2149 1842 haberet.
2180 1814 2204 1839 «
2225 1795 2448 1859 Spiracu-

317 1874 418 1922 lum
441 1875 549 1923 vitae
573 1894 595 1919 »
621 1875 738 1923 dicit
759 1875 821 1923 ad
843 1875 1166 1923 differentiam
1189 1875 1329 1922 ssatus
1351 1875 1507 1934 venti,
1532 1875 1615 1939 qui
1640 1885 1689 1922 et
1712 1874 2004 1940 spiraculum
2027 1874 2219 1934 dicitur,
2242 1875 2327 1922 sed
2346 1891 2446 1922 non

318 1957 581 2017 vivificans,
604 1957 727 2004 sicut
742 1966 790 2004 et
805 1957 966 2004 anima
989 1973 1343 2021 nonnunquam
1362 1956 1502 2004 flatus
1521 1956 1713 2015 dicitur,
1727 1956 1862 2020 juxta
1879 1955 1999 2003 illud
2015 1956 2143 2003 lsaiae
2155 1960 2166 1982 ¹
2192 1975 2202 2003 :
2228 1956 2448 2004 «Flatum

317 2053 514 2085 omnem
536 2054 625 2101 ego
650 2037 754 2085 feci.
781 2056 803 2082 υ
839 2038 961 2085 Hinc
991 2054 1186 2102 quoque
1209 2038 1370 2085 anima
1392 2047 1520 2085 recte
1550 2037 1683 2085 flatui
1711 2037 1810 2084 sive
1843 2036 2081 2102 spiraculo
2117 2048 2442 2102 comparatur,

315 2118 428 2182 quia
449 2119 654 2166 maxime
676 2133 738 2166 an
761 2119 811 2165 in
835 2135 1042 2183 corpore
1064 2119 1125 2166 sit
1148 2119 1435 2184 exspirando
1453 2118 1528 2167 vel
1542 2118 1707 2167 flando
1724 2128 1941 2184 apparet,
1961 2136 2112 2183 quum
2135 2119 2238 2166 sine
2256 2119 2331 2167 his
2349 2120 2447 2167 vita

315 2214 415 2245 non
445 2199 594 2264 possit
621 2199 670 2245 in
700 2198 985 2246 animalibus
1007 2199 1301 2247 conservari.

383 2281 480 2325 «In
503 2278 674 2326 faciem
696 2278 814 2342 ejus.
839 2297 862 2323 υ
887 2279 1211 2344 Spiraculum‚
1237 2280 1461 2344 inquam,
1482 2279 1531 2326 in
1556 2278 1728 2327 faciem
1750 2278 1851 2343 ejus
1867 2316 1878 2338 ,
1905 2277 1999 2325 hoc
2025 2289 2117 2337 est,
2140 2278 2351 2325 hominis
2372 2279 2445 2326 fa-

313 2368 473 2418 ctum,
504 2368 558 2406 ut
585 2359 808 2407 videlicet
839 2360 1000 2408 anima
1034 2359 1114 2408 illa
1147 2360 1250 2407 sola
1283 2377 1385 2407 non
1422 2369 1706 2407 oeoeterorum
1739 2359 2057 2407 animantium
2092 2359 2315 2406 notitiam
2344 2359 2443 2405 sive
2494 2404 2496 2407 .

313 2440 561 2488 scientiam
584 2457 670 2505 per
689 2442 925 2488 rationem
947 2441 1164 2489 haberet.
1185 2442 1345 2489 Facies
1364 2441 1543 2506 quippe
1560 2457 1656 2506 qua
1677 2440 2007 2504 unusquisque
2032 2440 2338 2503 cognoscitur
2360 2457 2444 2486 no-

223 2569 229 2574 ,
312 2519 465 2566 titiam
491 2519 741 2583 significat.

381 2619 403 2644 «
427 2602 487 2646 Et
508 2599 659 2648 sactus
683 2610 771 2647 est.
796 2619 820 2645 »
845 2600 898 2647 Id
917 2610 1011 2660 est,
1037 2602 1104 2648 ita
1125 2610 1487 2648 consummatus
1510 2610 1581 2648 est
1602 2599 1771 2647 homo.

380 2700 402 2724 «
424 2683 477 2727 ln
502 2681 713 2728 animam
738 2681 997 2728 viventem.
1021 2701 1044 2726 η
1070 2681 1123 2728 ld
1147 2691 1235 2740 est,
1259 2697 1345 2746 per
1367 2680 1513 2728 talem
1537 2682 1749 2728 animam
1768 2696 1872 2745 quae
1895 2696 2085 2745 semper
2106 2680 2263 2738 vivat,
2289 2697 2439 2744 quum

311 2760 551 2808 defectum
574 2777 674 2807 non
698 2759 893 2808 habeat‘

376 2858 403 2886 a
417 2840 695 2888 Paradisum
710 2841 986 2906 voluptatis.
1005 2859 1029 2886 »
1053 2840 1109 2888 Id
1130 2852 1218 2901 est,
1243 2841 1441 2889 hortum
1463 2840 1818 2899 delectabilem,
1846 2850 1898 2887 ut
1923 2856 2024 2887 non
2047 2839 2356 2886 solummodo
2381 2858 2436 2888 ex

310 2921 539 2986 dignitate
561 2923 816 2970 creationis
837 2939 933 2970 suae
960 2932 1197 2987 quantum
1221 2925 1323 2970 Deo
1348 2923 1522 2971 debeat
1539 2922 1690 2970 homo
1714 2921 2006 2980 attenderet,
2029 2938 2198 2968 verum
2220 2922 2363 2968 etiam
2380 2938 2436 2969 ex

309 3004 584 3051 amoenitate
607 3014 654 3051 et
678 3003 1043 3052 delectabilitate
1066 3003 1160 3052 loci
1182 3004 1319 3052 electi
1342 3021 1399 3052 ex
1420 3005 1645 3052 universo
1669 3004 1854 3051 mundo
1872 3004 1920 3050 in
1938 3020 2035 3068 quo
2051 3012 2122 3050 est
2141 3003 2342 3068 positus.
2365 3004 2436 3049 De

308 3101 406 3149 quo
430 3084 627 3150 quidem
650 3084 760 3133 loco
783 3086 1016 3151 scriptum
1037 3096 1109 3133 est
1126 3123 1138 3145 ‚
1171 3085 1305 3151 quod
1334 3085 1556 3134 nonnulli
1580 3085 1752 3133 volunt
1768 3123 1779 3144 ‚
1806 3085 1940 3150 quod
1969 3085 2018 3131 in
2050 3084 2269 3131 orientali
2300 3092 2435 3148 parte

309 3164 441 3212 orbis
475 3175 713 3214 terrarum
744 3166 805 3213 sit
835 3165 969 3213 locus
1000 3166 1240 3231 paradisi,
1265 3167 1484 3232 quamvis
1514 3166 1793 3231 longissimo
1829 3165 2137 3229 interjacente
2167 3164 2322 3229 spatio
2358 3164 2435 3210 vel

307 3246 487 3294 Oceani
520 3246 595 3294 vel
626 3256 863 3295 terrarum
888 3263 916 3294 a
946 3247 1131 3295 cunctis
1164 3247 1441 3312 regionibus
1470 3263 1589 3312 quas
1623 3262 1754 3293 nunc
1788 3245 2055 3293 humanum
2087 3261 2235 3309 genus
2267 3243 2434 3292 incolit

306 3335 559 3375 secretum.
587 3327 726 3375 Unde
749 3344 838 3375 nec
861 3344 995 3393 aquae
1019 3327 1211 3389 diluvii,
1238 3345 1344 3394 quae
1363 3338 1517 3377 totam
1539 3328 1691 3375 nostri
1712 3326 1843 3375 orbis
1871 3325 2172 3392 superficiem
2208 3325 2432 3374 altissime

353 3506 364 3526 ⁴
389 3507 479 3542 lsaiae
497 3518 570 3553 cap:
590 3519 672 3551 ινιτ,
688 3520 719 3544 v.
745 3513 798 3544 16.
