2970 4152
1204 403 1518 452 EPISTOLAE.
1660 427 1662 429 >
1699 411 1705 435 ff
2309 400 2403 446 409

296 502 476 567 judicat
499 501 832 566 elephantem?
848 501 988 559 *Quis
1003 500 1315 565 tantapueris
1341 508 1425 546 aut·
1448 497 1639 545 senibus
1668 506 1846 561 quanta
1867 492 1979 543 viris
1995 493 2235 558 injungat?
2260 495 2403 546 Tanta

301 581 536 631 debilibus
567 581 741 629 scilicet
774 591 952 645 quanta
987 580 1214 639 fot-tibus,
1258 588 1388 626 tanta
1423 577 1623 624 infirmis
1658 587 1836 641 quauta
1866 576 2035 634 saniss
2060 582 2189 621 tanta
2221 573 2404 621 feminis

298 672 483 727 quanta·
494 661 732 709 maribus?
752 660 1242 727 Infirmiori‘videlicet
1260 659 1586 722 sexuiquanta
1604 666 1651 704 et
1668 657 1805 703 forti?
1819 655 1963 713 Quod
1978 655 2224 719 diligenter
2237 653 2405 702 beatus

298 758 420 808 papa
437 740 985 806 Gregorius-attendens,
1003 739 1268 787 Paxoi-aleis·
1282 739 1354 785 sui
1375 754 1581 803 cap.-xw
1598 740 1636 796 ¹,
1664 746 1761 783 tam
1774 737 1834 783 de
1854 735 2168 783 admonendis
2186 750 2330 799 quam
2346 734 2406 782 de

299 821 625 887 pzaecipiehdis
655 821 722 867 ita
751 819 961 868 distinxit
996 838 1006 866 z
1053 839 1075 864 α
1111 819 1255 866 Aliter
1286 818 1427 882 igitur
1458 816 1750 863 admonendi
1788 825 1899 861 sunt
1938 815 2053 874 viri,
2096 825 2238 878 atque
2274 814 2407 862 aliter

299 900 484 948 feminoe
514 918 530 946 :-
559 900 670 964 quia
699 899 788 947 illis
824 900 1009 964 gravia,
1040 900 1139 946 istis
1168 915 1282 947 vero
1313 908 1424 945 sunt
1454 896 1741 960 injungenda
1775 895 1982 954 leviora3
2017 905 2064 942 et
2093 895 2209 942 alios
2239 912 2406 959 magna

299 988 569 1049 exerceant,
598 980 708 1026 istas
732 995 847 1026 vero
871 979 994 1026 levia
1020 978 1342 1026 demulcendo
1365 963 1852 1033 convertantasslerte
1880 985 1926 1021 et
1955 975 2037 1038 qui
2061 975 2406 1022 monachorum

300 1059 788 1125 regulasscripserunt
805 1094 818 1119 ‚
849 1075 939 1107 nec
955 1058 1115 1106 solum
1146 1059 1207 1106 de
1235 1058 1422 1106 feminis
1442 1057 1646 1104 omnino
1672 1065 1944 1115 tacuerunt,
1975 1072 2138 1102 verum
2167 1056 2307 1102 etiam
2331 1055 2407 1101 illa

300 1151 563 1190 statuerunt
587 1157 696 1206 quae
732 1141 799 1188 eis
829 1140 1098 1188 nullatenus
1136 1141 1393 1188 convenire
1425 1138 1636 1187 sciebant
1671 1157 1683 1184 ε
1719 1137 1829 1185 satis
1865 1138 2120 1185 commode
2152 1139 2407 1184 innuerunt

300 1237 601 1286 nequaquam
619 1220 791 1268 eodem
804 1221 927 1285 jugo
939 1220 1249 1285 regulaesstauri
1274 1231 1322 1268 et
1340 1221 1556 1284 juvencae
1580 1218 1892 1284 premendam
1910 1235 2010 1265 esse
2028 1218 2277 1276 cervicem,
2299 1219 2408 1281 quia

299 1301 653 1366 quosdispares
675 1311 846 1349 natura
869 1301 1047 1349 creavit
1060 1302 1234 1365 aequari
1253 1301 1415 1348 labore
1434 1317 1533 1347 non
1552 1300 1791 1347 convenit.
1821 1299 1970 1362 Hujus
1988 1309 2147 1345 autem
2167 1298 2408 1345 discretio-

299 1379 403 1428 nis*
423 1379 590 1428 beatus
613 1397 714 1428 non
740 1381 995 1428 immemor
1017 1380 1325 1440 Benedictus,
1360 1391 1589 1444 tanquam
1607 1380 1835 1426 :omnium
1858 1378 2095 1443 justorum
2122 1379 2287 1443 spiritu
2314 1378 2410 1443 ple·

300 1475 412 1520 nus,
437 1477 527 1526 pro
550 1460 776 1525 qualitate
802 1460 1167 1508 hominum-aut,
1188 1470 1458 1525 temporum
1480 1470 1654 1507 cuncta
1678 1460 1744 1505 sic
1771 1458 2053 1505 moderatur¹
2070 1459 2117 1504 in
2145 1458 2331 1522 regula,
2361 1470 2410 1505 ut

300 1540 484 1600 omnia,
506 1541 626 1589 sicut
644 1541 842 1604 ipsemet
864 1557 964 1588 uno
982 1540 1226 1588 concludit
1238 1542 1253 1567 ³
1274 1540 1383 1587 loco
1397 1575 1410 1599 ,
1439 1549 1708 1587 mensurate
1726 1538 1858 1586 fiant.
1883 1539 2040 1586 P-rimo
2058 1539 2217 1602 itaque
2232 1539 2410 1603 abipso

300 1619 530 1684 incipiens
549 1620 720 1668 abbate
738 1621 949 1685 praecipit
968 1637 1078 1667 eum
1097 1621 1162 1667 ita
1180 1619 1401 1683 subjectis
1424 1618 1699 1684 praesidere,
1724 1639 1747 1663 «
1766 1629 1818 1666 ut
1838 1619 2102 1667 secundum
2122 1620 2284 1679 unius,
2300 1638 2323 1664 υ
2346 1621 2413 1666 in-

300 1699 424 1763 quit,
450 1718 480 1744 v«
503 1699 733 1763 cujusque
747 1699 1025 1763 qualitatem
1040 1699 1116 1747 vel
1131 1699 1511 1762 intelligentiam,
1531 1699 1596 1745 ita
1613 1715 1664 1745 se
1678 1698 1903 1745 omnibus
1921 1698 2187 1747 conformet
2203 1711 2250 1746 et
2265 1710 2410 1764 aptet,

301 1787 353 1824 ut
377 1794 475 1825 non
494 1778 651 1825 solum
677 1778 959 1826 detrimenta
985 1780 1136 1843 gregis
1165 1779 1253 1826 sibi
1277 1779 1516 1826 commissi
1539 1795 1639 1825 non
1670 1779 1899 1843 patiatur,
1936 1795 2103 1826 verum
2123 1780 2169 1826 in
2190 1795 2413 1843 augmen-

300 1857 476 1905 tatione
514 1857 631 1905 boni
671 1859 824 1922 graegis
868 1858 1129 1922 gaudeat...
1161 1860 1198 1918 ⁴,
1239 1874 1469 1922 suamque
1504 1858 1797 1921 fragilitatem
1832 1875 2019 1923 semper
2052 1871 2294 1924 suspectus
2325 1863 2409 1920 sit,

301 1937 663 2001 memineritque
691 1937 928 1986 calamum
953 1947 1226 2002 quassatum
1257 1937 1806 1984 nonvconterendumffi..
1835 1939 2087 1986 Discernat
2099 1950 2147 1987 et
2166 1949 2379 2006 tempora
2397 1979 2408 2000 ,

300 2016 896 2083 cogitans-discretionem*
917 2018 1069 2066 sancti
1093 2016 1246 2064 Jacob
1271 2016 1499 2064 dicentis⁷
1521 2035 1531 2063 :
1564 2035 1590 2063 «
1613 2017 1661 2063 Si
1687 2034 1849 2081 greges
1875 2035 2007 2065 meos
2030 2019 2135 2083 plus
2165 2021 2212 2066 in
2234 2022 2416 2068 ‚ambu-

305 2114 330 2139 «
356 2095 502 2143 lando
517 2096 672 2144 fecero
693 2096 935 2156 laborare,
955 2097 1219 2144 morientur
1237 2097 1396 2144 cuncti
1412 2112 1508 2144 una
1525 2096 1621 2144 die.
1643 2116 1666 2141 υ
1689 2100 1797 2145 Haec
1817 2115 1929 2162 ergo
1947 2098 2133 2164 aliaque
2146 2101 2411 2148 testimonia

301 2173 626 2222 discretionis⁸
659 2177 822 2224 matris
855 2178 1085 2224 virtutum
1125 2193 1345 2237 sumens,
1364 2211 1367 2215 -
1386 2178 1452 2224 sic
1484 2178 1685 2225 omnino
1720 2188 1977 2244 temperet,
2024 2190 2076 2226 ut
2109 2190 2155 2227 et
2190 2181 2332 2229 fortes
2357 2184 2411 2229 sit

302 2254 434 2317 quod
462 2257 686 2321 cupiant,¹
714 2266 760 2304 et
787 2256 984 2305 infirmi·
1005 2268 1102 2305 non
1147 2258 1380 2323 refugiant
1400 2259 1430 2304 ⁹.
1467 2277 1491 2303 ›>
1543 2257 1612 2305 Ad
1648 2257 1773 2306 hanc
1812 2259 2007 2323 quidem
2051 2260 2412 2327 dispensationis

304 2334 688 2384 moderationem·
722 2337 1014 2402 indulgentia
1058 2339 1263 2403 pertinet
1305 2354 1592 2403 puerorum,
1632 2355 1799 2386 senum
1835 2350 1894 2387 et·
1921 2342 2120 2388 omnino
2146 2341 2381 2390 debilium
2399 2381 2410 2402 ,

303 2412 493 2461 lectoris
515 2432 598 2463 seu
623 2418 1098 2482 septimanariorum,
1127 2419 1345 2482 coquinae
1362 2427 1473 2465 ante
1498 2418 1616 2466 alios
1639 2419 1859 2480 refecti0,
1882 2430 1928 2468 et
1946 2421 1992 2467 in
2014 2421 2118 2487 ipso
2137 2423 2288 2469 etiam«
2304 2440 2414 2470 con-

302 2503 471 2553 ventu,
501 2494 562 2543 de
591 2496 697 2561 ipsa
724 2496 821 2544 cibi
847 2497 923 2544 vel
947 2507 1096 2563 potus
1119 2497 1343 2562 qualitate
1366 2514 1450 2545 seu
1473 2499 1734 2563 quantitate
1757 2516 1847 2564 pro
1872 2499 2414 2549 diversitatehominum

302 2573 659 2636 providentiam.
685 2579 757 2623 De
779 2576 952 2640 quibus
975 2577 1171 2642 quidem
1191 2577 1385 2642 singulis
1402 2577 1735 2642 ibi-diligenter
1751 2579 1979 2643 scriptum
1997 2584 2207 2645 est.21psa
2223 2598 2415 2647 quoque

303 2663 475 2702 statuta
486 2655 653 2719 jejunii
680 2666 899 2723 tempora·
920 2675 1009 2723 pro
1034 2658 1260 2723 qualitate
1285 2660 1512 2724 temporis
1535 2659 1609 2706 vel
1639 2661 1898 2725 quantitate
1922 2661 2096 2709 laboris
2123 2664 2411 2724 ita21·elaxat·,=

304 2745 448 2798 prout
463 2747 643 2785 naturae
666 2738 872 2802 postulat
889 2738 1152 2788 infirmitas.
1177 2739 1326 2798 Quid,
1347 2740 1547 2787 obsecro
1561 2777 1573 2800 ,
1596 2740 1675 2787 uhi
1694 2742 1802 2801 iste,
1825 2742 1908 2806 qui
1933 2743 2000 2789 sic
2016 2743 2084 2790 ad'
2100 2743 2414 2792 hominumet

304 2822 578 2879 temporum
593 2817 865 2881 qualitatem
890 2819 1053 2866 omnia
1076 2819 1354 2867 moderatur
1366 2856 1379 2879 ‚
1408 2830 1460 2867 ut
1477 2820 1779 2869 ab'omnibus
1797 2823 1898 2871 sine
1915 2825 2297 2871 murmuratione
2309 2842 2417 2890 pro-

304 2895 414 2942 ferri
430 2897 454 2931 ¹²
477 2907 794 2961 queantquaez
819 2898 1130 2946 instituuntur
1157 2918 1168 2945 :
1204 2900 1343 2965 quid,
1379 2900 1599 2965 inquam,
1633 2901 1701 2948 de¹
1725 2902 1910 2949 feminis
1943 2903 2259 2968 providerets
2279 2905 2317 2951 si
2350 2907 2415 2952 eis

304 2991 497 3040 quoque
514 2977 690 3041 pariter
708 2986 760 3024 ut
772 2978 889 3025 viris
907 2979 1119 3043 regulam
1136 2980 1427 3028 institueret?
1444 2981 1497 3028 Si⁴
1511 2981 1639 3028 enim
1658 2983 1706 3029 in
1725 2983 2195 3048 quibusdam-regulae
2210 2985 2415 3050 rigorem

304 3055 487 3120 pueris,
517 3056 732 3116 senibus,
761 3067 807 3104 et
832 3058 1067 3106 debilibus
1086 3077 1186 3125 pro
1202 3061 1302 3125 ipsa
1320 3061 1757 3109 naturae‘debilitate
1774 3063 1846 3109 vel
1866 3062 2138 3111 infirmitate
2148 3075 2415 3131 *temperare

304 3134 486 3198 cogitur
508 3153 518 3181 ι
549 3136 664 3200 quid
683 3136 743 3184 de
769 3137 915 3202 fragili
939 3155 1050 3186 sexu
1069 3139 1365 3204 provideret,
1389 3141 1523 3204 cujus
1548 3142 1751 3188 maxime
1772 3141 1938 3189 debilis
1964 3153 2010 3190 et
2038 3143 2223 3191 infirma
2249 3156 2415 3192 natura

352 3304 361 3321 ⁶
385 3305 534 3345 Pauor„
552 3313 637 3350 part.
659 3306 721 3346 nl.
742 3316 816 3349 cap.
837 3317 867 3349 t,
885 3307 967 3349 Opp.
985 3315 1007 3341 t.
1024 3309 1074 3350 11,
1087 3320 1122 3353 p.
1136 3308 1336 3343 35.-¹1ta·
1385 3328 1418 3333 -ψ
1439 3310 1450 3327 ”’
1466 3311 1594 3350 Genea,
1610 3321 1686 3354 cap.
1703 3322 1825 3352 xxxin,
1849 3323 1879 3345 v.
1907 3314 1957 3345 123.
1982 3331 2006 3337 w
2027 3313 2040 3331 ⁸
2054 3315 2241 3349 Prudentiae
2268 3315 2361 3349 RMS.
2374 3333 2416 3341 --

307 3363 400 3394 tionis
414 3363 541 3403 optimoe
556 3372 678 3397 normae
690 3362 785 3397 RMS.
805 3383 835 3388 —
854 3363 867 3381 ⁸
882 3364 1006 3408 Regula
1024 3365 1133 3399 Sancti
1150 3365 1339 3407 Benedicti,
1385 3364 1530 3410 'Regula
1543 3366 1652 3400 Sancti
1666 3367 1848 3409 Benedicti,
1871 3379 1945 3413 cap.
1965 3381 2050 3403 mxiv.
2066 3388 2108 3395 —
2123 3370 2152 3388 ‘⁰
2170 3371 2288 3415 Regula
2304 3372 2413 3405 Sancti

308 3425 382 3458 cap.
397 3427 503 3450 xtvni.
514 3434 555 3443 -—
569 3416 583 3435 ⁸
594 3417 717 3461 Regula
730 3418 841 3454 Sancti
861 3420 1040 3462 Benedicti,
1060 3432 1136 3466 cap.
1153 3433 1186 3457 n.
1199 3439 1240 3446 -
1255 3422 1269 3440 ⁸
1281 3422 1343 3456 Re—
1384 3421 1572 3463 Benedicti,
1592 3433 1665 3466 cap.
1686 3434 1862 3458 xxxv-xm.
1877 3444 1916 3450 -
1938 3426 1965 3444 ‘⁸
1987 3427 2134 3467 Profieert
2149 3424 2243 3468 Rus.

309 3470 382 3514 gula
401 3471 512 3507 Sancti
528 3472 714 3516 Benedicti,
735 3485 809 3519 cap.
825 3486 910 3510 mxiv.
926 3492 971 3503 —-
984 3476 997 3495 ⁶
1014 3478 1223 3512 Prudentiam
1248 3479 1341 3512 Rus.
1735 3494 1744 3502 ·
2155 3469 2201 3509 „s”

2526 2020 2546 2048 μ’
