<?xml version="1.0" encoding="UTF-8"?>
<!DOCTYPE html PUBLIC "-//W3C//DTD XHTML 1.0 Transitional//EN"
    "http://www.w3.org/TR/xhtml1/DTD/xhtml1-transitional.dtd">
<html xmlns="http://www.w3.org/1999/xhtml" xml:lang="en" lang="en">
 <head>
  <title>
</title>
<meta http-equiv="Content-Type" content="text/html;charset=utf-8" />
  <meta name='ocr-system' content='tesseract 3.04.00' />
  <meta name='ocr-capabilities' content='ocr_page ocr_carea ocr_par ocr_line ocrx_word'/>
</head>
<body>
  <div class='ocr_page' id='page_1' title='image "./operahactenusseo01abeluoft_0643.png"; bbox 0 0 2970 4152; ppageno 0'>
   <div class='ocr_carea' id='block_1_1' title="bbox 942 429 2408 483">
    <p class='ocr_par' dir='ltr' id='par_1_1' title="bbox 942 429 2408 483">
     <span class='ocr_line' id='line_1_1' title="bbox 942 429 2408 483; baseline -0.005 0"><span class='ocrx_word' id='word_1_1' title='bbox 942 435 1253 483; x_wconf 87' lang='lat' dir='ltr'>EXPOSlTlO</span> <span class='ocrx_word' id='word_1_2' title='bbox 1286 435 1345 483; x_wconf 88' lang='grc' dir='ltr'>ΙΝ</span> <span class='ocrx_word' id='word_1_3' title='bbox 1377 433 1769 482; x_wconf 85' lang='lat' dir='ltr'>HEXAMERON.</span> <span class='ocrx_word' id='word_1_4' title='bbox 2315 429 2408 477; x_wconf 79' lang='lat'>629</span> 
     </span>
    </p>
   </div>
   <div class='ocr_carea' id='block_1_2' title="bbox 295 525 2473 3397">
    <p class='ocr_par' dir='ltr' id='par_1_2' title="bbox 299 525 2414 836">
     <span class='ocr_line' id='line_1_2' title="bbox 299 525 2407 596; baseline -0.005 -15"><span class='ocrx_word' id='word_1_5' title='bbox 299 547 407 596; x_wconf 88' lang='lat' dir='ltr'>quae</span> <span class='ocrx_word' id='word_1_6' title='bbox 427 532 489 579; x_wconf 88' lang='lat' dir='ltr'>de</span> <span class='ocrx_word' id='word_1_7' title='bbox 510 532 695 580; x_wconf 91' lang='lat' dir='ltr'>mundo</span> <span class='ocrx_word' id='word_1_8' title='bbox 716 541 828 579; x_wconf 91' lang='lat' dir='ltr'>sunt</span> <span class='ocrx_word' id='word_1_9' title='bbox 848 530 1072 579; x_wconf 86' lang='lat' dir='ltr'>efficeret.</span> <span class='ocrx_word' id='word_1_10' title='bbox 1099 532 1207 577; x_wconf 92' lang='lat' dir='ltr'>Non</span> <span class='ocrx_word' id='word_1_11' title='bbox 1229 529 1360 576; x_wconf 90' lang='lat' dir='ltr'>enim</span> <span class='ocrx_word' id='word_1_12' title='bbox 1384 529 1564 592; x_wconf 88' lang='lat' dir='ltr'>angeli,</span> <span class='ocrx_word' id='word_1_13' title='bbox 1591 545 1743 593; x_wconf 83' lang='lat' dir='ltr'>quum</span> <span class='ocrx_word' id='word_1_14' title='bbox 1769 528 2064 591; x_wconf 79' lang='lat' dir='ltr'>incorporeae</span> <span class='ocrx_word' id='word_1_15' title='bbox 2085 525 2180 572; x_wconf 89' lang='lat' dir='ltr'>sint</span> <span class='ocrx_word' id='word_1_16' title='bbox 2201 534 2381 571; x_wconf 83' lang='lat' dir='ltr'>naturae</span> <span class='ocrx_word' id='word_1_17' title='bbox 2396 560 2407 579; x_wconf 84' lang='lat'><strong>‚</strong></span> 
     </span>
     <span class='ocr_line' id='line_1_3' title="bbox 302 603 2411 674; baseline -0.004 -17"><span class='ocrx_word' id='word_1_18' title='bbox 302 612 426 658; x_wconf 89' lang='lat' dir='ltr'>inter</span> <span class='ocrx_word' id='word_1_19' title='bbox 466 612 733 659; x_wconf 85' lang='lat' dir='ltr'>mundanas</span> <span class='ocrx_word' id='word_1_20' title='bbox 785 620 1023 658; x_wconf 89' lang='lat' dir='ltr'>creaturas</span> <span class='ocrx_word' id='word_1_21' title='bbox 1063 608 1559 674; x_wconf 81' lang='lat' dir='ltr'>comprehenduntur,</span> <span class='ocrx_word' id='word_1_22' title='bbox 1597 609 1720 654; x_wconf 90' lang='lat' dir='ltr'>sicut</span> <span class='ocrx_word' id='word_1_23' title='bbox 1756 606 2003 664; x_wconf 91' lang='lat' dir='ltr'>homines,</span> <span class='ocrx_word' id='word_1_24' title='bbox 2047 604 2109 651; x_wconf 90' lang='lat' dir='ltr'>de</span> <span class='ocrx_word' id='word_1_25' title='bbox 2145 603 2319 668; x_wconf 89' lang='lat' dir='ltr'>quibus</span> <span class='ocrx_word' id='word_1_26' title='bbox 2362 604 2411 649; x_wconf 90' lang='lat' dir='ltr'>in</span> 
     </span>
     <span class='ocr_line' id='line_1_4' title="bbox 303 676 2414 757; baseline -0.005 -19"><span class='ocrx_word' id='word_1_27' title='bbox 303 693 362 738; x_wconf 89' lang='lat'>111</span> <span class='ocrx_word' id='word_1_28' title='bbox 391 694 547 756; x_wconf 83' lang='lat' dir='ltr'>Topic.</span> <span class='ocrx_word' id='word_1_29' title='bbox 578 691 894 757; x_wconf 91' lang='lat' dir='ltr'>philosophus</span> <span class='ocrx_word' id='word_1_30' title='bbox 921 690 1156 738; x_wconf 89' lang='lat' dir='ltr'><strong>meminit.</strong></span> <span class='ocrx_word' id='word_1_31' title='bbox 1186 686 1217 734; x_wconf 60' lang='lat' dir='ltr'>«v</span> <span class='ocrx_word' id='word_1_32' title='bbox 1227 676 1460 746; x_wconf 87' lang='lat' dir='ltr'>Mundus,</span> <span class='ocrx_word' id='word_1_33' title='bbox 1481 706 1504 731; x_wconf 89' lang='lat'>»</span> <span class='ocrx_word' id='word_1_34' title='bbox 1536 687 1714 751; x_wconf 91' lang='lat' dir='ltr'>inquit,</span> <span class='ocrx_word' id='word_1_35' title='bbox 1749 705 1772 731; x_wconf 88' lang='lat'><strong><em>«</em></strong></span> <span class='ocrx_word' id='word_1_36' title='bbox 1791 685 2093 751; x_wconf 87' lang='lat' dir='ltr'>providentia</span> <span class='ocrx_word' id='word_1_37' title='bbox 2114 684 2310 747; x_wconf 86' lang='lat' dir='ltr'>regitur,</span> <span class='ocrx_word' id='word_1_38' title='bbox 2331 683 2414 729; x_wconf 90' lang='lat' dir='ltr'>ho·</span> 
     </span>
     <span class='ocr_line' id='line_1_5' title="bbox 303 767 2267 836; baseline -0.004 -17"><span class='ocrx_word' id='word_1_39' title='bbox 303 771 456 819; x_wconf 90' lang='lat' dir='ltr'>mines</span> <span class='ocrx_word' id='word_1_40' title='bbox 479 782 638 819; x_wconf 89' lang='lat' dir='ltr'>autem</span> <span class='ocrx_word' id='word_1_41' title='bbox 659 788 770 836; x_wconf 88' lang='lat' dir='ltr'>pars</span> <span class='ocrx_word' id='word_1_42' title='bbox 791 771 1121 830; x_wconf 14' lang='lat' dir='ltr'>mundiqsunt3</span> <span class='ocrx_word' id='word_1_43' title='bbox 1146 768 1369 816; x_wconf 82' lang='lat' dir='ltr'>humanae</span> <span class='ocrx_word' id='word_1_44' title='bbox 1389 768 1533 832; x_wconf 87' lang='lat' dir='ltr'>igitur</span> <span class='ocrx_word' id='word_1_45' title='bbox 1554 784 1629 814; x_wconf 90' lang='lat' dir='ltr'>res</span> <span class='ocrx_word' id='word_1_46' title='bbox 1649 767 1952 832; x_wconf 89' lang='lat' dir='ltr'>providentia</span> <span class='ocrx_word' id='word_1_47' title='bbox 1973 775 2219 829; x_wconf 88' lang='lat' dir='ltr'>reguntur.</span> <span class='ocrx_word' id='word_1_48' title='bbox 2243 783 2267 809; x_wconf 91' lang='lat'>»</span> 
     </span>
    </p>

    <p class='ocr_par' dir='ltr' id='par_1_3' title="bbox 300 846 2418 1235">
     <span class='ocr_line' id='line_1_6' title="bbox 369 846 2415 915; baseline -0.002 -19"><span class='ocrx_word' id='word_1_49' title='bbox 369 853 529 898; x_wconf 85' lang='lat' dir='ltr'>Potest</span> <span class='ocrx_word' id='word_1_50' title='bbox 549 851 693 898; x_wconf 88' lang='lat' dir='ltr'>etiam</span> <span class='ocrx_word' id='word_1_51' title='bbox 713 851 781 898; x_wconf 90' lang='lat' dir='ltr'>sic</span> <span class='ocrx_word' id='word_1_52' title='bbox 802 850 1021 914; x_wconf 81' lang='lat' dir='ltr'>intelligi,</span> <span class='ocrx_word' id='word_1_53' title='bbox 1051 869 1075 895; x_wconf 89' lang='lat'>«</span> <span class='ocrx_word' id='word_1_54' title='bbox 1096 850 1146 896; x_wconf 92' lang='lat' dir='ltr'>in</span> <span class='ocrx_word' id='word_1_55' title='bbox 1169 849 1408 915; x_wconf 90' lang='lat' dir='ltr'>principio</span> <span class='ocrx_word' id='word_1_56' title='bbox 1431 847 1609 895; x_wconf 88' lang='lat' dir='ltr'>creavit</span> <span class='ocrx_word' id='word_1_57' title='bbox 1630 866 1652 891; x_wconf 85' lang='lat'>»</span> <span class='ocrx_word' id='word_1_58' title='bbox 1674 847 1798 906; x_wconf 60' lang='lat' dir='ltr'>haee,</span> <span class='ocrx_word' id='word_1_59' title='bbox 1820 863 1876 893; x_wconf 88' lang='lat' dir='ltr'>ac</span> <span class='ocrx_word' id='word_1_60' title='bbox 1897 846 1937 892; x_wconf 94' lang='lat' dir='ltr'>si</span> <span class='ocrx_word' id='word_1_61' title='bbox 1959 846 2213 904; x_wconf 82' lang='lat' dir='ltr'>diceretur,</span> <span class='ocrx_word' id='word_1_62' title='bbox 2238 855 2291 891; x_wconf 92' lang='lat' dir='ltr'>ut</span> <span class='ocrx_word' id='word_1_63' title='bbox 2312 846 2415 909; x_wconf 89' lang='lat' dir='ltr'>ipsa</span> 
     </span>
     <span class='ocr_line' id='line_1_7' title="bbox 301 925 2416 995; baseline -0.003 -18"><span class='ocrx_word' id='word_1_64' title='bbox 301 945 413 993; x_wconf 84' lang='lat' dir='ltr'>quae·</span> <span class='ocrx_word' id='word_1_65' title='bbox 427 930 632 978; x_wconf 81' lang='lat' dir='ltr'>diximus</span> <span class='ocrx_word' id='word_1_66' title='bbox 653 930 889 978; x_wconf 87' lang='lat' dir='ltr'>elementa</span> <span class='ocrx_word' id='word_1_67' title='bbox 905 967 917 989; x_wconf 92' lang='lat'>‚</span> <span class='ocrx_word' id='word_1_68' title='bbox 943 940 1224 977; x_wconf 79' lang='lat' dir='ltr'>caeterorum</span> <span class='ocrx_word' id='word_1_69' title='bbox 1245 945 1505 995; x_wconf 90' lang='lat' dir='ltr'>corporum</span> <span class='ocrx_word' id='word_1_70' title='bbox 1528 944 1585 974; x_wconf 85' lang='lat' dir='ltr'>ex</span> <span class='ocrx_word' id='word_1_71' title='bbox 1607 928 1673 974; x_wconf 92' lang='lat' dir='ltr'>eis</span> <span class='ocrx_word' id='word_1_72' title='bbox 1695 925 2109 974; x_wconf 89' lang='lat' dir='ltr'>conficiendorum</span> <span class='ocrx_word' id='word_1_73' title='bbox 2136 925 2416 990; x_wconf 91' lang='lat' dir='ltr'>primordia·</span> 
     </span>
     <span class='ocr_line' id='line_1_8' title="bbox 300 996 2416 1072; baseline -0.003 -15"><span class='ocrx_word' id='word_1_74' title='bbox 300 1009 407 1058; x_wconf 90' lang='lat' dir='ltr'>liter</span> <span class='ocrx_word' id='word_1_75' title='bbox 439 1021 596 1059; x_wconf 89' lang='lat' dir='ltr'>essent</span> <span class='ocrx_word' id='word_1_76' title='bbox 622 1027 782 1059; x_wconf 88' lang='lat' dir='ltr'>causa.</span> <span class='ocrx_word' id='word_1_77' title='bbox 809 1010 948 1058; x_wconf 91' lang='lat' dir='ltr'>Unde</span> <span class='ocrx_word' id='word_1_78' title='bbox 976 1020 1024 1057; x_wconf 91' lang='lat' dir='ltr'>et</span> <span class='ocrx_word' id='word_1_79' title='bbox 1057 996 1181 1058; x_wconf 84' lang='lat' dir='ltr'>bene</span> <span class='ocrx_word' id='word_1_80' title='bbox 1211 1009 1448 1057; x_wconf 87' lang='lat' dir='ltr'>elementa</span> <span class='ocrx_word' id='word_1_81' title='bbox 1477 1008 1613 1072; x_wconf 89' lang='lat' dir='ltr'>quasi</span> <span class='ocrx_word' id='word_1_82' title='bbox 1641 1007 1867 1055; x_wconf 87' lang='lat' dir='ltr'>alimenta</span> <span class='ocrx_word' id='word_1_83' title='bbox 1895 1006 2023 1053; x_wconf 91' lang='lat' dir='ltr'>dicta</span> <span class='ocrx_word' id='word_1_84' title='bbox 2044 1015 2177 1064; x_wconf 89' lang='lat' dir='ltr'>sunt,</span> <span class='ocrx_word' id='word_1_85' title='bbox 2203 1005 2337 1068; x_wconf 88' lang='lat' dir='ltr'>quod</span> <span class='ocrx_word' id='word_1_86' title='bbox 2359 1022 2416 1052; x_wconf 85' lang='lat' dir='ltr'>ex</span> 
     </span>
     <span class='ocr_line' id='line_1_9' title="bbox 300 1084 2418 1153; baseline -0.003 -16"><span class='ocrx_word' id='word_1_87' title='bbox 300 1089 374 1137; x_wconf 48' lang='lat' dir='ltr'>eis.</span> <span class='ocrx_word' id='word_1_88' title='bbox 389 1100 557 1139; x_wconf 78' lang='lat' dir='ltr'>caetera</span> <span class='ocrx_word' id='word_1_89' title='bbox 576 1108 717 1139; x_wconf 89' lang='lat' dir='ltr'>suum</span> <span class='ocrx_word' id='word_1_90' title='bbox 745 1107 846 1138; x_wconf 89' lang='lat' dir='ltr'>esse</span> <span class='ocrx_word' id='word_1_91' title='bbox 875 1089 1069 1137; x_wconf 90' lang='lat' dir='ltr'>trahant</span> <span class='ocrx_word' id='word_1_92' title='bbox 1095 1108 1104 1136; x_wconf 91' lang='lat'>:</span> <span class='ocrx_word' id='word_1_93' title='bbox 1132 1090 1255 1137; x_wconf 89' lang='lat' dir='ltr'>sicut</span> <span class='ocrx_word' id='word_1_94' title='bbox 1281 1098 1329 1137; x_wconf 91' lang='lat' dir='ltr'>et</span> <span class='ocrx_word' id='word_1_95' title='bbox 1357 1104 1669 1153; x_wconf 85' lang='lat' dir='ltr'>quaecumque</span> <span class='ocrx_word' id='word_1_96' title='bbox 1703 1086 1963 1134; x_wconf 83' lang='lat' dir='ltr'>animantia</span> <span class='ocrx_word' id='word_1_97' title='bbox 1994 1102 2080 1150; x_wconf 92' lang='lat' dir='ltr'>per</span> <span class='ocrx_word' id='word_1_98' title='bbox 2115 1084 2339 1132; x_wconf 89' lang='lat' dir='ltr'>alimenta</span> <span class='ocrx_word' id='word_1_99' title='bbox 2358 1086 2418 1131; x_wconf 87' lang='lat' dir='ltr'>ci-</span> 
     </span>
     <span class='ocr_line' id='line_1_10' title="bbox 301 1169 1318 1235; baseline -0.002 -17"><span class='ocrx_word' id='word_1_100' title='bbox 301 1171 478 1219; x_wconf 87' lang='lat' dir='ltr'>borum</span> <span class='ocrx_word' id='word_1_101' title='bbox 497 1172 657 1219; x_wconf 89' lang='lat' dir='ltr'>vivere</span> <span class='ocrx_word' id='word_1_102' title='bbox 679 1171 862 1219; x_wconf 88' lang='lat' dir='ltr'>habent</span> <span class='ocrx_word' id='word_1_103' title='bbox 883 1181 1027 1235; x_wconf 90' lang='lat' dir='ltr'>atque</span> <span class='ocrx_word' id='word_1_104' title='bbox 1046 1169 1318 1218; x_wconf 88' lang='lat' dir='ltr'>subsistere.</span> 
     </span>
    </p>

    <p class='ocr_par' dir='ltr' id='par_1_4' title="bbox 295 1247 2473 1940">
     <span class='ocr_line' id='line_1_11' title="bbox 365 1247 2414 1312; baseline -0.005 -12"><span class='ocrx_word' id='word_1_105' title='bbox 365 1254 492 1299; x_wconf 87' lang='lat' dir='ltr'>Bene</span> <span class='ocrx_word' id='word_1_106' title='bbox 514 1262 676 1300; x_wconf 87' lang='lat' dir='ltr'>autem</span> <span class='ocrx_word' id='word_1_107' title='bbox 697 1251 759 1298; x_wconf 91' lang='lat' dir='ltr'>de</span> <span class='ocrx_word' id='word_1_108' title='bbox 781 1250 1027 1299; x_wconf 91' lang='lat' dir='ltr'>elementis</span> <span class='ocrx_word' id='word_1_109' title='bbox 1050 1250 1234 1296; x_wconf 91' lang='lat' dir='ltr'>dictum</span> <span class='ocrx_word' id='word_1_110' title='bbox 1263 1259 1360 1308; x_wconf 90' lang='lat' dir='ltr'>est,</span> <span class='ocrx_word' id='word_1_111' title='bbox 1390 1268 1414 1294; x_wconf 93' lang='lat'>«</span> <span class='ocrx_word' id='word_1_112' title='bbox 1434 1249 1636 1307; x_wconf 89' lang='lat' dir='ltr'>creavit,</span> <span class='ocrx_word' id='word_1_113' title='bbox 1663 1266 1688 1291; x_wconf 89' lang='lat'><strong><em>»</em></strong></span> <span class='ocrx_word' id='word_1_114' title='bbox 1713 1248 1872 1312; x_wconf 90' lang='lat' dir='ltr'>potius</span> <span class='ocrx_word' id='word_1_115' title='bbox 1894 1264 2040 1311; x_wconf 91' lang='lat' dir='ltr'>quam</span> <span class='ocrx_word' id='word_1_116' title='bbox 2067 1266 2091 1291; x_wconf 71' lang='grc' dir='ltr'>ι(</span> <span class='ocrx_word' id='word_1_117' title='bbox 2116 1247 2361 1303; x_wconf 81' lang='lat' dir='ltr'>formavit3</span> <span class='ocrx_word' id='word_1_118' title='bbox 2393 1264 2414 1289; x_wconf 95' lang='lat'>»</span> 
     </span>
     <span class='ocr_line' id='line_1_12' title="bbox 301 1319 2420 1397; baseline -0.003 -18"><span class='ocrx_word' id='word_1_119' title='bbox 301 1332 415 1396; x_wconf 91' lang='lat' dir='ltr'>quia</span> <span class='ocrx_word' id='word_1_120' title='bbox 435 1333 586 1379; x_wconf 88' lang='lat' dir='ltr'>creari</span> <span class='ocrx_word' id='word_1_121' title='bbox 612 1332 807 1397; x_wconf 90' lang='lat' dir='ltr'>proprie</span> <span class='ocrx_word' id='word_1_122' title='bbox 829 1331 881 1378; x_wconf 89' lang='lat' dir='ltr'>id</span> <span class='ocrx_word' id='word_1_123' title='bbox 902 1330 1093 1388; x_wconf 92' lang='lat' dir='ltr'>dicitur,</span> <span class='ocrx_word' id='word_1_124' title='bbox 1119 1329 1254 1393; x_wconf 94' lang='lat' dir='ltr'>quod</span> <span class='ocrx_word' id='word_1_125' title='bbox 1276 1329 1337 1377; x_wconf 85' lang='lat' dir='ltr'>de</span> <span class='ocrx_word' id='word_1_126' title='bbox 1354 1346 1463 1385; x_wconf 42' lang='lat' dir='ltr'>‚non</span> <span class='ocrx_word' id='word_1_127' title='bbox 1485 1346 1588 1375; x_wconf 89' lang='lat' dir='ltr'>esse</span> <span class='ocrx_word' id='word_1_128' title='bbox 1609 1329 1676 1375; x_wconf 89' lang='lat' dir='ltr'>ita</span> <span class='ocrx_word' id='word_1_129' title='bbox 1698 1328 1761 1375; x_wconf 90' lang='lat' dir='ltr'>ad</span> <span class='ocrx_word' id='word_1_130' title='bbox 1782 1345 1884 1375; x_wconf 90' lang='lat' dir='ltr'>esse</span> <span class='ocrx_word' id='word_1_131' title='bbox 1906 1319 2285 1392; x_wconf 79' lang='lat' dir='ltr'>producimr,.ut</span> <span class='ocrx_word' id='word_1_132' title='bbox 2306 1343 2420 1390; x_wconf 82' lang='lat' dir='ltr'>prae·</span> 
     </span>
     <span class='ocr_line' id='line_1_13' title="bbox 295 1408 2415 1476; baseline -0.003 -16"><span class='ocrx_word' id='word_1_133' title='bbox 295 1413 535 1476; x_wconf 86' lang='lat' dir='ltr'>jacentem</span> <span class='ocrx_word' id='word_1_134' title='bbox 559 1429 659 1460; x_wconf 91' lang='lat' dir='ltr'>non</span> <span class='ocrx_word' id='word_1_135' title='bbox 682 1412 858 1460; x_wconf 89' lang='lat' dir='ltr'>habeat</span> <span class='ocrx_word' id='word_1_136' title='bbox 879 1411 1146 1469; x_wconf 86' lang='lat' dir='ltr'>materiam,</span> <span class='ocrx_word' id='word_1_137' title='bbox 1168 1426 1258 1458; x_wconf 90' lang='lat' dir='ltr'>nec</span> <span class='ocrx_word' id='word_1_138' title='bbox 1273 1411 1324 1456; x_wconf 93' lang='lat' dir='ltr'>in</span> <span class='ocrx_word' id='word_1_139' title='bbox 1348 1409 1509 1473; x_wconf 83' lang='lat' dir='ltr'>aliquo</span> <span class='ocrx_word' id='word_1_140' title='bbox 1531 1410 1751 1474; x_wconf 89' lang='lat' dir='ltr'>primitus</span> <span class='ocrx_word' id='word_1_141' title='bbox 1772 1408 2048 1456; x_wconf 85' lang='lat' dir='ltr'>subsisteret</span> <span class='ocrx_word' id='word_1_142' title='bbox 2070 1418 2250 1460; x_wconf 87' lang='lat' dir='ltr'>naturae</span> <span class='ocrx_word' id='word_1_143' title='bbox 2273 1417 2415 1455; x_wconf 89' lang='lat' dir='ltr'>statu.</span> 
     </span>
     <span class='ocr_line' id='line_1_14' title="bbox 301 1486 2473 1556; baseline -0.003 -17"><span class='ocrx_word' id='word_1_144' title='bbox 301 1493 464 1550; x_wconf 91' lang='lat' dir='ltr'>Quum</span> <span class='ocrx_word' id='word_1_145' title='bbox 485 1501 646 1539; x_wconf 90' lang='lat' dir='ltr'>autem</span> <span class='ocrx_word' id='word_1_146' title='bbox 664 1490 726 1539; x_wconf 90' lang='lat' dir='ltr'>de</span> <span class='ocrx_word' id='word_1_147' title='bbox 747 1492 850 1556; x_wconf 90' lang='lat' dir='ltr'>ipsa</span> <span class='ocrx_word' id='word_1_148' title='bbox 858 1491 959 1555; x_wconf 87' lang='lat' dir='ltr'>jam</span> <span class='ocrx_word' id='word_1_149' title='bbox 980 1490 1180 1538; x_wconf 89' lang='lat' dir='ltr'>materia</span> <span class='ocrx_word' id='word_1_150' title='bbox 1200 1498 1464 1554; x_wconf 80' lang='lat' dir='ltr'>praeparata</span> <span class='ocrx_word' id='word_1_151' title='bbox 1482 1488 1790 1552; x_wconf 87' lang='lat' dir='ltr'>adjunctione</span> <span class='ocrx_word' id='word_1_152' title='bbox 1813 1487 1978 1534; x_wconf 83' lang='lat' dir='ltr'>formae</span> <span class='ocrx_word' id='word_1_153' title='bbox 1992 1486 2172 1551; x_wconf 91' lang='lat' dir='ltr'>aliquid</span> <span class='ocrx_word' id='word_1_154' title='bbox 2190 1488 2250 1534; x_wconf 91' lang='lat' dir='ltr'>sit</span> <span class='ocrx_word' id='word_1_155' title='bbox 2262 1524 2273 1546; x_wconf 92' lang='lat'>,</span> <span class='ocrx_word' id='word_1_156' title='bbox 2292 1496 2419 1533; x_wconf 90' lang='lat' dir='ltr'>recte</span> <span class='ocrx_word' id='word_1_157' title='bbox 2471 1519 2473 1521; x_wconf 82' lang='lat'>·</span> 
     </span>
     <span class='ocr_line' id='line_1_15' title="bbox 301 1567 2420 1632; baseline -0.003 -14"><span class='ocrx_word' id='word_1_158' title='bbox 301 1570 419 1618; x_wconf 88' lang='lat' dir='ltr'>illud</span> <span class='ocrx_word' id='word_1_159' title='bbox 441 1570 638 1618; x_wconf 86' lang='lat' dir='ltr'>formari</span> <span class='ocrx_word' id='word_1_160' title='bbox 660 1571 835 1618; x_wconf 91' lang='lat' dir='ltr'>dicitur</span> <span class='ocrx_word' id='word_1_161' title='bbox 858 1587 869 1616; x_wconf 77' lang='lat' dir='ltr'><strong><em>z</em></strong></span> <span class='ocrx_word' id='word_1_162' title='bbox 890 1570 1013 1617; x_wconf 90' lang='lat' dir='ltr'>sicut</span> <span class='ocrx_word' id='word_1_163' title='bbox 1033 1579 1104 1617; x_wconf 89' lang='lat' dir='ltr'>est</span> <span class='ocrx_word' id='word_1_164' title='bbox 1127 1568 1246 1616; x_wconf 89' lang='lat' dir='ltr'>illud</span> <span class='ocrx_word' id='word_1_165' title='bbox 1273 1567 1407 1632; x_wconf 92' lang='lat' dir='ltr'>quod</span> <span class='ocrx_word' id='word_1_166' title='bbox 1434 1568 1485 1615; x_wconf 92' lang='lat' dir='ltr'>in</span> <span class='ocrx_word' id='word_1_167' title='bbox 1513 1567 1823 1632; x_wconf 90' lang='lat' dir='ltr'>sequentibus</span> <span class='ocrx_word' id='word_1_168' title='bbox 1844 1567 2068 1632; x_wconf 79' lang='lat' dir='ltr'>ponitur¹</span> <span class='ocrx_word' id='word_1_169' title='bbox 2095 1584 2106 1613; x_wconf 70' lang='grc' dir='ltr'><em>ε</em></span> <span class='ocrx_word' id='word_1_170' title='bbox 2136 1585 2159 1611; x_wconf 94' lang='lat'>«</span> <span class='ocrx_word' id='word_1_171' title='bbox 2179 1569 2214 1612; x_wconf 93' lang='lat' dir='ltr'><strong>F</strong></span> <span class='ocrx_word' id='word_1_172' title='bbox 2215 1567 2420 1613; x_wconf 90' lang='lat' dir='ltr'>ormavit</span> 
     </span>
     <span class='ocr_line' id='line_1_16' title="bbox 301 1649 2421 1716; baseline -0.002 -17"><span class='ocrx_word' id='word_1_173' title='bbox 301 1652 444 1716; x_wconf 84' lang='lat' dir='ltr'>igitur</span> <span class='ocrx_word' id='word_1_174' title='bbox 464 1652 713 1700; x_wconf 90' lang='lat' dir='ltr'>hominem</span> <span class='ocrx_word' id='word_1_175' title='bbox 735 1651 796 1699; x_wconf 90' lang='lat' dir='ltr'>de</span> <span class='ocrx_word' id='word_1_176' title='bbox 818 1650 934 1698; x_wconf 91' lang='lat' dir='ltr'>limo</span> <span class='ocrx_word' id='word_1_177' title='bbox 957 1660 1110 1698; x_wconf 89' lang='lat' dir='ltr'>terrae.</span> <span class='ocrx_word' id='word_1_178' title='bbox 1132 1669 1156 1695; x_wconf 90' lang='lat'>»</span> <span class='ocrx_word' id='word_1_179' title='bbox 1182 1652 1241 1697; x_wconf 93' lang='lat' dir='ltr'>Et</span> <span class='ocrx_word' id='word_1_180' title='bbox 1262 1650 1437 1697; x_wconf 92' lang='lat' dir='ltr'>iterum</span> <span class='ocrx_word' id='word_1_181' title='bbox 1452 1652 1498 1696; x_wconf 82' lang='lat'>¹:</span> <span class='ocrx_word' id='word_1_182' title='bbox 1522 1669 1546 1695; x_wconf 76' lang='grc' dir='ltr'><strong><em>κ</em></strong></span> <span class='ocrx_word' id='word_1_183' title='bbox 1563 1652 1599 1696; x_wconf 93' lang='lat' dir='ltr'><strong>F</strong></span> <span class='ocrx_word' id='word_1_184' title='bbox 1600 1650 1798 1698; x_wconf 89' lang='lat' dir='ltr'>ormatis</span> <span class='ocrx_word' id='word_1_185' title='bbox 1819 1650 1962 1713; x_wconf 87' lang='lat' dir='ltr'>igitur</span> <span class='ocrx_word' id='word_1_186' title='bbox 1983 1649 2044 1696; x_wconf 87' lang='lat' dir='ltr'>de</span> <span class='ocrx_word' id='word_1_187' title='bbox 2065 1649 2216 1696; x_wconf 92' lang='lat' dir='ltr'>humo</span> <span class='ocrx_word' id='word_1_188' title='bbox 2238 1649 2421 1696; x_wconf 91' lang='lat' dir='ltr'>cunctis</span> 
     </span>
     <span class='ocr_line' id='line_1_17' title="bbox 301 1728 2421 1794; baseline -0.001 -16"><span class='ocrx_word' id='word_1_189' title='bbox 301 1730 624 1779; x_wconf 87' lang='lat' dir='ltr'>animantibus</span> <span class='ocrx_word' id='word_1_190' title='bbox 639 1741 792 1778; x_wconf 78' lang='lat' dir='ltr'>terrae.</span> <span class='ocrx_word' id='word_1_191' title='bbox 808 1748 831 1775; x_wconf 89' lang='lat'>»</span> <span class='ocrx_word' id='word_1_192' title='bbox 850 1733 1012 1788; x_wconf 91' lang='lat' dir='ltr'>Quum</span> <span class='ocrx_word' id='word_1_193' title='bbox 1033 1731 1165 1777; x_wconf 91' lang='lat' dir='ltr'>enim</span> <span class='ocrx_word' id='word_1_194' title='bbox 1185 1729 1441 1794; x_wconf 86' lang='lat' dir='ltr'>praejacens</span> <span class='ocrx_word' id='word_1_195' title='bbox 1461 1729 1662 1777; x_wconf 90' lang='lat' dir='ltr'>materia</span> <span class='ocrx_word' id='word_1_196' title='bbox 1682 1728 1956 1788; x_wconf 89' lang='lat' dir='ltr'>denotatur,</span> <span class='ocrx_word' id='word_1_197' title='bbox 1975 1728 2121 1776; x_wconf 90' lang='lat' dir='ltr'>veluti</span> <span class='ocrx_word' id='word_1_198' title='bbox 2137 1746 2288 1793; x_wconf 90' lang='lat' dir='ltr'>quum</span> <span class='ocrx_word' id='word_1_199' title='bbox 2308 1744 2421 1793; x_wconf 85' lang='lat' dir='ltr'>prae·</span> 
     </span>
     <span class='ocr_line' id='line_1_18' title="bbox 302 1808 2421 1876; baseline -0.001 -19"><span class='ocrx_word' id='word_1_200' title='bbox 302 1810 504 1857; x_wconf 88' lang='lat' dir='ltr'>mittitur</span> <span class='ocrx_word' id='word_1_201' title='bbox 525 1810 587 1858; x_wconf 92' lang='lat' dir='ltr'>de</span> <span class='ocrx_word' id='word_1_202' title='bbox 608 1811 759 1859; x_wconf 91' lang='lat' dir='ltr'>humo</span> <span class='ocrx_word' id='word_1_203' title='bbox 781 1810 1012 1876; x_wconf 90' lang='lat' dir='ltr'>quoniam</span> <span class='ocrx_word' id='word_1_204' title='bbox 1034 1810 1084 1857; x_wconf 90' lang='lat' dir='ltr'>in</span> <span class='ocrx_word' id='word_1_205' title='bbox 1106 1809 1317 1874; x_wconf 88' lang='lat' dir='ltr'>speciem</span> <span class='ocrx_word' id='word_1_206' title='bbox 1343 1808 1552 1874; x_wconf 86' lang='lat' dir='ltr'>aliquem</span> <span class='ocrx_word' id='word_1_207' title='bbox 1575 1808 1881 1868; x_wconf 84' lang='lat' dir='ltr'>formaretur,</span> <span class='ocrx_word' id='word_1_208' title='bbox 1906 1817 2022 1856; x_wconf 91' lang='lat' dir='ltr'>tunc</span> <span class='ocrx_word' id='word_1_209' title='bbox 2046 1809 2306 1857; x_wconf 89' lang='lat' dir='ltr'>rectissime</span> <span class='ocrx_word' id='word_1_210' title='bbox 2330 1808 2421 1855; x_wconf 82' lang='lat' dir='ltr'>for·</span> 
     </span>
     <span class='ocr_line' id='line_1_19' title="bbox 301 1880 1165 1940; baseline 0.003 -1"><span class='ocrx_word' id='word_1_211' title='bbox 301 1891 423 1939; x_wconf 86' lang='lat' dir='ltr'>mari</span> <span class='ocrx_word' id='word_1_212' title='bbox 444 1890 635 1940; x_wconf 88' lang='lat' dir='ltr'>dicitur.</span> <span class='ocrx_word' id='word_1_213' title='bbox 1017 1880 1023 1885; x_wconf 45' lang='lat'>.</span> <span class='ocrx_word' id='word_1_214' title='bbox 1162 1909 1165 1911; x_wconf 84' lang='grc'><em>·</em></span> 
     </span>
    </p>

    <p class='ocr_par' dir='ltr' id='par_1_5' title="bbox 300 1971 2425 3397">
     <span class='ocr_line' id='line_1_20' title="bbox 370 1971 2421 2032; baseline 0 -14"><span class='ocrx_word' id='word_1_215' title='bbox 370 1975 559 2020; x_wconf 88' lang='lat' dir='ltr'>«Terra</span> <span class='ocrx_word' id='word_1_216' title='bbox 589 1983 749 2021; x_wconf 89' lang='lat' dir='ltr'>autem</span> <span class='ocrx_word' id='word_1_217' title='bbox 782 1983 885 2023; x_wconf 88' lang='lat' dir='ltr'>erat</span> <span class='ocrx_word' id='word_1_218' title='bbox 908 1973 1065 2022; x_wconf 88' lang='lat' dir='ltr'>inanis</span> <span class='ocrx_word' id='word_1_219' title='bbox 1098 1983 1147 2021; x_wconf 89' lang='lat' dir='ltr'>et</span> <span class='ocrx_word' id='word_1_220' title='bbox 1179 1988 1348 2022; x_wconf 87' lang='lat' dir='ltr'>vacua.</span> <span class='ocrx_word' id='word_1_221' title='bbox 1367 1992 1391 2019; x_wconf 88' lang='lat'>»</span> <span class='ocrx_word' id='word_1_222' title='bbox 1417 1972 1661 2032; x_wconf 86' lang='lat' dir='ltr'>Quoniam</span> <span class='ocrx_word' id='word_1_223' title='bbox 1696 1972 1758 2021; x_wconf 90' lang='lat' dir='ltr'>ad</span> <span class='ocrx_word' id='word_1_224' title='bbox 1792 1972 2002 2021; x_wconf 89' lang='lat' dir='ltr'>hominis</span> <span class='ocrx_word' id='word_1_225' title='bbox 2039 1972 2332 2019; x_wconf 88' lang='lat' dir='ltr'>creationem</span> <span class='ocrx_word' id='word_1_226' title='bbox 2360 1971 2421 2019; x_wconf 92' lang='lat' dir='ltr'>de</span> 
     </span>
     <span class='ocr_line' id='line_1_21' title="bbox 302 2053 2421 2120; baseline 0 -20"><span class='ocrx_word' id='word_1_227' title='bbox 302 2063 429 2101; x_wconf 89' lang='lat' dir='ltr'>terra</span> <span class='ocrx_word' id='word_1_228' title='bbox 454 2053 697 2102; x_wconf 86' lang='lat' dir='ltr'>formandi</span> <span class='ocrx_word' id='word_1_229' title='bbox 728 2064 776 2102; x_wconf 91' lang='lat' dir='ltr'>et</span> <span class='ocrx_word' id='word_1_230' title='bbox 807 2055 856 2102; x_wconf 90' lang='lat' dir='ltr'>in</span> <span class='ocrx_word' id='word_1_231' title='bbox 885 2064 1013 2102; x_wconf 90' lang='lat' dir='ltr'>terra</span> <span class='ocrx_word' id='word_1_232' title='bbox 1047 2055 1377 2103; x_wconf 89' lang='lat' dir='ltr'>conversaturi</span> <span class='ocrx_word' id='word_1_233' title='bbox 1409 2054 1675 2120; x_wconf 86' lang='lat' dir='ltr'>specialiter</span> <span class='ocrx_word' id='word_1_234' title='bbox 1709 2055 1797 2102; x_wconf 90' lang='lat' dir='ltr'>iste</span> <span class='ocrx_word' id='word_1_235' title='bbox 1824 2063 2007 2120; x_wconf 89' lang='lat' dir='ltr'>spectat</span> <span class='ocrx_word' id='word_1_236' title='bbox 2041 2063 2268 2101; x_wconf 88' lang='lat' dir='ltr'>tractatus</span> <span class='ocrx_word' id='word_1_237' title='bbox 2285 2090 2297 2112; x_wconf 92' lang='lat'>,</span> <span class='ocrx_word' id='word_1_238' title='bbox 2323 2070 2421 2117; x_wconf 92' lang='lat' dir='ltr'>quo</span> 
     </span>
     <span class='ocr_line' id='line_1_22' title="bbox 302 2132 2422 2198; baseline 0 -18"><span class='ocrx_word' id='word_1_239' title='bbox 302 2132 563 2198; x_wconf 88' lang='lat' dir='ltr'>propheta,</span> <span class='ocrx_word' id='word_1_240' title='bbox 590 2144 644 2182; x_wconf 92' lang='lat' dir='ltr'>ut</span> <span class='ocrx_word' id='word_1_241' title='bbox 665 2133 893 2195; x_wconf 83' lang='lat' dir='ltr'>diximus,</span> <span class='ocrx_word' id='word_1_242' title='bbox 920 2135 983 2183; x_wconf 90' lang='lat' dir='ltr'>ad</span> <span class='ocrx_word' id='word_1_243' title='bbox 1004 2135 1188 2183; x_wconf 90' lang='lat' dir='ltr'>cultum</span> <span class='ocrx_word' id='word_1_244' title='bbox 1211 2135 1300 2183; x_wconf 90' lang='lat' dir='ltr'>Dei</span> <span class='ocrx_word' id='word_1_245' title='bbox 1328 2135 1580 2183; x_wconf 90' lang='lat' dir='ltr'>hominem</span> <span class='ocrx_word' id='word_1_246' title='bbox 1602 2134 1790 2184; x_wconf 89' lang='lat' dir='ltr'>allicere</span> <span class='ocrx_word' id='word_1_247' title='bbox 1823 2133 2102 2193; x_wconf 89' lang='lat' dir='ltr'>intendens,</span> <span class='ocrx_word' id='word_1_248' title='bbox 2135 2133 2197 2181; x_wconf 90' lang='lat' dir='ltr'>ad</span> <span class='ocrx_word' id='word_1_249' title='bbox 2234 2143 2422 2181; x_wconf 89' lang='lat' dir='ltr'>terrena</span> 
     </span>
     <span class='ocr_line' id='line_1_23' title="bbox 302 2212 2424 2280; baseline 0 -21"><span class='ocrx_word' id='word_1_250' title='bbox 302 2228 450 2278; x_wconf 89' lang='lat' dir='ltr'>opera</span> <span class='ocrx_word' id='word_1_251' title='bbox 471 2212 633 2260; x_wconf 88' lang='lat' dir='ltr'>stilum</span> <span class='ocrx_word' id='word_1_252' title='bbox 654 2215 914 2275; x_wconf 88' lang='lat' dir='ltr'>convertit,</span> <span class='ocrx_word' id='word_1_253' title='bbox 940 2214 1143 2262; x_wconf 88' lang='lat' dir='ltr'>coelestis</span> <span class='ocrx_word' id='word_1_254' title='bbox 1164 2224 1213 2262; x_wconf 88' lang='lat' dir='ltr'>et</span> <span class='ocrx_word' id='word_1_255' title='bbox 1233 2215 1493 2280; x_wconf 89' lang='lat' dir='ltr'>superioris</span> <span class='ocrx_word' id='word_1_256' title='bbox 1514 2224 1719 2273; x_wconf 75' lang='lat' dir='ltr'>naturae,</span> <span class='ocrx_word' id='word_1_257' title='bbox 1746 2213 1795 2261; x_wconf 89' lang='lat' dir='ltr'>id</span> <span class='ocrx_word' id='word_1_258' title='bbox 1822 2223 1894 2261; x_wconf 87' lang='lat' dir='ltr'>est</span> <span class='ocrx_word' id='word_1_259' title='bbox 1916 2212 2155 2278; x_wconf 89' lang='lat' dir='ltr'>angelicae,</span> <span class='ocrx_word' id='word_1_260' title='bbox 2181 2214 2424 2260; x_wconf 89' lang='lat' dir='ltr'>creatione</span> 
     </span>
     <span class='ocr_line' id='line_1_24' title="bbox 300 2291 2422 2359; baseline 0 -20"><span class='ocrx_word' id='word_1_261' title='bbox 300 2293 563 2356; x_wconf 80' lang='lat' dir='ltr'>praeterita3</span> <span class='ocrx_word' id='word_1_262' title='bbox 588 2309 650 2340; x_wconf 91' lang='lat' dir='ltr'>ne</span> <span class='ocrx_word' id='word_1_263' title='bbox 673 2293 813 2352; x_wconf 84' lang='lat' dir='ltr'>forte,</span> <span class='ocrx_word' id='word_1_264' title='bbox 831 2293 872 2341; x_wconf 92' lang='lat' dir='ltr'>si</span> <span class='ocrx_word' id='word_1_265' title='bbox 893 2309 999 2341; x_wconf 89' lang='lat' dir='ltr'>eam</span> <span class='ocrx_word' id='word_1_266' title='bbox 1021 2303 1415 2359; x_wconf 86' lang='lat' dir='ltr'>perscrutaretur,</span> <span class='ocrx_word' id='word_1_267' title='bbox 1438 2304 1487 2342; x_wconf 90' lang='lat' dir='ltr'>et</span> <span class='ocrx_word' id='word_1_268' title='bbox 1508 2293 1570 2341; x_wconf 89' lang='lat' dir='ltr'>ad</span> <span class='ocrx_word' id='word_1_269' title='bbox 1592 2294 1820 2342; x_wconf 88' lang='lat' dir='ltr'>creatoris</span> <span class='ocrx_word' id='word_1_270' title='bbox 1837 2293 1911 2340; x_wconf 92' lang='lat' dir='ltr'>sui</span> <span class='ocrx_word' id='word_1_271' title='bbox 1933 2292 2126 2340; x_wconf 89' lang='lat' dir='ltr'>laudem</span> <span class='ocrx_word' id='word_1_272' title='bbox 2147 2292 2248 2357; x_wconf 91' lang='lat' dir='ltr'>ejus</span> <span class='ocrx_word' id='word_1_273' title='bbox 2270 2291 2422 2340; x_wconf 86' lang='lat' dir='ltr'>excel-</span> 
     </span>
     <span class='ocr_line' id='line_1_25' title="bbox 301 2369 2423 2437; baseline 0.001 -19"><span class='ocrx_word' id='word_1_274' title='bbox 301 2369 499 2419; x_wconf 84' lang='lat' dir='ltr'>lentiam</span> <span class='ocrx_word' id='word_1_275' title='bbox 532 2372 806 2420; x_wconf 89' lang='lat' dir='ltr'>ostenderet</span> <span class='ocrx_word' id='word_1_276' title='bbox 822 2409 834 2432; x_wconf 90' lang='lat'>,</span> <span class='ocrx_word' id='word_1_277' title='bbox 860 2373 1021 2421; x_wconf 89' lang='lat' dir='ltr'>minus</span> <span class='ocrx_word' id='word_1_278' title='bbox 1046 2373 1298 2422; x_wconf 89' lang='lat' dir='ltr'>hominem</span> <span class='ocrx_word' id='word_1_279' title='bbox 1320 2373 1382 2421; x_wconf 90' lang='lat' dir='ltr'>ad</span> <span class='ocrx_word' id='word_1_280' title='bbox 1406 2390 1623 2421; x_wconf 88' lang='lat' dir='ltr'>amorem</span> <span class='ocrx_word' id='word_1_281' title='bbox 1654 2375 1742 2421; x_wconf 89' lang='lat' dir='ltr'>Dei</span> <span class='ocrx_word' id='word_1_282' title='bbox 1776 2373 2008 2431; x_wconf 89' lang='lat' dir='ltr'>alliceret;</span> <span class='ocrx_word' id='word_1_283' title='bbox 2040 2373 2124 2437; x_wconf 89' lang='lat' dir='ltr'>qui</span> <span class='ocrx_word' id='word_1_284' title='bbox 2157 2372 2247 2419; x_wconf 90' lang='lat' dir='ltr'>sibi</span> <span class='ocrx_word' id='word_1_285' title='bbox 2282 2372 2423 2420; x_wconf 88' lang='lat' dir='ltr'>aliam</span> 
     </span>
     <span class='ocr_line' id='line_1_26' title="bbox 302 2450 2422 2518; baseline -0 -19"><span class='ocrx_word' id='word_1_286' title='bbox 302 2450 511 2515; x_wconf 87' lang='lat' dir='ltr'>praeferri</span> <span class='ocrx_word' id='word_1_287' title='bbox 539 2462 760 2499; x_wconf 91' lang='lat' dir='ltr'>naturam</span> <span class='ocrx_word' id='word_1_288' title='bbox 791 2453 1106 2518; x_wconf 87' lang='lat' dir='ltr'>conspiceret.</span> <span class='ocrx_word' id='word_1_289' title='bbox 1139 2454 1433 2501; x_wconf 76' lang='lat' dir='ltr'>Praemittens</span> <span class='ocrx_word' id='word_1_290' title='bbox 1473 2454 1634 2517; x_wconf 89' lang='lat' dir='ltr'>itaque</span> <span class='ocrx_word' id='word_1_291' title='bbox 1661 2463 1839 2501; x_wconf 84' lang='lat' dir='ltr'>terram</span> <span class='ocrx_word' id='word_1_292' title='bbox 1858 2452 1909 2499; x_wconf 92' lang='lat' dir='ltr'>in</span> <span class='ocrx_word' id='word_1_293' title='bbox 1932 2452 2176 2500; x_wconf 84' lang='lat' dir='ltr'>creatione</span> <span class='ocrx_word' id='word_1_294' title='bbox 2203 2468 2289 2498; x_wconf 91' lang='lat' dir='ltr'>sua</span> <span class='ocrx_word' id='word_1_295' title='bbox 2319 2452 2422 2499; x_wconf 89' lang='lat' dir='ltr'>ina·</span> 
     </span>
     <span class='ocr_line' id='line_1_27' title="bbox 303 2530 2423 2597; baseline 0 -20"><span class='ocrx_word' id='word_1_296' title='bbox 303 2547 418 2578; x_wconf 90' lang='lat' dir='ltr'>nem</span> <span class='ocrx_word' id='word_1_297' title='bbox 441 2540 490 2577; x_wconf 89' lang='lat' dir='ltr'>et</span> <span class='ocrx_word' id='word_1_298' title='bbox 510 2546 712 2578; x_wconf 88' lang='lat' dir='ltr'>vacuam</span> <span class='ocrx_word' id='word_1_299' title='bbox 733 2531 939 2579; x_wconf 80' lang='lat' dir='ltr'>extitisse</span> <span class='ocrx_word' id='word_1_300' title='bbox 956 2569 968 2591; x_wconf 91' lang='lat'>,</span> <span class='ocrx_word' id='word_1_301' title='bbox 995 2531 1246 2596; x_wconf 89' lang='lat' dir='ltr'>quomodo</span> <span class='ocrx_word' id='word_1_302' title='bbox 1268 2542 1380 2597; x_wconf 91' lang='lat' dir='ltr'>post</span> <span class='ocrx_word' id='word_1_303' title='bbox 1406 2531 1611 2579; x_wconf 91' lang='lat' dir='ltr'>modum</span> <span class='ocrx_word' id='word_1_304' title='bbox 1638 2532 1739 2596; x_wconf 87' lang='lat' dir='ltr'>ejus</span> <span class='ocrx_word' id='word_1_305' title='bbox 1775 2531 1994 2579; x_wconf 89' lang='lat' dir='ltr'>inanitati</span> <span class='ocrx_word' id='word_1_306' title='bbox 2021 2540 2069 2578; x_wconf 92' lang='lat' dir='ltr'>et</span> <span class='ocrx_word' id='word_1_307' title='bbox 2095 2531 2319 2578; x_wconf 88' lang='lat' dir='ltr'>vacuitati</span> <span class='ocrx_word' id='word_1_308' title='bbox 2357 2530 2423 2578; x_wconf 91' lang='lat' dir='ltr'>di·</span> 
     </span>
     <span class='ocr_line' id='line_1_28' title="bbox 303 2611 2417 2678; baseline 0 -20"><span class='ocrx_word' id='word_1_309' title='bbox 303 2612 416 2659; x_wconf 90' lang='lat' dir='ltr'>vina</span> <span class='ocrx_word' id='word_1_310' title='bbox 450 2612 666 2677; x_wconf 89' lang='lat' dir='ltr'>operatio</span> <span class='ocrx_word' id='word_1_311' title='bbox 701 2611 995 2660; x_wconf 89' lang='lat' dir='ltr'>consuluerit</span> <span class='ocrx_word' id='word_1_312' title='bbox 1009 2649 1021 2671; x_wconf 96' lang='lat'>‚</span> <span class='ocrx_word' id='word_1_313' title='bbox 1057 2613 1381 2678; x_wconf 90' lang='lat' dir='ltr'>posteriorum</span> <span class='ocrx_word' id='word_1_314' title='bbox 1409 2612 1598 2660; x_wconf 83' lang='lat' dir='ltr'>dierum</span> <span class='ocrx_word' id='word_1_315' title='bbox 1619 2611 1850 2677; x_wconf 88' lang='lat' dir='ltr'>operibus</span> <span class='ocrx_word' id='word_1_316' title='bbox 1872 2611 2098 2660; x_wconf 89' lang='lat' dir='ltr'>declarat.</span> <span class='ocrx_word' id='word_1_317' title='bbox 2129 2630 2152 2657; x_wconf 77' lang='lat' dir='ltr'>c&lt;</span> <span class='ocrx_word' id='word_1_318' title='bbox 2173 2615 2372 2660; x_wconf 89' lang='lat' dir='ltr'>Inanem</span> <span class='ocrx_word' id='word_1_319' title='bbox 2397 2634 2417 2658; x_wconf 74' lang='grc' dir='ltr'><strong>υ</strong></span> 
     </span>
     <span class='ocr_line' id='line_1_29' title="bbox 304 2691 2421 2758; baseline 0 -19"><span class='ocrx_word' id='word_1_320' title='bbox 304 2691 420 2740; x_wconf 88' lang='lat' dir='ltr'>dicit</span> <span class='ocrx_word' id='word_1_321' title='bbox 452 2702 629 2740; x_wconf 87' lang='lat' dir='ltr'>terram</span> <span class='ocrx_word' id='word_1_322' title='bbox 657 2706 685 2740; x_wconf 90' lang='lat' dir='ltr'>a</span> <span class='ocrx_word' id='word_1_323' title='bbox 712 2692 868 2740; x_wconf 88' lang='lat' dir='ltr'>fructu</span> <span class='ocrx_word' id='word_1_324' title='bbox 885 2729 897 2752; x_wconf 88' lang='lat'>,</span> <span class='ocrx_word' id='word_1_325' title='bbox 934 2709 1080 2757; x_wconf 89' lang='lat' dir='ltr'>quem</span> <span class='ocrx_word' id='word_1_326' title='bbox 1113 2692 1334 2740; x_wconf 91' lang='lat' dir='ltr'>nondum</span> <span class='ocrx_word' id='word_1_327' title='bbox 1371 2692 1694 2758; x_wconf 80' lang='lat' dir='ltr'>produxerat3</span> <span class='ocrx_word' id='word_1_328' title='bbox 1729 2711 1753 2737; x_wconf 87' lang='lat'>«</span> <span class='ocrx_word' id='word_1_329' title='bbox 1779 2708 2026 2740; x_wconf 87' lang='lat' dir='ltr'>vacuam»</span> <span class='ocrx_word' id='word_1_330' title='bbox 2057 2692 2119 2740; x_wconf 92' lang='lat' dir='ltr'>ab</span> <span class='ocrx_word' id='word_1_331' title='bbox 2152 2692 2421 2740; x_wconf 87' lang='lat' dir='ltr'>habitatore</span> 
     </span>
     <span class='ocr_line' id='line_1_30' title="bbox 304 2771 2421 2838; baseline 0.001 -20"><span class='ocrx_word' id='word_1_332' title='bbox 304 2788 406 2819; x_wconf 92' lang='lat' dir='ltr'>non</span> <span class='ocrx_word' id='word_1_333' title='bbox 427 2771 585 2819; x_wconf 89' lang='lat' dir='ltr'>solum</span> <span class='ocrx_word' id='word_1_334' title='bbox 605 2772 826 2832; x_wconf 90' lang='lat' dir='ltr'>homine,</span> <span class='ocrx_word' id='word_1_335' title='bbox 856 2789 1027 2820; x_wconf 88' lang='lat' dir='ltr'>verum</span> <span class='ocrx_word' id='word_1_336' title='bbox 1053 2773 1198 2820; x_wconf 89' lang='lat' dir='ltr'>etiam</span> <span class='ocrx_word' id='word_1_337' title='bbox 1225 2772 1286 2821; x_wconf 90' lang='lat' dir='ltr'>ab</span> <span class='ocrx_word' id='word_1_338' title='bbox 1321 2774 1456 2820; x_wconf 92' lang='lat' dir='ltr'>omni</span> <span class='ocrx_word' id='word_1_339' title='bbox 1488 2773 1678 2837; x_wconf 90' lang='lat' dir='ltr'>penitus</span> <span class='ocrx_word' id='word_1_340' title='bbox 1699 2773 2016 2820; x_wconf 87' lang='lat' dir='ltr'>animantium</span> <span class='ocrx_word' id='word_1_341' title='bbox 2038 2789 2234 2837; x_wconf 84' lang='lat' dir='ltr'>genere3</span> <span class='ocrx_word' id='word_1_342' title='bbox 2271 2790 2421 2838; x_wconf 91' lang='lat' dir='ltr'>quum</span> 
     </span>
     <span class='ocr_line' id='line_1_31' title="bbox 305 2850 2422 2918; baseline 0.001 -20"><span class='ocrx_word' id='word_1_343' title='bbox 305 2850 436 2899; x_wconf 87' lang='lat' dir='ltr'>nulla</span> <span class='ocrx_word' id='word_1_344' title='bbox 457 2850 617 2899; x_wconf 89' lang='lat' dir='ltr'>adhuc</span> <span class='ocrx_word' id='word_1_345' title='bbox 638 2852 900 2900; x_wconf 88' lang='lat' dir='ltr'>animantia</span> <span class='ocrx_word' id='word_1_346' title='bbox 919 2851 995 2900; x_wconf 91' lang='lat' dir='ltr'>vel</span> <span class='ocrx_word' id='word_1_347' title='bbox 1016 2853 1250 2900; x_wconf 89' lang='lat' dir='ltr'>terrestris</span> <span class='ocrx_word' id='word_1_348' title='bbox 1272 2852 1348 2900; x_wconf 91' lang='lat' dir='ltr'>vel</span> <span class='ocrx_word' id='word_1_349' title='bbox 1375 2853 1596 2918; x_wconf 86' lang='lat' dir='ltr'>aquatica</span> <span class='ocrx_word' id='word_1_350' title='bbox 1624 2853 1812 2901; x_wconf 86' lang='lat' dir='ltr'>mansio</span> <span class='ocrx_word' id='word_1_351' title='bbox 1842 2852 2131 2912; x_wconf 91' lang='lat' dir='ltr'>contineret,</span> <span class='ocrx_word' id='word_1_352' title='bbox 2158 2870 2263 2917; x_wconf 81' lang='lat' dir='ltr'>quae</span> <span class='ocrx_word' id='word_1_353' title='bbox 2294 2863 2422 2902; x_wconf 90' lang='lat' dir='ltr'>utra-</span> 
     </span>
     <span class='ocr_line' id='line_1_32' title="bbox 305 2932 2422 2999; baseline 0 -20"><span class='ocrx_word' id='word_1_354' title='bbox 305 2948 421 2996; x_wconf 90' lang='lat' dir='ltr'>que,</span> <span class='ocrx_word' id='word_1_355' title='bbox 447 2942 500 2979; x_wconf 92' lang='lat' dir='ltr'>ut</span> <span class='ocrx_word' id='word_1_356' title='bbox 521 2932 726 2980; x_wconf 87' lang='lat' dir='ltr'>diximus</span> <span class='ocrx_word' id='word_1_357' title='bbox 744 2969 755 2991; x_wconf 92' lang='lat'>‚</span> <span class='ocrx_word' id='word_1_358' title='bbox 781 2942 916 2981; x_wconf 83' lang='lat' dir='ltr'>terrae</span> <span class='ocrx_word' id='word_1_359' title='bbox 937 2932 1176 2982; x_wconf 87' lang='lat' dir='ltr'>vocabulo</span> <span class='ocrx_word' id='word_1_360' title='bbox 1197 2933 1583 2999; x_wconf 89' lang='lat' dir='ltr'>comprehendit.</span> <span class='ocrx_word' id='word_1_361' title='bbox 1608 2937 1802 2982; x_wconf 86' lang='lat' dir='ltr'>Terram</span> <span class='ocrx_word' id='word_1_362' title='bbox 1823 2935 1984 2998; x_wconf 92' lang='lat' dir='ltr'>itaque</span> <span class='ocrx_word' id='word_1_363' title='bbox 2013 2932 2129 2980; x_wconf 92' lang='lat' dir='ltr'>dicit</span> <span class='ocrx_word' id='word_1_364' title='bbox 2155 2933 2422 2981; x_wconf 89' lang='lat' dir='ltr'>secundum</span> 
     </span>
     <span class='ocr_line' id='line_1_33' title="bbox 303 3011 2422 3078; baseline 0 -19"><span class='ocrx_word' id='word_1_365' title='bbox 303 3011 438 3076; x_wconf 91' lang='lat' dir='ltr'>quod</span> <span class='ocrx_word' id='word_1_366' title='bbox 461 3012 730 3077; x_wconf 89' lang='lat' dir='ltr'>expositum</span> <span class='ocrx_word' id='word_1_367' title='bbox 751 3022 847 3072; x_wconf 91' lang='lat' dir='ltr'>est,</span> <span class='ocrx_word' id='word_1_368' title='bbox 879 3011 1006 3061; x_wconf 88' lang='lat' dir='ltr'>hanc</span> <span class='ocrx_word' id='word_1_369' title='bbox 1028 3029 1084 3061; x_wconf 84' lang='lat' dir='ltr'>ex</span> <span class='ocrx_word' id='word_1_370' title='bbox 1116 3012 1363 3062; x_wconf 91' lang='lat' dir='ltr'>elementis</span> <span class='ocrx_word' id='word_1_371' title='bbox 1385 3013 1608 3078; x_wconf 88' lang='lat' dir='ltr'>gravibus</span> <span class='ocrx_word' id='word_1_372' title='bbox 1633 3023 1935 3062; x_wconf 87' lang='lat' dir='ltr'>constantem</span> <span class='ocrx_word' id='word_1_373' title='bbox 1958 3012 2232 3060; x_wconf 83' lang='lat' dir='ltr'>inferiorem</span> <span class='ocrx_word' id='word_1_374' title='bbox 2253 3012 2422 3060; x_wconf 92' lang='lat' dir='ltr'>mundi</span> 
     </span>
     <span class='ocr_line' id='line_1_34' title="bbox 303 3091 2418 3156; baseline -0 -18"><span class='ocrx_word' id='word_1_375' title='bbox 303 3091 568 3155; x_wconf 90' lang='lat' dir='ltr'>regionem.</span> <span class='ocrx_word' id='word_1_376' title='bbox 593 3093 653 3138; x_wconf 89' lang='lat' dir='ltr'>Et</span> <span class='ocrx_word' id='word_1_377' title='bbox 674 3091 945 3139; x_wconf 89' lang='lat' dir='ltr'>notandum</span> <span class='ocrx_word' id='word_1_378' title='bbox 965 3091 1124 3156; x_wconf 93' lang='lat' dir='ltr'>quod,</span> <span class='ocrx_word' id='word_1_379' title='bbox 1148 3092 1268 3141; x_wconf 90' lang='lat' dir='ltr'>dum</span> <span class='ocrx_word' id='word_1_380' title='bbox 1289 3093 1377 3153; x_wconf 88' lang='lat' dir='ltr'>ait,</span> <span class='ocrx_word' id='word_1_381' title='bbox 1406 3112 1431 3138; x_wconf 78' lang='lat' dir='ltr'>u</span> <span class='ocrx_word' id='word_1_382' title='bbox 1449 3102 1576 3140; x_wconf 89' lang='lat' dir='ltr'>terra</span> <span class='ocrx_word' id='word_1_383' title='bbox 1605 3102 1766 3141; x_wconf 90' lang='lat' dir='ltr'>autem</span> <span class='ocrx_word' id='word_1_384' title='bbox 1804 3102 1905 3140; x_wconf 89' lang='lat' dir='ltr'>erat</span> <span class='ocrx_word' id='word_1_385' title='bbox 1936 3093 2092 3140; x_wconf 91' lang='lat' dir='ltr'>inanis</span> <span class='ocrx_word' id='word_1_386' title='bbox 2114 3101 2162 3140; x_wconf 92' lang='lat' dir='ltr'>et</span> <span class='ocrx_word' id='word_1_387' title='bbox 2181 3108 2358 3152; x_wconf 87' lang='lat' dir='ltr'>vacua,</span> <span class='ocrx_word' id='word_1_388' title='bbox 2396 3112 2418 3137; x_wconf 69' lang='grc' dir='ltr'><em>η</em></span> 
     </span>
     <span class='ocr_line' id='line_1_35' title="bbox 303 3170 2425 3236; baseline -0 -17"><span class='ocrx_word' id='word_1_389' title='bbox 303 3170 554 3219; x_wconf 86' lang='lat' dir='ltr'>subinnuit</span> <span class='ocrx_word' id='word_1_390' title='bbox 574 3187 631 3218; x_wconf 86' lang='lat' dir='ltr'>ex</span> <span class='ocrx_word' id='word_1_391' title='bbox 652 3170 732 3219; x_wconf 89' lang='lat' dir='ltr'>illa</span> <span class='ocrx_word' id='word_1_392' title='bbox 752 3172 971 3236; x_wconf 88' lang='lat' dir='ltr'>apposita</span> <span class='ocrx_word' id='word_1_393' title='bbox 992 3172 1333 3236; x_wconf 90' lang='lat' dir='ltr'>conjunctione</span> <span class='ocrx_word' id='word_1_394' title='bbox 1355 3172 1652 3221; x_wconf 88' lang='lat' dir='ltr'>adversativa</span> <span class='ocrx_word' id='word_1_395' title='bbox 1676 3172 1737 3220; x_wconf 91' lang='lat' dir='ltr'>de</span> <span class='ocrx_word' id='word_1_396' title='bbox 1760 3172 1882 3220; x_wconf 90' lang='lat' dir='ltr'>coelo</span> <span class='ocrx_word' id='word_1_397' title='bbox 1906 3189 2006 3220; x_wconf 93' lang='lat' dir='ltr'>non</span> <span class='ocrx_word' id='word_1_398' title='bbox 2031 3172 2098 3219; x_wconf 90' lang='lat' dir='ltr'>sic</span> <span class='ocrx_word' id='word_1_399' title='bbox 2127 3188 2229 3219; x_wconf 90' lang='lat' dir='ltr'>esse</span> <span class='ocrx_word' id='word_1_400' title='bbox 2258 3171 2425 3219; x_wconf 90' lang='lat' dir='ltr'>intelli-</span> 
     </span>
     <span class='ocr_line' id='line_1_36' title="bbox 305 3250 2423 3319; baseline 0 -20"><span class='ocrx_word' id='word_1_401' title='bbox 305 3251 541 3315; x_wconf 85' lang='lat' dir='ltr'>gendum,</span> <span class='ocrx_word' id='word_1_402' title='bbox 566 3268 718 3316; x_wconf 87' lang='lat' dir='ltr'>quum</span> <span class='ocrx_word' id='word_1_403' title='bbox 741 3250 962 3300; x_wconf 89' lang='lat' dir='ltr'>videlicet</span> <span class='ocrx_word' id='word_1_404' title='bbox 977 3252 1132 3317; x_wconf 87' lang='lat' dir='ltr'>angeli</span> <span class='ocrx_word' id='word_1_405' title='bbox 1153 3252 1229 3300; x_wconf 90' lang='lat' dir='ltr'>vel</span> <span class='ocrx_word' id='word_1_406' title='bbox 1252 3262 1363 3303; x_wconf 88' lang='lat' dir='ltr'>ante</span> <span class='ocrx_word' id='word_1_407' title='bbox 1387 3254 1545 3319; x_wconf 92' lang='lat' dir='ltr'>ipsum</span> <span class='ocrx_word' id='word_1_408' title='bbox 1566 3251 1758 3312; x_wconf 90' lang='lat' dir='ltr'>coelum,</span> <span class='ocrx_word' id='word_1_409' title='bbox 1784 3252 1859 3300; x_wconf 87' lang='lat' dir='ltr'>vel</span> <span class='ocrx_word' id='word_1_410' title='bbox 1880 3269 1992 3300; x_wconf 89' lang='lat' dir='ltr'>cum</span> <span class='ocrx_word' id='word_1_411' title='bbox 2010 3251 2132 3300; x_wconf 90' lang='lat' dir='ltr'>coelo</span> <span class='ocrx_word' id='word_1_412' title='bbox 2155 3252 2301 3299; x_wconf 85' lang='lat' dir='ltr'>creati</span> <span class='ocrx_word' id='word_1_413' title='bbox 2323 3269 2423 3300; x_wconf 89' lang='lat' dir='ltr'>esse</span> 
     </span>
     <span class='ocr_line' id='line_1_37' title="bbox 306 3331 2423 3397; baseline 0 -18"><span class='ocrx_word' id='word_1_414' title='bbox 306 3331 645 3396; x_wconf 81' lang='lat' dir='ltr'>intelligantur,</span> <span class='ocrx_word' id='word_1_415' title='bbox 670 3332 755 3397; x_wconf 92' lang='lat' dir='ltr'>qui</span> <span class='ocrx_word' id='word_1_416' title='bbox 775 3333 911 3397; x_wconf 90' lang='lat' dir='ltr'>quasi</span> <span class='ocrx_word' id='word_1_417' title='bbox 932 3331 1144 3382; x_wconf 89' lang='lat' dir='ltr'>coelestes</span> <span class='ocrx_word' id='word_1_418' title='bbox 1165 3333 1460 3383; x_wconf 88' lang='lat' dir='ltr'>habitatores</span> <span class='ocrx_word' id='word_1_419' title='bbox 1478 3334 1722 3394; x_wconf 90' lang='lat' dir='ltr'>dicuntur,</span> <span class='ocrx_word' id='word_1_420' title='bbox 1741 3343 1795 3381; x_wconf 92' lang='lat' dir='ltr'>ut</span> <span class='ocrx_word' id='word_1_421' title='bbox 1809 3333 1919 3382; x_wconf 91' lang='lat' dir='ltr'>licet</span> <span class='ocrx_word' id='word_1_422' title='bbox 1941 3350 2110 3382; x_wconf 89' lang='lat' dir='ltr'>eorum</span> <span class='ocrx_word' id='word_1_423' title='bbox 2131 3334 2423 3382; x_wconf 90' lang='lat' dir='ltr'>creationem</span> 
     </span>
    </p>
   </div>
   <div class='ocr_carea' id='block_1_3' title="bbox 354 3491 1075 3542">
    <p class='ocr_par' dir='ltr' id='par_1_6' title="bbox 354 3491 1075 3542">
     <span class='ocr_line' id='line_1_38' title="bbox 354 3491 1075 3542; baseline 0.007 -13"><span class='ocrx_word' id='word_1_424' title='bbox 354 3494 364 3514; x_wconf 77' lang='lat'>⁸</span> <span class='ocrx_word' id='word_1_425' title='bbox 382 3495 511 3538; x_wconf 57' lang='lat' dir='ltr'>Genea,</span> <span class='ocrx_word' id='word_1_426' title='bbox 526 3506 600 3542; x_wconf 81' lang='lat' dir='ltr'>cap.</span> <span class='ocrx_word' id='word_1_427' title='bbox 618 3509 660 3541; x_wconf 85' lang='lat' dir='ltr'>n,</span> <span class='ocrx_word' id='word_1_428' title='bbox 677 3508 709 3533; x_wconf 82' lang='lat' dir='ltr'>v.</span> <span class='ocrx_word' id='word_1_429' title='bbox 727 3499 760 3533; x_wconf 76' lang='lat'>7.</span> <span class='ocrx_word' id='word_1_430' title='bbox 772 3491 961 3541; x_wconf 65' lang='lat' dir='ltr'>-‘1bid..</span> <span class='ocrx_word' id='word_1_431' title='bbox 973 3509 1002 3534; x_wconf 88' lang='lat' dir='ltr'>v.</span> <span class='ocrx_word' id='word_1_432' title='bbox 1021 3500 1075 3534; x_wconf 83' lang='lat'>19.</span> 
     </span>
    </p>
   </div>
  </div>
 </body>
</html>
