2970 4152
741 383 799 430 ΙΝ
834 376 1286 427 PURIFICATIONE
1321 376 1568 426 SANCTAE
1602 377 1811 425 MARIAE
1845 376 2061 423 SERMO.
2369 379 2456 427 394

341 496 447 527 rum
478 488 570 538 est,
600 494 761 525 amare
789 476 1013 523 filiorum.
1035 493 1059 519 »
1087 472 1186 520 Sub
1213 471 1459 519 elementis
1482 471 1582 519 istis
1607 471 1817 519 serviunt
1840 471 1924 535 qui
1942 471 2114 519 timore
2138 488 2389 537 poenarum
2418 475 2467 520 in

339 561 441 624 lege
472 559 860 618 constitutarum,
884 572 1035 621 quum
1057 554 1251 602 dicitur¹
1271 571 1281 599 :
1307 572 1330 597 «
1347 555 1552 600 Dentem
1580 568 1670 617 pro
1696 551 1863 612 dente,
1884 562 1996 612 etc.,
2019 571 2041 598 »
2067 552 2129 599 ad
2147 552 2469 601 obedientiam

339 649 577 703 coguntur
602 649 654 686 ut
682 638 826 697 servi,
854 653 954 685 non
982 651 1145 683 amore
1166 633 1408 681 ducuntur
1436 642 1487 681 ut
1506 631 1605 679 filii.
1636 631 1776 678 Unde
1799 642 1846 679 et
1869 631 2197 696 postmodum
2221 633 2321 698 ipse
2342 635 2468 698 Apo-

340 720 488 768 stolus
516 719 614 767 duo
642 727 927 768 testamenta
954 733 1041 782 per
1069 718 1189 780 Agar
1215 713 1462 774 ancillam,
1497 723 1544 762 et
1570 714 1734 760 Saram
1760 711 1960 760 liberam
1987 712 2320 777 distinguens2,
2353 713 2467 761 illud

339 803 389 849 in
414 793 661 862 servitute,
687 800 814 848 istud
839 800 888 846 in
914 798 1130 859 libertate
1160 795 1368 852 declarat
1386 795 1622 861 populum
1641 797 1744 842 Deo
1764 811 2012 859 generare,
2043 805 2090 842 et
2113 795 2247 859 quasi
2273 795 2335 842 ad
2358 795 2469 844 obe-

338 881 568 930 diendum
597 883 642 930 ei
668 898 844 930 creare.
876 879 1014 927 Unde
1038 889 1086 927 et
1112 877 1229 925 illud
1253 877 1510 936 servitutis,
1536 876 1631 923 hoc
1658 886 1995 945 testamentum
2014 876 2185 924 dicitur
2214 876 2464 925 libertatis:

339 962 458 1012 illud
480 965 687 1025 timoris,
724 963 820 1010 hoc
849 961 1026 1009 amoris
1053 979 1063 1007 :
1097 959 1217 1007 illud
1250 958 1595 1019 inchoationis,
1634 957 1730 1006 hoc
1763 957 2081 1023 perfectionis.
2119 961 2189 1005 De
2214 975 2307 1022 qua
2341 976 2469 1006 nunc

338 1047 630 1110 perfectione
655 1044 923 1109 subjungit:
948 1062 971 1087 «
994 1045 1047 1089 At
1071 1041 1155 1089 ubi
1172 1042 1304 1089 venit
1324 1040 1573 1106 plenitudo
1601 1040 1886 1103 temporis.»
1914 1039 2264 1087 Plenitudinem
2288 1050 2471 1106 tempo-

339 1126 404 1174 ris
429 1126 691 1192 perfectam
721 1124 890 1172 mundi
914 1132 1100 1171 aetatem
1125 1122 1262 1182 dicit,
1291 1131 1402 1187 post
1423 1120 1544 1168 illud
1574 1130 1762 1186 tempus
1791 1119 2101 1186 parvulorum
2130 1121 2262 1186 quod
2289 1122 2473 1186 praemi-

338 1207 412 1255 sit.
457 1211 562 1255 Non
599 1207 729 1254 enim
758 1206 859 1270 jam
889 1203 1075 1270 parvuli
1108 1203 1203 1251 vita
1238 1203 1314 1250 vel
1348 1202 1567 1250 doctrina
1596 1201 1839 1249 christiani
1872 1202 2063 1250 dicendi
2093 1214 2228 1263 sunt,
2258 1204 2377 1250 sicut
2406 1203 2471 1250 illi

337 1285 544 1335 fuerunt.
583 1286 767 1334 Dicitur
791 1285 935 1333 etiam
959 1282 1210 1350 plenitudo
1235 1283 1466 1348 temporis
1496 1282 1847 1330 consummatio
1877 1299 2070 1344 eorum,
2106 1300 2210 1348 quae
2241 1283 2474 1348 promissa

336 1367 524 1420 fuerant
550 1366 611 1416 de
639 1367 848 1415 adventu
877 1364 1067 1413 Christi.
1097 1364 1249 1423 Quale
1274 1373 1345 1412 est
1369 1363 1487 1411 illud
1512 1363 1677 1412 Jacobi
1700 1364 2030 1431 patriarchae³:
2058 1385 2083 1410 «
2106 1368 2211 1412 Non
2237 1364 2474 1413 auferetur

337 1459 578 1516 sceptrum
600 1449 662 1497 de
686 1448 831 1509 Juda,
854 1458 944 1496 etc.
969 1466 991 1491 »
1020 1450 1078 1494 Et
1111 1446 1231 1494 illud
1263 1447 1312 1494 in
1344 1445 1567 1494 Daniele‘
1603 1446 1664 1494 de
1697 1463 1900 1494 numero
1931 1446 2295 1495 hebdomadum
2324 1463 2473 1495 anno-

338 1547 468 1590 rum,
497 1539 545 1577 et
563 1529 624 1577 de
642 1529 952 1577 institutionis
977 1527 1162 1575 defectu
1189 1526 1266 1575 vel
1289 1526 1526 1588 sacrificii,
1553 1526 1749 1592 quando
1775 1528 2030 1592 inungetur
2054 1530 2255 1576 Sanctus
2279 1538 2473 1576 sancto-

339 1627 463 1659 rum.
501 1612 609 1657 Haec
639 1627 752 1675 ergo
786 1608 1036 1676 plenitudo
1065 1609 1200 1673 quasi
1229 1607 1426 1672 quidam
1457 1617 1528 1655 est
1555 1607 1766 1656 defectus
1792 1608 1930 1672 legis,
1959 1620 2011 1657 ut
2042 1626 2191 1674 quum
2226 1609 2342 1655 ritus
2372 1610 2472 1673 ejus

340 1691 586 1753 deficeret,
618 1702 665 1740 et
683 1695 869 1756 Moyses
889 1690 1142 1738 defunctus
1161 1699 1304 1751 esset,
1327 1689 1638 1754 Evangelium
1664 1689 1778 1755 legi,
1811 1701 1858 1738 et
1875 1707 2014 1738 verus
2032 1694 2174 1739 Josue
2199 1690 2473 1740 succederet

340 1772 516 1837 Moysi,
553 1783 606 1820 ut
638 1781 1086 1820 consummarentur
1110 1772 1158 1818 in
1184 1771 1283 1818 istis
1309 1787 1414 1835 quae
1447 1771 1656 1836 incoepta
1680 1770 1867 1819 fuerant
1891 1771 1940 1818 in
1963 1771 2068 1819 illis.
2101 1792 2124 1817 «
2149 1772 2241 1819 Ubi
2271 1773 2424 1833 venit,
2445 1793 2469 1819 »

287 1841 290 1847 ¹
341 1853 509 1918 inquit.
552 1856 672 1901 Nam
702 1854 789 1901 etsi
819 1855 947 1900 Deus
979 1851 1109 1917 quod
1145 1852 1382 1917 promittit
1415 1851 1623 1912 differat,
1661 1851 1932 1899 nullatenus
1962 1852 2139 1914 tardat,
2175 1853 2260 1900 sed
2293 1853 2475 1917 singula

343 1943 560 1999 tempora
585 1935 652 1982 sic
678 1934 912 1999 disponit,
946 1943 998 1980 ut
1021 1933 1070 1980 in
1100 1934 1167 1981 eis
1192 1943 1384 1999 peragat
1407 1932 1542 1998 quod
1565 1932 1816 1998 promittit.
1842 1932 1963 1980 Hinc
1989 1942 2035 1980 et
2060 1932 2282 1980 Habacuc
2301 1933 2438 1980 dicit³
2459 1954 2470 1981 :

345 2034 367 2059 «
389 2015 438 2062 Si
461 2032 648 2063 moram
669 2016 854 2076 fecerit,
875 2026 1069 2081 expecta
1091 2032 1227 2075 eum,
1256 2016 1368 2079 quia
1392 2015 1589 2062 veniens
1611 2014 1794 2074 veniet,
1823 2023 1870 2061 et
1894 2030 1992 2061 non
2022 2013 2242 2063 tardabit.
2263 2033 2285 2059 υ
2314 2018 2474 2081 Longe

340 2105 450 2143 ante
474 2095 734 2144 adventum
759 2095 948 2156 Christi,
975 2097 1037 2144 de
1061 2097 1165 2162 ipso
1185 2096 1474 2162 promissum
1501 2095 1550 2143 id
1576 2095 1742 2143 fuerat.
1763 2094 1902 2142 Aliud
1927 2105 1997 2142 est
2021 2097 2178 2161 itaque
2202 2113 2390 2145 moram
2408 2099 2474 2146 fa-

339 2192 470 2237 cere,
495 2176 625 2224 aliud
645 2176 847 2225 tardare.
876 2180 1061 2225 Moram
1083 2177 1262 2243 quippe
1286 2177 1438 2225 facere
1463 2186 1535 2224 est
1559 2176 1752 2224 differre
1772 2193 1859 2242 per
1883 2176 2079 2242 aliquod
2103 2179 2357 2244 temporis⁶
2374 2196 2479 2245 spa-

341 2257 460 2304 tium
482 2257 615 2322 quod
641 2257 911 2306 faciendum
934 2268 1021 2306 est.
1049 2258 1254 2306 Tardare
1272 2274 1387 2305 vero
1412 2257 1608 2323 proprie
1633 2256 1822 2318 dicitur,
1851 2274 2001 2321 quum
2028 2257 2243 2306 differtur
2270 2259 2471 2324 aliquid,

262 2375 268 2382 .
340 2338 536 2402 quando
560 2339 735 2387 debere
759 2338 862 2387 fieri
886 2339 1091 2386 videtur.
1131 2342 1260 2386 Deus
1291 2339 1451 2403 itaque
1484 2339 1570 2386 etsi
1601 2337 1787 2386 differat
1819 2337 2019 2403 implere
2052 2338 2185 2403 quod
2214 2342 2471 2405 promittit,

341 2417 528 2466 tardare
548 2418 816 2466 nullatenus
838 2429 1021 2484 potest,
1055 2419 1167 2483 quia
1197 2435 1297 2465 non
1328 2419 1517 2482 segnius
1548 2418 1598 2465 id
1626 2419 1723 2483 agit
1744 2434 1889 2482 quam
1909 2418 2067 2466 debet.
2091 2419 2235 2476 Quod
2259 2430 2476 2486 patenter

342 2509 388 2546 et
410 2500 459 2545 in
485 2500 804 2563 geminatione
828 2499 906 2547 illa
929 2509 1222 2547 monstratur
1239 2517 1334 2564 qua
1354 2499 1527 2547 dicitur
1549 2518 1559 2546 :
1591 2519 1614 2544 «
1638 2500 1761 2557 Quia
1785 2499 1981 2546 veniens
2007 2500 2189 2560 veniet,
2211 2519 2234 2544 »
2255 2500 2350 2549 hoc
2377 2511 2447 2548 est
2460 2531 2477 2561 ,-

344 2578 537 2627 indilate
559 2590 606 2627 et
636 2579 815 2645 absque
841 2581 1209 2646 impedimentO,
1245 2597 1394 2645 quum
1425 2580 1713 2645 oportuerit,
1749 2580 1798 2627 id
1827 2590 1949 2644 aget.
1971 2580 2206 2628 Sollicitus
2226 2581 2286 2628 de
2313 2592 2475 2629 nostra

342 2659 491 2707 salute
522 2661 757 2708 Dominus
781 2677 881 2709 non
905 2661 1059 2708 tardat
1082 2660 1280 2727 implere
1312 2661 1628 2726 promissum,
1671 2671 1818 2727 prout
1858 2660 1998 2708 nobis
2034 2661 2216 2725 judicat
2256 2678 2476 2710 necessa-

344 2741 485 2787 rium.
528 2741 718 2788 Utinam
755 2742 821 2789 sic
857 2752 906 2790 et
937 2741 999 2789 de
1036 2741 1114 2789 illa
1150 2741 1362 2803 solliciti,
1402 2741 1465 2789 ad
1502 2740 1829 2789 obediendum
1869 2742 1971 2789 sine
2009 2742 2227 2790 tarditate
2266 2759 2475 2790 essemus

346 2819 582 2885 prompti!

413 2900 584 2948 «Misit
613 2905 741 2949 Deus
773 2902 923 2950 filium
953 2920 1114 2964 suum,
1135 2923 1158 2948 n
1192 2903 1412 2951 videlicet
1444 2907 1596 2951 Pater.
1634 2906 1771 2951 Pater
1794 2905 1973 2970 quippe
2006 2905 2126 2953 sicut
2157 2922 2185 2952 a
2215 2905 2348 2953 nullo
2380 2916 2472 2967 est,

345 2984 411 3030 sic
438 3000 466 3030 a
493 2983 626 3032 nullo
651 2985 774 3032 mitti
797 2995 968 3051 potest.
1000 2985 1139 3033 Filius
1161 3002 1299 3046 vero,
1326 2986 1401 3034 vel
1428 2986 1629 3052 Spiritus
1647 2996 1838 3033 sanctus
1865 2986 1924 3034 ab
1950 2986 2031 3034 illo
2057 2988 2175 3034 mitti
2203 2987 2265 3035 ad
2292 3004 2381 3035 nos
2409 2987 2478 3034 di-

345 3075 535 3126 cuntur,
568 3083 719 3131 quum
749 3066 930 3131 aliquid
959 3083 1048 3132 pro
1076 3067 1216 3115 nobis
1243 3068 1318 3115 vel
1349 3068 1395 3115 in
1433 3067 1572 3115 nobis
1595 3077 1767 3132 agunt:
1799 3068 1910 3133 quia
1941 3068 2061 3115 sicut
2087 3068 2148 3115 ab
2170 3070 2274 3135 ipso
2300 3068 2479 3116 habent

347 3162 470 3206 esse,
501 3147 567 3194 ita
592 3157 638 3194 et
666 3146 726 3194 ab
751 3148 856 3213 ipso
883 3147 1016 3212 quod
1041 3147 1216 3195 faciunt
1241 3147 1422 3196 habent
1445 3148 1614 3196 facere.
1648 3147 1793 3206 Quod
1816 3158 1862 3195 et
1888 3158 2105 3213 patenter
2133 3149 2272 3206 Filius
2298 3159 2393 3196 tam
2416 3149 2476 3196 de

347 3226 450 3290 ipso
477 3244 622 3292 quam
650 3227 711 3275 de
736 3228 910 3294 Spiritu
938 3227 1206 3294 profitetur,
1230 3228 1441 3277 dicens'z
1467 3249 1491 3275 «
1514 3232 1549 3277 A
1567 3246 1646 3277 me
1662 3230 1769 3295 ipso
1790 3245 1890 3276 non
1906 3229 2098 3294 loquor,
2118 3249 2139 3275 υ
2161 3229 2238 3278 vel
2260 3249 2270 3276 :
2299 3249 2323 3275 «
2341 3233 2377 3277 A
2400 3246 2477 3276 me

395 3422 401 3436 ¹
431 3422 553 3462 Exod„
574 3432 646 3466 cap.
669 3434 744 3464 xxi,
770 3434 802 3456 v.
826 3424 879 3457 24.
897 3442 938 3448 —-
952 3423 963 3441 ²
983 3426 1109 3465 Galat„
1130 3436 1204 3470 cap.
1225 3437 1269 3466 iv,
1286 3437 1315 3460 v.
1335 3428 1390 3460 24.
1447 3427 1510 3451 -⁵
1525 3425 1661 3466 nabao..
1678 3437 1751 3470 cap.
1772 3438 1813 3467 ιι,
1831 3438 1862 3460 ν.
1881 3429 1911 3460 3.
1926 3445 1969 3452 -—
1983 3426 1995 3445 ⁶
2018 3428 2149 3470 Tempus
2172 3427 2267 3461 Amb.
2282 3445 2322 3451 —
2342 3426 2352 3443 ⁷
2371 3426 2477 3466 Joan.,

354 3494 376 3499 -
405 3477 416 3494 ³
437 3479 564 3517 Genes„
585 3490 658 3523 cap.
682 3491 779 3521 xux,
800 3492 830 3514 v.
851 3482 902 3513 10.
923 3501 961 3507 -
982 3482 993 3498 ⁴
1011 3482 1106 3522 Dan.,
1125 3493 1199 3526 cap.
1216 3494 1268 3523 ix,
1289 3495 1318 3517 v.
1336 3484 1391 3519 24.
1449 3494 1523 3528 cap.
1543 3495 1610 3523 xiv,
1633 3494 1662 3516 v.
1684 3484 1735 3516 10.
