2970 4152
1234 374 1548 422 APPENDlX.
2362 377 2454 422 727
2499 445 2506 449 .

1358 638 1431 697 V.

1227 803 1563 902 semes

647 968 1149 1027 ABBATISSARUM
1185 967 1597 1023 MONASTERII
1636 965 2155 1051 PARAGLITENSIS

926 1112 1072 1145 surm
1103 1111 1348 1144 NOGENTIJM
1381 1111 1585 1144 Puerum
1617 1110 1871 1149 SEQUANAH.

721 1229 771 1277 [E
788 1229 898 1265 Gallia
915 1229 1114 1270 Christiana,
1133 1237 1159 1264 t.
1174 1228 1247 1263 XII
1259 1254 1269 1271 ‚
1290 1241 1327 1275 p.
1350 1225 1621 1264 572-578Nide
1636 1240 1756 1274 supra,
1775 1240 1813 1274 p.
1833 1229 1871 1261 71
1892 1226 1939 1262 ad
1953 1225 2091 1275 finem.]

403 1581 439 1627 Ι.
481 1578 661 1626 Heloisa
687 1596 786 1643 quae
813 1577 1032 1638 Heloissa‚
1064 1579 1265 1626 Helvidis
1287 1590 1332 1625 et
1354 1578 1546 1626 Helwisa
1570 1579 1618 1624 in
1645 1577 1874 1625 nonnullis
1896 1578 2005 1625 locis
2028 1579 2275 1626 dicitur....

403 1662 465 1707 ΙΙ.
503 1662 635 1706 Μ.
673 1660 878 1723 quaedam
904 1661 1035 1707 cessit
1058 1677 1179 1707 anno
1205 1663 1332 1710 1179
1363 1660 1638 1706 monasterio
1668 1660 1910 1723 Ripatorii.
1939 1662 2074 1706 Forte
2108 1659 2368 1706 Melisendis
2396 1670 2463 1706 est

339 1758 439 1803 quae
475 1741 677 1787 omnium
708 1740 933 1787 bonorum
970 1740 1165 1787 coenobii
1199 1740 1513 1788 Paraclitensis
1541 1740 1933 1787 confirmationem
1958 1740 2156 1787 obtinuit
2178 1757 2202 1787 a
2228 1741 2369 1787 Lucio
2394 1741 2461 1785 111

339 1838 513 1867 summo
537 1821 750 1884 pontifice
767 1838 887 1868 anno
906 1821 1086 1868 circiter
1104 1822 1248 1871 1182.
1274 1822 1539 1885 Composuit
1562 1821 1686 1869 1185
1706 1838 1807 1868 cum
1827 1821 2050 1867 Guiberto
2064 1821 2226 1867 abbate
2246 1823 2462 1867 Cantum-

338 1901 518 1948 verulae.
546 1903 600 1947 A.
627 1902 848 1948 Garuerio
867 1902 1078 1965 episcopo
1103 1903 1313 1949 Trecensi
1342 1902 1542 1949 obtinuit
1559 1901 1787 1948 ecclesiam
1807 1901 2107 1965 parochialem
2136 1900 2276 1947 sancti
2309 1900 2461 1945 Albini

339 1999 460 2028 anno
476 1983 493 2029 1
508 1982 618 2030 193.
629 1983 809 2029 Donata
824 1991 890 2029 est
900 1983 1034 2029 etiam
1047 1999 1166 2029 anno
1179 1984 1385 2047 sequenti
1403 1982 1608 2046 pluribus
1621 1982 1678 2028 ab
1691 1981 1851 2028 eodem
1863 1982 2094 2045 episcopo,
2108 1996 2248 2044 quum
2259 1980 2462 2026 dedicata

338 2073 404 2109 est
418 2061 601 2109 ecclesia
618 2062 842 2120 Paracliti,
863 2073 907 2109 et
921 2063 967 2108 in
983 2080 1080 2109 eam
1095 2063 1279 2110 fuerunt
1298 2063 1567 2110 introductae
1583 2061 1812 2108 moniales.
1835 2061 1997 2108 Adhuc
2012 2071 2235 2124 superstes
2254 2071 2351 2106 erat
2366 2062 2463 2106 Me·

338 2141 520 2188 lisendis
542 2159 663 2188 anno
688 2145 840 2201 1202;
867 2153 1144 2189 memoratur
1165 2144 1214 2189 in
1236 2143 1493 2189 calendario
1512 2141 1800 2188 Paraclitensi
1819 2158 1901 2187 xw
1921 2140 2129 2187 calendas
2147 2141 2420 2186 novembris.

404 2225 487 2269 111.
525 2225 565 2269 J.
578 2259 587 2267 .
600 2259 630 2269 ..
659 2223 741 2268 sub
755 2239 875 2269 anno
895 2225 1038 2271 1203,
1066 2226 1201 2270 Forte
1220 2224 1306 2270 Ida·
1319 2241 1417 2287 quae
1435 2224 1632 2270 occurrit
1652 2225 1778 2272 1209
1804 2224 1851 2268 in
1875 2222 2009 2269 cartis
2025 2221 2393 2267 Vallis-lucentis.

405 2302 488 2347 lv.
525 2301 844 2363 Ermengardis
865 2300 1021 2347 eadem
1051 2302 1168 2349 sorte
1187 2319 1290 2348 cum
1315 2304 1369 2348 E.
1398 2318 1498 2364 quae
1522 2318 1642 2347 anno
1669 2304 1795 2349 1210
1826 2300 2051 2362 reperitur
2074 2300 2120 2345 in
2143 2301 2278 2346 cartis
2301 2299 2463 2345 Vallis-

340 2380 544 2427 lucentis.
568 2381 814 2442 Componit
833 2397 952 2425 anno
975 2382 1101 2427 1214
1120 2397 1223 2425 cum
1248 2382 1488 2426 Hemerico
1511 2381 1568 2426 de
1586 2379 1765 2425 Lesmio
1783 2380 1839 2425 de
1862 2380 2129 2442 quibusdam
2147 2379 2347 2426 decimis.
2375 2383 2463 2425 Eo-

339 2458 441 2504 dem
472 2476 592 2505 anno
615 2474 766 2504 mense
797 2457 1024 2504 decembri
1049 2468 1344 2518 memoratur,
1369 2460 1484 2505 sicut
1507 2469 1552 2504 et
1569 2459 1698 2504 annis
1728 2461 1871 2516 1215,
1896 2459 2023 2507 1219
2046 2459 2093 2504 in
2118 2457 2339 2504 tabulario
2364 2477 2464 2504 san-

340 2541 398 2586 cti
421 2539 646 2599 Quiriaci‚
671 2541 797 2587 1220
818 2539 865 2584 in
889 2549 1011 2584 carta
1029 2539 1198 2602 Joyaci.
1226 2539 1419 2586 Litteras
1441 2539 1567 2585 dedit
1582 2556 1703 2585 anno
1731 2539 1874 2597 1228,
1902 2555 2054 2585 mense
2077 2549 2265 2602 augusto
2291 2540 2337 2584 in
2364 2541 2462 2601 qui-

341 2620 424 2667 bus
442 2619 719 2666 mentionem
743 2618 850 2665 facit
864 2619 1095 2682 cujusdam
1115 2619 1388 2666 venditionis
1405 2620 1531 2667 factae
1553 2637 1579 2666 a
1595 2619 1826 2666 Ludovico
1848 2620 1915 2664 IX
1938 2620 2160 2681 priorissae
2179 2618 2236 2665 de
2259 2623 2456 2665 Borenc.

342 2702 500 2746 Petrus
521 2698 764 2746 Meldensis
790 2700 975 2745 antistes
991 2700 1138 2761 jussus
1154 2717 1178 2746 a
1198 2717 1372 2746 summo
1400 2699 1629 2763 pontifice,
1659 2709 1885 2747 annuente
1903 2700 2223 2762 Ermengardi,
2252 2701 2463 2762 praecepit

341 2778 452 2824 utin
474 2778 677 2841 prioratu
699 2777 756 2824 de
778 2778 985 2825 Noaforti
1007 2778 1126 2842 apud
1145 2777 1319 2824 Meldas
1337 2778 1552 2825 moniales
1569 2796 1662 2824 non
1678 2789 1826 2825 essent
1846 2777 1964 2824 ultra
1987 2779 2070 2835 25,
2095 2794 2243 2823 mense
2266 2778 2463 2824 octobris

345 2859 489 2906 1229.
517 2859 620 2920 Ipsa
646 2874 748 2903 cum
778 2857 1042 2904 Theobaldo
1071 2859 1327 2922 Campaniae
1350 2860 1514 2905 comite
1543 2859 1599 2905 de
1626 2859 1817 2922 quadam
1840 2860 2143 2906 controversia
2167 2859 2464 2920 compromis-

343 2953 440 2983 sum
469 2937 576 2983 facit
602 2953 721 2983 anno
745 2939 873 2986 1233
897 2954 1049 2985 mense
1077 2939 1211 2985 maio.
1246 2941 1361 2985 Cum
1388 2939 1549 2985 eodem
1575 2939 1740 2986 comite
1761 2955 1883 2985 anno
1907 2938 2065 2984 eodem
2098 2954 2247 2983 mense
2275 2948 2462 2999 augusto

343 3017 583 3080 paciscitur
603 3033 738 3080 super
750 3017 931 3064 usuario
948 3019 1145 3065 nemoris
1167 3019 1223 3065 de
1247 3030 1400 3065 monte
1423 3020 1598 3065 Morvei
1616 3029 1661 3065 et
1679 3019 1876 3065 nemoris
1895 3019 2017 3082 quod
2037 3028 2220 3064 vocatur
2235 3018 2463 3063 Asclmm-

338 3098 520 3161 permis,
551 3114 640 3160 quo
659 3097 794 3144 etia-m
816 3113 936 3143 anno
955 3098 1041 3144 sibi
1063 3099 1336 3145 satisfactum
1360 3099 1494 3146 fuisse
1518 3116 1543 3145 a
1566 3100 1729 3145 comite
1749 3099 2046 3162 recognoscit.
2074 3099 2317 3161 Reperitur
2332 3099 2464 3142 etiam

347 3178 475 3226 1234
499 3187 544 3223 et
570 3178 698 3225 1239
721 3193 812 3240 quo
834 3176 989 3223 vendit
1014 3177 1252 3224 duodecim
1277 3179 1486 3226 denarios
1513 3178 1740 3225 censuales
1766 3181 1902 3225 Petro
1921 3179 1977 3225 de
2000 3178 2255 3224 Carteriaco
2278 3178 2464 3223 domino

346 3257 402 3302 de
425 3256 633 3304 Castello.
667 3257 836 3303 Minuit
860 3258 986 3305 1244
1014 3274 1166 3304 mense
1189 3259 1308 3305 maio
1330 3275 1567 3305 numerum
1595 3258 2000 3305 sanctimonialium
2021 3259 2248 3322 prioratus
2274 3258 2330 3303 de
2353 3260 2461 3302 Bos·

347 3354 508 3397 renco;
551 3354 788 3384 numerum
819 3354 999 3401 quoque
1028 3337 1291 3386 monialium
1322 3339 1378 3385 de
1408 3338 1652 3403 Triangulo
1686 3339 1742 3385 ad
1766 3342 1828 3388 25
1865 3339 2196 3386 determinavit.
2234 3338 2461 3401 Significat

349 3434 468 3465 anno
487 3419 612 3469 1245
627 3455 639 3477 ,
660 3436 812 3466 mense
828 3419 1097 3482 septembri,
1121 3437 1166 3467 se
1186 3437 1210 3467 a
1231 3421 1394 3467 comite
1414 3421 1671 3484 Campaniae
1687 3421 1906 3486 accepisse
1921 3423 2012 3471 160
2023 3422 2181 3484 jugera
2202 3420 2395 3465 nemoris
2414 3419 2458 3463 in
