2970 4152
557 390 614 435 18
1134 389 1302 435 PETRI
1343 387 1648 439 ABAELARDI
1683 391 1756 439 ET
1790 392 2090 439 HELOISSAE

551 499 648 529 non
669 484 857 547 penitus
885 484 1056 547 abjeci,
1081 482 1164 530 sed
1190 482 1251 534 de
1278 482 1352 529 his
1379 485 1514 548 quasi
1541 486 1738 534 hamum
1764 486 2023 551 quemdam
2041 485 2289 545 fabricavi,
2318 503 2415 550 quo
2439 485 2543 532 illos
2561 486 2665 550 phi-

549 560 799 627 losophico
833 579 1000 627 sapore
1038 563 1271 613 inescatos
1314 562 1375 613 ad
1407 580 1528 615 verae
1564 565 1877 632 philosophiae
1911 565 2165 613 lectionem
2195 564 2510 625 attraherem,
2546 566 2665 612 sicut

548 653 593 688 et
619 658 860 688 summum
891 641 1258 693 christianorum
1290 642 1689 709 philosophorum
1724 646 1978 710 Origenem
2003 645 2304 692 consuevisse
2330 647 2543 691 Historia
2567 661 2664 692 me-

548 722 681 767 minit
705 721 1072 768 Eccleszmtc‘ca¹.
1106 724 1267 780 Quum
1294 718 1453 770 autem
1477 724 1527 771 in
1555 724 1715 774 divina
1751 726 1980 791 scriptura
2010 741 2108 772 non
2141 725 2376 772 minorem
2403 723 2521 771 mihi
2552 741 2663 788 gra-

547 805 683 862 tiam,
715 819 857 867 quam
884 804 932 850 in
966 804 1166 851 seculari
1192 806 1427 853 Dominus
1457 807 1713 856 contulisse
1742 807 1998 867 videretur,
2035 817 2281 873 coeperunt
2310 806 2574 854 admodum
2606 823 2663 853 ex

545 893 741 946 utraque
769 883 971 931 lectione
999 883 1171 931 scholae
1199 895 1371 933 nostrae
1391 886 1713 952 multiplicari,
1744 898 1785 934 et
1808 897 1985 934 caeterae
2009 903 2177 934 omnes
2206 886 2512 934 vehementer
2545 896 2662 934 atte-

546 964 696 1008 nuari.
714 963 851 1010 Unde
871 964 1074 1011 maxime
1092 966 1426 1029 magistrorum
1445 967 1671 1014 invidiam
1693 978 1834 1031 atque
1851 967 2015 1014 odium
2033 967 2285 1015 adversum
2310 983 2386 1014 me
2412 967 2662 1025 concitavi,

543 1043 623 1105 qui
665 1044 711 1088 in
755 1043 978 1091 omnibus
1012 1061 1116 1109 quae
1155 1056 1378 1110 poterant
1411 1046 1527 1095 mihi
1563 1047 1876 1112 deroganteS,
1919 1047 2017 1095 duo
2061 1048 2296 1114 praecipue
2334 1047 2515 1094 absenti
2552 1046 2670 1094 mihi

543 1140 729 1188 semper
767 1124 1088 1188 objiciebant:
1128 1127 1283 1191 quod,
1312 1127 1486 1175 scilicet
1538 1114 1786 1195 proposito
1830 1128 2054 1176 monachi
2093 1129 2256 1176 valde²
2286 1129 2344 1175 sit
2377 1129 2669 1175 contrarium

542 1203 824 1250 secularium
851 1204 1083 1251 librorum
1108 1206 1267 1253 studio
1294 1207 1521 1267 detineri,
1551 1218 1598 1254 et
1626 1209 1759 1272 quod
1791 1209 1893 1256 sine
1918 1209 2143 1273 magistro
2170 1209 2230 1256 ad
2250 1208 2569 1272 magisterium
2601 1207 2671 1255 di-

544 1284 660 1329 vinae
693 1283 906 1331 lectionis
933 1285 1159 1334 accedere
1189 1288 1592 1353 praesumpsissem
1613 1290 1626 1313 ³
1653 1308 1665 1348 ;
1698 1299 1750 1335 ut
1782 1290 1848 1336 sic
1876 1289 2096 1338 videlicet
2120 1306 2264 1336 omne
2298 1288 2416 1335 mihi
2444 1287 2675 1335 doctrinae

544 1363 769 1410 scholaris
806 1366 1082 1412 exercitium
1125 1367 1509 1428 interdiceretur,
1551 1368 1612 1414 ad
1655 1369 1789 1433 quod
1831 1370 2119 1417 incessanter
2136 1371 2168 1393 ¹“
2193 1369 2470 1435 episcopos,
2511 1367 2671 1414 archi-
2725 1403 2728 1404 γ

547 1445 820 1509 episcopos,
842 1445 1051 1506 abbates,
1069 1457 1115 1493 et
1131 1465 1441 1513 quascunque
1460 1453 1682 1514 poterant
1701 1450 1906 1515 religiosi
1922 1450 2130 1497 nominis
2143 1466 2371 1515 personas
2392 1447 2666 1495 incitabant.

309 1539 378 1560 w-
400 1540 444 1561 ¹x-
607 1525 788 1572 Accidit
812 1537 970 1573 autem
1000 1527 1115 1573 mihi
1142 1536 1194 1574 111
1220 1528 1281 1574 ad
1309 1530 1466 1593 ipsum
1500 1529 1610 1578 fidei
1637 1541 1810 1577 nostrae
1836 1530 2202 1576 fundamentum
2233 1529 2454 1575 humanae
2479 1528 2674 1574 rationis

297 1571 342 1603 De
373 1572 455 1604 libro

248 1616 503 1657 theologiaesuae,
541 1604 926 1653 similitudinibus
951 1607 1281 1656 disserendum
1314 1610 1470 1673 primo
1497 1627 1575 1656 me
1602 1602 1918 1674 applicarem,
1945 1619 1991 1655 et
2014 1609 2273 1673 quemdam
2303 1603 2555 1672 theologiae
2584 1618 2676 1655 tra-

265 1665 482 1746 tigrieerssfzissss».
542 1694 720 1731 etatum
740 1685 797 1732 de
827 1689 1017 1732 Unc'tate
1036 1698 1083 1732 et
1105 1690 1335 1733 Trim'tate
1357 1688 1541 1734 divina⁵
1565 1688 1859 1736 scholaribus
1884 1689 2058 1735 nostris
2084 1705 2448 1754 componerem,
2477 1688 2560 1752 qui
2581 1687 2670 1734 hu-

254 1753 495 1833 ςξέἓξζὲζζξηζζ,
540 1781 703 1811 manas
733 1777 778 1812 et
815 1766 1172 1831 philosophicas
1207 1768 1414 1814 rationes
1448 1765 1784 1833 requirebant,
1817 1779 1864 1816 et
1900 1769 2007 1834 plus
2029 1785 2134 1833 quae
2162 1769 2356 1833 intelligit
2386 1785 2529 1832 quam
2572 1785 2676 1834 quae

538 1845 630 1891 dici
663 1857 858 1909 possent
891 1846 1210 1910 efflagitabant
1240 1865 1250 1893 :
1292 1847 1502 1895 dicentes
1537 1848 1733 1912 quidem
1768 1848 2026 1896 verborum
2057 1837 2347 1914 superfluam
2384 1865 2485 1896 esse
2520 1849 2677 1913 prola—

540 1925 743 1985 tionem,
773 1943 918 1990 quam
942 1926 1250 1990 intelligentia
1276 1943 1375 1973 non
1397 1938 1691 1992 sequeretur,
1721 1945 1811 1975 nec
1836 1928 1967 1975 credi
1986 1945 2126 1994 posse
2145 1927 2324 1993 aliquid
2349 1928 2438 1974 nisi
2456 1928 2676 1993 primitus

538 2005 854 2064 intellectum,
885 2016 931 2052 et
957 2005 1268 2053 ridiculosum
1294 2024 1395 2054 esse
1421 2007 1626 2071 aliquem
1652 2008 1754 2055 aliis
1779 2008 2036 2074 praedicare
2061 2008 2194 2073 quod
2219 2026 2309 2055 nec
2335 2009 2461 2074 ipse,
2491 2025 2581 2056 nec
2607 2009 2674 2056 illi

538 2102 658 2150 quos
684 2087 878 2134 doceret
897 2088 1137 2135 intellectu
1162 2105 1331 2154 capere
1361 2100 1557 2155 possent
1573 2127 1585 2151 ,
1615 2092 1827 2138 Domino
1848 2091 1953 2156 ipso
1979 2101 2208 2155 arguente
2234 2090 2367 2156 quod
2386 2093 2500 2138 (τεεί
2517 2101 2673 2138 essent

538 2167 675 2214 duces
701 2170 974 2215 coecorum6.
1006 2172 1161 2227 Quem
1188 2169 1384 2234 quidem
1414 2180 1665 2217 tractatum
1691 2188 1841 2235 quum
1866 2171 2094 2218 vidissent
2120 2181 2166 2218 et
2189 2171 2410 2235 legissent
2439 2170 2668 2235 plurimi⁷,

538 2249 679 2312 coepit
711 2249 758 2296 in
796 2266 1053 2296 commune
1088 2249 1312 2296 omnibus
1347 2250 1608 2315 plurimum
1642 2251 1857 2316 placere,
1896 2250 2030 2316 quod
2060 2252 2109 2297 in
2148 2246 2207 2298 eo
2237 2251 2413 2317 pariter
2448 2250 2671 2298 omnibus

537 2328 750 2375 satisfieri
782 2346 925 2395 super
954 2330 1048 2376 hoc
1074 2330 1416 2394 quaestionibus
1455 2331 1822 2397 videbatur7Et
1857 2332 2087 2396 quoniam
2123 2331 2406 2396 quaestiones
2443 2331 2541 2378 istae
2577 2348 2673 2396 prae

537 2408 759 2455 omnibus
803 2408 1017 2456 difficiles
1049 2409 1361 2470 videbantur,
1410 2421 1591 2475 quanto
1629 2428 1795 2458 earum
1837 2412 1991 2475 major
2026 2411 2243 2459 extiterat
2272 2412 2501 2476 gravitas,
2539 2421 2671 2458 tanto

536 2488 785 2535 solutionis
824 2506 987 2536 earum
1030 2490 1316 2538 censebatur
1350 2491 1503 2554 major
1540 2491 1772 2554 subtilitas
1790 2493 1818 2538 ⁸.
1862 2492 2000 2539 Unde
2040 2491 2197 2539 aemuli
2236 2493 2330 2539 mei
2366 2491 2675 2540 vehementer

537 2569 721 2614 accensi
748 2569 1005 2616 concilium
1032 2580 1199 2617 contra
1228 2587 1305 2617 me
1333 2582 1744 2635 congregaverunt
1759 2572 1788 2632 ⁹,
1819 2572 2025 2618 maxime
2049 2571 2147 2618 duo
2174 2571 2241 2618 illi
2272 2572 2453 2636 antiqui
2478 2571 2670 2619 insidia-

539 2651 710 2708 tores¹⁰,
733 2649 972 2696 Albericus
990 2650 1163 2697 scilicet
1183 2661 1229 2697 et
1247 2650 1479 2711 Lotulfus,
1494 2652 1684 2716 quijam
1697 2651 1934 2699 defunctis
1952 2652 2186 2717 magistris
2199 2668 2367 2698 eorum
2380 2662 2427 2698 et
2445 2652 2667 2711 nostris¹¹‚

538 2729 792 2777 Guillelmo
819 2730 994 2777 scilicet
1020 2741 1162 2794 atque
1191 2731 1438 2790 Anselm0‚
1465 2742 1576 2797 post
1602 2749 1685 2779 eos
1710 2733 1845 2796 quasi
1876 2749 2075 2796 regnare
2107 2749 2156 2779 se
2189 2731 2317 2779 solos
2352 2730 2666 2797 appetebant,

267 2812 485 2888 assfiiffii’ssgss-
538 2818 679 2872 atque
714 2810 855 2857 etiam
892 2810 1004 2875 ipsis
1046 2820 1270 2874 tanquam
1309 2810 1520 2857 haeredes
1545 2810 1816 2858 succedere.
1864 2814 2027 2869 Quum
2076 2821 2234 2859 autem
2281 2811 2469 2876 utrique
2510 2812 2667 2858 Remis

266 2878 275 2887 ι
322 2869 430 2942 puslin
540 2888 724 2936 scholas
758 2901 999 2955 regerent,
1041 2890 1219 2938 crebris
1237 2892 1262 2914 ¹²
1296 2891 1676 2956 suggestionibus
1700 2891 2113 2958 archiepiscopum
2147 2909 2286 2939 suum
2320 2891 2624 2958 Radulphum
2643 2895 2669 2917 ¹³

271 2943 484 2976 Abaelardum.
541 2967 790 3015 adversum
811 2988 889 3017 me
907 2981 1271 3018 commoverunt
1281 2972 1322 3030 ¹¹⁰,
1347 2981 1416 3031 ut,
1444 2972 1590 3020 ascito
1610 2974 1809 3019 Conano
1829 2972 2123 3040 praenestino
2149 2972 2425 3038 episcopo¹⁵,
2449 2973 2532 3036 qui
2551 2981 2665 3018 tunc

539 3047 772 3112 legatione
793 3051 1073 3115 fungebatur
1106 3052 1154 3098 in
1187 3051 1364 3111 Gallia,
1396 3051 1785 3099 conventiculum
1811 3052 2071 3117 quemdam
2095 3052 2183 3099 sub
2208 3053 2404 3100 nomine
2438 3047 2667 3098 60116111116
2804 3064 2851 3118 4

539 3128 587 3174 in
615 3131 929 3177 suessionensi
956 3132 1141 3179 civitate
1170 3131 1495 3204 celebrartfflt3
1525 3149 1698 3197 meque
1727 3133 1978 3180 invitarent
2010 3143 2244 3197 quatenus
2273 3131 2392 3179 illud
2419 3148 2540 3197 opus
2572 3131 2664 3178 cla·
2715 3100 2780 3207 J
2882 3155 2901 3191 s

2480 3211 2749 3232 ,am

585 3296 594 3312 ¹
617 3296 737 3329 Euseb.
756 3298 837 3329 Hist.
856 3298 982 3330 Eccles.
1004 3297 1062 3330 lib.
1091 3299 1131 3332 Vl
1146 3324 1154 3339 ,
1179 3310 1252 3342 cap.
1272 3311 1327 3332 vn.
1350 3317 1387 3322 —
1405 3297 1418 3314 ¹
1438 3299 1578 3332 Maxime
1622 3298 1715 3331 RMS.
1732 3317 1766 3321 —-
1784 3298 1813 3316 ¹⁰
1833 3299 1914 3332 Vide
1931 3306 2000 3333 not.
2018 3311 2100 3333 xxx.
2118 3318 2151 3323 --
2164 3298 2191 3317 ¹⁴
2208 3298 2291 3332 Vide
2307 3305 2374 3331 not.
2394 3309 2485 3331 xxxi.
2507 3317 2538 3320 —*
2557 3296 2586 3314 ¹⁸
2603 3298 2659 3329 Ιη-

540 3351 689 3384 RMS.—
706 3352 718 3368 ³
735 3354 890 3385 Ausissem
906 3353 1002 3386 RMS.
1026 3373 1054 3376 κ
1077 3353 1090 3370 ⁴
1111 3356 1270 3396 Perpetuo
1290 3355 1383 3389 RMS.
1410 3374 1444 3378 —
1466 3356 1478 3372 ⁶
1495 3355 1577 3387 Vide
1616 3356 1712 3396 justis
1737 3354 1833 3388 RMS.
1851 3373 1893 3379 —
1912 3355 1940 3372 ¹³
1961 3356 2014 3388 Sic
2037 3355 2129 3389 ABG.
2142 3356 2380 3397 -Rodulphum
2399 3354 2486 3388 Edit.
2508 3354 2603 3387 Amb.
2620 3372 2658 3376 -—

541 3415 609 3440 not.
625 3409 806 3440 xitum—⁶
824 3409 935 3442 Matth.
952 3420 1025 3452 cap.
1042 3421 1095 3446 xv.
1112 3421 1142 3442 v.
1163 3411 1280 3443 14.---⁷
1297 3411 1379 3444 Vide
1395 3418 1462 3443 not.
1482 3422 1576 3444 xxix.
1623 3410 1652 3428 ¹⁴
1676 3410 1757 3443 Vide
1786 3418 1852 3444 not.
1886 3423 1990 3444 xxxin.
2014 3429 2055 3435 —·
2074 3411 2103 3429 ¹⁸
2127 3411 2207 3444 Vide
2234 3418 2302 3444 not.
2326 3421 2443 3444 xxxin.
2463 3427 2507 3434 -
2530 3409 2559 3427 ⁴⁸
2577 3409 2659 3442 Vide

541 3482 583 3488 —
599 3463 611 3480 ⁸
636 3465 687 3496 Vis
714 3464 807 3498 RMS.
830 3483 869 3488 -
888 3464 900 3481 ⁹
924 3465 1004 3497 Mihi
1030 3469 1168 3499 maxime
1197 3472 1391 3501 contrarium
1417 3470 1579 3510 eleyerunt
1621 3474 1688 3500 not.
1707 3478 1820 3500 xxxiv.
