2970 4152
890 342 948 390 IN
984 338 1415 388 ANNUTIATlONE
1453 335 1706 384 VIRGINIS
1741 332 1957 381 SERMO.
2387 328 2482 376 357

359 461 486 504 ram,
516 441 600 490 sed
627 440 689 488 ad
714 439 941 504 placitum
963 435 1217 483 hominum
1243 443 1423 498 spectat
1442 432 1685 498 impositio
1710 430 1982 479 nominum.
2016 426 2154 474 Unde
2181 436 2307 473 recte
2335 443 2484 490 quum

359 525 422 572 de
449 522 647 570 homine
673 528 915 584 assumpto
941 533 969 563 a
991 515 1150 563 Verbo
1176 514 1470 582 loqueretur,
1483 513 1629 579 ³&cujus
1648 522 1818 560 natura
1841 526 1941 557 non
1969 519 2039 556 est
2063 518 2260 565 aeterna,
2287 523 2376 553 nec
2401 523 2487 572 per

360 614 602 662 naturam,
624 600 707 648 sed
729 616 816 665 per
833 598 1029 662 gratiam
1050 606 1096 644 et
1112 595 1342 651 unionem
1357 593 1502 641 Verbi
1519 593 1665 640 habet
1679 609 1780 640 esse
1801 591 1924 638 filius
1939 590 2050 649 Dei,
2071 588 2252 636 dictum
2268 597 2338 634 est
2357 606 2379 631 «
2402 604 2486 633 vo-

360 684 562 744 cabitur,
595 702 619 727 »
647 682 806 747 potius
835 695 982 744 quam
1010 678 1114 725 erit.
1142 675 1287 735 Quod
1312 677 1350 722 si
1374 676 1516 723 etiam
1546 690 1802 740 personam
1825 682 1973 720 totam
2006 672 2057 717 in
2092 669 2278 717 duabus
2308 669 2486 717 naturis

361 765 700 812 consistentem
725 761 939 808 dicamus
958 776 1014 806 ex
1040 758 1232 823 Virgine
1251 757 1382 804 nasci
1406 755 1672 803 secundum
1697 770 1893 819 coerS‚
1924 752 2057 816 quod
2081 751 2193 798 inde
2216 749 2487 797 traductum

362 855 456 901 est,
481 854 528 891 et
554 854 703 890 totam
730 841 856 888 illam
882 855 1160 905 personam,
1190 854 1290 884 non
1316 836 1473 884 solum
1497 835 1866 893 humanitatem,
1898 831 2049 879 filium
2073 831 2161 878 Dei
2184 830 2366 890 vocari,
2390 846 2487 877 non

361 927 623 989 incongrue
657 923 844 971 dicitur.
886 924 1006 968 Nam
1039 930 1087 967 et
1116 919 1333 967 surculus
1365 929 1536 966 trunco
1563 917 1752 964 alterius
1778 925 1959 963 naturae
1988 915 2192 961 insertus
2218 912 2304 959 toti
2334 911 2490 959 arbori

361 1006 567 1072 propriae
583 1014 762 1052 naturae
779 1002 963 1050 confert
986 1000 1276 1047 vocabulum
1297 1018 1306 1046 :
1335 1009 1387 1046 ut
1409 1000 1447 1046 si
1462 997 1659 1046 aesculus
1675 1007 1876 1044 coctano
1893 995 2132 1053 inseritur,
2155 992 2368 1051 aesculus,
2391 1009 2488 1039 non

362 1097 590 1134 coctanus
606 1095 704 1133 tota
729 1083 872 1132 arbor
890 1082 1089 1139 dicetur,
1117 1098 1144 1128 a
1160 1081 1366 1146 digniori
1391 1080 1567 1128 scilicet
1582 1088 1715 1144 parte
1740 1095 1844 1142 quae
1864 1077 2070 1124 fructum
2096 1075 2229 1123 affert
2247 1075 2311 1122 ita
2336 1075 2491 1121 nomi-

362 1167 545 1227 nanda,
567 1167 687 1213 sicut
704 1175 751 1212 et
773 1182 829 1211 ex
855 1164 1008 1210 fructu
1029 1179 1116 1209 suo
1137 1161 1487 1226 cognoscenda.
1510 1159 1739 1218 Quaedam
1759 1168 1918 1206 autem
1941 1158 2136 1204 insertio
2164 1156 2419 1203 divinitatis
2444 1157 2491 1202 in

360 1247 659 1295 humanitate
678 1246 798 1293 facta
817 1255 886 1292 est
902 1244 1069 1303 hodie,
1100 1254 1146 1291 et
1172 1254 1399 1309 tanquam
1421 1259 1513 1290 una
1539 1241 1682 1289 arbor
1704 1241 1823 1288 facta
1857 1250 1926 1288 est
1946 1257 2004 1287 ex
2029 1239 2215 1286 duabus
2239 1239 2419 1285 naturis
2445 1239 2492 1284 in

365 1344 510 1375 unam
528 1327 617 1374 sibi
635 1342 893 1392 personam
918 1323 1329 1372 convenientibus.
1355 1324 1594 1389 Scriptum
1619 1322 1796 1388 quippe
1816 1331 1885 1368 est
1910 1321 1970 1367 de
1993 1321 2251 1385 sapientia,
2280 1336 2385 1384 quae
2407 1322 2494 1365 Dei

365 1407 575 1455 Verbum
601 1406 892 1471 intelligitur,
922 1406 1031 1470 quia
1062 1425 1085 1450 «
1115 1405 1297 1469 lignum
1323 1405 1428 1451 vitae
1453 1414 1522 1451 est
1545 1403 1620 1449 his
1646 1403 1727 1467 qui
1745 1400 2115 1467 apprehendunt
2139 1403 2281 1448 eam¹.
2311 1419 2333 1443 »
2362 1399 2489 1457 Quid

366 1498 525 1545 autem
558 1488 852 1545 humanitas,
886 1486 977 1533 nisi
1003 1485 1148 1533 arbor
1176 1485 1450 1545 maledicta,
1481 1495 1527 1533 et
1556 1494 1781 1548 tanquam
1808 1482 1988 1547 lignum
2020 1481 2186 1528 mortis
2205 1491 2344 1528 antea
2359 1481 2493 1528 erat?

369 1569 516 1626 Quasi
542 1585 653 1632 ergo
678 1567 861 1632 lignum
885 1568 992 1614 vitae
1016 1567 1146 1631 ligno
1173 1567 1340 1614 mortis
1368 1568 1597 1617 insertum
1622 1564 1886 1629 intelligite,
1916 1581 2064 1628 quum
2084 1564 2132 1609 in
2160 1563 2351 1627 Virgine
2369 1562 2495 1608 velut

366 1650 413 1696 in
436 1649 567 1695 bona
586 1658 709 1695 terra
728 1648 830 1695 haec
854 1648 1049 1694 insertio
1069 1648 1127 1694 sit
1148 1648 1283 1695 facta.
1311 1648 1456 1711 Cujus
1477 1646 1668 1712 quidem
1694 1646 1965 1692 insertionis
1984 1646 2084 1710 ipse
2103 1644 2293 1709 spiritus
2315 1644 2362 1690 in
2390 1660 2494 1690 eam

366 1731 705 1795 superveniens
722 1738 946 1793 operator
973 1728 1082 1787 fuit,
1109 1738 1336 1792 tanquam
1357 1728 1486 1775 illam
1510 1726 1773 1793 praevidens
1793 1726 1946 1785 diem,
1970 1742 2075 1790 quae
2101 1724 2160 1771 ad
2188 1724 2495 1771 inserendum

366 1812 669 1859 commodior
693 1810 904 1869 videtur3
937 1811 1057 1857 sicut
1083 1810 1354 1857 communis
1369 1810 1622 1856 hominum
1639 1809 1802 1874 opinio
1828 1818 1982 1868 tenet,
2012 1808 2095 1872 qui
2119 1806 2360 1854 inserendi
2375 1807 2498 1872 peri-

368 1894 479 1941 tiam
498 1892 700 1952 habent,
724 1902 770 1939 et
789 1891 929 1956 longa
954 1891 1049 1938 hoc
1072 1890 1362 1956 experientia
1382 1889 1665 1936 didicerunt.
1699 1889 1837 1936 Unde
1856 1899 1902 1935 et
1926 1887 2225 1935 confidenter
2250 1897 2492 1945 asserunt,

368 1975 444 2021 vix
468 1983 548 2021 aut
574 1990 823 2038 nunquam
849 1972 1058 2036 aliquam
1084 1971 1392 2018 insertionem
1415 1987 1521 2035 quae
1544 1969 1634 2016 hac
1654 1970 1730 2016 die
1755 1968 1858 2028 fiat,
1882 1969 2097 2016 inutilem
2114 1985 2231 2015 esse.

436 2074 458 2099 «
491 2057 547 2101 Et
570 2071 679 2101 ecce
715 2052 970 2100 Elizabeth.
1006 2071 1028 2097 »
1059 2055 1126 2099 Ne
1157 2051 1218 2098 de
1250 2050 1559 2116 possibilitate
1594 2060 1756 2115 partus
1785 2050 1988 2114 Virginis
2015 2049 2279 2114 quidquam
2312 2047 2495 2095 subori-

369 2146 498 2184 retur
523 2135 856 2195 dubitationis‚
889 2135 1023 2199 quasi
1043 2134 1138 2181 hoc
1163 2143 1285 2181 esset
1313 2132 1604 2198 impossihile
1628 2131 1759 2196 quod
1793 2131 1957 2179 solitus
1985 2148 2151 2179 cursus
2182 2147 2282 2178 non
2302 2129 2498 2176 haberet

370 2226 547 2265 naturae
567 2235 577 2263 z
598 2217 647 2263 in
666 2217 947 2264 memoriam
966 2215 1208 2263 reducitur
1227 2213 1468 2262 Elizabeth
1486 2224 1771 2280 conceptus,
1792 2231 1897 2279 quae
1915 2230 2065 2279 quum
2085 2223 2183 2260 tam
2201 2212 2334 2260 senio
2354 2227 2497 2276 quam

368 2297 608 2344 sterilitate
642 2307 764 2344 esset
798 2296 1095 2356 infoecunda,
1126 2295 1332 2342 obtinuit
1357 2312 1412 2342 ex
1439 2295 1583 2360 gratia
1614 2294 1745 2359 quod
1771 2294 1947 2341 habere
1971 2310 2070 2341 non
2108 2303 2294 2359 poterat
2326 2309 2381 2340 ex
2407 2309 2498 2338 na-

370 2387 491 2424 tura.
516 2377 655 2424 Unde
680 2376 804 2424 bene
825 2377 885 2424 ab
911 2370 1079 2441 angelo
1097 2385 1194 2422 tam
1220 2385 1438 2422 senectus
1462 2375 1563 2439 ejus
1580 2392 1725 2439 quam
1746 2375 2272 2422 sterilitasmemoratur
2295 2390 2305 2419 ε
2333 2392 2356 2417 «
2378 2373 2500 2430 Quia

371 2473 469 2503 non
494 2457 580 2504 erit
605 2456 896 2522 impossibile
919 2457 1048 2522 apud
1074 2459 1229 2503 Deum
1247 2472 1394 2503 omne
1417 2455 1635 2503 verbum.
1659 2475 1683 2500 »
1707 2455 1918 2503 Verbum
1944 2455 2032 2502 Dei
2053 2454 2147 2501 hoc
2171 2453 2278 2500 loco
2303 2453 2405 2518 ipsa
2431 2463 2498 2499 est

371 2537 531 2584 divina
556 2538 758 2598 locutio,
784 2555 889 2603 quae
914 2555 941 2585 a
963 2537 1104 2585 beato
1125 2536 1407 2584 describitur
1434 2537 1718 2601 Augustino,
1751 2537 1911 2584 divina
1931 2536 2176 2601 dispositio
2195 2550 2295 2582 non
2318 2533 2499 2580 hahens

371 2633 542 2664 sonum
570 2627 859 2683 strepentem
885 2627 931 2665 et
955 2627 1303 2676 transeuntem,
1328 2616 1412 2664 sed
1434 2618 1533 2663 vim
1558 2617 1605 2663 in
1630 2627 1863 2682 perpetuo
1885 2626 2176 2663 manentem.
2201 2615 2392 2663 Nullum
2418 2615 2500 2678 igi-

370 2708 447 2745 tur
471 2698 670 2746 verbum
688 2699 775 2745 Dei
801 2698 1093 2764 impossibile
1113 2708 1182 2745 est
1202 2698 1312 2763 ipsi,
1339 2715 1487 2763 quum
1514 2697 1747 2762 quidquid
1765 2698 1863 2763 ipse
1880 2697 2092 2763 disponit
2107 2707 2159 2744 ut
2184 2696 2342 2755 faciat,
2365 2694 2498 2742 nullo

371 2781 593 2846 impediri
610 2797 720 2827 casu
740 2790 898 2844 queat.
921 2800 943 2825 «
962 2780 1089 2826 Dixit
1107 2789 1265 2827 autem
1284 2780 1429 2826 Maria
1453 2798 1462 2825 ε
1490 2798 1513 2823 «
1531 2782 1647 2826 Ecce
1666 2779 1833 2826 ancilla
1859 2779 2104 2827 Domini.»
2126 2777 2253 2836 Quid
2278 2788 2348 2825 est
2366 2778 2499 2843 quod

371 2861 480 2908 ais?
527 2861 751 2921 domina3
786 2860 901 2925 quid
936 2870 1007 2907 est
1038 2860 1169 2925 quod
1205 2860 1495 2925 respondes,
1536 2862 1695 2925 regina
1734 2877 1833 2908 non
1873 2860 2029 2907 solum
2076 2859 2360 2918 hominum,
2416 2860 2498 2907 sed

370 2950 418 2989 et
446 2942 725 3006 angelorum
758 2959 813 2989 ex
850 2941 945 2988 hoc
971 2941 1158 2988 futura?
1186 2943 1291 2988 Non
1318 2941 1437 2989 dicis
1460 2960 1469 2988 ε
1502 2944 1621 2989 Ecce
1646 2952 1797 2990 mater
1821 2942 2037 2999 Domini,
2067 2941 2141 2989 vel
2165 2942 2306 2988 etiam
2329 2941 2499 2988 dilecta

370 3023 487 3083 Dei,
517 3023 591 3070 vel
611 3024 753 3070 etiam
779 3022 838 3070 ab
862 3023 966 3088 ipso
989 3022 1162 3082 electa,
1191 3040 1340 3087 quum
1366 3023 1427 3070 sis
1451 3022 1747 3088 singulariter
1765 3023 2025 3089 praeelecta.
2050 3025 2241 3080 Quanto
2268 3032 2313 3069 te
2339 3021 2400 3069 ad
2423 3040 2498 3069 su-

370 3102 590 3151 blimiora
610 3104 862 3169 promissio
887 3103 1061 3150 intollit
1083 3103 1294 3168 angelica
1309 3142 1319 3158 ‚
1350 3114 1484 3152 tanto
1503 3121 1690 3151 summa
1715 3103 1992 3151 humilitatis
2017 3103 2164 3151 virtus
2183 3113 2228 3150 te
2251 3101 2411 3166 dejicit
2437 3104 2498 3151 ad

370 3183 609 3230 inferiora.
648 3183 739 3231 Ubi
764 3183 987 3243 obsecro,
1022 3182 1138 3230 illud
1161 3193 1231 3230 est
1248 3183 1532 3231 honorabile
1556 3201 1735 3231 nomen
1759 3183 1892 3249 quod
1923 3184 2193 3248 unigenitus
2217 3193 2326 3231 tuus
2347 3183 2498 3232 fideli-

371 3262 461 3310 bus
491 3263 587 3311 suis
623 3263 828 3329 imponit
844 3299 856 3323 ,
885 3280 1036 3327 quum
1061 3262 1145 3311 ait'
1169 3281 1178 3309 :
1213 3282 1236 3308 «
1259 3266 1364 3311 Jam
1389 3266 1489 3311 non
1514 3264 1670 3312 dicam
1694 3281 1777 3312 vos
1802 3281 1988 3325 servos,
2018 3263 2102 3312 sed
2126 3263 2334 3311 amicos?
2356 3284 2379 3308 »
2419 3264 2498 3312 llle

419 3440 429 3457 ¹
455 3441 571 3480 Pron„
587 3451 661 3484 cap.
684 3451 735 3482 m,
753 3451 786 3474 v.
807 3442 858 3474 18.
874 3458 916 3465 -
932 3440 945 3457 '
962 3440 1072 3481 Joan.,
1092 3449 1164 3484 cap.
1187 3450 1242 3482 xv,
1259 3451 1292 3474 v.
1314 3442 1364 3473 15.
