2970 4152
472 466 567 513 308

520 558 694 604 Quorum
712 556 836 592 statim
855 554 992 591 chorus
1010 566 1086 591 non
1108 554 1253 592 modica

521 617 645 664 Hujus
662 623 766 652 ortus
788 614 916 651 eduxit
936 613 1081 663 gaudia.

525 717 734 753 Defuerunt
753 715 919 752 fortassis
933 714 1064 751 balnea
1073 742 1083 758 ‚

522 777 595 814 Sed
611 789 723 826 quam
740 776 863 812 lavent
880 787 955 811 non
973 783 1054 812 erat
1069 775 1225 813 macula.

523 838 607 874 Non
625 844 681 874 est
698 836 806 873 dolor
823 849 935 886 quem
954 836 1016 873 illa
1046 836 1229 884 relevent,

524 898 600 934 Nec
620 898 778 933 scissura
793 909 905 946 quam
924 896 987 933 illa
1004 904 1193 946 reparent.

524 998 568 1033 In
585 996 737 1033 excelsis
752 997 800 1033 sit
818 997 897 1033 Deo
916 996 1051 1045 gloria,

525 1059 630 1094 Pacis
648 1058 687 1093 in
706 1065 805 1094 terra
822 1056 980 1102 foedera,

527 1119 653 1166 Quam
670 1131 782 1167 super
795 1118 856 1154 his
876 1129 982 1154 voces
1004 1118 1176 1166 angelicae

525 1180 745 1216 Decantasse
762 1185 969 1216 noscuntur
986 1177 1112 1215 hodie.
1160 1173 1162 1175 ¹

1235 1239 1350 1274 Amnis.

930 1351 1054 1389 XXX.

528 1447 597 1483 Dei
617 1448 732 1496 patris
748 1454 787 1483 et
804 1447 932 1483 matris
950 1446 1100 1490 unicus,

526 1507 572 1543 In
591 1518 751 1556 praesepe
767 1519 836 1556 pro
855 1507 962 1542 cunis
979 1506 1121 1555 positus
1132 1532 1141 1548 ‚

525 1567 727 1616 Angustias
744 1567 914 1616 praesepis
934 1567 1109 1610 sustinet,

529 1627 652 1673 Quem
671 1627 833 1664 ambitus
850 1626 932 1662 coeli
948 1638 1024 1662 non
1042 1625 1221 1662 continet.

530 1725 726 1773 Excipitur
749 1724 810 1761 vili
827 1725 1001 1773 tugurio,

528 1787 605 1833 Qui
624 1785 795 1835 praesidet
811 1785 893 1821 coeli
910 1784 1060 1834 palatio.

530 1848 625 1894 Quis
648 1858 759 1895 super
777 1847 869 1892 hoc,
889 1846 972 1895 quis
993 1858 1066 1882 non
1086 1845 1283 1893 obstupeat
1296 1845 1312 1878 ?

530 1908 645 1955 Cujus
663 1915 825 1944 mentem
843 1907 916 1943 hoc
933 1919 1007 1943 non
1033 1906 1294 1942 commoneat?

531 2009 678 2056 Pauper
696 2008 815 2054 Deus,
836 2007 914 2043 imo
930 2007 1192 2055 pauperrimus
1203 2035 1213 2049 ,

529 2068 589 2105 Sic
607 2068 724 2103 factus
741 2074 796 2103 est
812 2079 880 2115 pro
900 2067 1008 2102 nobis
1024 2065 1210 2102 omnibus.

532 2129 623 2174 Quae
642 2134 729 2163 sunt
748 2133 888 2176 grates,
909 2138 989 2175 quae
1007 2125 1207 2162 retributio

533 2188 653 2235 Super
668 2188 750 2224 istis
768 2201 786 2223 a
803 2187 912 2223 nobis
927 2187 1088 2223 Domino
1103 2187 1119 2221 ?

533 2289 576 2324 In
597 2288 748 2336 praesepi
768 2287 887 2336 vagit,
908 2294 950 2322 ut
965 2285 1159 2335 parvulus,

534 2348 609 2395 Qui
625 2347 792 2384 concutit
811 2347 946 2384 coelum
961 2346 1191 2390 tonitrubus;

534 2408 700 2445 Stratum
719 2408 835 2444 habet
852 2408 942 2444 soeui
967 2407 1161 2456 reliquias,

537 2469 611 2515 Qui
632 2468 783 2516 regib'us
799 2468 959 2516 largitur
976 2478 1175 2515 purpuras.

537 2568 742 2605 Bestiarum
761 2568 922 2604 infertur
939 2567 1074 2616 pabulo

534 2629 766 2677 Angelorum
783 2629 860 2677 ipsa
880 2628 1044 2664 refectio.

536 2691 655 2726 Instat
672 2689 760 2726 inde
779 2701 867 2738 grex
884 2688 1121 2732 animalium,

536 2751 635 2787 Hinc
650 2750 771 2799 angeli
789 2750 955 2798 praehent
976 2749 1211 2797 obsequium.

539 2852 582 2887 In
600 2850 753 2887 excelsis
768 2851 816 2886 sit
834 2849 914 2885 Deo
932 2848 1070 2897 gloria,
1090 2854 1162 2883 etc.

929 2956 1074 2992 XXXI.

541 3055 662 3099 Quam
680 3053 830 3088 beatum
852 3058 1008 3088 stratum
1026 3050 1099 3086 hoc
1116 3049 1305 3085 straminis

542 3115 670 3150 Tantae
692 3114 788 3150 latus
801 3113 903 3163 quod
921 3112 1053 3161 pressit
1071 3110 1247 3159 virginis,

542 3173 628 3218 Quo
654 3173 826 3220 parvulus
842 3184 995 3209 nascens
1011 3171 1217 3219 excipitur,

541 3233 658 3280 Cujus
675 3233 792 3281 palma
813 3233 947 3269 coelum
967 3230 1228 3268 concluditur!

543 3327 588 3361 In
605 3326 730 3361 sericis
748 3326 883 3372 reginae
903 3332 1037 3360 caeterae

545 3387 698 3422 Summo
715 3385 834 3421 solent
851 3384 978 3421 dolore
994 3396 1137 3433 parere.

545 3508 555 3524 ¹
583 3508 637 3541 Sic
653 3506 731 3541 Cod.
747 3524 770 3531 -
793 3508 872 3547 Quae
888 3505 1063 3540 delendum
1079 3515 1151 3538 esse
1165 3504 1307 3538 videtur.
1332 3521 1373 3528 --
1405 3502 1417 3520 ⁸
1434 3502 1622 3537 Membrana
1636 3501 1700 3536 hoc
1716 3501 1790 3534 loco
1806 3500 1853 3533 sic
1864 3498 2009 3533 ,contrita
2022 3503 2092 3539 est,
2107 3503 2143 3531 ut
2157 3495 2272 3531 litterae
2297 3491 2497 3528 intermediae
2528 3488 2617 3523 nullo

500 3562 597 3596 modo
613 3560 677 3604 legi
693 3560 827 3605 possint.

1273 461 1444 509 PETRI
1481 462 1790 512 ABAELARDI
1846 487 1850 490 ·

1609 557 1707 594 Vilis
1725 559 1831 595 strati
1849 557 1979 594 beatus
1992 557 2150 594 lectulus

1579 654 1586 669 x
1610 616 1726 654 Omni
1743 618 1859 655 fuerit
1877 617 2007 654 dolore
2023 618 2184 654 nescius.

1609 717 1757 766 Regum
1775 718 1872 754 natis
1889 718 1928 753 in
1947 717 2122 754 alimonia

1609 776 1705 812 Sunt
1718 777 1868 813 subacta
1884 777 2075 813 nutricum
2091 775 2217 813 ubera.

1610 836 1803 873 Educatur
1814 837 1910 873 lacte
1927 837 2096 886 virgineo
2106 865 2116 882 ,

1612 898 1730 946 Virgo
1746 897 1870 934 clauso
1885 910 1998 947 quem
2015 896 2118 933 fudit
2135 904 2255 936 utero.

1611 996 1716 1032 Nulli
1739 1008 1872 1045 regum
1890 996 1989 1032 inter
2006 1002 2064 1031 tot
2080 995 2228 1044 epulas,

1611 1058 1717 1093 Inter
1735 1063 1855 1092 tantas
1870 1063 1909 1092 et
1926 1063 1983 1092 tot
2000 1055 2170 1101 delicias,

1612 1117 1840 1153 Concessum
1857 1123 1912 1152 est
1927 1123 1970 1152 ut
1986 1115 2081 1152 lacte
2103 1115 2260 1164 virginis

1613 1177 1710 1224 Quis
1727 1176 1774 1213 de
1790 1177 1866 1212 suis
1884 1175 2005 1212 alatur
2023 1174 2198 1224 parvulis.

1613 1272 1735 1320 Virgo
1751 1283 1894 1320 pauper
1916 1271 2082 1307 fortassis
2099 1270 2236 1315 esurit,

1615 1332 1706 1378 Quae
1723 1331 1919 1380 parvulum
1938 1330 2012 1366 hoc
2029 1329 2123 1366 lacte
2147 1329 2280 1365 reficit.

1614 1391 1775 1440 Stupent
1792 1391 1889 1436 coeli,
1909 1390 2095 1426 mirantur
2112 1388 2235 1438 angeli
2248 1417 2257 1434 ,

1618 1450 1812 1500 Obsequio
1827 1450 1997 1486 laetantis
2015 1447 2148 1484 seduli.

1618 1551 1663 1585 In
1679 1548 1830 1585 excelsis
1846 1548 1894 1584 sit
1913 1547 1992 1583 Deo
2006 1546 2138 1595 gloria,
2155 1552 2227 1581 etc.

1999 1652 2151 1688 XXXII
2158 1679 2166 1688 .

1618 1750 1766 1795 Gaude,
1785 1750 1891 1796 virgo
1909 1749 2099 1798 virginum
2116 1746 2255 1795 gloria,

1620 1811 1786 1847 Matrum
1803 1809 1917 1845 decus
1935 1816 1973 1846 et
1993 1815 2130 1853 mater,
2147 1806 2286 1855 jubila,

1623 1871 1713 1918 Quae
1730 1881 1930 1906 commune
1949 1876 2162 1905 sanctorum
2179 1867 2348 1904 omnium

1620 1932 1793 1969 Meruisti
1809 1930 1979 1967 conferre
1996 1929 2188 1979 gaudium.

1618 2026 1846 2064 patriarchis
1865 2026 2000 2062 sanctis
2017 2038 2060 2060 ac
2077 2024 2228 2073 regibus

1620 2088 1674 2124 Te
1692 2087 1805 2123 filiam
1827 2086 2001 2135 promisit
2018 2085 2222 2129 Dominus;

1621 2147 1676 2182 Te
1694 2146 1858 2194 figurant
1870 2145 1963 2194 legis
1980 2145 2174 2194 aenigmata
2189 2173 2197 2188 ,

1621 2206 1895 2254 Prophetarum
1914 2212 2053 2241 canunt
2070 2203 2230 2241 oracula.

1624 2302 1679 2337 Te
1703 2301 1902 2350 requirunt
1919 2307 2002 2335 vota
2019 2298 2184 2335 fidelium
2195 2328 2205 2343 ,

1627 2361 1685 2398 Ad
1703 2368 1741 2397 te
1758 2360 1871 2396 corda
1888 2361 2077 2408 suspirant
2094 2359 2262 2396 omnium
2278 2374 2287 2403 ;

1627 2423 1687 2458 Tu
1705 2433 1786 2470 spes
1812 2427 1937 2456 nostra
1954 2427 2037 2468 post
2061 2419 2182 2456 Deum
2199 2418 2307 2455 unica
2319 2445 2328 2460 ‚

1626 2482 1813 2519 Advocata
1833 2480 1942 2517 nobis
1958 2492 1996 2516 es
2014 2480 2147 2528 posita.

1628 2582 1688 2619 Ad
1701 2582 1840 2630 judicis
1857 2588 2016 2617 matrem
2039 2579 2283 2627 confugiunt,

1626 2643 1704 2689 Qui
1718 2641 1859 2690 judicis
1882 2642 1977 2677 iram
1995 2639 2195 2687 effugiunt.

1625 2703 1717 2749 Quae
1733 2701 1942 2750 supplicare
1960 2712 2030 2748 pro
2047 2699 2101 2735 eis
2118 2698 2267 2747 cogitur
2280 2698 2306 2741 ¹,

1624 2763 1717 2808 Quae
1736 2773 1802 2809 pro
1821 2761 1894 2797 reis
1912 2767 2031 2796 mater
2044 2758 2215 2796 efficitur.

1625 2856 1661 2893 O
1682 2856 1740 2904 pia
1748 2881 1942 2893 .............
1962 2855 2076 2891 ietas!
2096 2853 2194 2889 filius

1623 2915 1685 2952 Ad
1701 2917 1774 2952 hoc
1795 2916 1937 2964 gignit,
1955 2914 2002 2950 ad
2018 2914 2092 2950 hoc
2108 2919 2164 2950 est
2182 2911 2345 2959 genitus,

1626 2977 1680 3013 Ut
1697 2976 1885 3012 salventur
1903 2975 1998 3012 servi
2015 2972 2210 3023 per.......’
2225 2973 2233 3007 !

1628 3037 1750 3083 Quam
1768 3036 1919 3072 exhibet
1937 3036 2014 3071 haec
2031 3034 2111 3070 dies
2126 3033 2338 3068 maximam.

1631 3132 1674 3166 In
1692 3129 1845 3166 excelsis
1864 3129 1912 3166 sit
1930 3129 2010 3165 Deo
2027 3126 2164 3177 gloria,
2183 3132 2255 3162 etc.

2001 3232 2188 3271 XXXIII.

1679 3323 1918 3359 Nasciturum
1938 3322 2013 3358 sive
2030 3326 2160 3356 natum

1701 3382 1796 3419 Coeli
1814 3394 1942 3429 regem
1959 3387 1998 3417 et
2012 3386 2120 3416 terrae
