2970 4152
878 408 999 455 CUM
1031 406 1203 454 PETRI
1238 406 1550 454 ABAELARDI
1579 406 2012 454 SOLUTIONIBUS.
2420 412 2513 459 247

388 514 435 552 et
450 505 650 570 ipsemet
674 504 738 551 ait
753 507 765 530 ¹
788 522 798 550 :
831 502 1096 566 «Majorem
1114 500 1240 548 hanc
1257 500 1562 548 dilectionem
1587 517 1731 549 nemo
1758 499 1903 548 habet
1920 536 1933 560 ,
1963 510 2014 547 ut
2040 500 2250 549 animam
2274 518 2410 550 suam
2428 521 2514 569 po-

386 594 470 632 nat
495 585 602 649 quis
629 601 718 650 pro
744 584 909 631 amicis
939 583 1051 630 suis.
1089 601 1112 626 »
1144 585 1195 628 ln
1216 581 1325 628 ‘hoc
1354 581 1501 629 etiam
1522 590 1858 628 testamentum
1889 581 1984 628 hoc
2019 581 2343 642 confirmavit,
2382 586 2514 648 quod

385 680 475 730 pro
500 664 719 713 doctrina
742 663 1022 729 evangelicae
1043 661 1391 728 praedicationis
1418 677 1567 725 usque
1599 660 1660 708 ad
1687 671 1892 707 mortem
1916 662 2117 726 perstitit
2133 697 2145 721 ,
2186 672 2232 709 et
2262 663 2515 710 moriendo

386 746 695 802 monstravit,
739 744 871 808 quod
898 742 1142 790 nascendo
1165 759 1264 788 non
1290 742 1448 807 potuit
1470 760 1479 786 :
1514 742 1634 788 sicut
1661 751 1705 788 et
1733 741 1811 787 ille
1846 742 1929 805 qui
1958 752 2297 790 testamentum·
2320 743 2513 808 aliquod

385 825 481 871 suis
501 824 770 873 haeredibus
795 824 1076 888 componit,
1105 822 1224 869 dum
1248 823 1297 869 in
1325 821 1521 887 pristina
1552 821 1796 868 voluntate
1820 832 2090 885 perseverat
2120 824 2353 884 moriens,
2376 834 2516 871 testa-

386 915 601 952 mentum
634 922 774 952 suum
802 903 1056 951 confirmat
1074 940 1086 962 ,
1129 903 1263 967 quod
1297 918 1602 967 nequaquam
1632 901 1797 949 delens
1815 937 1827 959 ,
1868 901 1942 948 vel
1971 902 2021 948 in
2046 902 2206 967 aliquo
2235 905 2476 968 corrigens
2496 942 2508 964 ‚

320 1011 325 1015 -
382 984 541 1048 ipsum
578 985 778 1031 omnino
813 994 928 1030 ωηο
967 982 1180 1029 roborat.
1211 970 1350 1029 Unde
1378 982 1501 1030 bene
1529 982 1718 1046 sanguis
1748 982 1943 1028 Domini
1975 983 2135 1046 potius
2165 1000 2310 1047 quam
2338 1001 2513 1050 corpus

383 1063 483 1126 ejus
523 1065 638 1112 novi
673 1064 972 1121 testamenti,
1005 1073 1058 1110 ut
1090 1063 1323 1121 diximus,
1363 1063 1514 1110 fuerat
1543 1062 1791 1110 dicenduS.
1838 1061 1961 1109 lllud
1998 1072 2157 1110 autem
2196 1065 2330 1128 quod
2368 1067 2462 1113 ait²
2496 1103 2505 1112 .

385 1162 409 1187 «
426 1145 532 1191 Non
555 1143 719 1192 bibam
738 1143 915 1190 amodo
933 1142 993 1190 de
1010 1142 1104 1189 hoc
1121 1143 1361 1206 genimine
1378 1143 1487 1189 vitis
1506 1158 1657 1206 usque
1679 1142 1729 1189 in
1749 1140 1879 1188 diem
1897 1141 2031 1188 illum
2050 1159 2201 1206 quum
2214 1144 2332 1191 illud
2348 1144 2509 1192 bibam

380 1222 629 1272 vobiscum
652 1240 836 1271 novum
859 1223 909 1270 in
934 1239 1083 1287 regno
1111 1223 1259 1269 Patris
1286 1223 1406 1282 mei,
1432 1241 1455 1266 »
1489 1222 1556 1269 sic
1581 1221 1815 1285 intelligo,
1841 1231 2070 1285 tanquam
2097 1223 2136 1269 si
2163 1223 2341 1271 diceret
2368 1242 2378 1270 :
2402 1228 2508 1272 Non

379 1302 630 1352 celebrabo
669 1303 867 1351 ulterius
896 1303 944 1350 in
985 1312 1282 1349 sacramento
1310 1303 1584 1367 passionem
1615 1302 1769 1349 carnis
1794 1318 1936 1361 meae,
1968 1301 2125 1349 donec
2155 1302 2205 1349 id
2228 1303 2397 1351 faciam
2424 1321 2509 1351 vo·

377 1381 563 1431 hiscum
593 1392 820 1448 tanquam
842 1398 1026 1429 novum
1050 1382 1100 1429 in
1128 1399 1276 1446 regno
1305 1383 1452 1428 Patris
1476 1383 1588 1429 mei.
1618 1384 1977 1429 Sacramentum
2001 1382 2180 1447 quippe
2205 1382 2378 1431 Christi
2396 1392 2509 1431 tunc

377 1463 511 1526 quasi
549 1478 731 1510 novum
773 1456 1005 1524 sumitur,
1051 1479 1202 1526 quum
1241 1463 1399 1527 ipsum
1438 1472 1678 1510 sumentes
1714 1462 1857 1527 plena
1899 1461 2022 1521 fide,
2064 1462 2344 1510 accedentes
2380 1464 2509 1529 ipsos

377 1541 602 1602 innovat,
631 1551 678 1589 et
702 1559 729 1589 a
764 1543 911 1590 veteri
935 1543 1159 1602 homine,
1187 1558 1332 1606 quem
1359 1558 1446 1607 per
1482 1543 1904 1606 transgressionem
1938 1542 2212 1601 imitantur,
2241 1543 2289 1590 in
2324 1560 2505 1592 novum

375 1630 688 1682 transmutat,
717 1623 836 1670 dum
862 1624 1020 1689 ipsum
1046 1640 1132 1688 per
1155 1622 1479 1670 obedientiam
1518 1639 1667 1688 usque
1701 1622 1763 1669 ad
1797 1632 2003 1670 mortem
2039 1624 2174 1687 sequi
2198 1633 2309 1671 sunt
2332 1625 2499 1689 parati.

376 1702 551 1759 Quales
574 1719 879 1768 nequaquam
906 1715 1021 1751 tunc
1044 1704 1244 1751 aderant
1262 1703 1480 1769 discipuli
1497 1704 1546 1750 in
1566 1703 1661 1751 fide
1682 1703 1840 1750 adhuc
1856 1705 2086 1763 maxime,
2111 1715 2157 1752 et
2172 1722 2230 1752 eo
2250 1706 2480 1770 temporis
2493 1709 2505 1729 ³

375 1781 574 1828 articulo
599 1783 903 1847 potissimum
934 1784 1138 1844 infirmi,
1170 1800 1260 1830 nec
1285 1783 1443 1831 adhuc
1473 1784 1521 1830 in
1548 1800 1696 1847 regno
1722 1784 1810 1830 Dei
1836 1783 2020 1843 traditi,
2047 1794 2100 1830 ut
2123 1785 2172 1830 in
2199 1784 2265 1831 eis
2286 1784 2505 1832 videlicet

374 1871 592 1924 regnaret
618 1865 747 1910 Deus
763 1899 776 1923 ,
807 1864 884 1911 cui
911 1863 1132 1911 nondum
1159 1863 1394 1911 soliditate
1424 1863 1536 1911 fidei
1571 1862 1875 1911 adhaerebant
1891 1899 1903 1923 ,
1938 1864 2039 1927 ejus
2069 1863 2286 1912 dominio
2313 1865 2503 1929 penitus

374 1939 566 1988 subditi.
592 1943 740 2000 Quasi
769 1960 883 2008 ergo
909 1954 1043 1991 vetus
1070 1954 1117 1991 et
1143 1960 1242 1991 non
1268 1960 1450 1992 novum
1477 1954 1593 1991 tunc
1620 1953 1908 2008 acceperunt
1933 1944 2091 2008 ipsum
2119 1954 2499 2004 sacramentum,

373 2030 420 2068 et
444 2031 672 2087 tanquam
700 2023 860 2072 adhuc
885 2034 1015 2072 extra
1040 2041 1242 2089 regnum
1271 2026 1360 2073 Dei
1387 2033 1635 2072 manentes
1669 2042 1678 2070 :
1719 2024 1831 2087 quia
1867 2024 2089 2071 nondum
2114 2024 2163 2070 in
2184 2027 2287 2071 Deo
2319 2025 2386 2072 sic
2420 2041 2501 2072 eos

371 2103 639 2150 constantia
667 2102 780 2151 fidei
807 2104 1198 2164 confirmaverat,
1231 2114 1283 2152 ut
1306 2105 1402 2152 hoc
1426 2103 1738 2170 percipiendo
1770 2104 1883 2150 novi
1909 2103 2011 2167 jam
2039 2102 2171 2163 facti,
2205 2113 2502 2151 mererentur

370 2180 419 2229 in
442 2183 654 2232 novitate
674 2183 753 2232 illa
780 2185 845 2232 ita
870 2185 990 2232 sicut
1017 2195 1126 2251 post
1154 2186 1555 2233 resurrectionem
1577 2183 1867 2232 confirmari.
1899 2183 2033 2231 Bibet
2066 2193 2180 2230 tunc
2207 2183 2420 2232 Christus
2445 2184 2504 2231 de

369 2260 464 2309 hoc
485 2264 724 2327 genimine
749 2265 857 2313 vitis
885 2282 996 2313 cum
1021 2266 1114 2325 eis,
1149 2265 1199 2313 id
1236 2275 1337 2325 est,
1366 2266 1427 2314 de
1455 2265 1685 2330 sanguine
1709 2281 1798 2312 suo
1815 2300 1828 2324 ,
1858 2265 1941 2329 qui
1972 2274 2042 2312 est
2068 2265 2175 2312 vitis
2202 2281 2371 2312 eorum
2400 2274 2502 2312 tan-

369 2358 514 2406 quam
537 2344 789 2409 palmitum
805 2381 817 2405 ,
843 2363 995 2410 quum
1019 2346 1108 2394 illis
1135 2346 1278 2411 digne
1304 2356 1601 2394 sacramenta
1631 2363 1726 2393 suae
1755 2345 1988 2411 passionis
2006 2345 2498 2404 communicantibus,

368 2423 435 2470 sic
458 2423 573 2472 inde
603 2425 730 2474 sitim‘
756 2443 893 2475 suam
915 2427 964 2476 in
992 2427 1105 2492 ipsis
1132 2426 1327 2475 reficiet.
1357 2427 1452 2485 Qui
1477 2427 1606 2475 enim
1630 2427 1831 2475 salutem
1851 2426 2106 2474 hominum
2122 2425 2218 2474 sitit
2238 2426 2312 2474 vel
2331 2426 2494 2484 esurit,

368 2512 483 2552 tunc
507 2503 568 2551 de
592 2505 693 2570 ipsa
717 2506 927 2555 reficitur
944 2542 957 2568 ,
985 2524 1135 2572 quum
1161 2524 1268 2555 eam
1299 2507 1485 2573 impleri
1503 2507 1701 2555 laetatur.
1731 2508 1956 2555 Fortassis
1977 2516 2023 2554 et
2045 2523 2103 2554 ex
2121 2506 2217 2554 hoc
2232 2523 2498 2555 sacramen-

365 2593 467 2633 tum
493 2583 746 2633 dominicae
770 2587 1003 2652 passionis
1023 2588 1159 2651 quasi
1181 2597 1315 2635 vetus
1333 2596 1443 2634 ante
1468 2588 1866 2635 resurrectionem
1897 2586 2048 2635 extitit
2067 2621 2079 2644 ,
2110 2595 2158 2634 et
2181 2585 2493 2651 postmodum

367 2679 549 2712 novum
577 2664 692 2714 fuit:
725 2666 838 2731 quia
867 2683 1018 2731 quum
1046 2666 1204 2715 adhuc
1230 2666 1451 2732 passibile
1476 2683 1652 2732 corpus
1680 2676 1726 2714 et
1749 2666 2059 2732 corruptibile
2085 2665 2160 2714 vel
2186 2665 2388 2714 mortale
2413 2683 2495 2730 ge-

367 2754 538 2805 staret,
577 2747 725 2794 veteri
759 2746 947 2795 homini
982 2764 1069 2813 per
1091 2747 1186 2795 hoc
1225 2747 1388 2795 similis
1419 2747 1532 2806 fuit,
1576 2756 1833 2812 antequam
1859 2746 2151 2811 resurgendo
2183 2746 2245 2794 de
2279 2745 2370 2794 hac
2401 2746 2495 2794 vita

366 2825 544 2888 poenali
581 2825 643 2873 ad
672 2827 933 2875 novitatem
968 2827 1134 2875 futurae
1165 2827 1450 2892 perveniret.
1482 2829 1610 2874 Dum
1635 2843 1749 2891 ergo
1774 2826 1986 2874 mortalis
2016 2826 2130 2885 fuit,
2162 2835 2210 2873 et
2235 2841 2285 2873 se
2315 2824 2458 2873 talem
2478 2862 2490 2885 ‚

366 2904 519 2968 qualis
543 2915 657 2954 tunc
684 2917 808 2968 erat,
841 2908 892 2956 in
920 2917 1217 2956 sacramento
1244 2906 1377 2955 dedit
1402 2925 1412 2954 ε
1445 2906 1811 2971 quodammodo
1837 2916 1971 2955 vetus
1995 2916 2042 2955 et
2066 2922 2165 2954 non
2197 2921 2379 2953 novum
2408 2905 2494 2954 fuit

366 2983 484 3033 illud
503 2985 787 3034 sacrificium
813 2988 1172 3053 comparatione
1197 2987 1417 3036 videlicet
1447 2988 1587 3048 novi,
1622 2987 1758 3052 quod
1783 3003 1914 3034 nunc
1938 2987 1988 3036 in
2012 2985 2307 3033 humanitate
2343 2985 2488 3035 sumi-

366 3080 473 3113 mus
495 3065 754 3115 immortali
772 3067 872 3131 jam
897 3078 945 3116 et
969 3068 1333 3134 incorruptibili.
1367 3071 1516 3116 Lucas
1544 3085 1658 3116 vero
1683 3069 1748 3117 ait
1763 3070 1776 3094 ⁴
1802 3086 1812 3115 ε
1846 3088 1870 3113 «
1893 3067 1979 3116 Hic
2007 3066 2128 3115 calix
2150 3081 2333 3113 novum
2353 3075 2491 3114 testa-

365 3155 582 3194 mentum
610 3157 680 3195 est
704 3148 754 3194 in
779 3149 1007 3213 sanguine
1033 3165 1169 3209 meo,
1196 3168 1219 3193 υ
1248 3148 1299 3197 id
1324 3158 1394 3197 est
1423 3158 1618 3215 pactum
1644 3148 1720 3196 vel
1745 3147 2000 3214 promissio
2022 3146 2159 3194 vobis
2179 3162 2208 3193 a
2223 3148 2327 3193 Deo
2350 3145 2486 3206 facta,

365 3223 426 3272 de
453 3235 608 3274 vestra
635 3227 812 3276 scilicet
851 3228 1183 3294 redemptione
1207 3229 1257 3276 in
1283 3245 1390 3278 mea
1414 3229 1650 3295 passione.
1686 3228 1778 3276 Ubi
1810 3228 1941 3277 enim
1967 3243 2059 3276 nos
2085 3225 2318 3276 habemus
2353 3235 2491 3275 testa·

406 3430 416 3447 ¹
431 3430 543 3472 Joan„
558 3442 632 3477 cap.
650 3444 706 3474 xv,
722 3443 756 3467 v.
778 3434 832 3468 13.
847 3452 889 3458 —
905 3433 919 3452 ⁸
935 3434 1064 3474 Matth..
1086 3445 1161 3479 cap.
1183 3446 1280 3476 xxvi,
1297 3446 1330 3470 v.
1350 3436 1406 3469 29.
1420 3451 1466 3463 -
1480 3435 1493 3454 ⁸
1507 3434 1590 3469 Cod.
1608 3436 1654 3469 Et
1669 3445 1690 3467 α
1707 3436 1857 3477 tempori-5
1876 3432 1963 3468 Edd.
1982 3431 2080 3467 Δηὼ.
2095 3449 2137 3457 -
2151 3431 2166 3450 ⁴
2182 3432 2278 3474 Luc..
2301 3440 2375 3476 cap.
2396 3439 2465 3464 xm
2478 3454 2487 3472 ‚

363 3499 394 3522 v.
416 3490 471 3522 20.
