<?xml version="1.0" encoding="UTF-8"?>
<!DOCTYPE html PUBLIC "-//W3C//DTD XHTML 1.0 Transitional//EN"
    "http://www.w3.org/TR/xhtml1/DTD/xhtml1-transitional.dtd">
<html xmlns="http://www.w3.org/1999/xhtml" xml:lang="en" lang="en">
 <head>
  <title>
</title>
<meta http-equiv="Content-Type" content="text/html;charset=utf-8" />
  <meta name='ocr-system' content='tesseract 3.04.00' />
  <meta name='ocr-capabilities' content='ocr_page ocr_carea ocr_par ocr_line ocrx_word'/>
</head>
<body>
  <div class='ocr_page' id='page_1' title='image "./operahactenusseo01abeluoft_0128.png"; bbox 0 0 2970 4152; ppageno 0'>
   <div class='ocr_carea' id='block_1_1' title="bbox 545 442 2072 491">
    <p class='ocr_par' dir='ltr' id='par_1_1' title="bbox 545 442 2072 491">
     <span class='ocr_line' id='line_1_1' title="bbox 545 442 2072 491; baseline -0.001 0"><span class='ocrx_word' id='word_1_1' title='bbox 545 446 632 491; x_wconf 82' lang='grc'>116</span> <span class='ocrx_word' id='word_1_2' title='bbox 1119 443 1285 488; x_wconf 71' lang='lat' dir='ltr'>PETRI</span> <span class='ocrx_word' id='word_1_3' title='bbox 1324 442 1631 489; x_wconf 76' lang='lat' dir='ltr'><strong>ABAELARDI</strong></span> <span class='ocrx_word' id='word_1_4' title='bbox 1667 443 1739 489; x_wconf 86' lang='lat' dir='ltr'>ET</span> <span class='ocrx_word' id='word_1_5' title='bbox 1773 444 2072 489; x_wconf 75' lang='lat' dir='ltr'>HELOISSAE</span> 
     </span>
    </p>
   </div>
   <div class='ocr_carea' id='block_1_2' title="bbox 532 535 2659 1638">
    <p class='ocr_par' dir='ltr' id='par_1_2' title="bbox 532 535 2659 1638">
     <span class='ocr_line' id='line_1_2' title="bbox 540 535 2659 603; baseline -0.001 -17"><span class='ocrx_word' id='word_1_6' title='bbox 540 541 819 585; x_wconf 84' lang='lat' dir='ltr'>orationem.</span> <span class='ocrx_word' id='word_1_7' title='bbox 846 541 951 583; x_wconf 87' lang='lat' dir='ltr'>Haec</span> <span class='ocrx_word' id='word_1_8' title='bbox 970 552 1246 600; x_wconf 89' lang='lat' dir='ltr'>proponens</span> <span class='ocrx_word' id='word_1_9' title='bbox 1266 535 1508 596; x_wconf 80' lang='lat' dir='ltr'>fratribus,</span> <span class='ocrx_word' id='word_1_10' title='bbox 1537 537 1693 584; x_wconf 89' lang='lat' dir='ltr'>bonus</span> <span class='ocrx_word' id='word_1_11' title='bbox 1717 539 1808 584; x_wconf 90' lang='lat' dir='ltr'>eris</span> <span class='ocrx_word' id='word_1_12' title='bbox 1828 538 2039 583; x_wconf 76' lang='lat' dir='ltr'><strong>minister</strong></span> <span class='ocrx_word' id='word_1_13' title='bbox 2062 536 2231 583; x_wconf 76' lang='lat' dir='ltr'>Christi</span> <span class='ocrx_word' id='word_1_14' title='bbox 2250 539 2378 596; x_wconf 87' lang='lat' dir='ltr'>Jesu,</span> <span class='ocrx_word' id='word_1_15' title='bbox 2402 547 2447 583; x_wconf 87' lang='lat' dir='ltr'>et</span> <span class='ocrx_word' id='word_1_16' title='bbox 2466 539 2659 603; x_wconf 44' lang='lat' dir='ltr'>enutris</span> 
     </span>
     <span class='ocr_line' id='line_1_3' title="bbox 539 615 2645 681; baseline -0 -16"><span class='ocrx_word' id='word_1_17' title='bbox 539 629 611 665; x_wconf 86' lang='lat' dir='ltr'>tus</span> <span class='ocrx_word' id='word_1_18' title='bbox 637 619 790 665; x_wconf 88' lang='lat' dir='ltr'>verbis</span> <span class='ocrx_word' id='word_1_19' title='bbox 815 616 950 675; x_wconf 88' lang='lat' dir='ltr'>fidei,</span> <span class='ocrx_word' id='word_1_20' title='bbox 980 626 1026 662; x_wconf 91' lang='lat' dir='ltr'>et</span> <span class='ocrx_word' id='word_1_21' title='bbox 1049 615 1188 662; x_wconf 85' lang='lat' dir='ltr'>bonae</span> <span class='ocrx_word' id='word_1_22' title='bbox 1214 615 1463 676; x_wconf 82' lang='lat' dir='ltr'>doctrinae,</span> <span class='ocrx_word' id='word_1_23' title='bbox 1493 634 1637 681; x_wconf 89' lang='lat' dir='ltr'>quam</span> <span class='ocrx_word' id='word_1_24' title='bbox 1657 628 1895 664; x_wconf 87' lang='lat' dir='ltr'>assecutus</span> <span class='ocrx_word' id='word_1_25' title='bbox 1917 634 1979 663; x_wconf 86' lang='lat' dir='ltr'>es.</span> <span class='ocrx_word' id='word_1_26' title='bbox 2006 635 2028 660; x_wconf 88' lang='lat'>»</span> <span class='ocrx_word' id='word_1_27' title='bbox 2057 617 2172 673; x_wconf 90' lang='lat' dir='ltr'>Quis</span> <span class='ocrx_word' id='word_1_28' title='bbox 2192 616 2397 680; x_wconf 88' lang='lat' dir='ltr'>denique</span> <span class='ocrx_word' id='word_1_29' title='bbox 2413 620 2645 664; x_wconf 88' lang='lat' dir='ltr'>Joannem</span> 
     </span>
     <span class='ocr_line' id='line_1_4' title="bbox 537 691 2646 760; baseline 0 -17"><span class='ocrx_word' id='word_1_30' title='bbox 537 699 729 760; x_wconf 85' lang='lat' dir='ltr'>ejusque</span> <span class='ocrx_word' id='word_1_31' title='bbox 762 695 1016 759; x_wconf 86' lang='lat' dir='ltr'>discipulos</span> <span class='ocrx_word' id='word_1_32' title='bbox 1051 691 1333 741; x_wconf 83' lang='lat' dir='ltr'>abstinentia</span> <span class='ocrx_word' id='word_1_33' title='bbox 1369 697 1515 742; x_wconf 91' lang='lat' dir='ltr'>nimia</span> <span class='ocrx_word' id='word_1_34' title='bbox 1545 714 1593 742; x_wconf 91' lang='lat' dir='ltr'>se</span> <span class='ocrx_word' id='word_1_35' title='bbox 1633 706 1925 743; x_wconf 88' lang='lat' dir='ltr'>macerentes</span> <span class='ocrx_word' id='word_1_36' title='bbox 1959 696 2049 760; x_wconf 91' lang='lat' dir='ltr'>ipsi</span> <span class='ocrx_word' id='word_1_37' title='bbox 2074 695 2258 742; x_wconf 89' lang='lat' dir='ltr'>Christo</span> <span class='ocrx_word' id='word_1_38' title='bbox 2286 695 2480 760; x_wconf 90' lang='lat' dir='ltr'>ejusque</span> <span class='ocrx_word' id='word_1_39' title='bbox 2510 697 2646 743; x_wconf 89' lang='lat' dir='ltr'>disci·</span> 
     </span>
     <span class='ocr_line' id='line_1_5' title="bbox 539 775 2646 841; baseline 0 -18"><span class='ocrx_word' id='word_1_40' title='bbox 539 778 657 841; x_wconf 85' lang='lat' dir='ltr'>pulis</span> <span class='ocrx_word' id='word_1_41' title='bbox 695 778 742 822; x_wconf 92' lang='lat' dir='ltr'>in</span> <span class='ocrx_word' id='word_1_42' title='bbox 782 776 1007 839; x_wconf 84' lang='lat' dir='ltr'>religione</span> <span class='ocrx_word' id='word_1_43' title='bbox 1042 791 1139 821; x_wconf 91' lang='lat' dir='ltr'>non</span> <span class='ocrx_word' id='word_1_44' title='bbox 1176 775 1389 839; x_wconf 82' lang='lat' dir='ltr'>praeferat</span> <span class='ocrx_word' id='word_1_45' title='bbox 1410 812 1421 835; x_wconf 94' lang='lat'>,</span> <span class='ocrx_word' id='word_1_46' title='bbox 1469 778 1507 822; x_wconf 93' lang='lat' dir='ltr'>si</span> <span class='ocrx_word' id='word_1_47' title='bbox 1553 776 1850 840; x_wconf 79' lang='lat' dir='ltr'>corporalem</span> <span class='ocrx_word' id='word_1_48' title='bbox 1896 775 2089 823; x_wconf 90' lang='lat' dir='ltr'>oculum</span> <span class='ocrx_word' id='word_1_49' title='bbox 2124 775 2184 822; x_wconf 92' lang='lat' dir='ltr'>ad</span> <span class='ocrx_word' id='word_1_50' title='bbox 2220 776 2463 823; x_wconf 84' lang='lat' dir='ltr'>exterioris</span> <span class='ocrx_word' id='word_1_51' title='bbox 2503 775 2646 823; x_wconf 85' lang='lat' dir='ltr'>absti-</span> 
     </span>
     <span class='ocr_line' id='line_1_6' title="bbox 537 849 2647 921; baseline 0 -18"><span class='ocrx_word' id='word_1_52' title='bbox 537 857 705 903; x_wconf 83' lang='lat' dir='ltr'>nentiae</span> <span class='ocrx_word' id='word_1_53' title='bbox 741 854 956 901; x_wconf 86' lang='lat' dir='ltr'>intendat</span> <span class='ocrx_word' id='word_1_54' title='bbox 991 854 1330 902; x_wconf 86' lang='lat' dir='ltr'>exhibitionem</span> <span class='ocrx_word' id='word_1_55' title='bbox 1355 855 1398 899; x_wconf 73' lang='lat'>¹?</span> <span class='ocrx_word' id='word_1_56' title='bbox 1433 858 1502 903; x_wconf 92' lang='lat' dir='ltr'>De</span> <span class='ocrx_word' id='word_1_57' title='bbox 1531 873 1627 919; x_wconf 86' lang='lat' dir='ltr'>quo</span> <span class='ocrx_word' id='word_1_58' title='bbox 1662 849 1802 902; x_wconf 73' lang='lat' dir='ltr'>etiam</span> <span class='ocrx_word' id='word_1_59' title='bbox 1834 856 1920 919; x_wconf 89' lang='lat' dir='ltr'>ipsi</span> <span class='ocrx_word' id='word_1_60' title='bbox 1950 855 2168 921; x_wconf 90' lang='lat' dir='ltr'>discipuli</span> <span class='ocrx_word' id='word_1_61' title='bbox 2198 856 2392 902; x_wconf 85' lang='lat' dir='ltr'>Joannis</span> <span class='ocrx_word' id='word_1_62' title='bbox 2424 855 2647 903; x_wconf 86' lang='lat' dir='ltr'>adversus</span> 
     </span>
     <span class='ocr_line' id='line_1_7' title="bbox 535 934 2644 999; baseline 0.001 -19"><span class='ocrx_word' id='word_1_63' title='bbox 535 936 773 982; x_wconf 78' lang='lat' dir='ltr'>Christum</span> <span class='ocrx_word' id='word_1_64' title='bbox 814 945 860 981; x_wconf 88' lang='lat' dir='ltr'>et</span> <span class='ocrx_word' id='word_1_65' title='bbox 896 951 1007 980; x_wconf 87' lang='lat' dir='ltr'>suos</span> <span class='ocrx_word' id='word_1_66' title='bbox 1043 946 1415 994; x_wconf 79' lang='lat' dir='ltr'>murmurantes,</span> <span class='ocrx_word' id='word_1_67' title='bbox 1452 946 1678 999; x_wconf 84' lang='lat' dir='ltr'>tanquam</span> <span class='ocrx_word' id='word_1_68' title='bbox 1711 934 1868 982; x_wconf 87' lang='lat' dir='ltr'>adhuc</span> <span class='ocrx_word' id='word_1_69' title='bbox 1906 936 1951 981; x_wconf 91' lang='lat' dir='ltr'>in</span> <span class='ocrx_word' id='word_1_70' title='bbox 1985 935 2296 982; x_wconf 84' lang='lat' dir='ltr'>exterioribus</span> <span class='ocrx_word' id='word_1_71' title='bbox 2319 935 2644 998; x_wconf 80' lang='lat' dir='ltr'>judaizantes,</span> 
     </span>
     <span class='ocr_line' id='line_1_8' title="bbox 535 1015 2648 1080; baseline 0.001 -20"><span class='ocrx_word' id='word_1_72' title='bbox 535 1017 690 1080; x_wconf 91' lang='lat' dir='ltr'>ipsum</span> <span class='ocrx_word' id='word_1_73' title='bbox 716 1016 1126 1077; x_wconf 83' lang='lat' dir='ltr'>interrogaverunt</span> <span class='ocrx_word' id='word_1_74' title='bbox 1150 1015 1435 1073; x_wconf 88' lang='lat' dir='ltr'>Dominum,</span> <span class='ocrx_word' id='word_1_75' title='bbox 1465 1015 1699 1061; x_wconf 76' lang='lat' dir='ltr'>dicentes²</span> <span class='ocrx_word' id='word_1_76' title='bbox 1719 1033 1728 1059; x_wconf 77' lang='lat' dir='ltr'><strong><em>z</em></strong></span> <span class='ocrx_word' id='word_1_77' title='bbox 1757 1034 1778 1058; x_wconf 87' lang='lat'>«</span> <span class='ocrx_word' id='word_1_78' title='bbox 1803 1018 1961 1071; x_wconf 88' lang='lat' dir='ltr'>Quare</span> <span class='ocrx_word' id='word_1_79' title='bbox 1981 1031 2069 1061; x_wconf 91' lang='lat' dir='ltr'>nos</span> <span class='ocrx_word' id='word_1_80' title='bbox 2089 1025 2136 1061; x_wconf 90' lang='lat' dir='ltr'>et</span> <span class='ocrx_word' id='word_1_81' title='bbox 2152 1015 2648 1079; x_wconf 84' lang='lat' dir='ltr'>pharisaeijejunamus</span> 
     </span>
     <span class='ocr_line' id='line_1_9' title="bbox 534 1093 2648 1158; baseline 0.001 -18"><span class='ocrx_word' id='word_1_82' title='bbox 534 1095 830 1158; x_wconf 84' lang='lat' dir='ltr'>frequenter,</span> <span class='ocrx_word' id='word_1_83' title='bbox 854 1094 1074 1158; x_wconf 88' lang='lat' dir='ltr'>discipuli</span> <span class='ocrx_word' id='word_1_84' title='bbox 1092 1104 1249 1140; x_wconf 89' lang='lat' dir='ltr'>autem</span> <span class='ocrx_word' id='word_1_85' title='bbox 1267 1094 1336 1140; x_wconf 89' lang='lat' dir='ltr'>tui</span> <span class='ocrx_word' id='word_1_86' title='bbox 1361 1111 1460 1140; x_wconf 88' lang='lat' dir='ltr'>non</span> <span class='ocrx_word' id='word_1_87' title='bbox 1473 1093 1721 1156; x_wconf 79' lang='lat' dir='ltr'>jejunant?</span> <span class='ocrx_word' id='word_1_88' title='bbox 1744 1113 1766 1137; x_wconf 86' lang='lat'>»</span> <span class='ocrx_word' id='word_1_89' title='bbox 1786 1094 1929 1151; x_wconf 89' lang='lat' dir='ltr'>Quod</span> <span class='ocrx_word' id='word_1_90' title='bbox 1949 1094 2197 1158; x_wconf 85' lang='lat' dir='ltr'>diligenter</span> <span class='ocrx_word' id='word_1_91' title='bbox 2219 1095 2467 1142; x_wconf 85' lang='lat' dir='ltr'>attendens</span> <span class='ocrx_word' id='word_1_92' title='bbox 2481 1094 2648 1154; x_wconf 78' lang='lat' dir='ltr'>beatus</span> 
     </span>
     <span class='ocr_line' id='line_1_10' title="bbox 535 1173 2644 1238; baseline 0 -18"><span class='ocrx_word' id='word_1_93' title='bbox 535 1175 820 1238; x_wconf 82' lang='lat' dir='ltr'>Augustinus</span> <span class='ocrx_word' id='word_1_94' title='bbox 837 1210 847 1227; x_wconf 84' lang='grc'>,</span> <span class='ocrx_word' id='word_1_95' title='bbox 878 1184 922 1220; x_wconf 92' lang='lat' dir='ltr'>et</span> <span class='ocrx_word' id='word_1_96' title='bbox 948 1173 1064 1237; x_wconf 91' lang='lat' dir='ltr'>quid</span> <span class='ocrx_word' id='word_1_97' title='bbox 1082 1174 1205 1220; x_wconf 87' lang='lat' dir='ltr'>inter</span> <span class='ocrx_word' id='word_1_98' title='bbox 1230 1174 1453 1220; x_wconf 82' lang='lat' dir='ltr'>virtutem</span> <span class='ocrx_word' id='word_1_99' title='bbox 1474 1183 1520 1220; x_wconf 89' lang='lat' dir='ltr'>et</span> <span class='ocrx_word' id='word_1_100' title='bbox 1545 1174 1730 1220; x_wconf 84' lang='lat' dir='ltr'>virtutis</span> <span class='ocrx_word' id='word_1_101' title='bbox 1756 1174 2096 1221; x_wconf 73' lang='lat' dir='ltr'>exhibitionem</span> <span class='ocrx_word' id='word_1_102' title='bbox 2111 1174 2281 1221; x_wconf 88' lang='lat' dir='ltr'>referat</span> <span class='ocrx_word' id='word_1_103' title='bbox 2296 1173 2644 1237; x_wconf 76' lang='lat' dir='ltr'>distinguens⁸,</span> 
     </span>
     <span class='ocr_line' id='line_1_11' title="bbox 534 1253 2646 1319; baseline 0.001 -20"><span class='ocrx_word' id='word_1_104' title='bbox 534 1255 596 1301; x_wconf 87' lang='lat' dir='ltr'>ita</span> <span class='ocrx_word' id='word_1_105' title='bbox 614 1271 718 1318; x_wconf 85' lang='lat' dir='ltr'>quae</span> <span class='ocrx_word' id='word_1_106' title='bbox 735 1254 853 1300; x_wconf 88' lang='lat' dir='ltr'>fiunt</span> <span class='ocrx_word' id='word_1_107' title='bbox 874 1254 1077 1301; x_wconf 88' lang='lat' dir='ltr'>exterius</span> <span class='ocrx_word' id='word_1_108' title='bbox 1092 1264 1281 1318; x_wconf 87' lang='lat' dir='ltr'>pensat,</span> <span class='ocrx_word' id='word_1_109' title='bbox 1305 1263 1355 1300; x_wconf 92' lang='lat' dir='ltr'>ut</span> <span class='ocrx_word' id='word_1_110' title='bbox 1373 1253 1491 1299; x_wconf 92' lang='lat' dir='ltr'>nihil</span> <span class='ocrx_word' id='word_1_111' title='bbox 1507 1254 1686 1300; x_wconf 89' lang='lat' dir='ltr'>meritis</span> <span class='ocrx_word' id='word_1_112' title='bbox 1704 1254 2027 1319; x_wconf 84' lang='lat' dir='ltr'>superaddant</span> <span class='ocrx_word' id='word_1_113' title='bbox 2043 1271 2205 1319; x_wconf 90' lang='lat' dir='ltr'>opera.</span> <span class='ocrx_word' id='word_1_114' title='bbox 2227 1255 2300 1300; x_wconf 86' lang='lat' dir='ltr'>Ait</span> <span class='ocrx_word' id='word_1_115' title='bbox 2318 1254 2496 1319; x_wconf 84' lang='lat' dir='ltr'>quippe</span> <span class='ocrx_word' id='word_1_116' title='bbox 2514 1254 2583 1301; x_wconf 92' lang='lat' dir='ltr'>sic</span> <span class='ocrx_word' id='word_1_117' title='bbox 2598 1254 2646 1301; x_wconf 91' lang='lat' dir='ltr'>in</span> 
     </span>
     <span class='ocr_line' id='line_1_12' title="bbox 532 1333 2643 1399; baseline 0 -19"><span class='ocrx_word' id='word_1_118' title='bbox 532 1334 653 1380; x_wconf 89' lang='lat' dir='ltr'>libro</span> <span class='ocrx_word' id='word_1_119' title='bbox 679 1334 735 1380; x_wconf 83' lang='lat' dir='ltr'>de</span> <span class='ocrx_word' id='word_1_120' title='bbox 759 1338 891 1380; x_wconf 82' lang='lat' dir='ltr'>Bono</span> <span class='ocrx_word' id='word_1_121' title='bbox 916 1333 1180 1398; x_wconf 69' lang='lat' dir='ltr'>conjugali&#39;*</span> <span class='ocrx_word' id='word_1_122' title='bbox 1206 1353 1214 1378; x_wconf 77' lang='grc' dir='ltr'>ε</span> <span class='ocrx_word' id='word_1_123' title='bbox 1254 1353 1276 1378; x_wconf 90' lang='lat'>«</span> <span class='ocrx_word' id='word_1_124' title='bbox 1298 1334 1622 1393; x_wconf 86' lang='lat' dir='ltr'>Continentia,</span> <span class='ocrx_word' id='word_1_125' title='bbox 1658 1351 1756 1382; x_wconf 90' lang='lat' dir='ltr'>non</span> <span class='ocrx_word' id='word_1_126' title='bbox 1786 1335 2027 1399; x_wconf 81' lang='lat' dir='ltr'>corporiS,</span> <span class='ocrx_word' id='word_1_127' title='bbox 2059 1334 2144 1381; x_wconf 90' lang='lat' dir='ltr'>sed</span> <span class='ocrx_word' id='word_1_128' title='bbox 2179 1335 2348 1382; x_wconf 87' lang='lat' dir='ltr'>animae</span> <span class='ocrx_word' id='word_1_129' title='bbox 2384 1335 2531 1381; x_wconf 89' lang='lat' dir='ltr'>virtus</span> <span class='ocrx_word' id='word_1_130' title='bbox 2557 1343 2643 1381; x_wconf 90' lang='lat' dir='ltr'>est.</span> 
     </span>
     <span class='ocr_line' id='line_1_13' title="bbox 532 1407 2646 1478; baseline 0 -18"><span class='ocrx_word' id='word_1_131' title='bbox 532 1415 739 1461; x_wconf 85' lang='lat' dir='ltr'>Virtutes</span> <span class='ocrx_word' id='word_1_132' title='bbox 764 1423 921 1460; x_wconf 91' lang='lat' dir='ltr'>autem</span> <span class='ocrx_word' id='word_1_133' title='bbox 947 1414 1092 1459; x_wconf 89' lang='lat' dir='ltr'>animi</span> <span class='ocrx_word' id='word_1_134' title='bbox 1109 1413 1364 1477; x_wconf 91' lang='lat' dir='ltr'>aliquando</span> <span class='ocrx_word' id='word_1_135' title='bbox 1386 1414 1431 1459; x_wconf 92' lang='lat' dir='ltr'>in</span> <span class='ocrx_word' id='word_1_136' title='bbox 1459 1431 1659 1478; x_wconf 91' lang='lat' dir='ltr'>corpore</span> <span class='ocrx_word' id='word_1_137' title='bbox 1687 1414 2071 1473; x_wconf 86' lang='lat' dir='ltr'>manifestantur,</span> <span class='ocrx_word' id='word_1_138' title='bbox 2094 1407 2351 1478; x_wconf 86' lang='lat' dir='ltr'>aliquando</span> <span class='ocrx_word' id='word_1_139' title='bbox 2377 1415 2424 1460; x_wconf 92' lang='lat' dir='ltr'>in</span> <span class='ocrx_word' id='word_1_140' title='bbox 2443 1413 2607 1461; x_wconf 86' lang='lat' dir='ltr'>habitu</span> <span class='ocrx_word' id='word_1_141' title='bbox 2633 1434 2646 1461; x_wconf 73' lang='grc' dir='ltr'><strong><em>ε</em></strong></span> 
     </span>
     <span class='ocr_line' id='line_1_14' title="bbox 532 1492 2648 1557; baseline 0 -18"><span class='ocrx_word' id='word_1_142' title='bbox 532 1494 648 1539; x_wconf 80' lang='lat' dir='ltr'>sicut</span> <span class='ocrx_word' id='word_1_143' title='bbox 665 1503 925 1556; x_wconf 86' lang='lat' dir='ltr'>martyrum</span> <span class='ocrx_word' id='word_1_144' title='bbox 951 1493 1098 1539; x_wconf 87' lang='lat' dir='ltr'>virtus</span> <span class='ocrx_word' id='word_1_145' title='bbox 1112 1493 1330 1556; x_wconf 88' lang='lat' dir='ltr'>apparuit</span> <span class='ocrx_word' id='word_1_146' title='bbox 1347 1495 1394 1538; x_wconf 92' lang='lat' dir='ltr'>in</span> <span class='ocrx_word' id='word_1_147' title='bbox 1416 1492 1664 1539; x_wconf 87' lang='lat' dir='ltr'>tolerando</span> <span class='ocrx_word' id='word_1_148' title='bbox 1684 1494 1978 1557; x_wconf 89' lang='lat' dir='ltr'>passiones.»</span> <span class='ocrx_word' id='word_1_149' title='bbox 2001 1497 2118 1540; x_wconf 90' lang='lat' dir='ltr'>Item</span> <span class='ocrx_word' id='word_1_150' title='bbox 2139 1512 2149 1539; x_wconf 76' lang='lat' dir='ltr'><em>z</em></span> <span class='ocrx_word' id='word_1_151' title='bbox 2177 1513 2201 1537; x_wconf 90' lang='lat'>«</span> <span class='ocrx_word' id='word_1_152' title='bbox 2214 1497 2316 1539; x_wconf 88' lang='lat' dir='ltr'>Jam</span> <span class='ocrx_word' id='word_1_153' title='bbox 2335 1494 2464 1540; x_wconf 92' lang='lat' dir='ltr'>enim</span> <span class='ocrx_word' id='word_1_154' title='bbox 2482 1493 2648 1541; x_wconf 88' lang='lat' dir='ltr'>eratin</span> 
     </span>
     <span class='ocr_line' id='line_1_15' title="bbox 533 1571 2652 1638; baseline 0.001 -20"><span class='ocrx_word' id='word_1_155' title='bbox 533 1572 622 1619; x_wconf 87' lang='lat' dir='ltr'>Job</span> <span class='ocrx_word' id='word_1_156' title='bbox 642 1574 889 1637; x_wconf 87' lang='lat' dir='ltr'>patientia,</span> <span class='ocrx_word' id='word_1_157' title='bbox 919 1589 1062 1636; x_wconf 83' lang='lat' dir='ltr'>quam</span> <span class='ocrx_word' id='word_1_158' title='bbox 1082 1583 1280 1618; x_wconf 86' lang='lat' dir='ltr'>noverat</span> <span class='ocrx_word' id='word_1_159' title='bbox 1295 1573 1529 1618; x_wconf 90' lang='lat' dir='ltr'>Dominus</span> <span class='ocrx_word' id='word_1_160' title='bbox 1547 1583 1592 1619; x_wconf 91' lang='lat' dir='ltr'>et</span> <span class='ocrx_word' id='word_1_161' title='bbox 1609 1574 1685 1619; x_wconf 89' lang='lat' dir='ltr'>cui</span> <span class='ocrx_word' id='word_1_162' title='bbox 1705 1574 2030 1619; x_wconf 85' lang='lat' dir='ltr'>testimonium</span> <span class='ocrx_word' id='word_1_163' title='bbox 2047 1573 2374 1638; x_wconf 65' lang='lat' dir='ltr'>perhibebat&#39;3,</span> <span class='ocrx_word' id='word_1_164' title='bbox 2392 1573 2476 1619; x_wconf 90' lang='lat' dir='ltr'>sed</span> <span class='ocrx_word' id='word_1_165' title='bbox 2495 1571 2652 1620; x_wconf 85' lang='lat' dir='ltr'>homi-</span> 
     </span>
    </p>
   </div>
   <div class='ocr_carea' id='block_1_3' title="bbox 534 1722 2685 1798">
    <p class='ocr_par' dir='ltr' id='par_1_3' title="bbox 534 1722 2685 1798">
     <span class='ocr_line' id='line_1_16' title="bbox 534 1722 2685 1798; baseline 0.001 -20"><span class='ocrx_word' id='word_1_166' title='bbox 534 1733 681 1778; x_wconf 89' lang='lat' dir='ltr'>modo</span> <span class='ocrx_word' id='word_1_167' title='bbox 702 1733 758 1778; x_wconf 89' lang='lat' dir='ltr'>sit</span> <span class='ocrx_word' id='word_1_168' title='bbox 776 1733 924 1778; x_wconf 80' lang='lat' dir='ltr'>virtus</span> <span class='ocrx_word' id='word_1_169' title='bbox 940 1732 988 1777; x_wconf 91' lang='lat' dir='ltr'>in</span> <span class='ocrx_word' id='word_1_170' title='bbox 1006 1731 1198 1790; x_wconf 89' lang='lat' dir='ltr'>habitu,</span> <span class='ocrx_word' id='word_1_171' title='bbox 1223 1732 1364 1777; x_wconf 91' lang='lat' dir='ltr'>etiam</span> <span class='ocrx_word' id='word_1_172' title='bbox 1385 1732 1421 1776; x_wconf 87' lang='lat' dir='ltr'>si</span> <span class='ocrx_word' id='word_1_173' title='bbox 1447 1748 1544 1778; x_wconf 89' lang='lat' dir='ltr'>non</span> <span class='ocrx_word' id='word_1_174' title='bbox 1570 1733 1627 1778; x_wconf 89' lang='lat' dir='ltr'>sit</span> <span class='ocrx_word' id='word_1_175' title='bbox 1659 1733 1705 1778; x_wconf 90' lang='lat' dir='ltr'>in</span> <span class='ocrx_word' id='word_1_176' title='bbox 1739 1749 1907 1797; x_wconf 88' lang='lat' dir='ltr'>opere,</span> <span class='ocrx_word' id='word_1_177' title='bbox 1935 1733 2109 1797; x_wconf 92' lang='lat' dir='ltr'>loquor</span> <span class='ocrx_word' id='word_1_178' title='bbox 2131 1733 2192 1779; x_wconf 91' lang='lat' dir='ltr'>de</span> <span class='ocrx_word' id='word_1_179' title='bbox 2218 1733 2436 1797; x_wconf 91' lang='lat' dir='ltr'>exemplo</span> <span class='ocrx_word' id='word_1_180' title='bbox 2463 1732 2524 1780; x_wconf 89' lang='lat' dir='ltr'>de</span> <span class='ocrx_word' id='word_1_181' title='bbox 2551 1722 2685 1798; x_wconf 51' lang='lat' dir='ltr'>quo}</span> 
     </span>
    </p>
   </div>
   <div class='ocr_carea' id='block_1_4' title="bbox 531 1810 2652 2115">
    <p class='ocr_par' dir='ltr' id='par_1_4' title="bbox 531 1810 2652 2115">
     <span class='ocr_line' id='line_1_17' title="bbox 532 1810 2652 1875; baseline 0.001 -18"><span class='ocrx_word' id='word_1_182' title='bbox 532 1811 689 1858; x_wconf 89' lang='lat' dir='ltr'>nullus</span> <span class='ocrx_word' id='word_1_183' title='bbox 715 1811 898 1858; x_wconf 86' lang='lat' dir='ltr'>dubitat</span> <span class='ocrx_word' id='word_1_184' title='bbox 918 1810 1278 1858; x_wconf 86' lang='lat' dir='ltr'>catholicorum.</span> <span class='ocrx_word' id='word_1_185' title='bbox 1309 1811 1543 1858; x_wconf 85' lang='lat' dir='ltr'>Dominus</span> <span class='ocrx_word' id='word_1_186' title='bbox 1563 1814 1694 1858; x_wconf 82' lang='lat' dir='ltr'>Jesus</span> <span class='ocrx_word' id='word_1_187' title='bbox 1719 1812 1850 1875; x_wconf 91' lang='lat' dir='ltr'>quod</span> <span class='ocrx_word' id='word_1_188' title='bbox 1878 1813 1925 1859; x_wconf 93' lang='lat' dir='ltr'>in</span> <span class='ocrx_word' id='word_1_189' title='bbox 1957 1813 2148 1859; x_wconf 87' lang='lat' dir='ltr'>veritate</span> <span class='ocrx_word' id='word_1_190' title='bbox 2167 1813 2321 1859; x_wconf 90' lang='lat' dir='ltr'>carnis</span> <span class='ocrx_word' id='word_1_191' title='bbox 2346 1813 2581 1873; x_wconf 86' lang='lat' dir='ltr'>esurierit,</span> <span class='ocrx_word' id='word_1_192' title='bbox 2604 1823 2652 1861; x_wconf 89' lang='lat' dir='ltr'>et</span> 
     </span>
     <span class='ocr_line' id='line_1_18' title="bbox 531 1875 2649 1957; baseline 0.002 -21"><span class='ocrx_word' id='word_1_193' title='bbox 531 1892 717 1950; x_wconf 89' lang='lat' dir='ltr'>sitierit,</span> <span class='ocrx_word' id='word_1_194' title='bbox 742 1903 788 1938; x_wconf 88' lang='lat' dir='ltr'>et</span> <span class='ocrx_word' id='word_1_195' title='bbox 807 1891 1189 1950; x_wconf 88' lang='lat' dir='ltr'>manducaverit,</span> <span class='ocrx_word' id='word_1_196' title='bbox 1213 1900 1259 1937; x_wconf 89' lang='lat' dir='ltr'>et</span> <span class='ocrx_word' id='word_1_197' title='bbox 1277 1890 1476 1950; x_wconf 89' lang='lat' dir='ltr'>biberit,</span> <span class='ocrx_word' id='word_1_198' title='bbox 1506 1891 1664 1938; x_wconf 89' lang='lat' dir='ltr'>nullus</span> <span class='ocrx_word' id='word_1_199' title='bbox 1688 1892 1883 1956; x_wconf 83' lang='lat' dir='ltr'>ambigit</span> <span class='ocrx_word' id='word_1_200' title='bbox 1908 1909 2074 1939; x_wconf 89' lang='lat' dir='ltr'>eorum</span> <span class='ocrx_word' id='word_1_201' title='bbox 2094 1893 2176 1956; x_wconf 92' lang='lat' dir='ltr'>qui</span> <span class='ocrx_word' id='word_1_202' title='bbox 2201 1909 2255 1939; x_wconf 88' lang='lat' dir='ltr'>ex</span> <span class='ocrx_word' id='word_1_203' title='bbox 2277 1893 2376 1956; x_wconf 91' lang='lat' dir='ltr'>ejus</span> <span class='ocrx_word' id='word_1_204' title='bbox 2394 1875 2649 1957; x_wconf 59' lang='lat' dir='ltr'>Evangelio</span> 
     </span>
     <span class='ocr_line' id='line_1_19' title="bbox 532 1969 2651 2037; baseline 0.002 -21"><span class='ocrx_word' id='word_1_205' title='bbox 532 1969 697 2017; x_wconf 91' lang='lat' dir='ltr'>fideles</span> <span class='ocrx_word' id='word_1_206' title='bbox 723 1982 847 2017; x_wconf 84' lang='lat' dir='ltr'>sunt.</span> <span class='ocrx_word' id='word_1_207' title='bbox 879 1975 1003 2017; x_wconf 90' lang='lat' dir='ltr'>Num</span> <span class='ocrx_word' id='word_1_208' title='bbox 1028 1971 1169 2034; x_wconf 86' lang='lat' dir='ltr'>igitur</span> <span class='ocrx_word' id='word_1_209' title='bbox 1193 1987 1293 2017; x_wconf 93' lang='lat' dir='ltr'>non</span> <span class='ocrx_word' id='word_1_210' title='bbox 1313 1972 1478 2017; x_wconf 89' lang='lat' dir='ltr'>eratin</span> <span class='ocrx_word' id='word_1_211' title='bbox 1496 1971 1577 2018; x_wconf 91' lang='lat' dir='ltr'>illo</span> <span class='ocrx_word' id='word_1_212' title='bbox 1598 1972 1900 2019; x_wconf 65' lang='lat' dir='ltr'>continentiae</span> <span class='ocrx_word' id='word_1_213' title='bbox 1918 1973 2067 2019; x_wconf 86' lang='lat' dir='ltr'>virtus</span> <span class='ocrx_word' id='word_1_214' title='bbox 2086 1989 2113 2019; x_wconf 90' lang='lat' dir='ltr'>a</span> <span class='ocrx_word' id='word_1_215' title='bbox 2128 1972 2236 2019; x_wconf 91' lang='lat' dir='ltr'>cibo</span> <span class='ocrx_word' id='word_1_216' title='bbox 2254 1982 2301 2019; x_wconf 90' lang='lat' dir='ltr'>et</span> <span class='ocrx_word' id='word_1_217' title='bbox 2318 1983 2454 2037; x_wconf 92' lang='lat' dir='ltr'>potu,</span> <span class='ocrx_word' id='word_1_218' title='bbox 2474 1982 2651 2037; x_wconf 88' lang='lat' dir='ltr'>quanta</span> 
     </span>
     <span class='ocr_line' id='line_1_20' title="bbox 533 2050 2651 2115; baseline 0.001 -18"><span class='ocrx_word' id='word_1_219' title='bbox 533 2061 632 2098; x_wconf 89' lang='lat' dir='ltr'>erat</span> <span class='ocrx_word' id='word_1_220' title='bbox 653 2051 702 2097; x_wconf 88' lang='lat' dir='ltr'>in</span> <span class='ocrx_word' id='word_1_221' title='bbox 721 2054 904 2098; x_wconf 86' lang='lat' dir='ltr'>Joanne</span> <span class='ocrx_word' id='word_1_222' title='bbox 925 2050 1157 2115; x_wconf 80' lang='lat' dir='ltr'>Baptista?</span> <span class='ocrx_word' id='word_1_223' title='bbox 1188 2070 1209 2094; x_wconf 83' lang='lat'>«</span> <span class='ocrx_word' id='word_1_224' title='bbox 1228 2050 1369 2097; x_wconf 84' lang='lat' dir='ltr'>Venit</span> <span class='ocrx_word' id='word_1_225' title='bbox 1385 2052 1513 2097; x_wconf 90' lang='lat' dir='ltr'>enim</span> <span class='ocrx_word' id='word_1_226' title='bbox 1533 2054 1739 2098; x_wconf 72' lang='lat' dir='ltr'>,Ioannes</span> <span class='ocrx_word' id='word_1_227' title='bbox 1754 2069 1854 2099; x_wconf 90' lang='lat' dir='ltr'>non</span> <span class='ocrx_word' id='word_1_228' title='bbox 1874 2052 2167 2099; x_wconf 90' lang='lat' dir='ltr'>manducans</span> <span class='ocrx_word' id='word_1_229' title='bbox 2187 2062 2234 2099; x_wconf 92' lang='lat' dir='ltr'>et</span> <span class='ocrx_word' id='word_1_230' title='bbox 2250 2051 2442 2112; x_wconf 86' lang='lat' dir='ltr'>bihenS,</span> <span class='ocrx_word' id='word_1_231' title='bbox 2463 2062 2509 2099; x_wconf 86' lang='lat' dir='ltr'>et</span> <span class='ocrx_word' id='word_1_232' title='bbox 2524 2051 2651 2100; x_wconf 66' lang='lat' dir='ltr'>dixe&#39;-</span> 
     </span>
    </p>
   </div>
   <div class='ocr_carea' id='block_1_5' title="bbox 536 2131 2706 2192">
    <p class='ocr_par' dir='ltr' id='par_1_5' title="bbox 536 2131 2706 2192">
     <span class='ocr_line' id='line_1_21' title="bbox 536 2131 2706 2192; baseline 0.001 -17"><span class='ocrx_word' id='word_1_233' title='bbox 536 2151 558 2175; x_wconf 93' lang='lat'>«</span> <span class='ocrx_word' id='word_1_234' title='bbox 581 2142 691 2178; x_wconf 91' lang='lat' dir='ltr'>runt</span> <span class='ocrx_word' id='word_1_235' title='bbox 709 2150 717 2177; x_wconf 79' lang='grc' dir='ltr'>ε</span> <span class='ocrx_word' id='word_1_236' title='bbox 739 2132 1040 2178; x_wconf 84' lang='lat' dir='ltr'>Daemonium</span> <span class='ocrx_word' id='word_1_237' title='bbox 1049 2131 1207 2178; x_wconf 87' lang='lat' dir='ltr'>habet.</span> <span class='ocrx_word' id='word_1_238' title='bbox 1224 2132 1365 2178; x_wconf 87' lang='lat' dir='ltr'>Venit</span> <span class='ocrx_word' id='word_1_239' title='bbox 1375 2131 1498 2178; x_wconf 88' lang='lat' dir='ltr'>filius</span> <span class='ocrx_word' id='word_1_240' title='bbox 1514 2132 1722 2179; x_wconf 90' lang='lat' dir='ltr'>hominis</span> <span class='ocrx_word' id='word_1_241' title='bbox 1736 2133 2034 2180; x_wconf 90' lang='lat' dir='ltr'>manducans</span> <span class='ocrx_word' id='word_1_242' title='bbox 2046 2143 2098 2190; x_wconf 48' lang='lat' dir='ltr'>‚et</span> <span class='ocrx_word' id='word_1_243' title='bbox 2112 2133 2299 2192; x_wconf 87' lang='lat' dir='ltr'>bibens,</span> <span class='ocrx_word' id='word_1_244' title='bbox 2314 2143 2361 2179; x_wconf 88' lang='lat' dir='ltr'>et</span> <span class='ocrx_word' id='word_1_245' title='bbox 2376 2132 2616 2179; x_wconf 81' lang='lat' dir='ltr'>dixerunt⁶</span> <span class='ocrx_word' id='word_1_246' title='bbox 2635 2150 2644 2178; x_wconf 92' lang='lat'><strong>:</strong></span> <span class='ocrx_word' id='word_1_247' title='bbox 2697 2140 2706 2148; x_wconf 86' lang='lat'>’</span> 
     </span>
    </p>
   </div>
   <div class='ocr_carea' id='block_1_6' title="bbox 535 2211 2651 3231">
    <p class='ocr_par' dir='ltr' id='par_1_6' title="bbox 535 2211 2651 3231">
     <span class='ocr_line' id='line_1_22' title="bbox 537 2211 2646 2277; baseline 0.001 -23"><span class='ocrx_word' id='word_1_248' title='bbox 537 2230 558 2254; x_wconf 89' lang='lat'>«</span> <span class='ocrx_word' id='word_1_249' title='bbox 581 2214 700 2258; x_wconf 88' lang='lat' dir='ltr'>Ecce</span> <span class='ocrx_word' id='word_1_250' title='bbox 711 2211 861 2257; x_wconf 91' lang='lat' dir='ltr'>homo</span> <span class='ocrx_word' id='word_1_251' title='bbox 884 2227 1028 2257; x_wconf 88' lang='lat' dir='ltr'>vorax</span> <span class='ocrx_word' id='word_1_252' title='bbox 1053 2222 1099 2257; x_wconf 91' lang='lat' dir='ltr'>et</span> <span class='ocrx_word' id='word_1_253' title='bbox 1116 2221 1307 2275; x_wconf 85' lang='lat' dir='ltr'>potator</span> <span class='ocrx_word' id='word_1_254' title='bbox 1323 2212 1441 2270; x_wconf 87' lang='lat' dir='ltr'>vini,</span> <span class='ocrx_word' id='word_1_255' title='bbox 1463 2212 1642 2258; x_wconf 87' lang='lat' dir='ltr'>amicus</span> <span class='ocrx_word' id='word_1_256' title='bbox 1660 2212 2030 2277; x_wconf 83' lang='lat' dir='ltr'>publicanorum</span> <span class='ocrx_word' id='word_1_257' title='bbox 2048 2223 2094 2259; x_wconf 91' lang='lat' dir='ltr'>et</span> <span class='ocrx_word' id='word_1_258' title='bbox 2107 2222 2430 2277; x_wconf 89' lang='lat' dir='ltr'>peccatorum.</span> <span class='ocrx_word' id='word_1_259' title='bbox 2455 2230 2478 2255; x_wconf 73' lang='grc' dir='ltr'>υ</span> <span class='ocrx_word' id='word_1_260' title='bbox 2499 2215 2616 2267; x_wconf 84' lang='lat' dir='ltr'>Item</span> <span class='ocrx_word' id='word_1_261' title='bbox 2634 2229 2646 2256; x_wconf 74' lang='grc' dir='ltr'><strong><em>ε</em></strong></span> 
     </span>
     <span class='ocr_line' id='line_1_23' title="bbox 538 2290 2650 2356; baseline 0.001 -21"><span class='ocrx_word' id='word_1_262' title='bbox 538 2310 561 2334; x_wconf 85' lang='lat'>«</span> <span class='ocrx_word' id='word_1_263' title='bbox 578 2290 763 2337; x_wconf 90' lang='lat' dir='ltr'>Deinde</span> <span class='ocrx_word' id='word_1_264' title='bbox 776 2291 843 2337; x_wconf 91' lang='lat' dir='ltr'>ibi</span> <span class='ocrx_word' id='word_1_265' title='bbox 856 2291 1055 2352; x_wconf 86' lang='lat' dir='ltr'>subjecit</span> <span class='ocrx_word' id='word_1_266' title='bbox 1069 2308 1217 2354; x_wconf 92' lang='lat' dir='ltr'>quum</span> <span class='ocrx_word' id='word_1_267' title='bbox 1230 2291 1290 2338; x_wconf 92' lang='lat' dir='ltr'>de</span> <span class='ocrx_word' id='word_1_268' title='bbox 1302 2295 1484 2338; x_wconf 90' lang='lat' dir='ltr'>Joanne</span> <span class='ocrx_word' id='word_1_269' title='bbox 1501 2308 1555 2339; x_wconf 89' lang='lat' dir='ltr'>ac</span> <span class='ocrx_word' id='word_1_270' title='bbox 1566 2292 1626 2338; x_wconf 91' lang='lat' dir='ltr'>de</span> <span class='ocrx_word' id='word_1_271' title='bbox 1645 2309 1694 2338; x_wconf 92' lang='lat' dir='ltr'>se</span> <span class='ocrx_word' id='word_1_272' title='bbox 1710 2292 1788 2338; x_wconf 91' lang='lat' dir='ltr'>illa</span> <span class='ocrx_word' id='word_1_273' title='bbox 1801 2292 2016 2338; x_wconf 89' lang='lat' dir='ltr'>dixisset:</span> <span class='ocrx_word' id='word_1_274' title='bbox 2035 2296 2088 2338; x_wconf 86' lang='lat' dir='ltr'>«J</span> <span class='ocrx_word' id='word_1_275' title='bbox 2092 2291 2321 2339; x_wconf 90' lang='lat' dir='ltr'>ustificata</span> <span class='ocrx_word' id='word_1_276' title='bbox 2338 2302 2405 2339; x_wconf 91' lang='lat' dir='ltr'>est</span> <span class='ocrx_word' id='word_1_277' title='bbox 2422 2291 2650 2356; x_wconf 84' lang='lat' dir='ltr'>sapientia</span> 
     </span>
     <span class='ocr_line' id='line_1_24' title="bbox 538 2369 2651 2436; baseline 0.003 -24"><span class='ocrx_word' id='word_1_278' title='bbox 538 2389 559 2412; x_wconf 82' lang='lat'>«</span> <span class='ocrx_word' id='word_1_279' title='bbox 578 2386 606 2415; x_wconf 92' lang='lat' dir='ltr'>a</span> <span class='ocrx_word' id='word_1_280' title='bbox 637 2369 743 2415; x_wconf 83' lang='lat' dir='ltr'>filiis</span> <span class='ocrx_word' id='word_1_281' title='bbox 776 2370 920 2427; x_wconf 67' lang='lat' dir='ltr'>suis7,</span> <span class='ocrx_word' id='word_1_282' title='bbox 951 2389 974 2413; x_wconf 90' lang='lat'>»</span> <span class='ocrx_word' id='word_1_283' title='bbox 1015 2371 1097 2433; x_wconf 93' lang='lat' dir='ltr'>qui</span> <span class='ocrx_word' id='word_1_284' title='bbox 1127 2371 1350 2417; x_wconf 80' lang='lat' dir='ltr'>virtutem</span> <span class='ocrx_word' id='word_1_285' title='bbox 1379 2371 1684 2417; x_wconf 81' lang='lat' dir='ltr'>continentiae</span> <span class='ocrx_word' id='word_1_286' title='bbox 1710 2371 1872 2436; x_wconf 68' lang='lat' dir='ltr'>vident</span> <span class='ocrx_word' id='word_1_287' title='bbox 1895 2372 1944 2416; x_wconf 92' lang='lat' dir='ltr'>in</span> <span class='ocrx_word' id='word_1_288' title='bbox 1972 2370 2135 2417; x_wconf 89' lang='lat' dir='ltr'>habitu</span> <span class='ocrx_word' id='word_1_289' title='bbox 2163 2371 2311 2418; x_wconf 90' lang='lat' dir='ltr'>animi</span> <span class='ocrx_word' id='word_1_290' title='bbox 2334 2387 2524 2435; x_wconf 89' lang='lat' dir='ltr'>semper</span> <span class='ocrx_word' id='word_1_291' title='bbox 2551 2387 2651 2419; x_wconf 86' lang='lat' dir='ltr'>esse</span> 
     </span>
     <span class='ocr_line' id='line_1_25' title="bbox 535 2444 2651 2514; baseline 0.002 -21"><span class='ocrx_word' id='word_1_292' title='bbox 535 2447 707 2496; x_wconf 89' lang='lat' dir='ltr'>debere</span> <span class='ocrx_word' id='word_1_293' title='bbox 736 2467 746 2494; x_wconf 80' lang='lat'>2</span> <span class='ocrx_word' id='word_1_294' title='bbox 777 2449 824 2494; x_wconf 94' lang='lat' dir='ltr'>in</span> <span class='ocrx_word' id='word_1_295' title='bbox 839 2465 984 2512; x_wconf 89' lang='lat' dir='ltr'>opere</span> <span class='ocrx_word' id='word_1_296' title='bbox 1001 2458 1159 2494; x_wconf 90' lang='lat' dir='ltr'>autem</span> <span class='ocrx_word' id='word_1_297' title='bbox 1179 2465 1267 2512; x_wconf 90' lang='lat' dir='ltr'>pro</span> <span class='ocrx_word' id='word_1_298' title='bbox 1287 2466 1447 2496; x_wconf 90' lang='lat' dir='ltr'>rerum</span> <span class='ocrx_word' id='word_1_299' title='bbox 1466 2466 1521 2495; x_wconf 91' lang='lat' dir='ltr'>ac</span> <span class='ocrx_word' id='word_1_300' title='bbox 1536 2459 1806 2514; x_wconf 90' lang='lat' dir='ltr'>temporum</span> <span class='ocrx_word' id='word_1_301' title='bbox 1815 2444 2183 2514; x_wconf 57' lang='lat' dir='ltr'>‘opportunitate</span> <span class='ocrx_word' id='word_1_302' title='bbox 2201 2450 2511 2509; x_wconf 89' lang='lat' dir='ltr'>manifestari,</span> <span class='ocrx_word' id='word_1_303' title='bbox 2533 2451 2651 2498; x_wconf 89' lang='lat' dir='ltr'>sicut</span> 
     </span>
     <span class='ocr_line' id='line_1_26' title="bbox 535 2527 2651 2594; baseline 0.001 -21"><span class='ocrx_word' id='word_1_304' title='bbox 535 2528 686 2573; x_wconf 89' lang='lat' dir='ltr'>virtus</span> <span class='ocrx_word' id='word_1_305' title='bbox 717 2527 954 2591; x_wconf 80' lang='lat' dir='ltr'>patientiae</span> <span class='ocrx_word' id='word_1_306' title='bbox 981 2537 1253 2573; x_wconf 84' lang='lat' dir='ltr'>sanctorum</span> <span class='ocrx_word' id='word_1_307' title='bbox 1270 2537 1547 2590; x_wconf 88' lang='lat' dir='ltr'>martyrum.</span> <span class='ocrx_word' id='word_1_308' title='bbox 1575 2547 1597 2571; x_wconf 88' lang='lat'>»</span> <span class='ocrx_word' id='word_1_309' title='bbox 1626 2529 1861 2585; x_wconf 87' lang='lat' dir='ltr'>Quocirca</span> <span class='ocrx_word' id='word_1_310' title='bbox 1886 2529 2006 2574; x_wconf 91' lang='lat' dir='ltr'>sicut</span> <span class='ocrx_word' id='word_1_311' title='bbox 2030 2546 2128 2576; x_wconf 91' lang='lat' dir='ltr'>non</span> <span class='ocrx_word' id='word_1_312' title='bbox 2158 2539 2227 2576; x_wconf 91' lang='lat' dir='ltr'>est</span> <span class='ocrx_word' id='word_1_313' title='bbox 2250 2530 2405 2594; x_wconf 90' lang='lat' dir='ltr'>impar</span> <span class='ocrx_word' id='word_1_314' title='bbox 2430 2530 2651 2576; x_wconf 87' lang='lat' dir='ltr'>meritum</span> 
     </span>
     <span class='ocr_line' id='line_1_27' title="bbox 535 2609 2651 2673; baseline 0.001 -19"><span class='ocrx_word' id='word_1_315' title='bbox 535 2609 770 2672; x_wconf 83' lang='lat' dir='ltr'>patientiae</span> <span class='ocrx_word' id='word_1_316' title='bbox 794 2609 842 2654; x_wconf 90' lang='lat' dir='ltr'>in</span> <span class='ocrx_word' id='word_1_317' title='bbox 869 2612 1033 2667; x_wconf 88' lang='lat' dir='ltr'>Petro,</span> <span class='ocrx_word' id='word_1_318' title='bbox 1056 2609 1139 2671; x_wconf 91' lang='lat' dir='ltr'>qui</span> <span class='ocrx_word' id='word_1_319' title='bbox 1155 2624 1320 2672; x_wconf 89' lang='lat' dir='ltr'>passus</span> <span class='ocrx_word' id='word_1_320' title='bbox 1339 2618 1431 2667; x_wconf 87' lang='lat' dir='ltr'>est,</span> <span class='ocrx_word' id='word_1_321' title='bbox 1456 2618 1502 2654; x_wconf 91' lang='lat' dir='ltr'>et</span> <span class='ocrx_word' id='word_1_322' title='bbox 1527 2609 1575 2654; x_wconf 94' lang='lat' dir='ltr'>in</span> <span class='ocrx_word' id='word_1_323' title='bbox 1592 2612 1774 2655; x_wconf 84' lang='lat' dir='ltr'>Joanne</span> <span class='ocrx_word' id='word_1_324' title='bbox 1793 2609 1875 2672; x_wconf 90' lang='lat' dir='ltr'>qui</span> <span class='ocrx_word' id='word_1_325' title='bbox 1897 2625 2062 2673; x_wconf 88' lang='lat' dir='ltr'>passus</span> <span class='ocrx_word' id='word_1_326' title='bbox 2086 2626 2186 2655; x_wconf 90' lang='lat' dir='ltr'>non</span> <span class='ocrx_word' id='word_1_327' title='bbox 2218 2612 2313 2656; x_wconf 77' lang='lat' dir='ltr'>est⁸</span> <span class='ocrx_word' id='word_1_328' title='bbox 2334 2627 2343 2655; x_wconf 93' lang='lat'>:</span> <span class='ocrx_word' id='word_1_329' title='bbox 2367 2610 2433 2656; x_wconf 92' lang='lat' dir='ltr'>sic</span> <span class='ocrx_word' id='word_1_330' title='bbox 2458 2625 2556 2656; x_wconf 89' lang='lat' dir='ltr'>non</span> <span class='ocrx_word' id='word_1_331' title='bbox 2582 2620 2651 2656; x_wconf 85' lang='lat' dir='ltr'>est</span> 
     </span>
     <span class='ocr_line' id='line_1_28' title="bbox 537 2688 2648 2753; baseline 0 -19"><span class='ocrx_word' id='word_1_332' title='bbox 537 2689 690 2752; x_wconf 87' lang='lat' dir='ltr'>impar</span> <span class='ocrx_word' id='word_1_333' title='bbox 723 2689 946 2734; x_wconf 89' lang='lat' dir='ltr'>meritum</span> <span class='ocrx_word' id='word_1_334' title='bbox 983 2688 1286 2745; x_wconf 73' lang='lat' dir='ltr'>continentia:</span> <span class='ocrx_word' id='word_1_335' title='bbox 1318 2689 1367 2734; x_wconf 89' lang='lat' dir='ltr'>in</span> <span class='ocrx_word' id='word_1_336' title='bbox 1396 2691 1606 2747; x_wconf 84' lang='lat' dir='ltr'>Joanne,</span> <span class='ocrx_word' id='word_1_337' title='bbox 1641 2689 1723 2752; x_wconf 91' lang='lat' dir='ltr'>qui</span> <span class='ocrx_word' id='word_1_338' title='bbox 1759 2688 1913 2735; x_wconf 92' lang='lat' dir='ltr'>nullas</span> <span class='ocrx_word' id='word_1_339' title='bbox 1937 2699 2157 2753; x_wconf 86' lang='lat' dir='ltr'>expertus</span> <span class='ocrx_word' id='word_1_340' title='bbox 2183 2699 2252 2735; x_wconf 88' lang='lat' dir='ltr'>est</span> <span class='ocrx_word' id='word_1_341' title='bbox 2281 2689 2469 2753; x_wconf 84' lang='lat' dir='ltr'>nuptias</span> <span class='ocrx_word' id='word_1_342' title='bbox 2486 2724 2498 2748; x_wconf 97' lang='lat'>,</span> <span class='ocrx_word' id='word_1_343' title='bbox 2528 2698 2575 2735; x_wconf 91' lang='lat' dir='ltr'>et</span> <span class='ocrx_word' id='word_1_344' title='bbox 2600 2689 2648 2734; x_wconf 90' lang='lat' dir='ltr'>in</span> 
     </span>
     <span class='ocr_line' id='line_1_29' title="bbox 537 2765 2650 2832; baseline 0 -19"><span class='ocrx_word' id='word_1_345' title='bbox 537 2767 797 2825; x_wconf 85' lang='lat' dir='ltr'>Abraham,</span> <span class='ocrx_word' id='word_1_346' title='bbox 821 2767 903 2829; x_wconf 91' lang='lat' dir='ltr'>qui</span> <span class='ocrx_word' id='word_1_347' title='bbox 929 2765 1050 2812; x_wconf 86' lang='lat' dir='ltr'>filios</span> <span class='ocrx_word' id='word_1_348' title='bbox 1077 2767 1342 2829; x_wconf 81' lang='lat' dir='ltr'>generavit3</span> <span class='ocrx_word' id='word_1_349' title='bbox 1372 2775 1416 2812; x_wconf 86' lang='lat' dir='ltr'>et</span> <span class='ocrx_word' id='word_1_350' title='bbox 1435 2766 1560 2813; x_wconf 89' lang='lat' dir='ltr'>illius</span> <span class='ocrx_word' id='word_1_351' title='bbox 1585 2767 1713 2813; x_wconf 90' lang='lat' dir='ltr'>enim</span> <span class='ocrx_word' id='word_1_352' title='bbox 1735 2767 1996 2826; x_wconf 83' lang='lat' dir='ltr'>coelibatus,</span> <span class='ocrx_word' id='word_1_353' title='bbox 2026 2777 2073 2814; x_wconf 89' lang='lat' dir='ltr'>et</span> <span class='ocrx_word' id='word_1_354' title='bbox 2097 2767 2219 2813; x_wconf 89' lang='lat' dir='ltr'>illius</span> <span class='ocrx_word' id='word_1_355' title='bbox 2242 2766 2536 2814; x_wconf 87' lang='lat' dir='ltr'>connubium</span> <span class='ocrx_word' id='word_1_356' title='bbox 2560 2783 2650 2832; x_wconf 88' lang='lat' dir='ltr'>pro</span> 
     </span>
     <span class='ocr_line' id='line_1_30' title="bbox 536 2840 2649 2911; baseline 0 -18"><span class='ocrx_word' id='word_1_357' title='bbox 536 2847 869 2894; x_wconf 87' lang='lat' dir='ltr'>distributione</span> <span class='ocrx_word' id='word_1_358' title='bbox 898 2857 1169 2911; x_wconf 85' lang='lat' dir='ltr'>temporum</span> <span class='ocrx_word' id='word_1_359' title='bbox 1198 2846 1384 2893; x_wconf 89' lang='lat' dir='ltr'>Christo</span> <span class='ocrx_word' id='word_1_360' title='bbox 1413 2840 1748 2893; x_wconf 81' lang='lat' dir='ltr'>militaverunt.</span> <span class='ocrx_word' id='word_1_361' title='bbox 1786 2846 1879 2893; x_wconf 93' lang='lat' dir='ltr'>Sed</span> <span class='ocrx_word' id='word_1_362' title='bbox 1907 2848 2252 2894; x_wconf 88' lang='lat' dir='ltr'>continentiam</span> <span class='ocrx_word' id='word_1_363' title='bbox 2284 2851 2488 2894; x_wconf 87' lang='lat' dir='ltr'>Joannes</span> <span class='ocrx_word' id='word_1_364' title='bbox 2524 2857 2572 2894; x_wconf 89' lang='lat' dir='ltr'>et</span> <span class='ocrx_word' id='word_1_365' title='bbox 2601 2847 2649 2894; x_wconf 89' lang='lat' dir='ltr'>in</span> 
     </span>
     <span class='ocr_line' id='line_1_31' title="bbox 537 2925 2649 2992; baseline 0 -19"><span class='ocrx_word' id='word_1_366' title='bbox 537 2944 703 2992; x_wconf 89' lang='lat' dir='ltr'>opere,</span> <span class='ocrx_word' id='word_1_367' title='bbox 730 2927 964 2973; x_wconf 87' lang='lat' dir='ltr'>Abraham</span> <span class='ocrx_word' id='word_1_368' title='bbox 990 2943 1104 2973; x_wconf 86' lang='lat' dir='ltr'>vero</span> <span class='ocrx_word' id='word_1_369' title='bbox 1131 2927 1178 2972; x_wconf 93' lang='lat' dir='ltr'>in</span> <span class='ocrx_word' id='word_1_370' title='bbox 1206 2925 1308 2972; x_wconf 93' lang='lat' dir='ltr'>solo</span> <span class='ocrx_word' id='word_1_371' title='bbox 1327 2925 1493 2972; x_wconf 90' lang='lat' dir='ltr'>habitu</span> <span class='ocrx_word' id='word_1_372' title='bbox 1512 2925 1732 2973; x_wconf 88' lang='lat' dir='ltr'>habebat.</span> <span class='ocrx_word' id='word_1_373' title='bbox 1758 2926 1842 2973; x_wconf 92' lang='lat' dir='ltr'>Illo</span> <span class='ocrx_word' id='word_1_374' title='bbox 1868 2927 2027 2991; x_wconf 89' lang='lat' dir='ltr'>itaque</span> <span class='ocrx_word' id='word_1_375' title='bbox 2058 2938 2299 2992; x_wconf 89' lang='lat' dir='ltr'>tempore,</span> <span class='ocrx_word' id='word_1_376' title='bbox 2329 2943 2477 2991; x_wconf 90' lang='lat' dir='ltr'>quum</span> <span class='ocrx_word' id='word_1_377' title='bbox 2502 2937 2550 2974; x_wconf 88' lang='lat' dir='ltr'>et</span> <span class='ocrx_word' id='word_1_378' title='bbox 2575 2927 2649 2974; x_wconf 87' lang='lat' dir='ltr'>lex</span> 
     </span>
     <span class='ocr_line' id='line_1_32' title="bbox 538 3006 2647 3071; baseline 0 -18"><span class='ocrx_word' id='word_1_379' title='bbox 538 3006 636 3053; x_wconf 90' lang='lat' dir='ltr'>dies</span> <span class='ocrx_word' id='word_1_380' title='bbox 666 3007 1039 3070; x_wconf 87' lang='lat' dir='ltr'>patriarcharum</span> <span class='ocrx_word' id='word_1_381' title='bbox 1070 3006 1364 3070; x_wconf 89' lang='lat' dir='ltr'>subsequens</span> <span class='ocrx_word' id='word_1_382' title='bbox 1398 3006 1704 3053; x_wconf 86' lang='lat' dir='ltr'>maledictum</span> <span class='ocrx_word' id='word_1_383' title='bbox 1740 3006 1857 3053; x_wconf 86' lang='lat' dir='ltr'>dixit</span> <span class='ocrx_word' id='word_1_384' title='bbox 1887 3007 1970 3071; x_wconf 90' lang='lat' dir='ltr'>qui</span> <span class='ocrx_word' id='word_1_385' title='bbox 2003 3024 2102 3054; x_wconf 89' lang='lat' dir='ltr'>non</span> <span class='ocrx_word' id='word_1_386' title='bbox 2134 3008 2358 3054; x_wconf 87' lang='lat' dir='ltr'>excitaret</span> <span class='ocrx_word' id='word_1_387' title='bbox 2395 3023 2557 3054; x_wconf 86' lang='lat' dir='ltr'>semen</span> <span class='ocrx_word' id='word_1_388' title='bbox 2599 3007 2647 3053; x_wconf 88' lang='lat' dir='ltr'>in</span> 
     </span>
     <span class='ocr_line' id='line_1_33' title="bbox 539 3085 2649 3151; baseline 0.001 -20"><span class='ocrx_word' id='word_1_389' title='bbox 539 3086 678 3132; x_wconf 88' lang='lat' dir='ltr'>lsrael</span> <span class='ocrx_word' id='word_1_390' title='bbox 694 3088 707 3109; x_wconf 84' lang='lat'>⁹</span> <span class='ocrx_word' id='word_1_391' title='bbox 728 3124 739 3145; x_wconf 95' lang='lat'>,</span> <span class='ocrx_word' id='word_1_392' title='bbox 779 3097 824 3133; x_wconf 87' lang='lat' dir='ltr'>et</span> <span class='ocrx_word' id='word_1_393' title='bbox 857 3087 939 3150; x_wconf 91' lang='lat' dir='ltr'>qui</span> <span class='ocrx_word' id='word_1_394' title='bbox 964 3104 1061 3133; x_wconf 89' lang='lat' dir='ltr'>non</span> <span class='ocrx_word' id='word_1_395' title='bbox 1091 3095 1275 3151; x_wconf 89' lang='lat' dir='ltr'>poterat</span> <span class='ocrx_word' id='word_1_396' title='bbox 1301 3102 1397 3132; x_wconf 92' lang='lat' dir='ltr'>non</span> <span class='ocrx_word' id='word_1_397' title='bbox 1426 3085 1701 3149; x_wconf 87' lang='lat' dir='ltr'>promebat,</span> <span class='ocrx_word' id='word_1_398' title='bbox 1734 3086 1817 3132; x_wconf 90' lang='lat' dir='ltr'>sed</span> <span class='ocrx_word' id='word_1_399' title='bbox 1840 3096 1999 3133; x_wconf 90' lang='lat' dir='ltr'>tamen</span> <span class='ocrx_word' id='word_1_400' title='bbox 2022 3087 2244 3134; x_wconf 89' lang='lat' dir='ltr'>habebat.</span> <span class='ocrx_word' id='word_1_401' title='bbox 2274 3090 2341 3132; x_wconf 87' lang='lat' dir='ltr'>Ex</span> <span class='ocrx_word' id='word_1_402' title='bbox 2367 3102 2464 3150; x_wconf 93' lang='lat' dir='ltr'>quo</span> <span class='ocrx_word' id='word_1_403' title='bbox 2491 3096 2649 3133; x_wconf 85' lang='lat' dir='ltr'>autem</span> 
     </span>
     <span class='ocr_line' id='line_1_34' title="bbox 538 3165 2645 3231; baseline 0.001 -21"><span class='ocrx_word' id='word_1_404' title='bbox 538 3166 666 3211; x_wconf 83' lang='lat' dir='ltr'>venit</span> <span class='ocrx_word' id='word_1_405' title='bbox 690 3166 935 3229; x_wconf 89' lang='lat' dir='ltr'>plenitudo</span> <span class='ocrx_word' id='word_1_406' title='bbox 969 3166 1196 3230; x_wconf 86' lang='lat' dir='ltr'>temporis</span> <span class='ocrx_word' id='word_1_407' title='bbox 1221 3175 1271 3211; x_wconf 88' lang='lat' dir='ltr'>ut</span> <span class='ocrx_word' id='word_1_408' title='bbox 1303 3165 1538 3211; x_wconf 86' lang='lat' dir='ltr'>diceretur</span> <span class='ocrx_word' id='word_1_409' title='bbox 1556 3168 1581 3190; x_wconf 87' lang='lat'>¹⁰</span> <span class='ocrx_word' id='word_1_410' title='bbox 1601 3184 1610 3210; x_wconf 73' lang='grc' dir='ltr'>ε</span> <span class='ocrx_word' id='word_1_411' title='bbox 1645 3185 1666 3209; x_wconf 91' lang='lat'>«</span> <span class='ocrx_word' id='word_1_412' title='bbox 1690 3166 1783 3222; x_wconf 85' lang='lat' dir='ltr'>Qui</span> <span class='ocrx_word' id='word_1_413' title='bbox 1802 3175 1957 3230; x_wconf 88' lang='lat' dir='ltr'>potest</span> <span class='ocrx_word' id='word_1_414' title='bbox 1981 3183 2150 3231; x_wconf 90' lang='lat' dir='ltr'>capere</span> <span class='ocrx_word' id='word_1_415' title='bbox 2168 3167 2346 3231; x_wconf 79' lang='lat' dir='ltr'>capiat3</span> <span class='ocrx_word' id='word_1_416' title='bbox 2369 3167 2452 3230; x_wconf 90' lang='lat' dir='ltr'>qui</span> <span class='ocrx_word' id='word_1_417' title='bbox 2468 3165 2613 3213; x_wconf 89' lang='lat' dir='ltr'>habet</span> <span class='ocrx_word' id='word_1_418' title='bbox 2633 3201 2645 3224; x_wconf 92' lang='lat'>,</span> 
     </span>
    </p>
   </div>
   <div class='ocr_carea' id='block_1_7' title="bbox 539 3341 2649 3551">
    <p class='ocr_par' dir='ltr' id='par_1_7' title="bbox 539 3341 2649 3551">
     <span class='ocr_line' id='line_1_35' title="bbox 585 3341 2649 3383; baseline 0 -11"><span class='ocrx_word' id='word_1_419' title='bbox 585 3341 593 3357; x_wconf 82' lang='lat'>¹</span> <span class='ocrx_word' id='word_1_420' title='bbox 622 3342 657 3372; x_wconf 80' lang='lat' dir='ltr'>Si</span> <span class='ocrx_word' id='word_1_421' title='bbox 675 3344 825 3373; x_wconf 65' lang='lat' dir='ltr'>exteriori</span> <span class='ocrx_word' id='word_1_422' title='bbox 845 3352 947 3373; x_wconf 76' lang='lat' dir='ltr'>rernm</span> <span class='ocrx_word' id='word_1_423' title='bbox 961 3344 1097 3383; x_wconf 81' lang='lat' dir='ltr'>sormoe,</span> <span class='ocrx_word' id='word_1_424' title='bbox 1121 3345 1147 3372; x_wconf 73' lang='lat' dir='ltr'>si</span> <span class='ocrx_word' id='word_1_425' title='bbox 1167 3343 1299 3382; x_wconf 77' lang='lat' dir='ltr'>jejuniis</span> <span class='ocrx_word' id='word_1_426' title='bbox 1328 3344 1390 3374; x_wconf 82' lang='lat' dir='ltr'>illis</span> <span class='ocrx_word' id='word_1_427' title='bbox 1418 3343 1571 3381; x_wconf 72' lang='lat' dir='ltr'>Baptistae</span> <span class='ocrx_word' id='word_1_428' title='bbox 1616 3352 1647 3373; x_wconf 83' lang='lat' dir='ltr'>v.</span> <span class='ocrx_word' id='word_1_429' title='bbox 1671 3343 1774 3373; x_wconf 85' lang='lat'>19.—-</span> <span class='ocrx_word' id='word_1_430' title='bbox 1789 3341 1800 3358; x_wconf 82' lang='lat'>⁷</span> <span class='ocrx_word' id='word_1_431' title='bbox 1819 3341 1918 3381; x_wconf 67' lang='lat' dir='ltr'>lhid„</span> <span class='ocrx_word' id='word_1_432' title='bbox 1933 3342 2013 3375; x_wconf 86' lang='lat' dir='ltr'>ibid.</span> <span class='ocrx_word' id='word_1_433' title='bbox 2030 3360 2073 3367; x_wconf 90' lang='lat'><em>-</em></span> <span class='ocrx_word' id='word_1_434' title='bbox 2091 3342 2104 3359; x_wconf 79' lang='lat'><strong>⁸</strong></span> <span class='ocrx_word' id='word_1_435' title='bbox 2120 3344 2228 3383; x_wconf 84' lang='lat' dir='ltr'>Impar</span> <span class='ocrx_word' id='word_1_436' title='bbox 2245 3345 2445 3375; x_wconf 82' lang='lat' dir='ltr'>meritum....</span> <span class='ocrx_word' id='word_1_437' title='bbox 2460 3352 2575 3382; x_wconf 73' lang='lat' dir='ltr'>passus</span> <span class='ocrx_word' id='word_1_438' title='bbox 2587 3352 2649 3374; x_wconf 84' lang='lat' dir='ltr'>non</span> 
     </span>
     <span class='ocr_line' id='line_1_36' title="bbox 539 3396 2647 3441; baseline 0 -12"><span class='ocrx_word' id='word_1_439' title='bbox 539 3400 738 3429; x_wconf 70' lang='lat' dir='ltr'>severissimis</span> <span class='ocrx_word' id='word_1_440' title='bbox 753 3400 852 3429; x_wconf 79' lang='lat' dir='ltr'>solum</span> <span class='ocrx_word' id='word_1_441' title='bbox 867 3400 1007 3437; x_wconf 79' lang='lat' dir='ltr'>considat</span> <span class='ocrx_word' id='word_1_442' title='bbox 1019 3396 1186 3430; x_wconf 82' lang='lat' dir='ltr'>RMS.—-¹</span> <span class='ocrx_word' id='word_1_443' title='bbox 1202 3397 1317 3438; x_wconf 63' lang='lat' dir='ltr'>Marc„</span> <span class='ocrx_word' id='word_1_444' title='bbox 1332 3409 1438 3440; x_wconf 86' lang='lat' dir='ltr'>cap.u</span> <span class='ocrx_word' id='word_1_445' title='bbox 1451 3422 1459 3438; x_wconf 78' lang='lat'>,</span> <span class='ocrx_word' id='word_1_446' title='bbox 1472 3408 1503 3429; x_wconf 92' lang='lat' dir='ltr'>v.</span> <span class='ocrx_word' id='word_1_447' title='bbox 1520 3398 1570 3429; x_wconf 79' lang='lat'>18.</span> <span class='ocrx_word' id='word_1_448' title='bbox 1618 3405 1663 3429; x_wconf 83' lang='lat' dir='ltr'>est</span> <span class='ocrx_word' id='word_1_449' title='bbox 1692 3397 1807 3430; x_wconf 85' lang='lat' dir='ltr'>desunt</span> <span class='ocrx_word' id='word_1_450' title='bbox 1827 3399 1858 3430; x_wconf 88' lang='lat' dir='ltr'>in</span> <span class='ocrx_word' id='word_1_451' title='bbox 1877 3398 1914 3430; x_wconf 93' lang='lat' dir='ltr'>C.</span> <span class='ocrx_word' id='word_1_452' title='bbox 1933 3417 1971 3423; x_wconf 87' lang='lat'><em>-</em></span> <span class='ocrx_word' id='word_1_453' title='bbox 1984 3396 1998 3415; x_wconf 80' lang='lat'><em>⁰</em></span> <span class='ocrx_word' id='word_1_454' title='bbox 2015 3399 2159 3436; x_wconf 81' lang='lat' dir='ltr'>Deuter.‚</span> <span class='ocrx_word' id='word_1_455' title='bbox 2187 3409 2259 3441; x_wconf 84' lang='lat' dir='ltr'>cap.</span> <span class='ocrx_word' id='word_1_456' title='bbox 2284 3409 2367 3438; x_wconf 85' lang='lat' dir='ltr'>xxv,</span> <span class='ocrx_word' id='word_1_457' title='bbox 2395 3409 2423 3429; x_wconf 80' lang='lat' dir='ltr'>v.</span> <span class='ocrx_word' id='word_1_458' title='bbox 2449 3399 2464 3428; x_wconf 76' lang='grc' dir='ltr'><strong>ἵ</strong></span> <span class='ocrx_word' id='word_1_459' title='bbox 2487 3404 2519 3430; x_wconf 86' lang='lat' dir='ltr'>et</span> <span class='ocrx_word' id='word_1_460' title='bbox 2542 3407 2592 3439; x_wconf 83' lang='lat' dir='ltr'>sq.</span> <span class='ocrx_word' id='word_1_461' title='bbox 2610 3414 2647 3421; x_wconf 93' lang='lat'>—</span> 
     </span>
     <span class='ocr_line' id='line_1_37' title="bbox 541 3452 2104 3497; baseline 0.001 -13"><span class='ocrx_word' id='word_1_462' title='bbox 541 3472 580 3476; x_wconf 86' lang='lat'>-—</span> <span class='ocrx_word' id='word_1_463' title='bbox 600 3454 612 3470; x_wconf 75' lang='lat'><strong>³</strong></span> <span class='ocrx_word' id='word_1_464' title='bbox 629 3453 682 3486; x_wconf 88' lang='lat' dir='ltr'>Sic</span> <span class='ocrx_word' id='word_1_465' title='bbox 699 3454 735 3485; x_wconf 92' lang='lat' dir='ltr'>D.</span> <span class='ocrx_word' id='word_1_466' title='bbox 752 3471 773 3476; x_wconf 96' lang='lat'><em>-</em></span> <span class='ocrx_word' id='word_1_467' title='bbox 788 3456 958 3485; x_wconf 77' lang='lat' dir='ltr'>Attendens</span> <span class='ocrx_word' id='word_1_468' title='bbox 978 3453 1062 3485; x_wconf 83' lang='lat' dir='ltr'>Edit.</span> <span class='ocrx_word' id='word_1_469' title='bbox 1086 3452 1179 3486; x_wconf 78' lang='grc' dir='ltr'>Δηὼ.</span> <span class='ocrx_word' id='word_1_470' title='bbox 1192 3470 1236 3477; x_wconf 90' lang='lat'>—-</span> <span class='ocrx_word' id='word_1_471' title='bbox 1251 3453 1263 3469; x_wconf 80' lang='lat'><em>⁴</em></span> <span class='ocrx_word' id='word_1_472' title='bbox 1280 3454 1360 3496; x_wconf 86' lang='lat' dir='ltr'>Cap.</span> <span class='ocrx_word' id='word_1_473' title='bbox 1382 3465 1437 3485; x_wconf 79' lang='lat' dir='ltr'>xxi</span> <span class='ocrx_word' id='word_1_474' title='bbox 1451 3476 1459 3489; x_wconf 88' lang='lat'>‚</span> <span class='ocrx_word' id='word_1_475' title='bbox 1491 3453 1569 3493; x_wconf 81' lang='lat' dir='ltr'>opp.</span> <span class='ocrx_word' id='word_1_476' title='bbox 1619 3453 1647 3470; x_wconf 86' lang='lat'>¹⁰</span> <span class='ocrx_word' id='word_1_477' title='bbox 1666 3454 1792 3494; x_wconf 65' lang='lat' dir='ltr'>Matth„</span> <span class='ocrx_word' id='word_1_478' title='bbox 1812 3465 1883 3497; x_wconf 85' lang='lat' dir='ltr'>cap.</span> <span class='ocrx_word' id='word_1_479' title='bbox 1903 3467 1978 3495; x_wconf 77' lang='lat' dir='ltr'>xix,</span> <span class='ocrx_word' id='word_1_480' title='bbox 2002 3466 2032 3487; x_wconf 87' lang='lat' dir='ltr'>v.</span> <span class='ocrx_word' id='word_1_481' title='bbox 2054 3456 2104 3487; x_wconf 77' lang='lat'>12.</span> 
     </span>
     <span class='ocr_line' id='line_1_38' title="bbox 539 3509 1571 3551; baseline -0.001 -10"><span class='ocrx_word' id='word_1_482' title='bbox 539 3517 563 3541; x_wconf 80' lang='grc' dir='ltr'>ι.</span> <span class='ocrx_word' id='word_1_483' title='bbox 579 3509 640 3547; x_wconf 71' lang='lat' dir='ltr'>Vl,</span> <span class='ocrx_word' id='word_1_484' title='bbox 660 3520 693 3551; x_wconf 82' lang='lat' dir='ltr'>p.</span> <span class='ocrx_word' id='word_1_485' title='bbox 714 3511 786 3542; x_wconf 74' lang='lat'><strong>3323.</strong></span> <span class='ocrx_word' id='word_1_486' title='bbox 804 3528 838 3533; x_wconf 90' lang='lat'><em>-</em></span> <span class='ocrx_word' id='word_1_487' title='bbox 884 3510 958 3547; x_wconf 64' lang='lat' dir='ltr'>Joh,</span> <span class='ocrx_word' id='word_1_488' title='bbox 977 3520 1048 3551; x_wconf 83' lang='lat' dir='ltr'>cap.</span> <span class='ocrx_word' id='word_1_489' title='bbox 1069 3521 1095 3546; x_wconf 82' lang='grc' dir='ltr'>ι,</span> <span class='ocrx_word' id='word_1_490' title='bbox 1114 3520 1140 3540; x_wconf 84' lang='grc' dir='ltr'>ν.</span> <span class='ocrx_word' id='word_1_491' title='bbox 1162 3511 1245 3540; x_wconf 86' lang='grc'>8.-</span> <span class='ocrx_word' id='word_1_492' title='bbox 1259 3510 1271 3525; x_wconf 72' lang='lat'><strong>⁰</strong></span> <span class='ocrx_word' id='word_1_493' title='bbox 1286 3509 1412 3547; x_wconf 57' lang='lat' dir='ltr'>Manli„</span> <span class='ocrx_word' id='word_1_494' title='bbox 1439 3520 1511 3551; x_wconf 84' lang='lat' dir='ltr'>cap.</span> <span class='ocrx_word' id='word_1_495' title='bbox 1538 3520 1571 3547; x_wconf 83' lang='lat' dir='ltr'>n,</span> 
     </span>
    </p>
   </div>
   <div class='ocr_carea' id='block_1_8' title="bbox 2676 1326 2799 1514">
    <p class='ocr_par' dir='ltr' id='par_1_8' title="bbox 2676 1323 2799 1514">
     <span class='ocr_line' id='line_1_39' title="bbox 2676 1326 2799 1514; baseline 0 -49"><span class='ocrx_word' id='word_1_496' title='bbox 2676 1326 2799 1514; x_wconf 50' lang='lat' dir='ltr'>s,</span> 
     </span>
    </p>
   </div>
   <div class='ocr_carea' id='block_1_9' title="bbox 533 1652 2680 1725">
    <p class='ocr_par' dir='ltr' id='par_1_9' title="bbox 533 1652 2680 1725">
     <span class='ocr_line' id='line_1_40' title="bbox 533 1652 2680 1725; baseline 0.001 -27"><span class='ocrx_word' id='word_1_497' title='bbox 533 1653 672 1699; x_wconf 88' lang='lat' dir='ltr'>nibus</span> <span class='ocrx_word' id='word_1_498' title='bbox 698 1654 903 1699; x_wconf 87' lang='lat' dir='ltr'>innotuit</span> <span class='ocrx_word' id='word_1_499' title='bbox 929 1652 1200 1698; x_wconf 88' lang='lat' dir='ltr'>tentationis</span> <span class='ocrx_word' id='word_1_500' title='bbox 1214 1653 1444 1698; x_wconf 89' lang='lat' dir='ltr'>examine.</span> <span class='ocrx_word' id='word_1_501' title='bbox 1466 1671 1487 1695; x_wconf 69' lang='grc' dir='ltr'>υ</span> <span class='ocrx_word' id='word_1_502' title='bbox 1518 1656 1634 1698; x_wconf 89' lang='lat' dir='ltr'>Item</span> <span class='ocrx_word' id='word_1_503' title='bbox 1655 1671 1663 1697; x_wconf 75' lang='grc' dir='ltr'>ε</span> <span class='ocrx_word' id='word_1_504' title='bbox 1698 1672 1720 1695; x_wconf 88' lang='lat'><em>«</em></span> <span class='ocrx_word' id='word_1_505' title='bbox 1737 1656 1911 1699; x_wconf 88' lang='lat' dir='ltr'>Verum</span> <span class='ocrx_word' id='word_1_506' title='bbox 1936 1663 1989 1699; x_wconf 86' lang='lat' dir='ltr'>ut</span> <span class='ocrx_word' id='word_1_507' title='bbox 2009 1653 2215 1717; x_wconf 89' lang='lat' dir='ltr'>apertius</span> <span class='ocrx_word' id='word_1_508' title='bbox 2232 1653 2516 1717; x_wconf 87' lang='lat' dir='ltr'>intelligatur</span> <span class='ocrx_word' id='word_1_509' title='bbox 2531 1670 2651 1718; x_wconf 91' lang='lat' dir='ltr'>quo-</span> <span class='ocrx_word' id='word_1_510' title='bbox 2677 1712 2680 1725; x_wconf 66' lang='lat'>,</span> 
     </span>
    </p>
   </div>
  </div>
 </body>
</html>
