2970 4152
766 403 827 453 IN
859 402 1262 452 ASSUMPTIONE
1294 403 1507 451 BEATAE
1539 402 1748 450 MARlAE
1779 401 1995 448 SERMO.
2346 399 2440 449 523

327 496 506 557 medio,
530 513 621 544 nec
639 497 892 563 quisquam
913 514 1053 545 suum
1074 497 1255 563 aliquid
1276 514 1378 546 esse
1394 496 1585 545 dicebat
1601 533 1613 556 ‚
1638 496 1724 544 sed
1745 496 2074 560 unusquisque
2095 504 2269 542 cuncta
2289 495 2442 559 possi-

327 577 473 626 debat
492 579 542 626 in
564 579 757 626 caritate
770 616 781 638 ,
803 580 924 627 sicut
945 596 1079 628 sacer
1102 579 1374 645 apostolicae
1397 579 1599 626 actionis
1621 588 1785 626 narrat
1800 576 1965 642 stylus.
1991 580 2104 624 Post
2123 575 2223 623 haec
2245 574 2445 640 dispersi

326 667 437 719 sunt
449 675 536 723 per
544 659 761 723 regiones
774 659 984 708 diversas
993 659 1055 708 ad
1061 659 1422 726 praed‘icandum
1433 658 1636 707 verbum
1645 658 1750 705 Dei.
1762 658 1980 722 Denique
1991 656 2189 721 impleto
2201 655 2344 703 beata
2354 658 2448 702 Ma-

328 738 398 786 ria
411 737 552 802 hujus
568 740 673 787 vitae
688 756 852 800 cursu,
878 758 1028 805 quum
1040 741 1143 806 jam
1168 750 1420 788 vocaretur
1443 755 1472 787 a
1492 738 1654 787 seculo
1673 775 1684 797 ‚
1710 738 1986 802 congregati
2009 753 2176 784 omnes
2198 746 2311 783 sunt
2337 752 2449 801 apo-

328 817 438 865 stoli
459 818 520 866 de
541 819 736 883 singulis
756 821 1032 885 regionibus
1053 822 1116 870 ad
1138 822 1340 870 domum
1354 821 1472 885 ejus.
1502 822 1758 884 Quumque
1781 818 2025 865 audissent
2043 817 2157 881 quia
2172 826 2294 864 esset
2318 832 2450 863 assu-

330 898 506 947 menda
528 899 589 947 de
609 900 817 961 mundo,
842 902 1103 966 vigilabant
1119 919 1231 950 cum
1253 919 1310 951 ea
1328 900 1487 950 simul.
1507 903 1567 947 Et
1587 915 1698 947 ecce
1718 898 1956 946 Dominus
1971 900 2103 945 Jesus
2125 897 2319 944 advenit
2339 912 2451 943 cum

330 978 508 1043 angelis
528 980 648 1040 suiS,
670 990 718 1029 et
739 982 976 1047 accipiens
994 983 1205 1030 animam
1222 983 1344 1047 ejus,
1370 980 1568 1030 tradidit
1584 978 1803 1027 Michaeli
1824 977 2121 1041 Archangelo
2134 1014 2145 1036 ,
2171 986 2219 1024 et
2239 976 2448 1024 recessit.

330 1058 550 1108 Diluculo
573 1072 732 1110 autem
752 1063 1031 1112 levaverunt
1052 1064 1256 1130 apostoli
1277 1081 1389 1112 cum
1409 1061 1585 1111 lectulo
1607 1077 1783 1127 corpus
1805 1060 1928 1124 ejuS,
1953 1067 2313 1124 posueruntque
2334 1057 2453 1104 illud

330 1139 381 1188 in
401 1153 745 1204 monumentO,
772 1154 820 1192 et
840 1143 1176 1192 custodiebant
1192 1145 1350 1211 ipsum
1379 1142 1643 1192 adventum
1663 1141 1862 1190 Domini
1884 1138 2226 1206 praestolantes.
2261 1141 2320 1184 Et
2344 1154 2454 1185 ecce

330 1220 504 1268 iterum
529 1223 674 1270 astitit
696 1223 762 1271 eis
795 1224 1060 1285 Dominus,
1094 1234 1142 1273 et
1162 1234 1439 1290 susceptum
1460 1239 1636 1289 corpus
1657 1231 1879 1270 sanctum
1899 1220 1949 1267 in
1973 1219 2104 1267 nube
2125 1218 2300 1267 deferri
2317 1218 2457 1282 jussit

331 1301 380 1348 in
403 1301 704 1366 paradisum,
732 1303 821 1352 ‘ubi
847 1321 979 1353 nunc
1006 1316 1252 1371 resumpta
1282 1306 1445 1353 anima
1477 1322 1590 1353 cum
1623 1303 1786 1352 electis
1814 1302 1914 1367 ejus
1942 1300 2158 1349 exultans
2184 1299 2456 1347 aeternitatis

331 1379 472 1429 bonis
506 1382 641 1431 nullo
669 1385 909 1433 occasuris
938 1385 1035 1433 fine
1062 1386 1339 1452 perfruitur.
1374 1404 1399 1431 »
1430 1388 1500 1432 Ex
1542 1400 1645 1450 qua·
1665 1382 1864 1449 quidem
1895 1381 2018 1430 tanti
2046 1380 2138 1428 viri
2170 1379 2454 1438 assertione,

331 1475 477 1523 quam
499 1460 734 1525 gloriosus
754 1463 843 1512 iste
864 1481 1063 1512 summae
1083 1465 1279 1530 virginis
1301 1465 1527 1513 transitus
1554 1464 1615 1511 sit
1636 1463 1803 1528 liquet.
1830 1460 1903 1509 Ad
1930 1476 2075 1525 quem
2096 1458 2320 1507 videlicet
2340 1474 2457 1505 con·

311 1542 620 1614 ‚secrandum
643 1561 728 1593 seu
755 1545 1100 1595 celebrandum
1121 1557 1223 1596 tam
1242 1547 1344 1613 ipse
1365 1546 1602 1594 Dominus
1623 1561 1735 1593 cum
1759 1543 1938 1608 angelis
1965 1541 2027 1590 de
2048 1540 2267 1607 supernis
2290 1556 2459 1587 occur·

333 1621 393 1669 rit
409 1658 422 1681 ,
447 1639 595 1687 quam
616 1625 822 1691 apostoli
837 1626 899 1674 de
921 1627 1155 1675 universis
1183 1626 1461 1691 regionibus
1488 1635 1603 1674 sunt
1622 1623 1898 1689 congregati
1913 1660 1926 1682 ,
1951 1632 2005 1670 ut
2027 1621 2248 1687 exequias
2264 1620 2364 1684 ejus
2386 1618 2461 1667 isti

332 1715 677 1768 praepararent,
702 1722 850 1771 quam
871 1707 939 1755 illi
959 1707 1274 1771 susciperent.

398 1782 585 1831 Scimus
611 1785 857 1849 apostolos
884 1786 935 1832 in
964 1794 1121 1832 morte
1147 1785 1346 1833 Domini
1373 1795 1506 1832 metu
1530 1785 1672 1832 fuisse
1701 1784 1941 1850 dispersos
1958 1821 1970 1843 ,
2002 1793 2051 1830 et
2082 1782 2133 1829 in
2162 1781 2323 1845 fugam
2345 1796 2463 1827 con·

334 1879 514 1911 versos,
540 1867 677 1912 Nunc
699 1875 861 1913 autem
884 1865 1050 1914 divina
1071 1865 1428 1931 dispensatione
1451 1865 1631 1913 factum
1659 1875 1754 1925 est,
1786 1874 1840 1912 ut
1861 1863 1996 1930 quod
2017 1864 2067 1910 in
2093 1861 2193 1910 filio
2214 1862 2374 1909 minus
2396 1872 2466 1908 est

334 1952 551 2004 auctum,
568 1944 617 1992 in
638 1944 872 2011 obsequio
895 1945 1061 1994 matris
1083 1956 1499 2011 recompensetur3
1516 1955 1564 1993 et
1579 1944 1714 2010 quod
1735 1944 1804 1992 ibi
1826 1943 2127 2008 deliquerant
2143 1941 2362 2006 dispersi,
2386 1941 2465 1989 hic

334 2025 649 2073 emendarent
669 2026 961 2090 congregati.
991 2028 1059 2074 Ex
1080 2043 1179 2091 quo
1208 2026 1354 2074 etiam
1381 2035 1606 2091 apparet,
1633 2034 1815 2090 quanto
1838 2023 2042 2089 amplius
2064 2022 2125 2070 de
2147 2022 2336 2070 honore
2363 2038 2465 2070 ma-

335 2105 419 2152 tris
440 2105 542 2170 ipse
562 2105 799 2153 Dominus
815 2143 827 2166 ,
850 2122 998 2171 quam
1019 2106 1080 2154 de
1102 2107 1302 2172 proprio
1325 2106 1467 2154 fuisse
1488 2106 1708 2153 videatur
1729 2104 1983 2162 sollicitus,
2010 2103 2049 2151 si
2071 2103 2178 2168 quis
2200 2111 2299 2150 tam
2319 2101 2467 2150 vitam

335 2186 500 2234 matris
521 2203 668 2251 quam
688 2188 867 2235 exitum
889 2198 1075 2253 penset.
1102 2192 1208 2254 Ipse
1236 2189 1439 2254 quippe,
1471 2205 1572 2235 non
1604 2186 1763 2235 solum
1784 2186 1834 2233 in
1857 2186 2081 2251 passione
2097 2222 2109 2244 ,
2135 2200 2305 2232 verum
2324 2183 2468 2231 etiam

335 2277 477 2316 antea
503 2277 637 2316 tanta
667 2270 892 2323 sustinuit
925 2269 1134 2335 probra,
1166 2279 1220 2317 ut
1252 2269 1404 2317 homo
1438 2285 1610 2328 vorax,
1636 2279 1683 2317 et
1720 2278 1916 2334 potator
1943 2266 2067 2325 vini,
2101 2275 2148 2313 et
2176 2264 2463 2312 daemonium

334 2347 518 2396 habens
553 2349 810 2410 diceretur,
850 2350 983 2398 nulla
1019 2367 1215 2416 prorsus
1249 2351 1456 2398 infamiae
1483 2350 1671 2398 macula
1704 2349 1870 2396 matris
1898 2346 2229 2395 excellentiam
2262 2342 2465 2410 respergi

338 2428 548 2493 pertulit.
580 2429 717 2478 Unde
739 2440 788 2478 et
814 2429 876 2478 de
904 2431 1008 2496 ipsa
1029 2431 1297 2479 nasciturus
1325 2448 1559 2496 sponsum
1581 2431 1625 2478 ei
1647 2428 1883 2495 providit,
1908 2444 1995 2493 per
2017 2442 2163 2491 quem
2186 2442 2285 2473 non
2311 2424 2464 2472 solum

338 2507 439 2571 ejus
461 2508 794 2574 corporalibus
816 2510 1246 2558 necessitudinibus
1267 2510 1568 2576 provideret,
1590 2527 1759 2557 verum
1778 2509 1923 2556 etiam
1944 2517 2045 2555 tam
2067 2505 2309 2554 maledicti
2324 2518 2465 2568 quam

339 2587 545 2636 infamiae
566 2590 748 2637 crimen
774 2589 835 2637 ab
858 2607 915 2638 ea
935 2590 1253 2655 propulsaret.
1272 2591 1449 2638 Triduo
1464 2590 1763 2638 dominicum
1779 2604 1954 2653 corpus
1979 2587 2029 2634 in
2051 2585 2271 2651 sepulcro
2298 2583 2462 2647 jacuit,

340 2677 388 2715 et
415 2683 442 2715 a
477 2666 555 2715 die
587 2670 949 2718 resurrectionis
983 2670 1299 2735 quadraginta
1331 2670 1502 2718 diebus
1536 2670 1868 2718 ascensionem
1903 2683 2039 2715 suam
2073 2664 2267 2713 distulit.
2310 2664 2467 2719 Quam

341 2747 538 2812 quidem
559 2748 841 2796 dilationem
869 2767 1175 2816 nequaquam
1194 2788 1205 2811 ,
1243 2762 1297 2799 ut
1330 2751 1513 2799 dictum
1546 2761 1640 2810 est,
1678 2750 1727 2796 in
1763 2758 1914 2796 matre
1943 2745 2154 2813 pertulit.
2187 2743 2400 2807 Denique
2422 2751 2469 2789 et

341 2843 530 2875 sacrum
564 2845 740 2894 corpus
771 2830 896 2878 clam
926 2831 1058 2896 prius
1092 2832 1141 2878 in
1164 2831 1441 2898 paradisum
1477 2830 1666 2879 sustulit
1686 2845 1833 2895 quam
1861 2826 2181 2886 resuscitavit,
2205 2840 2302 2889 quo
2326 2822 2467 2869 mira-

341 2906 486 2955 bilior
508 2909 738 2956 exanimis
769 2911 986 2976 corporis
1012 2913 1276 2977 assumptio
1312 2911 1447 2960 fieret
1482 2928 1537 2959 ac
1569 2909 1878 2967 resurrectiO,
1907 2906 2176 2955 nullatenus
2192 2905 2292 2969 jam
2315 2903 2469 2967 ipsum

342 2988 621 3037 suscitatum
642 3000 835 3038 terreno
857 3001 1084 3040 contactu
1103 2993 1325 3056 judicans
1347 2992 1565 3056 dignum.
1592 2995 1815 3038 Creatum
1837 2999 1968 3037 extra
1984 2985 2260 3054 paradisum
2275 2982 2470 3047 legimus

343 3067 519 3129 Adam,
553 3071 603 3118 in
632 3071 857 3136 paradiso
879 3075 1031 3120 Evam
1058 3092 1068 3120 ε
1094 3075 1427 3122 resuscitatum
1449 3075 1499 3121 in
1521 3072 1659 3120 terris
1681 3071 1969 3128 Dominum,
1995 3069 2044 3115 in
2068 3064 2334 3114 coelestibus
2354 3077 2470 3109 vero

343 3165 518 3215 corpus
531 3160 820 3200 maternum.
850 3153 1156 3218 Perpendant
1169 3154 1355 3202 feminae
1375 3164 1556 3219 quanta
1570 3152 1847 3200 inferiorem
1860 3165 2025 3197 earum
2038 3162 2201 3194 sexum
2215 3141 2364 3209 gloria
2377 3143 2473 3188 Do-

346 3228 505 3277 minus
525 3229 920 3297 sublimav[er]it‚
946 3243 993 3281 et
1011 3250 1158 3299 quam
1179 3234 1246 3282 eis
1268 3251 1370 3282 esse
1392 3233 1621 3281 naturalis
1642 3231 1861 3279 videatur
1883 3239 1982 3277 tam
2003 3225 2204 3276 coelestis
2224 3238 2371 3289 quam
2387 3230 2476 3267 ter·

347 3308 506 3356 restris
520 3310 785 3374 paradisus.
805 3316 859 3360 In
875 3312 970 3361 hoc
987 3314 1165 3379 quippe
1184 3314 1417 3362 femineus
1440 3331 1576 3362 sexus
1594 3323 1693 3359 tam
1710 3325 1913 3376 corpore
1929 3324 2075 3374 quam
2090 3305 2250 3354 anima
2264 3301 2475 3368 primum

346 3399 533 3437 creatus
550 3427 562 3449 ,
588 3391 637 3438 in
661 3392 805 3440 istum
827 3392 975 3442 hodie
999 3395 1161 3442 anima
1182 3395 1360 3460 pariter
1377 3412 1488 3442 cum
1510 3409 1714 3459 corpore
1737 3389 2036 3439 sublimatur.
2063 3389 2133 3434 De
2154 3382 2303 3432 veteri
2326 3378 2477 3427 Adam

342 3479 507 3521 ‚creata
533 3480 603 3519 est
626 3474 724 3521 Eva
745 3491 756 3521 ε
776 3490 931 3523 novus
955 3484 1116 3523 autem
1131 3475 1284 3524 Adam
1300 3486 1347 3524 et
1369 3475 1542 3524 veteris
1564 3473 1842 3537 redemptor
1863 3477 2118 3535 generatur
2139 3481 2197 3514 ex
2211 3461 2376 3511 Maria.
2396 3458 2478 3508 Illa
