2970 4152
579 390 637 437 ΙΝ
670 389 861 434 SEXTA
897 387 1074 433 FERIA
1109 385 1255 431 POST
1291 384 1560 431 OCTAVAS
1595 382 1967 431 ASCENSIONIS
2000 378 2216 427 SERMO.
2363 378 2460 424 479

339 481 447 528 coeli
468 481 616 545 janua
643 480 860 546 patebat,
885 489 1118 543 tanquam
1148 478 1199 523 in
1227 476 1636 541 peregrinatione,
1663 493 1763 522 non
1792 476 1842 522 in
1874 474 2030 540 patria
2058 472 2161 519 fuit.
2201 470 2463 517 Subsecuta

341 578 455 608 vero
479 561 692 624 gentium
713 560 944 618 Ecclesia,
971 575 1076 623 quae
1097 566 1207 623 post
1227 557 1503 622 passionem
1537 556 1733 603 Domini
1757 556 1857 620 jam
1880 572 1907 602 a
1928 571 2077 618 regno
2101 569 2201 599 non
2225 551 2459 609 differtur,

341 652 389 689 et
416 642 477 689 ad
500 642 674 689 coelum
702 641 919 706 quotidie
947 640 1141 703 migrat,
1166 639 1330 703 patriae
1359 638 1509 701 magis
1540 654 1688 701 quam
1716 636 2112 702 peregrinationis
2141 633 2463 680 solemnitates

341 721 570 781 celebrat,
596 739 748 786 quum
776 721 945 767 suturae
968 721 1074 767 vitae
1096 718 1277 783 *gaudia
1299 718 1350 764 in
1379 717 1603 765 natalitiis
1631 728 1908 764 sanctorum
1936 717 2228 780 frequentat3
2254 730 2343 760 nec
2365 723 2464 760 tam

342 802 475 866 quod
508 803 647 849 terris
676 802 776 848 nati
796 810 944 859 -sunt,
977 816 1124 864 quam
1145 799 1279 863 quod
1307 798 1430 845 coelo
1459 808 1744 857 nascuntur,
1777 807 1941 844 nostra
1964 798 2065 860 jam
2093 795 2286 842 devotio
2309 804 2459 840 curat.

341 885 526 928 Domus
556 882 716 945 itaque
758 880 1060 926 mansionem
1097 879 1247 942 magis
1280 895 1427 942 quam
1462 877 1586 924 exilii
1620 877 2057 943 peregrinationem
2096 874 2336 922 celebrare
2376 890 2465 919 nos

342 961 592 1020 convenit,
625 960 800 1024 quibus
823 959 1025 1006 coelestis
1042 959 1142 1022 jam
1171 968 1302 1024 patet
1324 958 1520 1005 felicitas
1543 958 1592 1004 in
1617 958 1868 1022 praemium
1890 957 2173 1013 constituta3
2199 971 2350 1019 quum
2370 964 2465 1000 ter-

343 1057 459 1089 rena
479 1050 669 1087 tantum
686 1040 979 1106 prosperitas
1001 1040 1050 1085 in
1070 1039 1459 1086 remuneratione
1481 1037 1595 1101 legis
1618 1038 1818 1102 antiquo
1841 1036 2022 1102 populo
2045 1036 2185 1083 fuerit
2207 1052 2234 1082 a
2255 1035 2465 1082 Domino

343 1121 595 1187 promissa.

410 1202 727 1248 Praetermissa
752 1201 913 1263 itaque
939 1197 1380 1246 Tabernaculorum
1408 1198 1684 1256 festivitate,
1717 1197 1779 1244 ad
1808 1197 2132 1262 suprapositas
2161 1196 2280 1243 duas
2302 1212 2467 1242 rever-

343 1291 519 1339 tentes,
552 1280 742 1328 Paschae
763 1279 984 1327 videlicet
1012 1289 1155 1343 atque
1187 1281 1513 1336 Pentecostes,
1539 1277 1790 1341 diligenter
1812 1294 1891 1324 eas
1921 1278 2045 1324 inter
2067 1294 2117 1324 se
2139 1276 2463 1334 conferamus,

343 1370 398 1407 ut
418 1360 544 1407 hanc
572 1359 652 1407 illa
680 1355 779 1406 ta‘m'
807 1359 855 1405 in
879 1359 1040 1406 Veteri
1067 1375 1214 1422 quarn
1236 1359 1285 1404 in
1316 1360 1452 1404 Novo
1475 1361 1778 1404 Testamento
1801 1374 1901 1404 non
1934 1357 2210 1404 inferiorem
2232 1373 2332 1403 esse
2355 1373 2467 1421 pro—

344 1439 537 1499 bemus,
568 1440 668 1487 imo
696 1456 794 1504 prae
821 1439 1002 1485 caeteris
1030 1437 1292 1502 quamdam
1321 1437 1541 1484 obtinere
1569 1437 1935 1503 praerogativam
1963 1438 2302 1484 monstremus.
2335 1437 2468 1500 Legi—

344 1523 475 1568 mus¹
497 1521 761 1567 Dominum
782 1519 935 1583 Moysi
956 1519 1236 1584 praecepisse
1249 1556 1261 1578 ,
1286 1528 1340 1565 ut
1361 1518 1597 1584 populum
1619 1518 1952 1579 sanctificaret,
1980 1534 2187 1582 eumque
2209 1518 2467 1564 vestimen-

344 1601 403 1648 tis
431 1601 527 1648 suis
555 1600 729 1648 ablutis
757 1599 819 1647 ab
847 1598 1077 1646 uxoribus
1106 1598 1450 1657 abstinentem,
1482 1600 1549 1646 sic
1571 1599 1633 1646 ad
1662 1599 1816 1663 legem
1843 1609 2132 1665 praepararet
2154 1599 2203 1645 in
2227 1598 2367 1645 tertio
2391 1598 2469 1644 die

344 1681 713 1748 suscipiendam.
742 1680 930 1727 Nullam
951 1690 1113 1727 autem
1140 1679 1284 1727 aliam
1312 1679 1616 1727 festivitatem
1645 1681 1711 1728 ita
1731 1680 1805 1727 lex
1827 1680 2160 1738 commendat,
2186 1690 2240 1726 ut
2261 1679 2403 1726 talem
2426 1679 2468 1724 ei

345 1761 732 1810 sanctificationis
750 1760 1149 1825 praeparationem
1167 1760 1382 1806 instituat
1395 1797 1406 1819 ,
1422 1761 1690 1825 praesertim
1706 1777 1835 1820 cum,
1861 1760 2087 1825 Apostolo
2110 1769 2379 1818 attestante,
2402 1759 2469 1805 in-

346 1851 417 1889 ter
438 1842 662 1889 universa
681 1841 769 1887 Dei
792 1840 923 1887 dona
943 1840 1115 1886 Judaeis
1138 1840 1400 1903 antiquitus
1422 1839 1612 1899 collata,
1638 1840 1756 1887 illud
1778 1841 1989 1906 primum
2011 1840 2094 1899 sit,
2114 1839 2210 1886 hoc
2233 1849 2303 1886 est
2325 1839 2469 1886 maxi·

346 1936 496 1982 mum,
526 1921 681 1986 «quia
701 1919 884 1967 credita
905 1929 1017 1967 sunt
1039 1919 1129 1967 illis
1152 1919 1344 1984 eloquia
1364 1920 1487 1979 Dei’,
1503 1939 1527 1964 »
1547 1919 1641 1967 hoc
1664 1931 1735 1967 est
1752 1921 1935 1968 Veteris
1949 1919 2237 1967 Testamenti
2250 1919 2469 1966 doctrina

345 1999 458 2059 illis,
490 2017 590 2047 non
619 2001 798 2048 caeteris
827 2001 1080 2047 nationum
1108 2000 1298 2065 populis
1321 2000 1449 2047 data.
1486 1994 1579 2047 Sed
1602 2018 1691 2047 nec
1714 2001 1790 2047 ille
1813 2002 1938 2059 dies,
1964 2001 2047 2065 qui
2068 2000 2261 2066 proprie
2293 1999 2470 2047 Pascha

346 2081 630 2141 vocabatur,
662 2097 841 2145 agnum
867 2080 945 2128 vel
971 2081 1171 2128 hoedum
1199 2081 1457 2129 immolans
1485 2082 1547 2129 ad
1576 2099 1829 2147 vesperum
1856 2092 2041 2147 septem
2068 2091 2320 2146 sequentes
2348 2080 2467 2139 dies,

345 2161 428 2225 qui
450 2178 729 2226 azymorum
766 2161 1050 2208 dicebantur
1068 2198 1079 2220 ,
1118 2161 1299 2226 aliquid
1336 2162 1510 2209 sestivae
1544 2162 1877 2210 celebrationis
1911 2179 1967 2209 ex
2002 2172 2239 2228 praecepto
2276 2162 2470 2209 Domini

345 2239 536 2301 habuit,
555 2241 640 2288 sed
662 2241 712 2288 in
735 2257 791 2289 ea
813 2251 1001 2289 tantum
1023 2241 1259 2289 immolati
1281 2243 1390 2306 agni
1413 2242 1475 2289 ad
1498 2259 1747 2308 vesperum
1765 2243 1895 2307 jussa
1918 2253 1988 2290 est
2011 2243 2130 2290 fieri.
2158 2245 2327 2289 Nostra
2349 2259 2469 2306 quo-

345 2337 439 2385 que
466 2320 742 2370 solemnitas
766 2326 1068 2369 Pentecostes
1097 2322 1214 2386 quid
1236 2322 1451 2370 utilitatis
1479 2323 1555 2370 vel
1583 2323 1826 2387 dignitatis
1854 2340 1951 2389 prae
1979 2324 2158 2371 caeteris
2181 2323 2355 2389 adepta
2382 2323 2466 2380 sit,

346 2400 507 2448 multis
522 2401 705 2449 clarum
727 2411 797 2448 est
818 2402 1023 2449 indiciis.
1045 2405 1140 2449 Lex
1162 2402 1310 2449 hodie
1332 2403 1381 2449 in
1406 2413 1572 2450 monte
1594 2404 1723 2451 Sinai
1745 2404 1829 2450 uni
1850 2404 2052 2469 populo,
2072 2404 2183 2450 etin
2203 2419 2298 2450 una
2311 2403 2471 2466 lingua

346 2480 549 2541 tradita,
593 2480 894 2528 obscuritatis
928 2481 1129 2544 caligine
1168 2482 1255 2528 suit
1297 2482 1536 2542 involuta,
1577 2493 1624 2530 et
1666 2493 1765 2530 tam
1810 2484 1942 2530 fumo
1985 2484 2144 2548 potius
2178 2500 2324 2548 quam
2366 2483 2471 2530 luce

348 2558 542 2618 referta,
580 2560 701 2606 sicut
735 2570 782 2607 et
809 2569 1027 2625 patenter
1061 2560 1454 2625 praefigurabatur
1488 2579 1639 2627 quum
1662 2563 1764 2627 ipsa
1791 2562 2075 2610 traderetur.
2123 2563 2322 2628 Spiritus
2355 2579 2470 2609 vero

346 2657 490 2706 super
511 2640 754 2706 apostolos
775 2641 921 2688 hodie
950 2641 1246 2688 descendens
1275 2640 1373 2689 t'am
1395 2642 1509 2706 legis
1532 2659 1679 2707 quam
1701 2653 1983 2691 caeterorum
2000 2644 2274 2692 divinorum
2295 2644 2472 2692 verbo-

348 2738 456 2770 rum
492 2721 853 2786 intelligentiam
890 2720 1069 2780 attulit,
1107 2731 1155 2767 et
1188 2722 1353 2769 omnia
1392 2739 1566 2786 genera
1602 2723 1897 2787 linguarum,
1937 2725 2111 2789 quibus
2150 2725 2251 2772 haec
2294 2724 2472 2789 ubique

348 2803 737 2867 praedicarentur,
775 2801 1018 2866 discipulis
1047 2801 1272 2862 contulit,
1308 2812 1355 2850 et
1389 2813 1560 2850 notum
1597 2805 1728 2870 prius
1771 2806 1821 2852 in
1859 2806 2021 2853 Judaea
2056 2809 2213 2853 Deum
2249 2806 2471 2853 universo

350 2882 534 2929 mundo
557 2881 842 2941 declaravit,
869 2890 917 2927 et
938 2881 1096 2946 ipsum
1130 2882 1174 2928 ei
1208 2882 1474 2947 acquisivit.
1513 2884 1601 2931 Die
1636 2885 1855 2945 Paschae,
1893 2887 2157 2933 Dominum
2190 2887 2239 2933 in
2268 2902 2472 2951 corpore

350 2962 656 3010 resurrexisse
678 2961 919 3008 novimus.
939 2964 1039 3008 Hac
1066 2978 1182 3009 vero
1203 2961 1305 3022 die,
1338 2962 1388 3009 id
1411 2973 1572 3010 actum
1594 2974 1664 3011 est
1685 2982 1772 3030 per
1793 2967 1943 3013 sancti
1966 2967 2166 3031 Spiritus
2189 2966 2468 3024 adventum,

350 3057 435 3106 per
456 3041 590 3106 quod
611 3042 860 3088 universus
889 3040 1100 3088 mundus
1128 3041 1308 3101 felicius
1331 3043 1380 3089 in
1413 3044 1573 3091 anima
1601 3045 1977 3093 resuscitaretur.
2005 3048 2092 3094 Die
2114 3046 2473 3094 resurrectionis

349 3121 448 3169 sive
470 3122 777 3181 ascensionis,
803 3120 921 3168 fides
944 3130 992 3168 et
1012 3138 1120 3187 spes
1142 3122 1487 3188 discipulorum
1509 3125 1793 3174 confirmata
1815 3137 1901 3174 est.
1923 3131 2021 3175 Hac
2043 3144 2159 3174 vero
2183 3128 2278 3187 die,
2304 3127 2473 3175 caritas

352 3218 436 3266 per
458 3202 709 3267 Spiritum,
735 3202 817 3266 qui
841 3218 976 3248 amor
1003 3202 1090 3248 Dei
1113 3202 1309 3262 dicitur,
1341 3204 1497 3251 infusa
1525 3205 1784 3271 discipulos
1807 3208 2179 3268 consummavit,
2201 3208 2332 3272 juxta
2356 3207 2472 3255 illud

353 3282 583 3346 Apostoli³
610 3301 619 3328 :
650 3301 673 3326 «
697 3282 878 3329 Caritas
904 3281 992 3328 Dei
1021 3281 1193 3330 diffusa
1227 3293 1297 3330 est
1326 3284 1374 3331 in
1416 3284 1643 3332 cordibus
1673 3287 1848 3333 nostris
1876 3304 1961 3352 per
1991 3287 2218 3352 Spiritum
2254 3298 2471 3335 sanctum

401 3464 407 3478 ¹
434 3463 559 3500 Exod„
579 3473 653 3506 cap.
671 3474 747 3503 xix,
764 3473 795 3495 v,
819 3465 946 3503 10‚1l0.
962 3481 1001 3486 --
1021 3462 1032 3479 ¹
1052 3464 1131 3497 Rom
1149 3489 1159 3502 ‚
1179 3474 1252 3508 cap.
1274 3476 1327 3506 m,
1349 3476 1379 3498 v.
1400 3467 1433 3498 Ξ).
1450 3484 1486 3489 -
1501 3465 1631 3506 ³1bid.‚
1653 3477 1726 3510 cap.
1747 3478 1779 3508 v,
1798 3478 1827 3500 ν.
1844 3468 1876 3501 5.
