2970 4152
557 419 651 467 468
1351 421 1522 468 PETRI
1557 422 1870 468 ABAELARm

555 523 690 577 pater
712 523 843 571 tuus,
870 514 952 576 qui
973 512 1104 559 videt
1126 514 1173 559 in
1198 513 1480 561 abscondito
1497 517 1525 574 ¹,
1551 515 1720 562 reddet
1742 515 1845 562 tibi.
1874 517 2076 561 Orantes
2099 523 2259 560 autem
2285 513 2434 560 nolite
2462 514 2666 561 multum

554 590 709 655 loqui,
741 592 861 638 sicut
893 591 1085 637 ethnici.
1112 594 1285 639 Putant
1313 593 1442 639 enim
1470 594 1611 658 quodx
1630 595 1680 640 in
1710 593 2012 657 multiloquio
2040 610 2128 639 suo
2157 593 2485 639 exaudiantur.
2513 593 2665 640 Nolite

554 685 666 732 ergo
690 669 935 716 assimilari
958 671 1023 717 eis
1048 690 1057 717 :
1079 672 1166 718 scit
1187 672 1316 718 enim
1338 682 1473 737 pater
1493 683 1648 720 vester
1670 673 1787 737 quid
1811 672 1949 719 vobis
1972 689 2093 736 opus
2116 672 2197 729 sit,
2221 682 2476 735 antequam
2496 673 2666 736 petatis

553 748 614 795 ab
636 767 713 796 eo.
741 750 816 796 Sic
843 761 1002 797 autem
1028 752 1253 799 orabitis:
1281 756 1462 800 «Pater
1494 763 1657 801 noster
1684 754 1766 817 qui
1797 770 1847 799 es
1874 753 1923 798 in
1958 752 2110 811 coelis,
2136 751 2455 798 sanctificetur
2485 769 2664 799 nomen

555 840 749 876 «tuum.
776 830 1004 879 Adveniat
1026 849 1227 896 regnum
1259 843 1412 880 tuum.
1439 834 1541 881 Fiat
1561 834 1783 880 voluntas
1805 843 1886 880 tua
1910 833 2030 879 sicut
2052 833 2101 878 in
2124 832 2245 879 coelo
2269 842 2317 878 et
2338 833 2387 878 in
2410 841 2552 879 terra.
2577 835 2664 879 Pa-

554 930 578 954 «
593 928 704 957 nem
722 922 940 959 nostrum
954 913 1457 978 supersubstantialem
1471 915 1531 961 da
1543 915 1683 961 nobis
1695 914 1858 960 hodie.
1874 918 1932 960 Et
1948 914 2133 960 dimitte
2150 913 2290 960 nobis
2306 913 2468 960 debita
2480 923 2660 971 nostra,

552 1012 574 1036 «
593 993 713 1040 sicut
735 1004 781 1040 et
798 1011 886 1041 nos
910 995 1191 1043 dimittimus
1214 996 1511 1043 debitoribus
1534 997 1725 1043 nostris.
1752 1000 1810 1042 Et
1833 1013 1893 1042 ne
1916 1012 2006 1042 nos
2029 995 2227 1042 inducas
2250 996 2299 1041 in
2322 996 2660 1053 tentationem;

552 1073 672 1120 «sed
690 1073 838 1122 libera
860 1093 948 1122 nos
971 1093 999 1122 a
1021 1076 1166 1123 malo.
1187 1095 1208 1121 υ
1226 1077 1485 1140 Diligenter
1507 1094 1596 1123 nos
1618 1077 1854 1123 Dominus
1877 1076 1937 1122 de
1961 1077 2178 1123 oratione
2200 1076 2455 1135 instruens,
2472 1092 2572 1123 non
2589 1093 2665 1122 so-

545 1152 645 1199 lum
668 1154 929 1202 verborum
953 1157 1397 1221 pronuntiationem
1420 1157 1587 1216 tradit,
1614 1173 1782 1203 verum
1806 1156 1950 1204 etiam
1972 1156 2033 1203 de
2055 1149 2322 1202 intentione
2356 1172 2446 1202 nos
2476 1155 2633 1202 erudit
2647 1192 2659 1213 ‚

546 1242 598 1278 ut
619 1234 772 1280 oratio
796 1234 1037 1282 fructuosa
1058 1235 1198 1282 nobis
1221 1253 1321 1283 esse
1343 1237 1508 1300 possit.

614 1332 637 1357 «
657 1313 785 1361 Sicut
804 1314 1087 1379 hypocritae,
1109 1335 1131 1359 »
1152 1317 1330 1380 inquit,
1351 1316 1445 1362 hoc
1465 1326 1556 1376 est,
1578 1333 1678 1363 non
1703 1332 1756 1363 ea
1779 1316 2046 1363 intentione
2061 1331 2157 1379 qua
2173 1315 2278 1362 illos
2295 1324 2482 1362 constat
2503 1331 2657 1362 orare.

544 1395 761 1450 Quorum
783 1395 980 1459 quidem
1002 1397 1320 1443 intentionem
1344 1397 1578 1462 aperiens,
1595 1398 1686 1443 ait:
1711 1407 1798 1443 «ut
1809 1396 2063 1443 videantur
2086 1396 2147 1443 ab
2169 1395 2485 1442 hominibus»
2502 1395 2662 1460 potius

542 1491 688 1538 quam
711 1492 739 1522 a
760 1479 886 1535 Deo,
921 1476 1039 1523 dum
1068 1477 1135 1524 eis
1163 1477 1350 1542 placere
1380 1487 1635 1542 appetunt,
1662 1494 1690 1523 a
1712 1476 1885 1540 quibus
1914 1477 1980 1523 sic
2009 1476 2173 1523 laudes
2206 1475 2281 1523 vel
2309 1486 2499 1522 terrena
2525 1491 2659 1522 com—

540 1555 688 1602 moda
700 1557 964 1619 requirunt.
984 1558 1077 1613 Qui
1094 1567 1147 1603 ut
1165 1574 1193 1604 a
1209 1557 1425 1622 pluribus
1441 1558 1654 1622 conspici
1670 1558 1871 1621 possint,
1896 1576 1919 1601 «
1931 1566 2143 1615 amant,»
2165 1556 2336 1619 inquit,
2347 1556 2395 1601 in
2410 1555 2660 1619 synagogis

540 1643 586 1680 et
609 1635 658 1680 in
683 1635 866 1698 angulis
878 1635 1167 1700 platearum,
1189 1655 1212 1680 »
1237 1636 1332 1683 hoc
1355 1647 1442 1695 est,
1462 1638 1510 1682 in
1534 1636 1736 1701 publicis
1759 1635 2078 1682 conventibus
2093 1635 2365 1692 hominum,
2387 1634 2482 1681 hoc
2499 1650 2655 1698 agere.

540 1714 644 1758 Non
670 1713 784 1760 dicit
805 1714 1081 1779 simpliciter
1103 1732 1185 1762 eos
1208 1715 1275 1761 ibi
1298 1732 1459 1775 orare,
1486 1717 1597 1780 quia
1621 1715 1689 1762 ibi
1711 1733 1737 1763 a
1760 1715 1975 1780 pluribus
1997 1715 2150 1761 videri
2176 1724 2394 1779 possunt.
2422 1717 2517 1760 Nec
2545 1713 2661 1761 dicit

536 1792 585 1838 in
609 1793 776 1858 plateis
790 1833 801 1851 ,
823 1796 908 1842 sed
931 1796 979 1842 in
1005 1796 1187 1860 angulis
1210 1796 1501 1861 platearum,
1522 1797 1657 1861 quasi
1676 1806 1989 1860 conspectum
2009 1795 2266 1844 hominum
2288 1795 2447 1858 fugere
2467 1795 2662 1842 videan-

536 1882 630 1932 tur,
657 1891 706 1921 se
739 1876 789 1921 in
825 1876 1008 1939 angulis
1043 1877 1359 1936 occultando,
1397 1894 1543 1941 quem
1578 1877 1782 1923 maxime
1818 1874 2067 1941 appetunt.
2105 1878 2291 1922 Stantes
2326 1885 2466 1922 orant
2498 1876 2658 1940 potius

536 1970 681 2017 quam
703 1955 922 2002 sedentes
944 1956 1019 2002 vel
1041 1957 1364 2021 procubantes
1387 1976 1396 2003 :
1415 1967 1468 2003 ut
1490 1974 1548 2004 eo
1571 1957 1886 2020 religiosiores
1909 1965 2154 2021 putentur,
2174 1972 2271 2020 quo
2294 1972 2344 2002 se
2366 1956 2416 2001 in
2440 1956 2656 2002 oratione

535 2036 685 2098 magis
714 2036 921 2099 affligere
950 2037 1229 2084 creduntur.
1260 2057 1283 2082 «
1311 2041 1651 2103 Perceperunt,
1677 2057 1700 2082 »
1731 2038 1910 2102 inquit,
1940 2056 1964 2082 «
1989 2036 2263 2083 mercedem
2287 2055 2311 2080 »
2344 2036 2572 2083 orationis
2594 2036 2656 2083 ab

534 2113 812 2162 hominibus
834 2117 883 2162 in
906 2119 1149 2181 praesenti,
1175 2135 1275 2164 non
1300 2134 1406 2164 eam
1428 2118 1741 2182 postmodum
1765 2134 1792 2164 a
1813 2121 1916 2164 Deo
1939 2117 2226 2182 percepturi.
2253 2118 2431 2163 Merces
2459 2116 2557 2163 sive
2584 2133 2657 2163 re-

534 2195 803 2241 muneratio
833 2196 1063 2243 orationis
1084 2195 1159 2243 his
1181 2197 1419 2257 redditur,
1447 2215 1598 2262 quum
1619 2196 1783 2243 laudes
1805 2197 2040 2243 humanas
2063 2196 2139 2242 vel
2161 2206 2349 2243 terrena
2370 2196 2651 2254 commoda,

533 2290 638 2336 quae
656 2274 769 2321 inde
785 2276 1058 2339 requirunt,
1079 2276 1427 2341 adipiscuntur.
1454 2281 1561 2323 «Tu
1584 2287 1745 2323 autem
1767 2277 2041 2341 quicunque
2065 2293 2132 2334 es,
2152 2293 2303 2340 quum
2319 2275 2502 2334 orabiS,
2524 2284 2650 2322 etc.»

533 2352 817 2401 Cubiculum
840 2365 1082 2414 nostrum,
1110 2356 1159 2402 in
1183 2365 1281 2420 quo
1306 2357 1670 2420 requiescimus,
1697 2373 1832 2403 mens
1855 2366 2020 2402 nostra
2043 2365 2136 2414 est,
2163 2372 2191 2402 a
2213 2354 2654 2419 perturbationibus

532 2435 788 2482 mundanis
816 2446 1022 2494 semota,
1049 2446 1102 2482 ut
1124 2440 1226 2483 Deo
1250 2447 1474 2484 vacantes
1496 2437 1744 2502 puriorem
1765 2436 2029 2484 habeamus
2049 2436 2318 2482 orationem
2335 2473 2346 2494 ,
2372 2445 2474 2482 tota
2495 2436 2652 2482 inten-

530 2514 661 2561 tione
685 2526 846 2563 nostra
868 2517 917 2562 in
942 2533 1054 2563 eum
1077 2517 1272 2564 directa.
1301 2518 1502 2581 Ingressi
1525 2517 1824 2576 cubiculum,
1851 2517 2028 2564 ostium
2057 2517 2157 2580 ejus
2187 2516 2474 2575 claudimus,
2500 2533 2562 2563 ne
2591 2515 2652 2564 ab

529 2594 653 2654 aliis,
680 2597 764 2643 sed
789 2613 816 2643 a
838 2597 941 2643 solo
965 2600 1068 2644 Deo
1096 2598 1364 2658 videamur,
1392 2616 1543 2662 quum
1573 2599 1732 2645 modis
1761 2597 1986 2644 omnibus
2015 2597 2346 2662 providemus,
2378 2613 2439 2643 ne
2467 2597 2534 2643 sic
2566 2614 2652 2661 per

529 2677 798 2723 orationem
821 2687 1036 2730 nostram
1058 2677 1336 2724 hominibus
1360 2678 1650 2743 placeamus,
1678 2688 1730 2725 ut
1751 2681 1855 2724 Deo
1879 2677 2129 2742 displicere
2152 2693 2437 2723 mereamur.
2465 2679 2517 2721 In
2542 2663 2650 2723 abs-

527 2756 724 2804 condito
755 2757 904 2820 magis
933 2774 1078 2821 quam
1107 2758 1155 2803 in
1188 2758 1441 2805 manifesto
1464 2761 1593 2805 Deus
1615 2758 1779 2804 videre
1803 2758 1994 2816 dicitur,
2021 2757 2134 2821 quia
2160 2755 2390 2820 probator
2417 2755 2576 2802 cordis
2603 2766 2650 2802 et

527 2853 715 2896 renum,
743 2854 841 2883 non
866 2847 965 2884 tam
988 2855 1092 2901 quae
1115 2837 1259 2897 fiunt,
1280 2855 1426 2903 quam
1445 2856 1543 2902 quo
1562 2840 1724 2885 animo
1741 2838 1859 2885 fiant
1875 2837 2099 2896 attendit,
2120 2853 2208 2883 nec
2225 2846 2324 2883 tam
2340 2852 2487 2900 opera
2503 2852 2649 2900 quam

526 2918 844 2964 intentionem
877 2928 1167 2965 remunerat.
1199 2938 1222 2962 «
1244 2920 1447 2974 Orantes
1479 2929 1640 2966 autem
1675 2919 1848 2977 nolite,
1875 2929 1966 2965 etc.
2003 2937 2025 2962 »
2064 2921 2166 2964 Hoc
2201 2927 2294 2975 est,
2320 2934 2381 2964 ne
2416 2917 2647 2982 appetat'iS

526 2998 843 3062 prolixitatem
877 2998 1135 3045 verborum
1176 2999 1224 3045 in
1256 3000 1498 3057 oratione,
1525 3017 1581 3047 ea
1602 3017 1698 3064 qua
1721 2999 1935 3047 infideles
1960 2999 2138 3046 faciunt
2159 2998 2444 3045 intentione.
2476 3001 2647 3044 Putant

526 3078 671 3136 enim,
694 3079 827 3142 quod
850 3089 1031 3143 quanto
1046 3079 1275 3144 prolixior
1297 3079 1454 3126 verbis
1477 3081 1630 3126 oratio
1654 3096 1739 3127 sua
1762 3080 1924 3138 fuerit,
1943 3089 2078 3126 tanto
2101 3079 2250 3141 magis
2268 3094 2294 3124 a
2311 3081 2413 3124 Deo
2434 3076 2646 3124 exaudiri

525 3168 700 3220 posset,
718 3176 863 3222 quem
879 3176 978 3205 non
997 3159 1174 3224 ubique
1189 3169 1471 3224 praesentem
1484 3160 1735 3218 aestimant,
1753 3170 1800 3206 et
1813 3159 1969 3206 verbis
1987 3158 2199 3221 indigere
2212 3167 2399 3222 putant,
2414 3156 2587 3220 quibus
2601 3158 2644 3203 ei

526 3237 658 3300 quod
677 3238 896 3285 volumus
919 3240 1231 3286 insinuemus.
1252 3239 1404 3286 Nolite
1428 3256 1541 3302 ergo
1565 3240 1613 3286 in
1630 3240 1720 3286 hac
1745 3239 1921 3286 scilicet
1943 3238 2210 3285 intentione
2233 3235 2407 3282 similes
2432 3236 2497 3281 eis
2520 3235 2638 3282 fieri.

593 3335 615 3359 «
642 3318 790 3363 Pater'
808 3328 987 3364 noster.
1018 3338 1040 3362 »
1074 3321 1197 3365 Octo
1229 3330 1388 3366 autem
1417 3318 1631 3384 partibus
1659 3318 1760 3365 haec
1788 3318 2055 3366 secundum
2082 3315 2354 3364 Mattliaeum
2385 3315 2538 3362 oratio
2568 3315 2641 3361 di-

568 3498 578 3515 ¹
603 3499 655 3531 Sic
672 3499 751 3532 cod.
773 3499 853 3531 Vici.
865 3517 888 3522 -
902 3500 1063 3534 Absconso
1076 3500 1163 3533 Edit.
1182 3500 1275 3536 Δῃὼ.

2963 3634 2970 3715 =.——
2958 3590 2970 3628 *L*-
2968 3566 2970 3570 .
2965 3538 2970 3552 .-
