2970 4152
914 325 971 372 lN
1005 325 1188 373 RAmls
1221 325 1548 372 PALMARUM
1583 325 1799 372 SERMo.
2095 286 2109 298 ’
2328 325 2422 372 445

304 418 506 477 faciunt,
534 427 581 464 et
596 416 844 464 reddendo
869 417 912 465 ei
930 418 1186 466 Ecclesiam
1206 428 1435 483 tanquam
1458 417 1649 466 fidelem
1680 434 1792 466 eum
1812 427 2183 482 recognoscunt,
2210 419 2293 483 qui
2314 435 2425 466 eum

301 497 544 546 habebant
564 498 695 563 prius
720 507 948 563 tanquam
971 498 1267 564 incognitum
1280 535 1292 559 ,
1315 509 1363 546 et
1383 499 1504 546 sicut
1518 498 1763 546 ethnicum
1778 498 1854 546 vel
1873 497 2199 563 publicanum.
2223 498 2425 545 Solvunt

302 579 465 643 itaque,
489 577 708 644 discipuli
743 579 1074 627 resuscitatum
1098 596 1126 628 a
1150 579 1360 627 Domino
1375 614 1391 639 ,Δ
1416 587 1463 626 et
1478 578 1690 626 *liberum
1715 579 1783 626 ire
1814 579 2002 639 sinunt,
2033 579 2114 643 qui
2137 579 2268 644 prius
2294 589 2425 626 extra

304 657 562 706 Ecclesiam
593 659 744 706 fuerat
768 658 1023 723 relegatus,
1053 660 1172 708 dum
1192 658 1444 707 introitum
1475 657 1719 718 Ecclesiae,
1747 669 1794 707 et
1819 660 2114 706 consortium
2144 658 2357 706 fidelium
2384 661 2425 706 ei

303 738 535 800 reddunt,
563 749 611 787 et
629 740 677 785 in
699 738 892 786 arbitrio
919 740 1020 803 ejus
1041 749 1322 806 proponunt
1351 755 1642 804 quocunque
1668 740 1775 787 vitae
1805 740 1991 786 tramite
2020 738 2133 786 velit
2168 739 2230 786 ad
2269 742 2425 787 Deum

304 818 500 867 tendere
514 855 527 879 ,
547 828 594 867 et
614 819 788 883 quibus
813 820 1039 885 operibus
1058 820 1108 868 id
1125 821 1274 886 possit
1292 820 1480 885 eligere.
1513 822 1572 866 Et
1595 819 1691 867 hoc
1713 829 1784 867 est
1803 820 1936 884 quod
1961 819 2029 867 eis
2056 820 2292 867 Dominus
2316 821 2381 867 ait
2409 839 2418 866 ε

308 917 333 943 «
353 898 530 947 Solvite
550 916 679 959 eum,
702 910 749 947 et
764 900 901 948 sinite
919 899 1065 948 abire.
1088 920 1111 945 »
1134 904 1255 949 Ecce
1277 901 1512 949 Dominus
1534 910 1778 947 mortuum
1800 900 2108 965 corporaliter
2133 901 2424 960 suscitandO,

305 979 522 1045 discipuli
546 980 823 1028 suscitatum
839 980 1091 1041 solvendo,
1119 981 1324 1029 multum
1343 981 1590 1029 meliorem
1619 990 1714 1028 tam
1738 980 2116 1041 suscitationem,
2139 997 2282 1045 quam
2307 982 2431 1028 solu-

305 1060 486 1109 tionem
515 1061 704 1124 justitiae
737 1061 877 1108 nobis
914 1072 1226 1127 proponunt,
1263 1072 1409 1127 prout
1435 1061 1723 1128 exponendo
1751 1062 1991 1126 prosecuti
2026 1078 2205 1108 sumus.

370 1140 492 1188 lllud
517 1142 664 1189 semel
686 1141 969 1189 miraculum
993 1142 1229 1189 Dominus
1253 1143 1346 1206 egit
1370 1143 1420 1189 in
1444 1158 1674 1207 corpore,
1703 1140 1834 1205 quod
1861 1141 2012 1188 multo
2043 1141 2222 1188 felicius
2246 1142 2295 1188 in
2326 1142 2427 1188 ani·

305 1220 474 1269 mabus
491 1222 824 1288 poenitentium
848 1222 942 1287 agit
970 1221 1202 1287 quotidie.
1227 1223 1451 1270 Reddidit
1472 1225 1648 1271 Lazaro
1673 1223 1845 1282 vitam,
1872 1222 1957 1270 sed
1981 1239 2170 1270 rursum
2196 1224 2427 1270 morituro

305 1301 634 1367 temporalem.
654 1302 836 1350 Tribuit
853 1302 1196 1367 poenitentibus
1216 1304 1386 1362 vitam,
1408 1303 1492 1351 sed
1516 1304 1616 1351 sine
1639 1302 1734 1350 fine
1758 1320 2047 1351 mansuram.
2073 1303 2195 1350 Illud
2218 1304 2432 1351 mirabile

304 1381 354 1428 in
380 1381 530 1428 oculis
554 1381 834 1443 hominum,
861 1382 946 1430 sed
978 1382 1105 1430 istud
1129 1383 1388 1430 maximum
1409 1382 1590 1447 judicio
1619 1381 1849 1430 fidelium.
1881 1385 1990 1441 Quo
2016 1400 2130 1430 vero
2163 1384 2335 1448 majus,
2371 1401 2429 1431 eo

305 1462 630 1528 appetendum
661 1463 882 1529 ampliuS.
911 1464 1149 1530 Scriptum
1175 1474 1245 1512 est
1275 1464 1370 1511 hoc
1394 1463 1454 1511 de
1485 1467 1687 1523 Lazaro,
1717 1481 1815 1511 non
1850 1465 1953 1530 ipso
1979 1467 2181 1524 Lazaro,
2208 1465 2313 1512 sed¹
2338 1483 2427 1530 pro

305 1542 410 1606 ipso
425 1578 437 1599 ‚
465 1541 550 1589 sed
568 1541 733 1603 nobis,
756 1553 803 1591 et
826 1560 915 1608 pro
933 1543 1089 1591 nobis.
1115 1546 1483 1608 «Quaecunque,
1502 1562 1527 1588 »
1553 1544 1707 1609 inquit
1726 1544 2020 1609 Apostolus’,
2053 1565 2074 1589 «
2094 1546 2266 1610 scripta
2296 1557 2421 1605 sunt,

305 1623 367 1670 ad
390 1633 603 1671 nostram
628 1624 897 1672 doctrinam
927 1626 1100 1690 scripta
1127 1635 1254 1673 sunt.
1276 1645 1298 1669 η
1330 1625 1486 1673 Semel
1508 1627 1694 1674 vocavit
1720 1627 1954 1674 Dominus
1974 1629 2201 1673 Lazarum
2219 1664 2230 1684 ‚
2263 1637 2309 1673 et
2350 1644 2425 1673 su—

305 1703 496 1751 scitatus
519 1714 589 1751 est
615 1721 642 1752 a
664 1715 819 1752 morte
841 1705 1095 1771 corporali.
1118 1706 1296 1772 Saepius
1322 1692 1594 1767 nosvocat,
1626 1717 1676 1754 ut
1700 1706 1868 1754 melius
1896 1723 2195 1772 resurgamus
2218 1724 2244 1754 a
2273 1718 2426 1755 morte

305 1784 490 1831 animae.
520 1785 675 1832 Semel
698 1786 742 1833 ei
766 1785 908 1833 dixit:
943 1806 966 1832 «
988 1787 1108 1834 Veni
1126 1786 1274 1847 foras,
1300 1806 1323 1831 υ
1353 1797 1400 1835 et
1422 1788 1578 1835 statim
1603 1787 1782 1854 prodiit
1811 1787 1872 1836 ad
1899 1805 2048 1835 unum
2082 1789 2277 1836 Domini
2310 1806 2427 1853 prae-

304 1873 515 1928 ceptum.
539 1865 765 1922 Quotidie
787 1882 877 1914 nos
896 1866 1132 1914 Dominus
1155 1884 1242 1932 per
1266 1867 1557 1933 Scripturam
1590 1868 1755 1916 invitat
1785 1867 1845 1916 ad
1872 1868 2246 1929 confessionem,
2268 1868 2428 1915 horta-

307 1954 384 1991 tur
408 1944 470 1992 ad
505 1945 914 2007 emendationem,
947 1948 1182 2014 promittit
1205 1948 1352 1996 vitam
1375 1966 1519 2014 quam
1549 1949 1663 1997 dare
1687 1959 1878 2015 paratus
1903 1959 1974 1997 est
1999 1949 2163 2010 nobis,
2193 1951 2273 2014 qui
2298 1967 2426 1996 mor·

306 2034 404 2072 tem
437 2042 537 2073 non
571 2027 672 2075 vult
695 2028 975 2093 peccatoris.
1004 2028 1289 2094 Negligimus
1320 2040 1599 2090 vocantem,
1630 2031 1898 2096 spernimus
1928 2031 2204 2078 invitantem
2222 2067 2234 2090 ,
2260 2041 2424 2079 conte·

307 2106 516 2154 mnimus
529 2108 905 2173 promittentem.
927 2112 1055 2157 Inter
1072 2112 1228 2157 Deum
1247 2121 1294 2158 et
1309 2110 1554 2158 diabolum
1575 2121 1802 2176 tanquam
1819 2111 1942 2158 inter
1964 2121 2147 2177 patrem
2170 2121 2216 2159 et
2239 2112 2427 2159 hostem

307 2187 573 2247 constituti,
599 2189 807 2253 paternis
823 2189 1085 2238 monitibus
1109 2190 1170 2238 ad
1196 2191 1342 2238 vitam
1365 2191 1560 2239 hostiles
1586 2193 1910 2258 praeponimus
1933 2191 1995 2239 ad
2021 2202 2240 2239 mortem.
2279 2212 2300 2237 «
2321 2195 2425 2240 Non

306 2266 605 2331 ignoramus,
631 2289 653 2314 n
695 2271 849 2334 inquit
880 2271 1133 2336 Apostolus
1143 2274 1173 2329 ⁸,
1212 2292 1235 2318 «
1257 2273 1450 2320 astutias
1488 2275 1669 2321 Satanae
1690 2292 1700 2321 :
1731 2294 1755 2318 »
1794 2274 2007 2333 astutias,
2060 2274 2256 2339 inquam
2271 2311 2284 2332 ,
2325 2274 2423 2321 illas

307 2348 408 2412 ejus
437 2351 689 2410 maximas,
717 2341 890 2416 quibus
921 2369 1009 2400 nos
1042 2352 1104 2400 ad
1136 2364 1386 2418 peccatum
1419 2354 1627 2415 inducit,
1657 2365 1704 2403 et
1742 2355 1803 2403 ab
1833 2355 2167 2403 emendatione
2211 2356 2420 2403 retrahit.

308 2430 560 2478 Peccatum
583 2448 861 2496 suggerens,
880 2432 1071 2480 duobus
1093 2450 1183 2481 nos
1200 2434 1353 2493 exuit,
1373 2434 1546 2499 quibus
1564 2435 1630 2482 illi
1653 2436 1858 2493 maxime
1882 2445 2036 2500 potest
2059 2436 2233 2495 resisti,
2257 2437 2426 2483 timore

309 2509 482 2558 scilicet
506 2527 561 2558 ac
586 2512 789 2575 pudore.
820 2512 964 2569 Quod
986 2513 1115 2560 enim
1142 2513 1371 2573 vitamus,
1403 2524 1485 2561 aut
1516 2515 1686 2562 timore
1714 2515 1942 2579 cujusque
1965 2514 2155 2571 damni,
2186 2525 2268 2562 aut
2294 2532 2425 2563 reve-

312 2592 461 2639 rentia
490 2591 687 2657 pudoris
713 2591 1009 2639 dimittimus.
1038 2593 1235 2640 Honesti
1258 2594 1437 2658 quippe
1461 2594 1576 2640 viri‘
1601 2594 1851 2659 plusquam
1890 2609 2047 2641 rerum
2079 2604 2247 2641 cavent
2280 2594 2423 2641 detri-

311 2682 552 2731 mentum,
581 2674 701 2720 sicut
725 2689 752 2720 e
775 2688 1008 2720 converso
1033 2673 1273 2721 inhonesti
1297 2673 1488 2721 faciunt.
1527 2677 1687 2733 Quum
1714 2692 1826 2739 ergo
1859 2677 2054 2722 Satanas
2078 2675 2337 2740 quemlibet
2361 2676 2423 2722 ad

308 2762 556 2817 peccatum
581 2752 802 2819 impellit,
826 2752 959 2801 facile
984 2753 1079 2800 hoc
1103 2752 1268 2814 efficit,
1296 2754 1334 2801 si
1363 2755 1520 2820 primo
1543 2754 1676 2802 illum
1695 2756 1888 2814 timore,
1920 2765 1970 2802 ut
1994 2756 2219 2815 diximus,
2255 2766 2300 2803 et
2329 2773 2423 2821 pu-

309 2833 428 2881 dore
451 2833 720 2898 privaverit.
745 2835 904 2890 Quum
925 2843 1084 2880 autem
1105 2833 1154 2880 id
1173 2833 1379 2882 effecerit
1394 2870 1406 2894 ,
1429 2834 1596 2882 eadem
1622 2836 1664 2883 ei
1682 2835 1838 2883 reddit
1855 2852 1959 2900 quae
1981 2837 2111 2901 prius
2134 2835 2346 2895 abstulit,
2375 2846 2428 2883 ut

309 2914 375 2960 sic
399 2930 510 2961 eum
534 2930 563 2960 a
587 2912 882 2960 confessione
915 2913 1145 2974 retrahat,
1184 2924 1232 2962 et
1262 2915 1310 2962 in
1335 2925 1532 2981 peccato
1557 2933 1645 2963 suo
1671 2917 1794 2963 mori
1819 2917 1971 2965 faciat.
1998 2920 2129 2964 Tunc
2154 2918 2196 2964 ei
2227 2917 2425 2964 latenter

309 3003 519 3042 susurrat
528 2994 578 3041 in
590 2993 775 3041 animo:
794 2996 940 3041 Leves
955 3003 1066 3042 sunt
1078 2995 1364 3056 sacerdoteS,
1381 3007 1428 3045 et
1443 2996 1773 3045 difficillimum
1790 3007 1859 3045 est
1875 3014 2179 3064 compescere
2193 2998 2419 3062 linguam.

308 3074 357 3121 Si
379 3074 475 3122 hoc
501 3074 577 3122 vel
592 3073 724 3123 villud
743 3073 914 3121 talibus
931 3074 1224 3137 confitearis,
1246 3087 1481 3125 secretum
1510 3094 1612 3125 esse
1634 3095 1732 3125 non
1754 3079 1925 3144 poterit
1944 3096 1952 3125 :
1980 3089 2026 3126 et
2045 3096 2197 3144 quum
2228 3080 2275 3126 in
2302 3080 2426 3126 noti-

308 3155 420 3202 tiam
436 3154 641 3214 venerit,
661 3154 927 3237 imminebit
945 3155 1226 3220 periculum,
1249 3157 1322 3205 vel
1339 3158 1551 3206 incurres
1569 3159 1703 3206 famae
1721 3158 2085 3220 detrimentum,
2105 3160 2177 3207 vel
2196 3160 2426 3207 damnum

354 3364 362 3380 ⁴
390 3365 456 3397 Nec
470 3372 557 3397 certe
574 3364 757 3407 legendum.
773 3365 838 3390 --⁸
852 3367 959 3404 Rom.,
979 3378 1053 3409 cap.
1071 3378 1127 3406 xv,
1145 3379 1173 3399 v.
1192 3369 1223 3400 4.
1240 3385 1284 3392 —
1297 3369 1309 3385 ³
1326 3370 1467 3402 Corinth.
1489 3372 1537 3407 11,
1556 3382 1584 3403 v.
1609 3375 1639 3403 11
1662 3385 1669 3403 :
1692 3385 1705 3398 «ι
1723 3371 1761 3404 Ut
1781 3381 1845 3404 non
1867 3371 2156 3405 circumveniamur
2171 3383 2187 3404 a
2205 3374 2342 3410 §animm
2363 3385 2426 3406 non

309 3423 393 3456 enim
412 3424 593 3465 ignoramus
607 3425 821 3466 cogitationes
838 3425 940 3467 ejus.»
957 3443 994 3449 -
1011 3426 1023 3442 ⁴
1045 3426 1161 3459 Deesse
1177 3427 1303 3460 videtur
1314 3430 1428 3469 samae.
