2970 4152
546 386 641 433 522
1345 384 1518 431 PETRI
1552 384 1867 433 ABAELARDI

540 479 624 542 qui
646 476 854 542 legitime
878 475 1155 535 certaverit,
1180 493 1203 522 »
1229 475 1290 524 ab
1316 476 1543 525 omnibus
1567 494 1617 526 se
1646 477 1879 537 abstinet,
1903 492 1966 524 ne
1988 490 2222 522 coronam
2250 474 2427 522 scilicet
2453 475 2663 522 victoriae

541 558 728 623 perdat.
760 561 931 604 Hostes
960 555 1112 604 fidelis
1135 557 1329 617 animae,
1367 566 1415 605 et
1447 558 1631 606 inimici
1663 558 1886 606 satellites
1905 593 1917 616 ,
1942 556 2027 620 qui
2057 571 2166 602 eam
2197 555 2295 602 suis
2319 554 2664 602 tentationibus

539 647 907 702 persequuntur,
944 636 1228 684 daemoniaci
1253 637 1447 703 spiritus
1470 639 1604 698 sunt,
1636 638 1758 686 sicut
1784 646 1856 685 est
1888 635 2080 702 spiritus
2112 634 2441 682 fornicationis
2459 670 2471 693 ,
2502 644 2550 681 et
2579 635 2663 699 qui

539 704 717 766 caeteris
738 727 948 783 praesunt
970 718 1112 766 vitiis.
1141 718 1407 767 Adversum
1427 737 1550 785 quos
1571 720 1813 785 principes
1834 728 1882 766 et
1903 726 2185 783 potestates,
2214 726 2269 763 ut
2295 716 2361 763 ait
2382 715 2660 781 Apostolus,

542 798 816 846 colluctatio
845 797 987 845 nobis
1016 807 1110 858 est,
1136 798 1219 863 qui
1247 798 1473 848 omnibus
1494 799 1599 847 fulti
1620 798 1874 847 virtutibus
1895 814 1997 845 non
2020 812 2323 863 apparemus.
2352 798 2448 843 Nec
2474 805 2586 843 tam.
2602 796 2663 843 de

542 879 744 926 victoria
765 877 1012 926 metuendi
1034 895 1199 927 sumus
1225 879 1340 940 illis,
1373 896 1519 945 quam
1547 880 1614 927 illi
1636 878 1795 927 nobis.
1827 879 1916 926 Dei
1940 894 2057 926 vero
2088 876 2288 941 genitrix
2316 868 2533 942 omnium
2555 891 2663 922 mu-

540 959 726 1007 nimen¹
744 969 814 1006 est
830 958 1061 1006 virtutum
1087 959 1338 1020 adornata,
1358 970 1405 1008 et
1421 971 1591 1008 contra
1603 961 1809 1025 impetus
1829 974 2224 1024 quarumcunque
2246 957 2568 1004 tentationum
2588 955 2664 1002 vel

541 1040 791 1098 vitiorum,
823 1039 1124 1103 singulariter
1151 1039 1321 1088 habitu
1348 1041 1588 1097 virtutum
1618 1040 1871 1100 roborata,
1904 1039 2054 1104 magis
2075 1038 2165 1087 illis
2182 1037 2428 1097 terribilis,
2453 1052 2599 1101 quam
2621 1037 2664 1083 ei

541 1119 631 1182 ipsi
650 1129 901 1185 apparent.

605 1199 826 1263 Legimus
848 1200 1126 1249 ascendenti
1141 1202 1353 1250 Domino
1379 1201 1572 1267 angelos
1591 1203 1815 1262 astitisse,
1849 1202 1932 1267 qui
1954 1199 2215 1266 discipulos
2236 1200 2336 1264 ejus
2362 1194 2665 1245 consolantes

541 1279 783 1327 dixerunt²
808 1298 818 1327 ε
849 1299 871 1326 «
898 1281 1000 1328 Viri
1030 1281 1231 1342 Galilaei,
1257 1292 1349 1330 etc.
1380 1301 1403 1326 »
1430 1285 1467 1329 A
1493 1282 1667 1348 quibus
1699 1283 1843 1331 etiam
1874 1281 2052 1330 caeteris
2078 1297 2176 1346 prae
2197 1278 2515 1328 admiratione
2537 1291 2665 1341 quae-

540 1359 755 1407 rentibus
778 1360 1009 1425 angelis³:
1030 1381 1054 1406 α
1081 1362 1198 1418 Quis
1217 1371 1288 1410 est
1302 1362 1389 1410 iste
1409 1379 1491 1410 rex
1514 1363 1700 1427 gloriae?
1720 1382 1743 1408 »
1766 1379 2052 1428 responsum
2071 1361 2213 1408 fuisse
2230 1358 2470 1408 credimus
2489 1376 2499 1404 :
2525 1376 2548 1402 «
2565 1358 2666 1403 Do-

543 1440 702 1488 minus
720 1440 854 1489 fortis
868 1451 915 1489 et
935 1452 1135 1507 potens,
1158 1443 1394 1490 Dominus
1406 1453 1579 1508 potens
1597 1445 1647 1491 in
1664 1444 1845 1510 praelio.
1868 1462 1891 1488 »
1908 1446 1967 1491 Et
1981 1458 2200 1490 rursum:
2228 1460 2252 1486 «
2267 1439 2505 1487 Dominus
2514 1437 2665 1485 virtu-

540 1531 645 1568 tum
665 1521 767 1586 ipse
792 1532 862 1569 est
883 1538 965 1569 rex
988 1522 1163 1586 gloriae.
1188 1542 1211 1567 »
1234 1526 1559 1589 Utrorumque
1577 1541 1693 1572 vero
1707 1524 1988 1589 angelorum
2009 1522 2146 1588 quasi
2163 1520 2374 1586 quadam
2389 1516 2667 1583 triumphali

540 1618 722 1667 pompa
736 1601 972 1651 deductus
985 1603 1048 1651 ad
1062 1607 1251 1652 Patrem
1267 1641 1278 1664 ,
1297 1621 1325 1652 a
1337 1604 1515 1653 dextris
1537 1606 1637 1670 ejus
1653 1605 1928 1654 consedisse
1948 1604 2181 1652 noscitur.
2201 1604 2260 1649 At
2280 1618 2397 1650 vero
2413 1600 2455 1648 si
2470 1599 2668 1663 diligen-

542 1692 612 1729 ter
624 1681 759 1729 illum
773 1692 889 1730 tunc
910 1700 1165 1732 occursum
1183 1684 1491 1749 angelorum,
1508 1695 1556 1733 et
1567 1685 1909 1752 triumphalem
1930 1700 2162 1751 pompam
2178 1682 2367 1730 Christo
2381 1680 2641 1729 exhibitam
2652 1716 2664 1737 ‚

542 1761 791 1810 hodiernae
814 1764 1076 1813 festivitatis
1097 1782 1432 1832 comparemus
1448 1766 1761 1831 jucunditati,
1786 1766 2059 1815 videbimus
2080 1764 2187 1830 plus
2209 1762 2390 1829 aliquid
2416 1763 2467 1810 in
2490 1776 2669 1810 assum·

539 1841 705 1906 ptione
726 1843 892 1891 matris
913 1844 958 1891 ei
979 1843 1179 1906 deferri,
1209 1862 1356 1911 quam
1378 1846 1429 1894 in
1452 1847 1732 1894 ascensione
1753 1846 1856 1894 Filii
1877 1847 1969 1912 ipsi
1990 1845 2227 1905 exhiberi,
2247 1854 2296 1892 et
2315 1843 2457 1907 hujus
2477 1857 2669 1908 pompae

540 1939 794 1971 occursum
815 1923 899 1972 illo
922 1941 1024 1972 non
1045 1925 1354 1975 mediocriter
1375 1926 1663 1992 digniorem.
1691 1927 1789 1975 Soli
1804 1927 1982 1992 quippe
2004 1925 2160 1990 angeli
2180 1923 2458 1972 ascendenti
2479 1921 2669 1969 Christo

542 2020 792 2053 occurrere
814 2016 1078 2070 potuerunt
1097 2025 1109 2054 ε
1134 2007 1236 2072 ipse
1258 2024 1374 2056 vero
1396 2008 1575 2073 pariter
1598 2025 1710 2055 cum
1730 2018 1833 2056 tota
1853 2023 2061 2072 superna
2081 2006 2241 2065 curia,
2266 2015 2367 2052 tam
2389 2002 2669 2072 angelorum

540 2099 688 2147 quam
709 2082 923 2132 fidelium
942 2086 1213 2132 animarum
1235 2086 1334 2148 ejus
1357 2087 1569 2134 animam
1590 2087 1799 2150 suscepit
1816 2123 1827 2145 ‚
1854 2087 1904 2133 in
1927 2102 2024 2149 qua
2044 2086 2145 2149 ipse
2165 2094 2267 2132 tam
2287 2083 2500 2131 animam
2523 2098 2670 2147 quam

541 2179 736 2211 carnem
771 2175 912 2212 antea
945 2175 1235 2228 susceperat.
1270 2168 1366 2212 Nec
1400 2166 1614 2212 animam
1646 2165 1805 2213 solum
1821 2202 1834 2224 ,
1870 2181 2040 2212 verum
2062 2164 2208 2211 etiam
2235 2179 2412 2228 corpus
2439 2162 2502 2210 ad
2523 2162 2670 2210 coelos

525 2244 688 2292 ¹hodie
710 2244 952 2293 sustulisse
976 2245 1204 2304 creditur,
1229 2254 1283 2292 ut
1304 2246 1475 2293 animae
1496 2246 1674 2311 pariter
1698 2256 1746 2293 et
1767 2246 1923 2300 carnis
1946 2243 2291 2309 glorificatione
2316 2259 2423 2291 eam
2444 2259 2668 2290 remune—

544 2335 688 2386 raret,
714 2324 766 2372 in
788 2341 907 2389 qua,
934 2334 987 2372 ut
1018 2324 1203 2372 dictum
1223 2335 1319 2384 est,
1350 2325 1493 2373 simul
1522 2326 1734 2374 animam
1760 2335 1807 2373 et
1841 2341 2038 2374 carnem
2065 2324 2278 2372 decrevit
2305 2339 2562 2389 assumere..
2583 2325 2669 2370 Cui

545 2404 739 2467 quidem
769 2405 839 2452 rei
867 2404 1130 2470 plurimum
1161 2415 1410 2453 attestatur
1438 2405 1712 2471 sepulcrum
1739 2422 1946 2454 vacuum
1967 2405 2159 2471 penitus
2188 2414 2456 2470 repertum,
2481 2403 2603 2451 sicut
2623 2414 2671 2450 et

547 2493 682 2534 antea
716 2485 869 2533 fuerat
903 2485 1203 2533 dominicum
1230 2504 1241 2534 z
1268 2496 1322 2534 ut
1354 2487 1457 2552 ipsa
1496 2503 1690 2552 quoque
1718 2486 2080 2534 resurrectionis
2117 2485 2319 2550 gloriam
2352 2495 2400 2533 et
2430 2485 2670 2548 geminam

546 2565 715 2619 stolam
743 2566 917 2632 adepta
950 2566 1190 2627 credatur,
1225 2567 1348 2615 sicut
1374 2568 1625 2616 manifeste
1656 2568 1822 2615 festiva
1849 2567 1991 2631 hujus
2019 2566 2115 2614 diei
2143 2566 2298 2614 oratio
2333 2566 2572 2625 continet,
2596 2565 2671 2612 his

548 2644 704 2692 verbis
729 2666 739 2694 :
777 2666 800 2692 α
824 2650 877 2693 In
914 2663 1012 2712 qua
1041 2657 1206 2696 sancta
1237 2649 1325 2696 Dei
1355 2649 1556 2713 genitrix
1588 2658 1797 2696 mortem
1830 2648 1976 2696 subiit
2011 2646 2350 2712 temporalem,
2386 2663 2475 2694 nec
2508 2657 2669 2694 tamen

548 2725 715 2772 mortis
746 2726 947 2774 nexibus
982 2726 1188 2792 deprimi
1216 2728 1396 2793 potuit,
1428 2738 1521 2776 etc.
1557 2747 1581 2773 »
1613 2731 1776 2786 Quum
1808 2728 1940 2775 enim
1965 2727 2264 2793 praemissum
2290 2727 2373 2785 sit,
2414 2745 2438 2771 «
2464 2735 2671 2773 mortem

550 2800 889 2869 temporalem,
914 2825 937 2851 »
963 2816 1183 2872 patenter
1204 2807 1491 2868 ostenditur,
1516 2808 1567 2856 id
1589 2808 1723 2873 quod
1745 2808 2054 2872 subjunctum
2075 2816 2148 2854 est
2169 2806 2230 2853 de
2250 2805 2453 2853 vinculis
2475 2805 2642 2852 mortis
2655 2842 2667 2863 ‚

551 2884 610 2931 ad
629 2895 835 2932 mortem
856 2885 987 2933 illam
1009 2887 1165 2934 carnis
1187 2887 1492 2941 referendum
1513 2904 1638 2949 esse,
1663 2905 1765 2936 non
1788 2888 1851 2936 ad
1872 2896 2080 2935 mortem
2101 2887 2294 2946 animae,
2320 2886 2454 2950 cujus
2471 2885 2672 2933 vinculis

551 2982 649 3012 non
673 2965 874 3013 detineri
897 2983 1156 3015 commune
1171 2977 1243 3015 est
1263 2967 1488 3015 omnibus
1504 2968 1682 3016 electis.
1709 2968 1854 3027 Quod
1877 2968 2128 3033 diligenter
2147 2967 2316 3015 beatus
2337 2982 2531 3030 quoque
2552 2968 2671 3012 Gre-

553 3045 710 3107 gorius
742 3047 1029 3094 Turonensis
1058 3046 1310 3095 attendens
1342 3065 1495 3112 quum
1522 3048 1584 3095 de
1613 3049 1816 3096 transitu
1844 3050 1945 3113 ejus
1979 3047 2234 3104 scriberet,
2263 3056 2459 3093 maturae
2478 3060 2672 3110 quoque

554 3126 908 3193 resurrectionis
944 3127 1045 3190 ejus
1079 3126 1283 3190 gloriam
1314 3142 1523 3175 asserere
1556 3144 1658 3175 non
1687 3127 1942 3176 dubitavit.
1983 3127 2120 3176 Unde
2141 3126 2486 3174 Mz‘raculoram
2513 3124 2598 3171 lib.
2625 3128 2668 3183 1,

555 3219 660 3267 cap.
687 3220 754 3263 1v,
789 3207 854 3253 ita
888 3207 1138 3254 meminit:
1169 3227 1192 3252 «
1221 3211 1333 3256 Post
1367 3207 1621 3255 dominicae
1648 3210 1940 3257 ascensionis
1973 3209 2174 3274 gloriam
2191 3245 2203 3268 ,
2241 3206 2446 3273 apostoli
2476 3207 2672 3255 Domini

554 3300 666 3330 cum
697 3283 838 3334 beata
863 3287 1012 3336 Maria
1043 3298 1196 3336 matre
1223 3289 1324 3354 ejus
1352 3289 1402 3337 in
1431 3305 1580 3336 unam
1607 3291 1883 3354 congregati
1909 3291 2133 3350 domum,
2167 3289 2331 3337 omnia
2353 3288 2602 3353 ponebant
2621 3289 2671 3335 in

603 3460 612 3478 ¹
637 3462 821 3496 Hunimine.
837 3480 877 3488 —
892 3463 904 3481 ¹
919 3465 992 3498 Act.
1006 3468 1132 3508 apost„
1148 3478 1221 3512 cap.
1241 3479 1271 3511 1,
1286 3479 1319 3503 v.
1341 3469 1394 3502 11.
1406 3486 1448 3495 —
1464 3468 1478 3486 ³
1496 3468 1617 3502 Psalm.
1631 3478 1732 3510 xxm,
1750 3479 1781 3503 v.
1798 3470 1832 3502 8.
