2970 4152
987 346 1045 394 ΙΝ
1078 347 1259 394 RAMlS
1293 344 1619 392 PALMARUM
1651 343 1866 390 SERMO.
2391 344 2486 394 409

370 434 439 482 Ibi
459 438 636 502 quippe
659 438 889 487 habemus
907 440 1040 505 quod
1056 451 1163 506 post
1186 440 1580 488 resurrectionem
1599 439 1787 497 Lazari,
1813 437 1983 485 Judaeis
2001 437 2050 483 in
2070 446 2274 484 mortem
2292 441 2487 487 Domini

363 516 461 578 jam
498 520 696 566 omnino
733 523 1039 586 conspiratis,
1067 523 1166 588 ipse
1197 522 1432 568 Dominus
1452 521 1552 587 jam
1583 536 1682 566 non
1719 519 1878 584 palam
1910 518 2182 566 ambulabat
2211 520 2336 584 apud
2374 538 2482 582 eOS,

367 597 450 644 sed
481 597 594 646 abiit
627 600 675 646 in
699 602 942 665 regionem
961 603 1094 666 juxta
1120 602 1360 656 desertum
1377 637 1389 660 ,
1418 603 1467 647 in
1501 600 1740 647 civitatem
1765 617 1869 664 quae
1891 600 2062 647 dicitur
2087 599 2321 664 Ephrem,
2350 612 2395 648 et
2422 601 2486 648 ibi

367 679 644 727 morabatur
680 698 791 729 cum
830 683 1072 748 discipulis
1112 685 1224 730 suis.
1263 682 1447 730 Deinde
1486 698 1637 746 quum
1670 681 1770 745 jam
1807 681 1982 746 pascha
2018 682 2290 747 proximum
2327 694 2480 743 esset,

368 751 502 806 venit*
519 761 795 809 Bethaniam
815 774 924 811 ante
947 781 1027 812 sex
1045 763 1146 811 dies
1164 763 1374 829 paschae,
1397 763 1528 827 quasi
1550 761 1611 808 ad
1631 761 1869 808 victimam
1893 778 2032 808 verus
2056 778 2204 826 agnus
2229 762 2481 823 accedens,

366 839 625 902 capiendus
651 841 699 887 in
725 842 901 907 pascha
926 853 977 890 ut
1002 844 1344 890 immolaretur.
1386 842 1504 888 Inde
1539 842 1587 887 in
1624 841 1882 888 crastinum
1914 841 2108 887 veniens
2141 842 2484 906 Jerosolymam

365 930 610 985 susceptus
644 932 713 969 est
747 921 892 970 hodie
915 941 941 970 a
964 924 1139 984 turbis,
1174 934 1220 971 et
1253 934 1481 988 tanquam
1509 939 1591 969 rex
1612 921 1779 981 lsrael,
1802 931 1848 968 et
1871 921 2025 967 David
2050 921 2203 985 regius
2232 922 2380 970 haeres
2411 941 2484 971 re-

365 1001 582 1064 cognitus
619 1013 666 1049 et
703 1003 945 1051 salutatus.
985 1006 1165 1062 Quinto
1192 1006 1350 1069 itaque
1385 1003 1462 1050 die
1486 1012 1596 1049 ante
1621 1001 1738 1048 illud
1761 1001 1937 1067 pascha
1967 1001 2260 1062 Judaeorum,
2292 1002 2385 1050 hoc
2416 1015 2485 1051 est

364 1079 537 1142 hodie,
566 1084 648 1148 qui
685 1083 899 1132 decimus
937 1084 1037 1132 dies
1071 1086 1247 1133 mensis
1279 1085 1444 1149 hujus,
1479 1084 1608 1131 venit
1639 1100 1722 1130 rex
1752 1083 1799 1129 in
1833 1082 2106 1130 Jerusalem.
2146 1084 2322 1131 Pascha
2356 1086 2483 1132 enim

363 1160 628 1210 celebratur
645 1163 693 1210 in
714 1164 1076 1229 quartodecimo
1098 1164 1191 1212 die.
1216 1165 1414 1211 Decimo
1436 1173 1596 1211 autem
1617 1162 1768 1210 voluit
1786 1162 1896 1209 ideo
1914 1162 2124 1226 ingredi,
2147 1164 2257 1227 quia
2284 1165 2346 1210 ita
2371 1182 2486 1229 prae-

363 1240 616 1306 figuratum
643 1255 742 1292 erat
766 1246 814 1292 in
839 1245 941 1310 lege
957 1282 970 1305 ,
997 1245 1078 1292 ubi
1102 1246 1372 1310 praecipitur
1390 1248 1401 1269 ¹
1423 1264 1434 1290 :
1460 1265 1483 1289 «
1501 1244 1698 1292 Decima
1722 1243 1799 1290 die
1829 1243 2002 1291 mensis
2022 1243 2164 1307 hujus
2186 1244 2318 1291 tollat
2343 1262 2487 1292 unus-

361 1323 563 1388 quisque
584 1341 760 1389 agnum
783 1343 869 1391 per
893 1326 1091 1374 familias
1112 1338 1158 1374 et
1176 1326 1349 1373 domos
1371 1342 1493 1373 suas.
1517 1345 1540 1369 n
1562 1328 1620 1372 Et
1639 1324 1782 1390 paulo
1802 1327 1938 1390 post’
1957 1343 1966 1371 :
1994 1344 2016 1369 «
2040 1327 2095 1372 Et
2112 1326 2354 1373 servabitis
2374 1343 2483 1373 eum

363 1420 511 1468 usque
550 1405 612 1452 ad
655 1406 1112 1470 quartamdecimam
1147 1407 1275 1454 diem
1312 1407 1488 1454 mensis
1525 1406 1682 1469 hujus.
1719 1404 2083 1470 Immolabitque
2122 1423 2232 1453 eum
2270 1407 2486 1454 universa

360 1484 617 1532 multitudo
635 1485 843 1533 filiorum
865 1488 1005 1535 lsrael
1029 1488 1091 1535 ad
1116 1504 1378 1553 vesperam.
1402 1507 1425 1531 »
1445 1487 1637 1534 Decima
1660 1497 1817 1533 autem
1847 1485 1923 1533 die
1952 1487 2127 1533 mensis
2151 1488 2310 1552 primi,
2339 1504 2486 1552 agnus

360 1565 442 1629 qui
467 1566 515 1611 in
540 1566 717 1630 pascha
740 1566 1069 1615 immolaretur
1093 1567 1292 1614 domum
1327 1567 1566 1614 introduci
1586 1568 1745 1631 jussus
1771 1577 1841 1614 est
1860 1603 1871 1625 ‚
1902 1567 2012 1631 quia
2037 1567 2270 1614 Dominus
2302 1568 2485 1615 decima

359 1645 437 1692 die
462 1645 676 1710 ejusdem
705 1648 902 1711 mensis,
924 1647 1018 1694 hoc
1042 1657 1113 1694 est
1135 1657 1244 1694 ante
1265 1649 1479 1711 quinque
1504 1646 1604 1694 dies
1635 1645 1837 1712 paschae,
1872 1647 1921 1693 in
1951 1647 2187 1694 civitatem
2211 1646 2259 1693 in
2278 1664 2372 1711 qua
2400 1665 2483 1713 pa-

360 1735 536 1773 teretur
554 1737 653 1774 erat
670 1728 982 1791 ingressurus.
1000 1731 1133 1775 Hanc
1152 1728 1293 1792 igitur
1309 1727 1435 1774 diem
1453 1726 1718 1774 secundum
1736 1727 2013 1791 mysterium
2030 1726 2144 1791 legis
2159 1737 2486 1792 competenter

357 1805 512 1871 elegit,
533 1824 627 1871 qua
650 1825 722 1867 se,
740 1818 791 1854 ut
807 1807 987 1855 dictum
1003 1819 1088 1868 est,
1110 1808 1299 1855 offerret
1311 1808 1538 1874 passioni,
1562 1824 1708 1873 quam
1726 1817 1864 1854 antea
1883 1823 2235 1872 nonnunquam
2254 1808 2485 1871 refugerat

356 1904 456 1935 sese
487 1887 853 1950 abscondendo,
888 1889 963 1937 vel
995 1899 1151 1937 tentus
1175 1906 1202 1936 a
1224 1889 1395 1937 Judaeis
1420 1889 1568 1936 libere
1601 1906 1687 1953 per
1717 1888 1928 1936 medium
1960 1904 2132 1935 eorum
2160 1889 2451 1936 transeundo
2469 1926 2481 1949 ,

356 1968 430 2016 vel
456 1968 726 2033 frequenter
755 1969 817 2017 ab
847 1971 914 2018 eis
942 1969 1254 2031 declinando,
1293 1970 1405 2034 quia
1441 1969 1661 2038 nondum
1694 1978 1890 2016 venerat
1924 1968 2027 2032 ejus
2058 1968 2194 2015 hora.
2232 1971 2339 2026 Qua
2372 1986 2484 2034 pro-

355 2049 477 2097 fecto
496 2049 573 2097 die
592 2067 690 2115 quo
715 2051 863 2111 magis
881 2050 1147 2098 honorifice
1169 2050 1342 2116 suscipi
1362 2049 1512 2097 voluit
1530 2065 1557 2096 a
1578 2049 1751 2109 turbis,
1776 2059 1821 2096 et
1840 2049 2076 2113 ingressus
2094 2048 2326 2114 templum
2347 2048 2480 2112 ejecit

353 2131 466 2179 inde
490 2132 637 2180 libere
668 2150 837 2181 omnes
869 2132 1130 2181 vendentes
1163 2143 1210 2181 et
1243 2142 1480 2191 ementes,
1514 2141 1561 2179 et
1601 2147 1786 2178 mensas
1823 2130 2280 2190 nummulariorum,
2320 2141 2366 2178 et
2402 2147 2478 2178 ca-

354 2213 545 2262 thedras
564 2213 875 2262 vendentium
893 2214 1140 2262 columbas
1156 2215 1339 2272 evertit,
1362 2213 1498 2261 ethis
1516 2211 1739 2278 expulsis,
1762 2210 2041 2260 accedentes
2058 2212 2120 2259 ad
2136 2228 2246 2259 eum
2266 2228 2415 2259 caecos
2434 2222 2479 2259 et

352 2296 548 2343 claudos
571 2297 619 2342 in
641 2297 743 2362 ipso
765 2295 943 2361 templo
963 2297 1167 2355 sanavit,
1189 2313 1249 2344 eo
1269 2295 1472 2361 amplius
1494 2293 1722 2341 invidiam
1742 2309 2076 2359 perversorum
2095 2303 2261 2340 contra
2280 2310 2330 2340 se
2349 2310 2478 2340 com-

352 2377 523 2435 movit,
562 2386 612 2423 ut
635 2376 769 2440 quod
795 2376 1083 2439 jamdudum
1118 2376 1368 2423 voluerant
1391 2375 1621 2440 perficere
1655 2383 1977 2433 maturarent,
2007 2379 2053 2420 et
2090 2373 2150 2420 ab
2186 2390 2244 2420 eo
2284 2372 2477 2420 daretur

353 2456 568 2515 facultas,
591 2457 639 2503 in
662 2456 834 2521 quibus
860 2466 1159 2521 praecesserat
1182 2455 1418 2502 voluntas.
1440 2458 1543 2520 Ipse
1562 2455 1739 2519 quippe
1757 2463 1854 2512 est,
1880 2453 1962 2517 qui
1980 2453 2044 2499 ait
2060 2455 2074 2478 ³
2096 2471 2106 2498 ε
2135 2472 2157 2497 «
2181 2455 2330 2500 Nemo
2357 2452 2477 2500 tollit

351 2556 377 2586 a
401 2554 477 2585 me
503 2538 712 2585 animam
746 2553 930 2596 meam,
962 2536 1045 2583 sed
1071 2553 1159 2600 ego
1180 2552 1311 2600 pono
1337 2552 1459 2583 eam.
1482 2555 1505 2578 »
1539 2538 1688 2582 Nemo
1712 2535 1890 2599 quippe
1918 2533 2014 2580 vim
2037 2534 2080 2580 ei
2108 2533 2259 2580 facere
2285 2534 2467 2598 potuit,

352 2629 403 2665 ut
427 2628 655 2682 tanquam
675 2617 877 2664 invitum
896 2626 943 2663 et
968 2626 1186 2663 coactum
1209 2615 1450 2674 occidere,
1479 2614 1554 2662 vel
1584 2615 1726 2661 etiam
1754 2611 2164 2678 comprehendere
2195 2622 2369 2677 posset.
2413 2616 2473 2660 Ut

348 2709 506 2747 autem
533 2698 702 2761 majori
726 2697 1034 2744 incitarentur
1058 2695 1255 2755 invidia,
1280 2696 1362 2760 qui
1383 2695 1443 2741 de
1471 2704 1623 2741 morte
1651 2693 1846 2740 Domini
1865 2693 1966 2757 jam
1984 2691 2270 2751 tractabant,
2299 2702 2346 2739 et
2368 2695 2470 2739 Deo

350 2781 496 2844 magis
524 2778 900 2843 indignarentur,
927 2793 1024 2841 quo
1056 2776 1259 2842 amplius
1291 2793 1401 2823 eum
1433 2775 1660 2822 honorari
1679 2774 1924 2833 viderent,
1948 2783 2133 2820 tantum
2158 2773 2246 2820 sibi
2272 2772 2470 2820 honoris

349 2860 492 2908 hodie
517 2859 731 2925 permisit
754 2857 985 2918 exhiberi,
1006 2868 1239 2922 quantum
1261 2856 1379 2904 nulli
1398 2873 1563 2920 regum
1582 2855 1780 2920 legimus
1801 2853 2078 2901 exhibitum.
2106 2857 2165 2901 Ut
2183 2855 2309 2901 enim
2328 2854 2387 2901 de
2405 2854 2471 2900 di-

343 2940 464 2987 vinis
486 2938 706 2987 laudibus
731 2949 995 2996 taceamus,
1026 2947 1071 2984 et
1095 2953 1253 2984 ramos
1281 2936 1355 2984 vel
1384 2935 1578 2983 frondes
1609 2951 1731 3000 quos
1762 2936 1810 2981 in
1835 2935 1910 2982 via
1929 2933 2203 2982 sternebant
2227 2943 2469 2999 praeterea-

344 3037 450 3067 mus
466 3056 478 3079 ,
507 3036 653 3085 quam
678 3017 903 3065 mirabilis
930 3018 1015 3064 fuit
1038 3016 1115 3064 illa
1142 3017 1437 3082 singularitas
1466 3016 1689 3075 honoris,
1716 3032 1811 3079 qua
1827 3015 2033 3081 plurima
2056 3014 2195 3062 turba
2223 3013 2311 3061 sub
2335 3014 2469 3080 pedi-

342 3101 431 3149 bus
458 3100 622 3148 vilium
643 3100 970 3164 jumentorum
990 3097 1354 3164 prosternebant
1373 3097 1680 3157 vestimenta,
1705 3113 1793 3143 nec
1810 3095 2012 3161 pedibus
2027 3094 2141 3154 illis,
2168 3094 2340 3159 quibus
2366 3096 2467 3160 ipsa

343 3181 606 3228 Dominum
638 3179 904 3243 bajulabat,
942 3178 1155 3241 contingi
1182 3176 1471 3225 tolerabant!
1510 3179 1563 3223 ln
1594 3193 1690 3240 quo
1726 3192 1815 3222 nec
1847 3175 2090 3222 modicum
2118 3174 2466 3222 advertendum

346 3271 415 3308 est
434 3261 727 3325 mysterium.
749 3259 933 3318 Quibus
954 3259 1081 3305 enim
1102 3257 1304 3306 coelestis
1326 3257 1545 3323 praesidet
1569 3256 1684 3303 diis‘
1703 3243 2005 3320 nequaquam
2030 3266 2203 3303 terram
2225 3255 2321 3302 suis
2352 3273 2465 3302 con-

390 3443 398 3460 ·
427 3445 551 3486 Eaed„
568 3453 642 3487 cap.
661 3455 704 3476 ιιι
720 3469 727 3483 ,
746 3455 774 3477 v.
792 3446 823 3475 3.
837 3461 877 3467 -
893 3442 903 3459 ’
922 3442 1020 3483 ibid„
1038 3453 1071 3475 v.
1088 3445 1120 3475 6.
1135 3459 1175 3467 —
1193 3442 1206 3459 ⁸
1220 3441 1330 3481 ioan„
1348 3452 1420 3485 cap.
1438 3452 1456 3473 x
1469 3466 1476 3480 ‚
1498 3453 1526 3473 v.
1551 3443 1646 3474 18.—
1661 3438 1674 3456 ⁴
1690 3440 1743 3473 Sic
1762 3439 1845 3472 Edit.
1864 3439 1958 3472 Amb.

504 3514 518 3542 ι
2250 3498 2301 3536 52
