2970 4152
523 417 619 463 458
1327 413 1500 460 PETRI
1538 414 1847 463 ABAELARDI

530 511 618 557 «Si
641 510 764 558 male
786 510 973 556 locutus
1001 523 1132 567 sum,
1158 506 1358 572 perhibe
1386 509 1714 558 testimonium
1741 529 1751 557 ε
1784 511 1824 557 si
1852 519 2012 557 autem
2039 509 2188 570 bene,
2220 528 2305 558 cur
2333 528 2410 558 me
2437 513 2603 560 caedis?
2620 531 2644 557 »

527 596 719 650 Quanta
740 591 948 654 denique
970 589 1099 654 apud
1121 589 1323 637 Pilatum
1350 591 1648 652 sustinuerit,
1674 609 1775 639 non
1798 592 2089 656 ignoramus
2116 592 2211 650 Qui
2233 609 2383 657 quum
2403 594 2544 640 tertio
2559 631 2571 653 ,
2595 604 2649 641 ut

528 676 676 719 Lucas
699 670 951 728 meminit¹,
972 686 1083 716 eum
1101 670 1411 717 innocentem
1430 687 1532 718 esse
1554 671 1798 718 confessus
1821 681 1965 731 esset,
1986 671 2131 736 idque
2146 672 2305 737 ipsum
2326 689 2384 719 ex
2405 672 2649 722 ablutione

528 768 759 799 manuum
792 750 1172 809 demonstraret,
1207 751 1365 816 ipsum
1401 751 1598 799 tandem
1632 751 1912 815 flagellavit,
1951 753 2088 816 quasi
2124 752 2242 799 illud
2280 752 2483 818 implens
2516 754 2649 818 quod

490 851 491 854 ¹
528 842 667 879 antea
689 831 889 878 dixerat²
911 849 920 877 :
952 850 976 876 «
992 831 1260 895 Corripiam
1282 848 1394 878 eum
1415 841 1463 879 et
1486 832 1748 891 dimittam,
1770 851 1792 876 υ
1826 842 1878 878 ut
1906 832 1974 879 sic
2002 832 2169 880 saltem
2191 833 2254 881 ad
2275 833 2650 881 misericordiam

528 913 801 960 Judaeorum
824 911 1034 959 flecteret
1055 912 1299 959 saevitiam.
1327 913 1474 970 Quod
1494 930 1645 977 quum
1673 912 1861 960 efficere
1883 931 1984 960 non
2013 924 2197 979 posset,
2231 931 2404 961 caesum
2433 931 2546 961 eum
2572 913 2651 961 ssa-

529 993 658 1057 gellis
685 993 882 1040 tradidit
911 1009 1080 1040 eorum
1107 992 1359 1041 voluntati.
1392 998 1524 1041 Tunc
1552 994 1749 1054 milites,
1775 1004 1829 1041 ut
1850 994 2097 1042 Matthaeus
2125 995 2305 1055 refert³,
2342 995 2651 1060 suspicientes

530 1091 658 1133 eum,
681 1084 1092 1138 congregaverunt
1113 1075 1175 1122 ad
1199 1091 1310 1122 eum
1332 1075 1604 1122 universam
1623 1075 1891 1122 cohortem.
1913 1075 2097 1133 Quibus
2116 1076 2312 1140 quidem
2329 1076 2648 1139 congregatiS,

529 1167 576 1202 et
608 1156 703 1202 hoc
738 1156 781 1202 ei
816 1155 1152 1219 objicientibus
1188 1166 1235 1203 et
1254 1156 1706 1221 ‘improperantibus
1748 1156 1882 1220 quod
1916 1173 1966 1204 se
2000 1174 2161 1221 regem
2195 1156 2393 1216 faceret,
2431 1156 2568 1220 quasi
2600 1157 2650 1202 in

528 1236 731 1282 modum
759 1235 881 1299 regis
903 1235 1154 1282 illudentes
1177 1236 1242 1296 ei,
1275 1245 1470 1282 exutum
1498 1236 1792 1283 vestimentis
1820 1237 1916 1283 suis
1943 1236 2025 1283 vili
2052 1252 2269 1301 purpura
2295 1235 2590 1294 induerunt,
2604 1245 2652 1282 et

529 1332 617 1380 pro
641 1314 909 1362 diademate
932 1315 1079 1380 spinis
1101 1325 1478 1374 coronaverunt,
1496 1325 1544 1362 et
1559 1333 1649 1380 pro
1666 1326 1854 1382 sceptro
1873 1316 2108 1363 arundine
2130 1317 2288 1381 ipsum
2309 1315 2648 1379 insignierunt,

531 1407 578 1443 et
597 1413 721 1460 genu
741 1396 882 1455 flexo,
900 1397 1058 1461 ipsum
1076 1397 1211 1460 quasi
1229 1413 1390 1460 regem
1409 1397 1683 1457 salutantes,
1704 1415 1759 1444 ac
1773 1398 2032 1444 dicentesssz
2054 1400 2206 1457 «Ave,
2225 1414 2307 1444 rex
2325 1395 2649 1453 Judaeorum‚»
2685 1437 2690 1445 .

530 1477 670 1524 simul
693 1486 739 1523 et
761 1478 810 1523 in
840 1477 1009 1523 faciem
1038 1477 1140 1540 ejus
1166 1477 1339 1524 iterum
1367 1478 1628 1542 spuebant,
1661 1488 1708 1524 et
1736 1488 1881 1542 caput
1909 1478 2010 1540 ejus
2038 1477 2274 1524 arundine
2302 1475 2648 1541 percutiebant.

532 1562 650 1604 Item
666 1557 862 1616 Pilatus,
886 1568 938 1603 ut
960 1561 1167 1604 Joannes
1190 1558 1355 1617 refert,
1383 1558 1543 1605 exiens
1565 1558 1627 1604 ad
1649 1574 1755 1614 eos,
1780 1558 1939 1621 ipsum
1960 1574 2123 1604 secum
2157 1567 2257 1603 tam
2278 1555 2532 1602 crudeliter
2564 1565 2653 1603 tra-

531 1648 711 1685 ctatum
733 1637 952 1696 adduxit,
979 1646 1168 1684 tentans
1190 1647 1353 1683 utrum
1376 1654 1432 1684 ex
1459 1637 1554 1683 hoc
1583 1638 1620 1684 si
1644 1637 1894 1701 quomodo
1925 1653 2093 1684 eorum
2122 1637 2348 1683 duritiam
2376 1635 2653 1682 mollescere

531 1729 713 1784 posset,
746 1729 793 1765 et
821 1718 883 1765 ad
912 1719 1139 1782 pietatem
1165 1718 1412 1766 inclinare.
1445 1719 1517 1765 Ad
1546 1736 1668 1783 quos
1694 1718 1890 1783 quidem
1913 1721 2153 1782 egressus⁵
2180 1737 2190 1764 z
2220 1738 2242 1763 «
2260 1721 2406 1776 Ecce,
2425 1736 2447 1761 »
2473 1717 2651 1782 inquit,

535 1819 555 1841 α
581 1799 771 1845 adduco
809 1815 922 1845 eum
954 1798 1093 1845 vobis
1117 1798 1266 1858 foras,
1292 1808 1346 1845 ut
1380 1800 1680 1863 cognoscatis
1702 1800 1815 1864 quia
1852 1800 1901 1846 in
1937 1816 1996 1846 eo
2030 1815 2223 1846 causam
2254 1815 2353 1844 non
2394 1797 2650 1844 invenio.»

530 1879 649 1925 Exiit
671 1895 783 1942 ergo
807 1882 939 1925 Jesus
962 1888 1161 1943 portans
1183 1879 1400 1944 spineam
1423 1896 1679 1939 coronam,
1707 1889 1754 1926 et
1776 1895 2072 1944 purpureum
2095 1879 2453 1937 vestimentum,
2472 1886 2519 1923 et
2540 1876 2656 1923 dicit

529 1960 594 2006 eis
622 1979 631 2005 :
662 1979 685 2004 «
703 1963 824 2006 Ecce
847 1959 1015 2006 homo.
1040 1979 1062 2004 »
1095 1962 1159 2006 Ac
1189 1961 1228 2006 si
1262 1960 1442 2007 diceret
1469 1979 1479 2007 :
1507 1964 1629 2008 Ecce
1651 1961 1785 2025 quod
1807 1960 2030 2007 humanae
2052 1959 2339 2006 infirmitatis
2368 1968 2461 2017 est,
2492 1958 2542 2004 in
2577 1974 2655 2004 me

531 2038 667 2085 vobis
689 2049 910 2103 apparet,
941 2056 1042 2086 non
1072 2039 1205 2103 quod
1236 2040 1410 2087 divinae
1438 2040 1748 2087 fortitudinis.
1787 2044 2046 2105 Postquam
2074 2050 2257 2097 autem,
2296 2048 2348 2085 ut
2375 2036 2656 2102 praedictum

529 2130 620 2178 est,
648 2119 896 2166 illuserunt
921 2121 987 2179 ei,
1014 2131 1247 2168 exuerunt
1268 2138 1380 2168 eum
1401 2139 1639 2186 purpura,
1666 2132 1713 2169 et
1734 2123 1997 2169 induerunt
2018 2120 2313 2169 vestimentis
2334 2119 2454 2176 suiS,
2481 2117 2655 2182 quibus

530 2202 702 2248 iterum
725 2201 1030 2248 nudaverunt
1051 2219 1162 2248 eum
1181 2239 1192 2260 ,
1219 2218 1370 2265 quum
1392 2202 1744 2266 crucifigendus
1767 2213 1887 2249 esset
1914 2221 1924 2248 .·
1952 2219 2057 2266 quae
2079 2211 2246 2266 postea
2267 2200 2473 2246 invicem
2494 2198 2656 2263 partiti

529 2291 641 2326 sunt
659 2318 669 2339 ,
696 2282 817 2327 sicut
839 2284 1046 2327 Joannes
1068 2292 1435 2328 commemorat.
1462 2284 1717 2347 Susceptus
1740 2283 1938 2329 tandem
1959 2292 2013 2328 ut
2034 2282 2096 2328 ad
2118 2279 2496 2343 crucifigendum
2517 2277 2657 2325 duce-

531 2369 677 2419 retur,
703 2361 862 2424 ipsum
884 2376 1078 2424 quoque
1100 2361 1254 2408 crucis
1276 2361 1546 2426 patibulum
1568 2372 1751 2426 gestare
1773 2362 2049 2427 compulsus
2078 2371 2149 2408 est
2166 2399 2176 2419 ,
2211 2370 2265 2407 ut
2287 2376 2377 2406 nec
2398 2358 2591 2405 interim
2613 2358 2656 2404 ei

529 2449 826 2503 parceretur,
850 2440 954 2504 ipso
978 2441 1132 2487 crucis
1154 2441 1371 2505 pondere
1393 2443 1526 2506 prius
1549 2442 1750 2489 afflictus
1774 2459 1919 2506 quam
1942 2443 1992 2488 in
2016 2458 2071 2488 ea
2094 2439 2363 2488 crucifixus.
2390 2439 2484 2496 Qui
2506 2454 2657 2502 quum

529 2538 617 2585 pro
640 2521 842 2568 vinculis
870 2522 966 2568 suis
994 2522 1070 2569 vel
1097 2539 1187 2587 pro
1215 2523 1453 2587 praedictis
1482 2523 1667 2571 afflictis
1696 2524 1914 2589 expedite
1943 2523 2018 2570 vel
2053 2523 2268 2570 celeriter
2296 2537 2397 2566 non
2428 2529 2653 2583 gestaret,

531 2619 689 2649 moras
711 2603 879 2649 mortis
901 2602 1001 2665 ejus
1023 2603 1157 2668 impii
1175 2620 1275 2649 non
1291 2603 1518 2663 serentes,
1545 2605 1807 2669 quemdam
1827 2605 1973 2652 alium
1989 2605 2237 2650 Simonem
2252 2601 2451 2647 nomine
2465 2615 2656 2645 crucem

530 2693 789 2746 coegerunt
811 2693 1019 2747 portare.
1047 2683 1309 2730 Crucifixus
1332 2685 1541 2749 denique
1564 2685 1626 2732 ad
1648 2701 1887 2732 summam
1910 2685 2010 2747 ejus
2032 2682 2348 2747 ignominiam
2370 2681 2494 2726 inter
2515 2679 2658 2726 latro-

531 2779 613 2808 nes
636 2762 969 2821 constituitur,
1007 2773 1061 2808 ut
1091 2779 1147 2809 ex
1181 2763 1491 2811 similitudine
1522 2782 1675 2829 poenae
1709 2765 1850 2811 simul
1877 2781 1986 2810 reus
2013 2762 2288 2809 crederetur
2315 2759 2480 2824 culpae.
2513 2761 2658 2805 Poena

529 2852 690 2888 autem
711 2842 853 2905 hujus
875 2842 1077 2906 patibuli
1099 2853 1279 2906 quanta
1301 2844 1383 2902 sit,
1416 2860 1562 2891 nemo
1593 2854 1663 2891 est
1692 2845 1775 2909 qui
1803 2844 1953 2909 possit
1980 2844 2218 2906 ignorare.
2252 2843 2368 2898 Quae
2390 2850 2525 2887 tanto
2547 2855 2659 2903 pro-

528 2921 664 2968 lixior
687 2931 783 2979 est,
821 2938 911 2968 nec
946 2922 1107 2969 statim
1129 2938 1416 2986 suspensum
1437 2924 1696 2982 interimit;
1733 2934 1916 2988 quanto
1947 2923 2047 2986 ejus
2075 2922 2233 2987 passio
2263 2920 2452 2984 gravior
2480 2919 2657 2965 diutius

530 3002 709 3065 affligit.
737 3002 866 3059 Quid
889 3003 1034 3050 etiam
1054 3002 1150 3050 hoc
1172 3003 1389 3067 patibulo
1413 3005 1601 3068 gravius
1620 3042 1631 3063 ,
1657 3004 1742 3051 ubi
1770 3015 1926 3051 totum
1955 3020 2130 3068 corpus
2153 3003 2218 3048 ita
2246 3001 2391 3048 clavis
2414 2997 2657 3061 confixum

530 3083 822 3141 extenditur,
855 3094 909 3130 ut
940 3100 1040 3130 non
1071 3084 1230 3131 minus
1259 3101 1315 3130 ex
1343 3084 1560 3149 pondere
1591 3102 1703 3144 suo,
1742 3102 1888 3149 quam
1917 3102 1972 3131 ex
2001 3085 2104 3149 ipsa
2132 3082 2283 3129 fixura
2311 3081 2556 3128 clavorum
2585 3096 2660 3125 su-

531 3180 728 3226 spensus
751 3165 1015 3211 crucietur?
1033 3165 1182 3213 ‚Unde
1205 3175 1332 3212 recte
1359 3165 1455 3211 hoc
1483 3182 1635 3212 unum
1658 3166 1826 3212 mortis
1855 3165 2152 3231 patibulum,
2191 3180 2304 3209 crux
2341 3178 2368 3208 a
2395 3159 2656 3222 cruciando

532 3246 834 3305 cognoscitur
852 3246 1050 3292 dictum.

577 3447 585 3463 ¹
615 3448 709 3487 Luc.,
729 3458 800 3491 cap.
820 3458 919 3487 xxm,
939 3450 1040 3481 v.1·'1.
1060 3467 1086 3471 α
1106 3449 1118 3465 ³
1132 3450 1243 3489 Joan.,
1259 3461 1333 3494 cap.
1354 3462 1410 3484 xtx
1427 3477 1435 3492 ,
1451 3462 1481 3484 v.
1501 3454 1531 3483 1.
1547 3450 1678 3490 -Luc.,
1698 3460 1772 3493 cap.
1794 3461 1894 3489 xxm,
1914 3462 1943 3483 v.
1968 3451 2019 3482 22.
2035 3467 2072 3473 --
2092 3448 2104 3465 ³
2120 3447 2248 3487 Matth„
2271 3457 2343 3488 cap.
2366 3455 2473 3484 xxvn,
2495 3455 2524 3476 v.
2548 3444 2599 3474 97.
2616 3458 2657 3464 —

533 3505 547 3520 ⁴
560 3504 660 3545 lbid.,
675 3515 705 3537 v,
722 3506 776 3537 29.
794 3523 828 3529 —
842 3505 855 3522 ³
869 3505 979 3547 Joan.,
996 3517 1070 3549 cap.
1086 3518 1140 3539 xxx
1153 3533 1161 3549 ,
1185 3520 1213 3541 v.
1237 3510 1270 3541 4.
