2970 4152
464 418 559 467 208
1046 418 1218 464 PETRI
1254 417 1569 465 ABAELARDI
1604 418 1679 465 ΕΤ
1711 416 2014 465 HELOISSAE

464 523 574 561 sunt
597 514 646 561 in
663 514 729 561 eis
750 513 970 579 plurima.
994 512 1182 558 Etenim
1202 527 1498 559 successores
1514 512 1706 559 illorum
1718 509 2178 559 commendaverunt
2196 507 2302 555 illos
2322 500 2579 555 memoriae.

467 594 604 641 Venit
623 603 781 641 autem
806 593 1051 657 generatio
1068 608 1173 656 quae
1185 608 1315 639 nunc
1333 587 1418 653 est,
1439 603 1486 641 et
1501 593 1686 665 scripsit
1699 592 1749 639 in
1766 590 1941 638 chartis
1960 599 2102 653 atque
2121 587 2434 648 membranis,
2457 598 2504 634 et
2520 604 2587 635 re-

462 674 623 738 posuit
640 673 689 719 in
709 672 923 720 fenestris
942 672 1111 719 otiosa.
1139 690 1163 717 υ
1191 672 1313 719 Hinc
1337 683 1386 721 et
1409 673 1556 721 abbas
1580 672 1817 720 Palladius
1841 670 1902 718 ad
1923 667 2207 717 discendum
2233 668 2411 733 pariter
2427 677 2474 715 et
2497 667 2586 714 do-

463 753 672 801 cendum
698 769 788 800 nos
815 752 1125 801 vehementer
1149 752 1436 814 adhortans,
1468 754 1587 801 ait¹:
1623 773 1648 798 «
1671 755 1873 817 Oportet
1896 751 2105 797 animam
2126 748 2391 796 secundum
2416 747 2589 795 Christi

462 832 757 881 voluntatem
768 843 1131 881 conversantem
1148 843 1230 881 aut
1243 833 1423 881 discere
1434 833 1637 881 fideliter
1653 849 1758 898 quae
1768 832 1934 891 nescit,
1950 840 2033 878 aut-
2041 830 2215 878 docere
2227 827 2473 876 manifeste
2483 844 2588 892 quae

462 913 611 960 novit.
631 931 654 957 »
677 913 725 960 Si
740 924 901 961 autem
921 924 1178 979 utrumque
1194 930 1344 978 quum
1359 915 1508 980 possit
1524 930 1625 961 non
1637 913 1754 973 vult,
1770 912 1963 959 insaniae
1981 910 2153 958 morbo
2172 908 2372 956 laborat.
2394 908 2587 955 Initium

462 993 591 1040 enim
616 993 872 1042 recedendi
891 1011 919 1042 a
937 996 1040 1042 Deo
1061 994 1300 1042 fastidium
1324 994 1553 1042 doctrinae
1576 1004 1647 1041 est
1663 1030 1676 1054 ,
1705 1003 1752 1040 et
1781 1009 1932 1061 quum
1965 1008 2065 1039 non
2092 990 2273 1056 appetit
2305 988 2421 1036 illud
2455 988 2588 1053 quod

460 1090 650 1140 semper
664 1063 830 1123 'anima
849 1077 1018 1137 esurit,
1038 1076 1284 1142 quomodo
1299 1076 1450 1141 diligit
1467 1075 1653 1123 Deum?
1667 1076 1788 1122 Hinc
1804 1084 1851 1123 et
1864 1073 2032 1121 beatus
2050 1071 2339 1121 Anastasius‘
2355 1071 2405 1117 in
2419 1069 2588 1118 exhor-

459 1157 638 1203 tatione
657 1156 1008 1206 monachorum
1022 1194 1034 1218 ,
1057 1159 1308 1205 intantum
1326 1157 1541 1205 discendi
1558 1157 1635 1204 vel
1650 1155 1841 1221 legendi
1854 1155 2066 1203 studium
2085 1152 2415 1212 commendat,
2433 1162 2486 1199 ut
2498 1168 2586 1217 per

459 1235 554 1283 hoc
578 1237 718 1285 etiam
745 1239 985 1286 orationes
1004 1239 1250 1286 intermitti
1277 1238 1489 1286 suadeat.
1519 1257 1543 1283 «
1567 1241 1781 1302 Pergam,
1801 1256 1824 1281 »
1840 1236 2011 1301 inquit,
2038 1255 2062 1280 «
2081 1251 2168 1301 per
2191 1234 2429 1281 tramitem
2453 1233 2560 1280 vitae
2575 1234 2588 1257 ¹

458 1327 647 1366 nostrae.
680 1320 893 1367 Primum
909 1320 1202 1368 abstinentiae
1217 1336 1331 1367 cura
1345 1356 1357 1380 ,
1372 1319 1540 1383 jejunii
1555 1319 1782 1385 patientia
1794 1354 1806 1378 ,
1825 1316 1996 1365 orandi
2012 1315 2260 1363 assiduitas
2273 1351 2285 1375 ,
2303 1325 2350 1362 et
2367 1313 2583 1379 legendi,

458 1397 534 1446 vel
551 1399 591 1446 si
614 1400 720 1464 quis
732 1399 891 1447 adhuc
902 1400 1165 1448 litterarum
1182 1417 1348 1466 expers
1367 1400 1442 1460 sit,
1456 1398 1684 1446 audiendi
1699 1399 1757 1446 sit
1769 1397 2057 1446 desiderium
2073 1396 2331 1461 cupiditate
2353 1393 2582 1443 discendi.

457 1481 566 1527 Haec
583 1480 712 1527 enim
730 1481 884 1546 prima
902 1491 1013 1530 sunt
1024 1482 1159 1546 quasi
1174 1480 1449 1528 lactantium
1470 1479 1820 1527 cunabulorum
1838 1479 1886 1526 in
1901 1478 1989 1525 Dei
2005 1477 2246 1541 agnitione
2264 1475 2542 1541 crepundia.
2562 1494 2584 1519 υ

456 1562 514 1607 Et
531 1571 641 1626 post
665 1560 822 1626 aliqua
839 1579 991 1626 quum
1007 1562 1329 1627 praemisisset:
1357 1560 1701 1609 «Orationibus
1722 1576 1838 1607 vero
1861 1559 1926 1606 ita
1941 1558 2217 1605 instandum
2244 1566 2331 1616 est,
2353 1555 2487 1621 quod
2511 1556 2590 1603 vix

455 1655 533 1686 eas
551 1640 746 1704 aliquod
763 1651 950 1706 tempus
967 1641 1237 1707 interpolet,
1251 1651 1460 1707 »postea
1478 1641 1696 1704 subjecit:
1725 1643 1875 1699 «Has,
1899 1639 1938 1685 si
1961 1638 2065 1686 fieri
2083 1648 2258 1703 potest,
2280 1636 2382 1684 sola
2402 1635 2590 1700 legendi

454 1718 760 1786 intercapedo
777 1721 1058 1787 disrumpat.
1076 1740 1099 1766 »
1123 1724 1287 1786 Neque
1304 1722 1433 1768 enim
1454 1720 1566 1768 alias
1586 1723 1752 1767 Petrus
1771 1718 2014 1785 apostolus
2034 1718 2366 1766 admoneret‘:
2391 1736 2415 1761 «
2436 1716 2589 1763 Parati

454 1815 644 1865 semper
669 1810 819 1849 estote
843 1801 906 1849 ad
923 1803 1159 1850 rationem
1177 1801 1476 1852 reddendam
1492 1801 1554 1849 ad
1570 1818 1740 1848 omnes
1759 1810 2012 1867 poscentes
2027 1816 2116 1847 vos
2134 1799 2195 1846 de
2209 1798 2358 1846 verbo
2377 1797 2490 1845 fidei
2508 1813 2588 1844 ve-

456 1890 633 1928 strae--et
648 1882 764 1947 spei.
784 1901 806 1925 »
834 1885 894 1930 Et
923 1883 1222 1948 Apostolus⁵z
1255 1902 1279 1927 <c
1300 1886 1406 1929 Non
1428 1899 1666 1929 cessamus
1690 1898 1778 1947 pro
1806 1881 1944 1929 vobis
1964 1889 2182 1939 orantes,
2215 1889 2268 1926 ut
2293 1877 2588 1944 impleamini

457 1961 697 2024 agnitione
715 1963 815 2026 ejus
840 1964 890 2009 in
914 1964 1048 2010 omni
1072 1963 1303 2028 sapientia
1321 1973 1366 2010 et
1385 1962 1626 2010 intellectu
1650 1961 1896 2028 spirituali.
1917 1981 1942 2006 »
1965 1963 2024 2007 Et
2053 1961 2268 2007 rursum⁶
2289 1977 2300 2006 z
2334 1978 2357 2003 «
2376 1957 2588 2006 Verbum

458 2041 630 2089 Christi
643 2042 825 2090 habitet
848 2044 897 2090 in
916 2044 1053 2091 vobis
1071 2043 1374 2091 abundanter
1389 2044 1438 2090 in
1456 2043 1592 2090 omni
1608 2043 1855 2107 sapientia.
1873 2061 1896 2087 »
1913 2045 2032 2089 Nam
2048 2042 2098 2088 in
2116 2040 2276 2087 Veteri
2286 2036 2588 2086 Testamento

458 2122 659 2169 similem
673 2122 950 2170 hominibus
962 2140 1128 2171 curam
1145 2140 1288 2170 sacrae
1305 2123 1637 2189 praeceptionis
1651 2122 1905 2169 inculcavit
1917 2121 2177 2186 eloquium.
2199 2120 2276 2166 Sic
2288 2119 2418 2166 enim
2435 2116 2590 2165 David

459 2202 572 2249 ait⁷z
606 2222 629 2249 «
652 2206 822 2251 Beatus
846 2205 918 2253 vir
942 2205 1024 2269 qui
1049 2221 1149 2251 non
1175 2204 1288 2251 abiit
1313 2205 1362 2250 in
1388 2204 1588 2251 consilio
1605 2204 1868 2268 impiorum
1886 2239 1898 2263 ,
1927 2213 1974 2250 et
1990 2203 2040 2249 in
2057 2203 2133 2249 via
2155 2211 2463 2267 peccatorum
2486 2216 2587 2247 non

459 2283 609 2343 stetit,
638 2294 685 2331 et
708 2285 758 2331 in
782 2284 1009 2333 cathedra
1031 2285 1310 2351 pestilentiae
1333 2301 1432 2331 non
1464 2284 1616 2343 sedit;
1644 2284 1729 2331 sed
1752 2285 1801 2330 in
1827 2284 1932 2349 lege
1951 2283 2148 2331 Domini
2171 2282 2392 2330 voluntas
2422 2275 2539 2345 ejus.
2562 2299 2585 2324 »

457 2364 516 2410 Et
539 2364 601 2411 ad
630 2368 792 2412 Jesum
820 2369 949 2413 Nave
972 2369 1102 2413 Deus
1130 2366 1390 2431 loquitur⁸z
1420 2368 1567 2412 «Non
1593 2364 1786 2413 recedet
1809 2364 1929 2412 liber
1952 2365 2039 2412 iste
2067 2364 2129 2411 de
2150 2362 2371 2411 manibus
2397 2363 2512 2422 tuis,
2543 2371 2591 2421 et

458 2444 762 2493 meditaberis
792 2446 842 2493 in
873 2463 931 2494 eo
958 2446 1036 2494 die
1061 2463 1116 2493 ac
1149 2457 1306 2493 nocte.
1335 2465 1358 2490 »
1399 2447 1481 2493 His
1516 2462 1711 2511 quoque
1746 2446 1948 2510 negotiis
1979 2444 2214 2492 malarum
2246 2443 2590 2508 cogitationum

457 2523 638 2572 lubrica
674 2527 946 2591 frequenter
975 2545 1025 2574 se
1055 2528 1278 2592 ingerunt
1293 2563 1306 2587 ,
1351 2537 1397 2574 et
1435 2526 1652 2591 quamvis
1687 2528 1792 2592 ipsa
1827 2526 2051 2574 sedulitas
2087 2526 2303 2572 animum
2342 2523 2404 2571 ad
2434 2527 2591 2571 Deum

456 2616 644 2668 praestet
669 2607 908 2655 intentum
924 2645 936 2668 ,
966 2607 1109 2656 efficit
1133 2618 1294 2655 tamen
1320 2608 1370 2655 in
1396 2624 1445 2655 se
1464 2607 1667 2655 mordax
1685 2607 1832 2655 seculi
1847 2623 1962 2654 cura
1980 2605 2251 2654 sollicitum.
2275 2603 2421 2663 Quod
2439 2605 2478 2652 si
2496 2603 2590 2651 hoc

458 2683 729 2751 frequenter
764 2689 1040 2755 importune
1075 2690 1253 2755 patitur
1291 2689 1513 2753 religioso
1539 2688 1693 2736 labori
1717 2688 1937 2749 deditus,
1971 2704 2222 2753 nunquam
2253 2686 2469 2753 profecto
2502 2684 2594 2732 illis
2653 2733 2657 2736 .

460 2768 637 2815 carebit
661 2770 859 2816 otiosus·
889 2773 948 2817 Et
971 2770 1138 2817 beatus
1163 2787 1285 2835 papa
1312 2771 1570 2834 Gregorius
1594 2770 1676 2817 lib.
1707 2770 1884 2817 Moral.
1908 2773 2013 2817 XIX
2029 2771 2044 2794 ⁹
2064 2788 2074 2816 :
2107 2790 2130 2814 «
2155 2772 2271 2827 Quae
2295 2778 2514 2833 tempora
2529 2802 2542 2825 ,
2565 2784 2586 2809 n

460 2847 630 2911 inquit,
664 2852 803 2914 «jam
821 2868 950 2898 nunc
975 2851 1227 2898 inchoasse
1253 2852 1629 2915 ingemiscimus,
1659 2868 1810 2915 quum
1837 2850 2011 2898 multos
2038 2850 2163 2897 intra
2182 2849 2442 2897 Ecclesiam
2459 2848 2590 2913 posi-

462 2936 534 2974 tos
562 2923 827 2991 cernimus,
855 2932 938 2996 qui
964 2941 1046 2979 aut
1066 2931 1240 2978 nolunt
1264 2932 1454 2996 operari
1478 2931 1611 2995 quod
1640 2931 1936 2996 intelligunt,
1965 2941 2047 2978 aut
2069 2931 2165 2978 hoc
2204 2931 2362 2996 ipsum
2395 2943 2590 2993 quoque

462 3023 647 3056 sacrum
672 3011 918 3076 eloquium
948 3013 1210 3081 intelligere
1243 3029 1298 3059 ac
1327 3029 1468 3060 nosse
1498 3022 1832 3060 contemnunt.
1865 3016 1901 3060 A
1924 3014 2122 3061 veritate
2157 3012 2287 3059 enim
2326 3018 2589 3057 avertentes

462 3090 707 3153 auditum,
739 3095 800 3141 ad
825 3095 1007 3143 fabulas
1031 3105 1378 3143 convertuntur
1406 3114 1415 3142 :
1446 3095 1565 3142 dum
1593 3115 1616 3140 «
1641 3111 1810 3143 omnes
1837 3112 1943 3160 quae
1966 3112 2052 3143 sua
2079 3105 2190 3142 sunt
2213 3101 2458 3158 quaerunt,
2487 3106 2588 3137 non

461 3188 488 3213 -«
517 3187 620 3234 quae
642 3175 751 3220 Jesu
776 3175 948 3223 Christi
960 3179 1000 3223 ¹⁰.
1022 3196 1046 3222 »
1077 3178 1263 3243 Scripta
1287 3177 1375 3224 Dei
1397 3175 1575 3241 ubique
1599 3187 1787 3242 reperta
1802 3213 1816 3238 ‚
1838 3186 2155 3243 opponuntur·
2176 3174 2356 3233 oculis;
2386 3172 2470 3220 sed
2489 3172 2588 3219 haec

509 3342 516 3357 ¹
540 3343 601 3375 Vit.
621 3345 757 3377 Petrum
770 3370 781 3384 ‚
801 3354 886 3388 part.
901 3349 941 3380 11.
957 3366 993 3371 ——
1011 3349 1024 3366 ³
1040 3350 1094 3383 Sic
1108 3352 1139 3383 in
1155 3352 1234 3385 edit.
1259 3351 1354 3385 Amb.
1375 3352 1504 3395 Legen-
1548 3362 1580 3384 v.
1615 3352 1667 3385 15.
1684 3370 1728 3376 —-
1744 3353 1757 3370 ⁸
1778 3353 1914 3391 Coloss„
1938 3362 2014 3395 cap.
2038 3361 2070 3389 1,
2091 3361 2121 3382 v.
2141 3350 2176 3382 9.
2189 3367 2230 3373 --
2243 3349 2256 3367 ⁶
2270 3349 2407 3386 coloss„
2431 3356 2504 3390 cap-
2531 3356 2584 3385 ¹1¹·

459 3398 539 3431 dum
557 3399 640 3433 forte
660 3403 772 3434 heatus
797 3404 1009 3445 Augustinus,
1027 3418 1210 3451 quanquam
1227 3409 1335 3442 locum
1351 3409 1405 3442 hic
1421 3409 1507 3442 alla-
1551 3419 1584 3441 v.
1609 3409 1662 3441 16.
1676 3407 1741 3432 ——'
1756 3408 1876 3441 Psalm.
1898 3419 1931 3445 ι.
1954 3418 1986 3441 ν.
2015 3409 2046 3440 1.
2061 3405 2130 3431 -—-'
2150 3405 2270 3444 Josue,
2297 3413 2369 3447 cap.
2392 3414 2422 3442 ι,
2448 3413 2480 3435 v.
2502 3403 2534 3434 8.
2550 3419 2588 3425 -—

462 3460 530 3487 tum
561 3456 594 3489 iu
623 3456 776 3500 operibus
806 3458 870 3491 divi
897 3460 1065 3504 Augustini
1091 3465 1237 3507 reperire
1260 3476 1325 3498 non
1345 3466 1450 3508 potui.
1468 3483 1506 3489 -—
1553 3464 1566 3482 0
1583 3465 1656 3498 Lib.
1670 3465 1762 3505 xlx,
1780 3475 1852 3508 cap.
1871 3475 1937 3498 xxx
1951 3490 1961 3506 ,
1979 3464 2061 3505 Opp.
2076 3470 2103 3495 t.
2119 3462 2152 3502 1,
2167 3462 2231 3496 col.
2243 3462 2320 3494 63⁴.
2334 3478 2370 3484 —
2385 3460 2414 3477 '⁰
2433 3460 2589 3500 Philipp„

465 3510 543 3544 'Sic
554 3512 627 3546 cod.
638 3513 830 3548 Amb.—V1·ae
841 3516 903 3549 Ed.
922 3516 1061 3551 Amb.-—
1074 3519 1087 3537 ⁴
1101 3521 1189 3554 Petr.
1205 3522 1310 3562 Epist.
1327 3523 1356 3561 1,
1370 3533 1444 3566 cap.
1461 3534 1508 3564 ιιι,
1553 3533 1634 3571 cap.
1650 3533 1692 3564 ιι,
1711 3532 1742 3555 v.
1759 3523 1814 3554 21.
