2970 4152
576 314 670 360 656
1374 273 1544 362 PFTRI
1583 313 1892 362 ABAELARDI

574 408 830 472 imaginem
852 426 1011 466 suam,
1036 409 1097 456 ad
1119 409 1376 473 imaginem
1397 410 1486 475 Dei
1507 410 1684 457 creavit
1705 409 1855 458 illum.
1884 428 1906 454 »
1932 409 2105 456 Dicant
2129 407 2277 456 Judaei
2297 410 2337 456 si
2361 421 2563 475 possunt
2577 448 2588 470 ,
2614 410 2689 459 vel

574 490 826 538 nobiscum
862 491 1097 539 fateantur
1121 491 1170 536 in
1201 506 1298 537 una
1325 490 1584 538 divinitatis
1615 491 1817 538 essentia
1847 489 2167 555 pluralitatem
2200 506 2513 554 personarum
2542 493 2690 556 magis

574 586 720 633 quam
742 587 904 616 rerum
926 587 1043 617 esse.
1077 569 1221 627 Quod
1250 557 1500 633 diligenter
1521 570 1761 634 Propheta
1781 568 2089 616 considerans
2117 568 2177 616 ad
2204 569 2560 617 distinctionem
2580 586 2690 635 per-

573 665 803 701 sonarum
838 649 1129 707 faciendam,
1163 649 1278 696 dicit
1305 649 1550 713 pluraliter
1581 669 1604 694 «
1631 642 1881 707 faciamus;
1912 667 1934 693 »
1960 648 2022 696 ad
2055 649 2286 696 unitatem
2313 665 2428 696 vero
2460 649 2549 695 Dei
2576 650 2691 696 assi·

574 728 815 791 gnandam
846 729 1090 793 subjunxit
1120 729 1442 793 singulariter,
1473 749 1495 775 «
1517 740 1563 777 et
1585 730 1763 777 creavit
1790 732 1918 776 Deus
1939 728 2213 788 hominem,
2240 739 2332 776 etc.
2363 748 2386 774 »
2411 730 2556 787 Quasi
2577 745 2691 792 ergo

574 809 743 873 aliquis
765 826 927 868 secum
949 809 1152 874 loquens
1174 826 1224 857 se
1247 820 1296 860 et
1317 810 1554 858 rationem
1577 826 1713 857 suam
1735 809 1870 873 quasi
1893 809 1991 856 duo
2014 810 2261 857 constituit
2281 826 2432 874 quum
2455 825 2561 856 eam
2582 825 2692 857 con-

573 890 705 949 sulit,
731 891 853 937 sicut
874 891 1064 938 Boetius
1087 891 1136 937 in
1160 890 1285 938 libro
1307 890 1364 938 de
1389 891 1717 938 Consolatione
1741 889 2077 953 Philosophiae,
2103 890 2176 937 vel
2198 890 2484 954 Augustinus
2501 890 2550 936 in
2566 889 2691 936 libro

573 969 956 1035 Soliloquc'oram.
990 971 1066 1017 Sic
1101 973 1229 1018 Deus
1265 974 1402 1018 Pater
1436 970 1497 1018 ad
1532 970 1825 1017 creationem
1857 969 2066 1016 hominis
2097 979 2195 1017 tam
2229 969 2520 1034 Sapientiam
2546 984 2692 1033 quam

574 1050 867 1109 Bonitatem,
889 1050 986 1098 hoc
1008 1061 1079 1098 est
1106 1051 1276 1098 Filium
1298 1061 1345 1098 et
1371 1052 1599 1116 Spiritum
1626 1060 1844 1098 sanctum
1869 1051 2003 1115 quasi
2030 1050 2236 1097 invitans
2263 1049 2406 1097 dicit:
2423 1051 2689 1107 Faciamus,

575 1143 686 1176 eum
707 1129 851 1176 talem
874 1140 921 1177 et
942 1140 1154 1191 tantum,
1181 1141 1234 1178 ut
1265 1132 1422 1194 imago
1452 1140 1615 1177 nostra
1646 1130 1706 1177 sit
1727 1130 1803 1177 vel
1831 1129 2110 1177 similitudo.
2148 1132 2264 1187 Quae
2291 1126 2488 1194 quidem
2515 1129 2693 1176 creatio

574 1226 720 1274 quam
743 1211 976 1258 excellens
998 1212 1085 1271 sit,
1112 1221 1160 1259 et
1181 1212 1360 1259 caeteris
1383 1227 1528 1276 supra
1548 1210 1715 1275 positis
1736 1210 1878 1274 longe
1908 1210 2148 1275 superior,
2179 1210 2293 1275 ipsis
2322 1208 2696 1274 quoque-verbis

575 1290 854 1354 exprimitur
875 1300 1106 1355 tanquam
1129 1291 1178 1338 in
1201 1291 1401 1338 consilio
1432 1290 1647 1354 quodam
1676 1289 1859 1337 collatis
1885 1289 1947 1336 ad
1970 1306 2197 1353 magnum
2220 1288 2399 1353 aliquid
2424 1287 2695 1336 faciendum

511 1382 514 1386 ’
575 1388 726 1435 quum
744 1371 918 1418 dicitur
937 1390 948 1418 :
972 1392 995 1417 «
1014 1372 1310 1420 Faciamus.»
1327 1376 1380 1418 In
1403 1372 1582 1419 caeteris
1600 1388 1715 1418 vero
1735 1370 2057 1418 creationibus
2080 1387 2179 1417 non
2204 1370 2268 1417 ita
2289 1370 2472 1417 dictum
2493 1379 2584 1429 est,
2609 1369 2694 1417 sed

579 1446 888 1500 solummodo
924 1463 976 1499 ut
1012 1452 1094 1499 fiat
1128 1452 1223 1499 hoc
1247 1452 1323 1499 vel
1353 1452 1493 1511 illud,
1525 1451 1601 1499 vel
1627 1462 1753 1499 terra
1781 1452 1881 1499 sive
1909 1467 2031 1515 aqua
2054 1450 2149 1498 hoc
2180 1450 2255 1497 vel
2287 1449 2405 1496 illud
2439 1449 2692 1514 producat.

576 1535 737 1589 Quum
771 1543 932 1579 autem
968 1532 1118 1579 homo
1156 1550 1415 1580 commune
1445 1549 1625 1579 nomen
1663 1533 1723 1579 sit
1763 1542 1862 1579 tam
1899 1532 1989 1578 viri
2026 1547 2172 1596 quam
2203 1530 2417 1589 feminae,
2454 1546 2605 1594 quum
2637 1530 2697 1577 sit

577 1621 836 1676 utrumque
862 1612 1039 1659 animal
1061 1605 1296 1659 rationale
1318 1612 1544 1670 mortale;
1571 1612 1701 1660 unde
1720 1621 1767 1659 et
1782 1613 1831 1659 in
1854 1610 2163 1677 sequentibus
2177 1627 2327 1675 quum
2346 1610 2520 1657 dicitur
2540 1628 2566 1654 «
2585 1609 2698 1674 quia

575 1692 753 1739 creavit
781 1694 909 1739 Deus
938 1681 1216 1751 hominem,
1246 1713 1269 1736 »
1295 1693 1455 1739 statim
1486 1691 1804 1751 subinfertur,
1835 1711 1858 1737 «
1884 1691 2150 1740 masculum
2181 1701 2229 1739 et
2262 1691 2489 1737 feminam
2522 1689 2699 1738 creavit

576 1788 681 1830 eos,
712 1791 735 1816 υ
761 1772 1067 1836 intelligimus
1093 1773 1248 1820 virum
1279 1772 1341 1820 ad
1363 1773 1623 1836 imaginem
1644 1773 1734 1820 Dei
1755 1782 1993 1831 creatum,
2019 1772 2247 1820 feminam
2267 1787 2382 1818 vero
2406 1770 2468 1818 ad
2488 1769 2701 1818 similitu-

576 1851 756 1899 dinem.
797 1854 868 1899 De
895 1853 1001 1899 viro
1037 1853 1216 1918 quippe
1249 1852 1503 1918 Apostolus
1542 1853 1633 1899 ait¹
1656 1872 1666 1900 :
1690 1853 1816 1899 «Vir
1846 1852 2043 1917 quidem
2070 1868 2169 1900 non
2202 1850 2346 1898 debet
2372 1850 2528 1898 velare
2555 1859 2699 1914 caput

576 1949 717 1979 suum
730 1970 741 1992 ,
767 1934 881 1997 quia
902 1934 1060 1998 imago
1084 1944 1131 1981 et
1153 1933 1302 1997 gloria
1318 1933 1407 1980 Dei
1429 1943 1517 1980 est.
1546 1952 1568 1978 »
1588 1937 1693 1981 Hoc
1715 1944 1808 1993 est,
1834 1933 2087 1998 gloriosior
2108 1942 2155 1980 et
2177 1932 2432 1998 pretiosior
2452 1931 2552 1995 ejus
2568 1930 2699 1977 simi-

576 2012 747 2060 litudo.
768 2014 923 2061 Distat
939 2024 1100 2061 autem
1123 2015 1247 2060 inter
1263 2014 1522 2078 imaginem
1544 2023 1591 2061 et
1612 2014 1998 2074 similitudinem,
2017 2013 2151 2078 quod
2172 2011 2434 2060 similitudo
2455 2012 2524 2058 rei
2544 2020 2702 2076 potest

578 2092 671 2140 dici
695 2093 829 2157 quod
852 2094 1240 2141 convenientiam
1271 2094 1481 2157 aliquam
1503 2093 1651 2140 habet
1682 2111 1794 2141 cum
1823 2095 1950 2158 ipsa,
1987 2093 2117 2141 unde
2139 2092 2290 2140 simile
2320 2091 2388 2138 illi
2415 2091 2510 2138 diei
2537 2100 2696 2154 queat.

578 2176 740 2236 Imago
771 2190 888 2220 vero
911 2189 1131 2238 expressa
1154 2182 1343 2219 tantum
1364 2172 1627 2219 similitudo
1651 2172 1825 2219 dicitur
1839 2209 1851 2230 ,
1876 2170 2012 2219 sicut'
2027 2171 2189 2235 figurae
2214 2171 2469 2218 hominum
2490 2186 2596 2234 quae
2616 2186 2704 2235 per

578 2253 763 2317 singula
784 2253 1004 2300 membra
1019 2252 1273 2317 perfectius
1296 2268 1378 2299 eos
1399 2238 1757 2316 repraesentant.
1784 2252 1908 2308 Quia
1926 2268 2039 2315 ergo
2062 2252 2136 2297 vir
2154 2250 2344 2314 dignior
2359 2266 2505 2315 quam
2527 2250 2702 2297 semina

579 2342 649 2379 est
664 2370 675 2391 ,
702 2342 749 2379 et
770 2348 858 2396 per
878 2331 975 2378 hoc
996 2334 1100 2378 Deo
1124 2331 1347 2390 similior,
1374 2332 1532 2395 imago
1558 2331 1659 2394 ejus
1681 2330 1877 2390 dicitur;
1905 2330 2082 2377 femina
2103 2346 2219 2377 vero
2241 2328 2526 2387 similitudo,
2551 2346 2702 2394 quum

578 2412 681 2476 ipsa
703 2411 847 2458 etiam
870 2412 992 2465 sicut
1014 2411 1086 2458 vir
1113 2427 1199 2476 per
1220 2411 1458 2458 rationem
1481 2420 1528 2457 et
1554 2410 1962 2458 immortalitatem
1991 2411 2161 2458 animae
2190 2412 2347 2456 Deum
2367 2409 2595 2456 imitetur.
2620 2410 2704 2456 Vir

579 2502 741 2539 autem
763 2491 859 2539 hoc
882 2492 1077 2556 insuper
1098 2491 1245 2538 hahet
1267 2508 1364 2555 quo
1384 2494 1487 2538 Deo
1510 2490 1710 2538 similior
1726 2490 1831 2550 fiat,
1858 2490 1991 2555 quod
2006 2491 2128 2538 sicut
2143 2490 2307 2537 omnia
2324 2506 2381 2537 ex
2398 2492 2500 2537 Deo
2522 2488 2703 2537 habent

580 2588 680 2619 esse
696 2607 707 2629 ,
734 2572 799 2618 ita
822 2588 879 2618 ex
901 2587 1000 2617 uno
1022 2571 1128 2618 viro
1148 2570 1415 2618 secundum
1437 2571 1686 2619 traducem
1707 2571 1924 2636 corporis
1946 2581 2044 2618 tam
2068 2570 2244 2618 femina
2265 2570 2368 2635 ipsa
2383 2585 2530 2634 quam
2546 2578 2704 2617 totum

581 2669 729 2716 genus
765 2652 1035 2699 humanum
1063 2651 1254 2698 initium
1289 2651 1452 2699 habet.
1491 2652 1540 2699 Si
1568 2652 1674 2716 quis
1709 2662 1870 2699 autem
1903 2651 2175 2715 diligentius
2208 2667 2264 2698 ac
2294 2650 2548 2716 perfectius
2577 2650 2703 2698 hanc

581 2732 839 2796 imaginem
857 2731 933 2778 vel
955 2731 1317 2778 similitudinem
1339 2732 1445 2791 Dei,
1468 2730 1529 2779 ad
1545 2748 1692 2796 quam
1712 2731 1863 2778 homo
1886 2730 2036 2778 factus
2058 2730 2249 2789 dicitur,
2274 2729 2576 2777 considerare
2592 2728 2703 2776 velit

577 2811 710 2874 juxta
741 2813 954 2877 ipsarum
988 2827 1304 2876 personarum
1339 2811 1720 2871 distinctionem,
1751 2810 1933 2858 videbit
1961 2810 2210 2858 hominem
2238 2811 2396 2875 ipsum
2427 2818 2527 2856 tam
2556 2808 2706 2856 Patris

582 2908 728 2955 quam
743 2891 846 2938 Filii
862 2890 937 2937 vel
958 2891 1159 2956 Spiritus
1184 2892 1336 2938 sancti
1356 2908 1412 2938 ex
1427 2908 1513 2939 sua
1527 2891 1807 2938 conditione
1824 2889 2186 2937 similitudinem
2204 2889 2461 2937 maximam
2477 2888 2704 2952 adeptum

583 2988 702 3019 esse.
730 2973 930 3018 Constat
951 2972 1130 3037 quippe
1150 2974 1254 3018 Deo
1277 2972 1424 3032 Patri,
1451 2972 1534 3036 qui
1556 2987 1584 3018 a
1604 2971 1760 3036 seipso
1782 2987 1883 3018 non
1909 2970 1971 3019 ab
1993 2969 2087 3018 alio
2111 2986 2212 3018 esse
2233 2968 2380 3017 habet
2393 3005 2405 3027 ,
2426 2969 2559 3032 juxta
2579 2966 2705 3014 hanc

584 3052 684 3115 ejus
705 3052 1050 3117 proprietatem
1066 3089 1078 3111 ,
1103 3052 1154 3099 id
1177 3051 1310 3116 quod
1332 3051 1394 3099 ad
1415 3052 1683 3117 potentiam
1702 3052 1912 3116 pertinet
1933 3051 2146 3098 divinam
2174 3049 2440 3115 specialiter
2471 3045 2700 3105 adscribi3

585 3130 705 3177 sicut
727 3140 776 3177 et
797 3130 939 3191 Filio,
964 3131 1047 3196 qui
1066 3131 1166 3195 ejus
1195 3131 1436 3197 Sapientia
1458 3131 1656 3190 dicitur,
1682 3131 1817 3195 quod
1838 3131 2081 3196 sapientiae
2102 3139 2195 3188 est;
2221 3138 2268 3176 et
2295 3126 2489 3193 Spiritui
2510 3135 2700 3182 sancto,

584 3212 668 3274 qui
691 3211 946 3259 amborum
970 3215 1115 3259 Amor
1138 3222 1337 3261 vocatur
1370 3222 1418 3261 et
1448 3212 1643 3278 proprie
1675 3213 1856 3267 Caritas
1886 3211 2083 3270 dicitur,
2110 3210 2160 3258 id
2182 3208 2315 3274 quod
2349 3207 2411 3255 ad
2439 3206 2705 3261 bonitatem

634 3390 645 3418 ·¹
669 3390 817 3436 Corinth.
839 3392 876 3430 I,
896 3401 970 3436 cap.
991 3403 1042 3434 ζμ,
1063 3404 1095 3427 ν.
1114 3395 1148 3428 7.
