2970 4152
1190 452 1564 501 EPISTOLAE.'
1654 490 1657 493 »
1740 454 1743 460 '
2313 457 2407 503 489

291 550 353 598 de
380 549 572 597 senibus
595 565 797 613 parvum
820 565 902 596 vas
918 583 931 607 ,
957 537 1152 595 calicem
1177 548 1385 614 portavit
1412 547 1474 594 ad
1495 546 1715 593 abbatem
1734 547 1869 610 Sysoi
1885 583 1897 607 ,
1928 557 1975 594 et
1994 546 2126 593 dedit
2145 548 2211 607 ei,
2235 558 2282 595 et
2299 547 2420 595 bibit

291 629 439 677 semel
454 664 467 686 ,
497 639 543 676 et
565 628 782 676 secundo
806 638 854 675 et
880 628 1060 693 accepit
1083 638 1131 675 et
1153 627 1288 674 bibit.
1326 626 1510 673 Obtulit
1533 627 1577 672 ei
1601 627 1745 673 etiam
1766 627 1904 673 tertio
1922 662 1934 686 ,
1965 626 2049 674 sed
2073 643 2171 673 non
2203 629 2385 692 accepit
2402 665 2413 687 ,

291 708 456 756 dicens
479 727 490 755 z
532 728 554 755 «
576 708 775 767 Quiesce
791 744 803 767 ,
833 707 1001 767 frater,
1039 724 1100 754 an
1127 707 1279 755 nescis
1311 707 1423 771 quia
1447 716 1516 752 est
1545 705 1778 751 Satanas?
1801 725 1824 749 n
1863 709 1922 752 Et
1953 706 2128 753 iterum
2154 706 2213 753 de
2247 707 2418 754 abbate

290 790 489 854 Sysoi²:
522 808 546 835 «
568 789 693 835 Dicit
728 804 840 851 ergo
876 783 1386 852 Abraham-discipulis
1410 786 1540 849 ejuS,
1579 786 1618 832 si
1653 786 1917 832 occurritur
1945 787 1994 832 in
2020 786 2217 833 sabbato
2250 797 2296 834 et
2334 787 2420 834 do-

293 870 469 917 minica
492 869 554 917 ad
580 868 827 916 ecclesiam
847 903 860 926 ,
887 877 934 914 et
953 867 1128 914 biberit
1157 877 1252 914 tres
1279 867 1448 913 calices
1464 901 1476 925 ,
1505 882 1567 912 ne
1585 865 1736 911 multo
1763 866 1866 912 est?
1893 869 1950 911 Et
1975 865 2092 911 dixit
2117 883 2259 913 senex
2287 886 2296 912 :
2327 886 2349 911 κ
2371 868 2417 913 Si

295 969 320 994 «
350 965 450 997 non
484 958 606 996 esset
638 949 834 994 Satanas
850 982 862 1005 ‚
892 963 991 993 non
1020 957 1141 993 esset
1167 946 1387 993 multum.
1416 964 1440 989 »
1465 947 1586 992 Hinc
1610 955 1656 992 et
1684 944 1850 992 beatus
1876 961 1975 991 non
2000 945 2255 1012 immemor
2277 950 2423 993 Bene-

293 1028 476 1076 dictus²
499 1029 650 1092 quum
675 1026 1029 1091 dispensatione
1060 1026 1270 1090 quadam
1301 1025 1551 1072 monachis
1579 1025 1746 1071 vinum
1771 1025 2062 1088 indulgeret,
2097 1025 2161 1071 ait
2200 1044 2209 1071 :
2250 1046 2274 1071 «
2296 1027 2423 1073 Licet

293 1108 503 1173 legamus
525 1108 692 1154 'vinum
714 1105 1065 1153 monachorum
1088 1106 1290 1153 omnino
1320 1122 1417 1152 non
1451 1122 1552 1152 esse
1572 1141 1584 1164 ,
1613 1105 1698 1152 sed
1723 1105 1834 1169 quia
1861 1105 2034 1151 nostris
2060 1106 2356 1170 temporibus
2374 1108 2423 1153 id

295 1187 544 1235 monachis
571 1187 760 1252 penitus
786 1185 1063 1251 persuaderi
1094 1202 1191 1232 non
1221 1194 1394 1250 potest.
1423 1204 1446 1228 »
1476 1184 1604 1242 Quid
1622 1185 1748 1231 enim
1770 1184 1946 1230 mirum
1973 1185 2011 1231 si
2031 1185 2278 1232 monachis
2293 1187 2425 1251 peni-

294 1278 370 1316 tus
388 1284 490 1315 non
506 1268 565 1314 sit
582 1265 930 1331 indulgendum
946 1301 958 1325 ,
986 1265 1120 1329 quod
1145 1265 1331 1312 feminis
1358 1275 1553 1329 quoque
1570 1301 1582 1324 ,
1608 1281 1812 1329 quarum
1837 1266 1885 1311 in
1913 1282 1963 1312 se
1978 1275 2062 1323 ,est
2092 1276 2261 1312 natura
2288 1266 2421 1313 debi-

294 1346 404 1406 lior,
425 1357 644 1395 ettamen
663 1355 830 1393 contra
849 1345 1014 1392 vinum
1034 1345 1217 1404 fortior,
1241 1346 1398 1410 ipsum
1418 1345 1619 1391 omnino
1636 1344 1803 1392 beatus
1819 1345 2056 1392 interdicit
2072 1346 2421 1409 Hieronymus?

295 1428 382 1476 Hic
418 1429 548 1476 enim
583 1426 895 1474 Eustochium
923 1426 1155 1490 virginem
1182 1425 1354 1472 Christi
1387 1425 1448 1472 de
1484 1425 1812 1473 conservanda
1850 1426 2085 1474 instruens
2118 1427 2384 1491 virginitate
2404 1465 2415 1487 ,

294 1506 603 1555 vehementer
627 1506 924 1563 adhortatur,
953 1505 1144 1552 dicens³
1174 1523 1185 1551 :
1221 1525 1245 1549 «
1266 1505 1315 1551 Si
1339 1504 1456 1569 quid
1480 1506 1641 1570 itaque
1659 1506 1708 1552 in
1733 1522 1807 1552 me
1831 1516 1987 1571 potest
2013 1522 2114 1553 esse
2141 1507 2353 1567 consilii,
2383 1510 2421 1555 si

297 1596 492 1652 experto
519 1586 728 1634 creditur
746 1622 759 1644 ,
785 1586 879 1633 hoc
903 1586 1113 1651 primum
1140 1601 1317 1633 moneo
1343 1595 1390 1632 et
1412 1585 1628 1633 obtestor
1643 1621 1656 1645 ,
1683 1595 1735 1632 ut
1759 1602 1933 1651 sponsa
1957 1586 2130 1634 Christi
2160 1587 2325 1634 vinum
2349 1588 2420 1634 fu-

290 1668 390 1731 giat
410 1684 499 1734 pro
523 1683 728 1715 veneno.
754 1670 864 1714 Haec
890 1666 1117 1714 adversus
1143 1666 1512 1714 adolescentiam
1536 1667 1688 1731 prima
1714 1676 1826 1714 sunt
1843 1683 1974 1714 arma
1997 1667 2288 1715 daemonum.
2312 1671 2417 1715 Non

293 1748 363 1795 sic
385 1748 579 1796 avaritia
602 1748 779 1812 quatit,
819 1747 953 1794 inflat
977 1746 1199 1812 superbia
1214 1782 1227 1806 ,
1258 1746 1460 1794 delectat
1484 1746 1698 1794 ambitio.
1726 1747 1878 1794 Facile
1903 1747 2003 1795 aliis
2030 1765 2245 1796 caremus
2276 1751 2412 1797 vitiis.

296 1829 383 1876 Hic
418 1829 566 1876 hostis
602 1829 729 1875 intus
765 1828 976 1874 inclusus
999 1837 1084 1874 est.
1116 1831 1419 1892 Quocunque
1449 1844 1731 1893 pergamus,
1766 1829 2021 1876 nobiscum
2051 1840 2299 1894 portamus
2336 1831 2419 1877 ini·

298 1909 490 1957 micum.
513 1910 690 1956 Vinum
714 1918 762 1955 et
774 1907 1092 1955 adolescentia
1109 1908 1283 1973 duplex
1302 1908 1577 1956 incendium
1595 1909 1865 1973 voluptatis.
1890 1909 2017 1967 Quid
2036 1910 2195 1957 oleum
2216 1911 2417 1958 flammae

295 1989 576 2054 adjicimus?
626 1988 754 2046 Quid
797 1988 999 2035 ardenti
1025 1987 1311 2053 corpusculo
1360 1989 1571 2035 fomenta
1614 1990 1793 2053 ignium
1841 1989 2190 2037 ministramus?
2213 2009 2237 2035 n
2296 1994 2419 2038 Con-

296 2078 387 2117 stat
403 2080 563 2116 tamen
583 2085 641 2116 ex
664 2085 831 2116 eorum
858 2068 1159 2116 documentis
1182 2070 1265 2133 qui
1290 2069 1351 2117 de
1369 2069 1564 2134 physica
1583 2069 1872 2135 scripserunt
1892 2106 1903 2129 ,
1941 2070 2091 2117 multo
2111 2071 2269 2118 minus
2288 2072 2418 2118 femi-

296 2150 371 2197 nis
392 2166 537 2214 quam
554 2150 664 2198 viris
683 2150 906 2198 virtutem
923 2151 1021 2198 vini
1034 2151 1288 2217 praevalere
1305 2167 1460 2216 posse.
1481 2151 1626 2215 Cujus
1644 2151 1840 2216 quidem
1854 2151 1922 2199 rei
1935 2153 2169 2200 rationem
2188 2153 2419 2201 inducens

296 2230 565 2278 Macrobius
589 2230 885 2278 Theodosius
911 2234 970 2278 tv
1000 2232 1382 2279 Saturnale‘orum
1403 2231 1525 2279 libro
1550 2233 1615 2279 sic
1640 2233 1705 2279 ait
1722 2233 1764 2279 ⁵:
1792 2252 1814 2277 «
1842 2232 2109 2280 Aristoteles
2132 2251 2141 2279 :
2166 2233 2412 2293 Mulieres,

296 2310 476 2375 inquit,
505 2327 613 2358 raro
638 2310 962 2372 inebriantur,
982 2311 1151 2359 crebro
1171 2328 1324 2359 seneS.
1350 2311 1517 2362 Mulier
1541 2311 1899 2359 humectissimo
1927 2322 1998 2359 est
2025 2329 2244 2378 corpore.
2269 2317 2417 2361 Docet

296 2389 391 2439 hoc
410 2401 457 2439 et
478 2390 643 2439 levitas
667 2393 786 2439 cutis
805 2402 851 2439 et
874 2392 1126 2458 splendor,
1155 2393 1332 2440 docent
1353 2394 1590 2459 praecipue
1607 2393 1804 2440 assiduae
1821 2394 2151 2459 purgationes,
2178 2395 2418 2460 superfluo

298 2481 610 2518 exonerantes
626 2488 802 2537 corpus
824 2471 1044 2520 humore.
1069 2475 1231 2531 Quum
1254 2490 1368 2537 ergo
1393 2484 1589 2538 epotum
1612 2474 1777 2520 vinum
1801 2474 1849 2520 in
1876 2483 1971 2520 tam
1996 2473 2180 2538 largum
2199 2474 2420 2521 ceciderit

297 2550 554 2599 humorem
570 2587 582 2611 ,
610 2552 708 2598 vim
732 2568 866 2599 suam
889 2552 1047 2618 perdit
1062 2589 1074 2612 ,
1105 2569 1195 2600 nec
1217 2552 1350 2599 facile
1374 2553 1556 2600 cerebri
1578 2553 1738 2600 sedem
1761 2553 1892 2612 serit,
1920 2553 2197 2601 fortitudine
2217 2555 2317 2617 ejus
2337 2571 2421 2601 ex—

298 2632 461 2679 tincta.
490 2650 512 2675 »
547 2634 666 2678 Item
697 2649 707 2677 :
749 2651 772 2676 «
794 2631 1022 2679 Muliebre
1045 2649 1221 2698 corpus
1251 2632 1429 2680 crebris
1461 2633 1823 2698 purgationibus
1854 2633 2138 2698 depuratum
2156 2669 2167 2691 ,
2209 2633 2423 2700 pluribus

299 2721 573 2760 consertum
599 2711 938 2772 foraminibus,
979 2722 1030 2759 ut
1055 2722 1213 2777 pateat
1243 2713 1290 2759 in
1325 2723 1534 2772 meatus,
1567 2723 1614 2760 et
1643 2714 1739 2760 vias
1770 2712 1976 2777 praebeat
2011 2713 2203 2760 humori
2234 2715 2280 2760 in
2317 2731 2420 2779 ege·

300 2793 464 2840 stionis
487 2792 663 2839 exitum
692 2792 969 2840 confluenti.
1004 2795 1093 2839 Per
1110 2792 1211 2839 haec
1230 2793 1462 2840 foramina
1483 2810 1636 2858 vapor
1652 2794 1750 2839 vini
1769 2793 1982 2841 celeriter
2003 2795 2251 2841 evanescit.
2274 2814 2294 2838 υ
2318 2798 2424 2853 Qua

298 2873 441 2937 igitur
465 2872 647 2921 ratione
674 2872 725 2919 id
747 2872 995 2920 monachis
1021 2872 1321 2937 indulgetur,
1345 2874 1476 2938 quod
1505 2873 1755 2939 infirmiori
1773 2874 1904 2921 sexui
1923 2874 2216 2939 denegatur?
2235 2866 2422 2933 Quanta

302 2963 372 3001 est
386 2953 568 3000 insania
584 2952 633 3000 id
659 2953 725 3000 eis
744 2953 1008 3017 concedere
1025 2989 1037 3013 ,
1060 2953 1234 3018 quibus
1256 2954 1459 3019 amplius
1477 2964 1634 3020 potest
1659 2971 1833 3001 nocere
1849 2991 1861 3014 ,
1891 2965 1938 3002 et
1956 2955 2057 3002 aliis
2074 2957 2276 3020 negare?
2294 2958 2421 3014 Quid

298 3033 506 3099 denique
521 3034 732 3093 stultius,
754 3033 801 3080 id
820 3034 953 3098 quod
973 3033 1188 3098 religioni
1209 3035 1355 3099 magis
1375 3044 1443 3082 est
1463 3036 1781 3093 contrarium,
1805 3045 1851 3082 et
1870 3051 1898 3081 a
1916 3038 2018 3082 Deo
2038 3036 2298 3100 plurimum
2317 3037 2425 3084 facit

298 3123 591 3180 apostatare,
630 3113 908 3178 religionem
939 3129 1038 3160 non
1073 3113 1369 3162 abhorrere?
1399 3114 1527 3172 Quid
1555 3115 1908 3179 impudentius,
1937 3131 2081 3179 quam
2109 3115 2159 3162 id
2190 3116 2321 3180 quod
2352 3133 2424 3163 re-

300 3193 436 3258 gibus
468 3209 661 3258 quoque
687 3203 734 3241 et
758 3192 1085 3240 sacerdotibus
1117 3194 1235 3258 legis
1258 3194 1553 3242 interdicitur
1579 3198 1618 3252 ⁵,
1651 3194 1916 3242 christianae
1946 3195 2246 3259 perfectionis
2283 3196 2425 3244 absti-

302 3274 514 3321 nentiam
536 3290 638 3321 ,non
665 3273 848 3321 vitare?
880 3273 979 3320 imo
1008 3274 1056 3319 iu
1086 3273 1180 3321 hoc
1193 3275 1400 3321 maxime
1420 3274 1677 3322 delectari?
1706 3274 1824 3331 Quis
1843 3290 2050 3338 namque
2074 3276 2260 3340 ignoret
2282 3293 2428 3340 quau-

351 3476 362 3494 ¹
385 3476 422 3509 ln
447 3476 523 3509 Vitis
545 3476 702 3515 Puerum,
723 3487 758 3519 p.
788 3477 918 3509 57o.—
932 3475 943 3492 ²
960 3475 1089 3519 Regni..
1115 3487 1190 3522 cap.
1215 3487 1301 3511 nvn.
1323 3496 1362 3502 —-
1381 3477 1394 3496 ⁸
1410 3478 1516 3521 Epist.
1542 3488 1637 3517 nui,
1659 3485 1687 3511 t.
1714 3477 1770 3519 tv,
1795 3477 1859 3511 col.
1883 3478 1939 3510 ³0.
1955 3495 1992 3502 ·-
2011 3477 2024 3494 ⁴
2041 3478 2122 3522 Cap.
2139 3489 2183 3511 vi.
2198 3494 2239 3502 -—
2260 3478 2430 3516 neniae„

309 3545 383 3578 cap.
401 3546 420 3567 x
433 3560 442 3576 ,
458 3546 485 3567 v.
509 3536 542 3568 9.
555 3552 578 3559 —
591 3536 706 3574 Prov..
723 3544 796 3578 cap;
816 3546 894 3568 xxxi
906 3561 914 3576 ,
931 3547 958 3567 v.
979 3536 1010 3568 ὁ.
