2970 4152
1149 498 1732 592 MAGISTRI

555 712 1139 851 PETRI
1270 706 2321 853 ABAELARDI

1219 968 1665 1047 CARMINA.

1328 1179 1539 1188 -——....—

805 1347 1447 1441 SEQUENTIAE
1514 1347 1638 1427 ET
1703 1347 2076 1429 HYMNI

1129 1515 1211 1548 psa
1233 1514 1378 1548 Torum
1401 1513 1501 1547 ANNI
1523 1503 1741 1548 ciacuLuM

1365 1638 1397 1662 ΙΝ
1421 1638 1504 1663 118οὶ1

906 1745 1162 1790 VIRGINUM
1191 1745 1510 1790 MONASTERII
1537 1747 1950 1791 PARACLITENSIS.

418 2139 464 2178 ln
479 2148 528 2177 ea
543 2136 596 2178 ad
612 2135 839 2178 Heloissam
853 2134 1039 2190 epistola,
1053 2147 1175 2190 quam
1191 2135 1308 2191 quasi
1324 2135 1604 2191 praefationem
1625 2137 1870 2178 Sermonum
1890 2136 1996 2178 libro
2012 2135 2201 2178 adhibuit
2218 2138 2246 2186 ¹,
2264 2137 2500 2180 Abaelardus

363 2218 442 2248 nos
471 2205 595 2248 docet
616 2205 836 2260 quemdam
864 2217 890 2246 8
914 2217 980 2255 88,
1004 2210 1050 2246 ut
1068 2205 1262 2260 precihus
1288 2205 1477 2260 conjugis
1506 2205 1833 2260 obtemperaret,
1855 2206 2130 2261 compositum
2165 2205 2290 2248 fuisse
2317 2207 2498 2249 libellum

363 2276 618 2329 Hymnorum
637 2275 704 2317 vel
727 2274 1039 2330 Sequentiarum
1059 2286 1162 2329 quas
1175 2274 1361 2316 Heloissa
1375 2275 1419 2315 in
1437 2274 1638 2315 Paraclito
1658 2274 1871 2316 recineret.
1888 2274 1982 2316 Illas
1999 2280 2151 2325 autem,
2163 2274 2214 2317 de
2228 2274 2378 2330 quibus
2391 2277 2496 2330 apud

363 2345 583 2388 Henricum
610 2343 919 2387 Gandavensem
949 2342 1105 2385 mentio
1131 2342 1176 2385 fit
1187 2343 1215 2396 ²,
1245 2355 1371 2398 quum
1402 2343 1447 2385 in
1477 2342 1670 2385 manibus
1699 2343 1910 2385 habuisset
1938 2345 2083 2385 Franc.
2122 2344 2388 2397 Amboesius,
2415 2357 2497 2386 non

363 2417 523 2466 tamen,
553 2410 666 2468 quod
694 2412 842 2454 mirum
862 2417 945 2464 est,
980 2411 1026 2453 in
1058 2410 1192 2453 lucem
1223 2411 1374 2463 edidit,
1409 2411 1597 2466 quamvis
1629 2423 1715 2452 non
1747 2410 1939 2464 indignas
1968 2418 2135 2453 auctore
2162 2424 2238 2453 suo
2265 2413 2495 2455 aestimaret.

362 2479 546 2521 Declarat
569 2480 703 2533 enim,
729 2491 864 2533 neque
884 2479 1116 2528 immerito,
1141 2497 1159 2515 «
1176 2491 1368 2532 magnam
1394 2479 1438 2519 in
1468 2479 1529 2520 eis
1552 2478 1765 2520 catholicae
1792 2479 1954 2533 pietatis
1984 2479 2116 2520 lucem
2145 2492 2217 2521 seu
2245 2481 2398 2534 legenti
2427 2495 2496 2524 seu

362 2547 524 2589 canenti
541 2546 733 2601 effulgere
748 2547 777 2589 ⁸.
798 2565 816 2582 η
839 2548 970 2597 Quam
987 2546 1042 2588 ob
1055 2558 1223 2589 causam
1245 2558 1315 2588 eas
1333 2546 1584 2600 neglexerit,
1602 2547 1822 2588 nescimus.
1848 2548 2062 2601 Utcunque
2080 2552 2170 2599 est,
2193 2561 2283 2602 quae
2308 2549 2350 2589 in
2375 2549 2495 2590 Abae—

362 2615 466 2658 lardi
486 2615 738 2658 carminibus
772 2615 864 2658 laus
890 2615 1065 2668 inesset,
1097 2627 1218 2656 nemo
1249 2620 1408 2669 poterat
1432 2614 1639 2668 judicare,
1665 2615 1744 2656 nisi
1771 2627 1794 2657 e
1822 2614 1987 2657 duobus
2019 2615 2081 2657 vel
2112 2616 2241 2658 tribus
2263 2619 2493 2672 opusculis,

362 2696 487 2738 quum
506 2683 746 2726 doctissimo
764 2683 855 2725 viro
868 2682 1060 2733 Oehlero,
1079 2683 1124 2724 in
1142 2682 1391 2724 bruxellensi
1416 2682 1670 2725 Bibliotheca
1687 2683 1875 2738 quaedam
1900 2684 2147 2739 inquirenti,
2169 2686 2346 2726 occurrit
2364 2687 2496 2728 codex

361 2749 502 2794 formae
524 2752 696 2794 minoris
719 2785 729 2803 ,
760 2757 802 2793 et
837 2751 890 2793 ad
921 2750 1045 2792 finem
1076 2763 1134 2793 xn
1163 2751 1301 2793 saeculi
1331 2750 1592 2805 referendus,
1624 2753 1687 2794 cui
1719 2752 1858 2794 titulus
1892 2767 1901 2794 :
1939 2753 2035 2794 Vita
2063 2753 2213 2795 Pilati.
2255 2754 2415 2803 Cicero,
2448 2757 2498 2796 de

359 2821 571 2863 Amicitia.
591 2827 680 2863 1111ο
706 2833 787 2863 sec.
804 2821 831 2862 ⁴.
860 2819 1027 2863 Librum
1051 2825 1187 2861 autem
1213 2819 1412 2862 Oehlerus
1437 2832 1564 2875 quum
1582 2819 1819 2874 diligentius
1844 2821 2176 2875 recognovisset,
2194 2820 2326 2863 factus
2349 2823 2499 2865 certior

360 2888 403 2929 in
421 2900 470 2930 8ο
488 2887 603 2943 plura
618 2888 820 2930 contineri
839 2900 962 2944 quam
985 2900 1009 2930 8
1030 2887 1145 2929 titulo
1164 2887 1257 2942 ipso
1276 2888 1525 2942 sperandum
1540 2894 1671 2937 esset,
1688 2894 1728 2931 et
1740 2889 1848 2931 inter
1862 2895 2007 2932 caetera
2033 2891 2231 2945 opuscula
2255 2891 2390 2932 inesse
2417 2897 2499 2932 tres

358 2960 401 2997 et
417 2955 642 3010 nonaginta
660 2957 895 3012 sequentias
909 2955 1133 3008 Abaelardi,
1160 2961 1284 3011 atque
1308 2957 1475 3011 insuper
1493 2956 1661 2999 alterius
1685 2957 1828 3012 hymni
1846 2958 2031 3010 initium,
2053 2971 2140 3000 rem
2165 2959 2359 3001 omnibus
2387 2972 2497 3001 nun-

358 3023 459 3066 tiare
479 3023 737 3079 properavit3
754 3024 828 3067 sed
847 3030 980 3066 morte
998 3025 1249 3079 interceptus
1267 3030 1343 3075 est,
1364 3025 1601 3080 priusquam
1621 3037 1727 3080 opus
1742 3025 1998 3068 absolvisset.
2022 3026 2149 3069 Primi
2170 3027 2294 3081 igitur
2312 3029 2496 3082 Hymnos

358 3092 581 3146 Abaelardi,
605 3093 641 3135 si
668 3098 764 3135 octo
790 3093 950 3149 priores
979 3093 1184 3148 excipias,
1216 3093 1260 3135 in
1290 3093 1424 3136 lucem
1444 3093 1692 3149 proferimus
1711 3107 1764 3136 ex
1787 3095 2099 3137 accuratissimo
2123 3096 2363 3151 apographo
2383 3097 2494 3151 quod

356 3161 588 3206 confecerat
611 3161 811 3205 Oehlerus
824 3194 835 3215 ‚
855 3163 1048 3218 quodque
1067 3162 1120 3205 ab
1139 3163 1211 3205 illo
1230 3170 1414 3219 emptum
1434 3162 1648 3206 habemus.
1665 3164 1795 3219 Hujus
1816 3170 1952 3206 autem
1972 3164 2098 3207 veluti
2123 3165 2345 3220 imaginem
2373 3177 2493 3220 quam

400 3328 411 3346 ¹
436 3328 520 3364 Vide
542 3329 637 3364 infra.
665 3347 705 3354 -
729 3329 743 3348 ⁸
772 3343 787 3360 ιι
809 3330 923 3365 Petrus
950 3329 1141 3365 dialecticus
1171 3337 1390 3376 cognomento
1450 3329 1643 3375 Hamburg„
1661 3332 1744 3364 1718
1760 3355 1770 3371 ,
1792 3330 1907 3366 in-fol.
1925 3349 1965 3356 —
1980 3331 1994 3350 ⁸
2009 3330 2092 3366 Vide
2114 3331 2243 3366 Praerat.
2267 3332 2431 3376 apologet.
2450 3349 2493 3357 —

354 3384 605 3420 Abailardus....
620 3387 806 3431 composuit
823 3387 963 3422 metrico
978 3388 1064 3431 stylo
1079 3387 1218 3432 hymnos
1232 3412 1241 3428 ,
1260 3388 1292 3421 in
1315 3398 1392 3422 mo·-
1452 3386 1467 3406 ⁴
1481 3387 1580 3431 Cujus
1589 3388 1615 3421 si
1626 3387 1793 3422 historiam
1806 3394 1840 3421 et
1853 3387 2109 3433 descriptionem
2124 3389 2317 3433 ampliorem
2331 3389 2491 3433 requiras,

355 3441 496 3476 nasterio
507 3441 597 3487 quod
609 3449 744 3478 vocatur
757 3443 940 3478 Paraclitus
953 3443 1188 3478 decantandos.
1199 3457 1215 3475 ι
1233 3444 1393 3478 Hem-icus
1453 3444 1528 3479 vide
1545 3445 1690 3487 Gomptes
1711 3447 1830 3479 rendus
1845 3447 1886 3480 de
1901 3447 1936 3480 la
1953 3447 2080 3481 Socim
2093 3446 2259 3481 d'histoire
2272 3448 2312 3480 de
2326 3446 2489 3490 Belqique.

355 3495 518 3541 Gandav„
531 3500 571 3533 de
586 3498 707 3542 Sci-ipe.
726 3501 857 3541 eccles„
871 3511 927 3545 ap.
939 3500 1078 3536 Fabricii
1091 3500 1246 3536 Btbttoeh.
1263 3503 1394 3542 eccles„
1455 3500 1569 3542 Bmx„
1587 3501 1665 3534 18⁴¹
1675 3525 1685 3543 ,
1702 3501 1808 3535 in-80.
