2970 4152
1301 619 1731 688 EPISTOLA
1791 621 1886 704 11,

1014 797 1113 836 QtJAE
1145 798 1222 830 Es'r
1256 799 1481 832 HELOISSAE
1514 800 1571 830 AD
1602 799 1784 831 PETRUM
1818 797 2174 831 nEPRECA‘roluA.

1408 954 1770 1002 ARGUMENTUM.

527 1077 645 1120 Quum
662 1077 819 1112 Heloissa
835 1078 1015 1124 quondam
1031 1078 1206 1114 Ahaelardi
1223 1078 1355 1122 amica,
1374 1087 1495 1127 postea
1510 1091 1613 1122 uxor,
1634 1090 1676 1113 ac
1693 1078 1836 1114 tandem
1860 1080 2072 1113 monasterio
2099 1077 2345 1126 paracletensi,
2371 1074 2469 1122 quod
2487 1075 2560 1122 ipse
2582 1074 2649 1109 sibi

573 1129 827 1177 discipulorum
857 1132 1005 1166 fortunis
1020 1144 1041 1166 a
1056 1131 1292 1167 fundamentis
1316 1131 1503 1175 eduxerat,
1522 1133 1566 1167 ab
1586 1143 1628 1165 eo
1646 1131 1829 1178 praefecta,
1847 1131 2030 1178 epistolam
2046 1132 2120 1178 ejus
2142 1130 2190 1165 ad
2207 1130 2360 1165 amicum
2378 1128 2512 1175 legisset
2531 1140 2539 1163 ε
2558 1127 2649 1163 hanc

571 1183 616 1218 ad
632 1196 713 1218 eum
730 1184 868 1228 scribit,
889 1197 992 1220 orans
1010 1193 1048 1219 ut
1066 1184 1110 1220 de
1127 1185 1196 1219 suis
1214 1184 1378 1231 periculis
1398 1186 1451 1220 vel
1467 1184 1675 1219 liberatione
1691 1183 1738 1219 ad
1756 1197 1791 1218 se
1806 1184 1992 1227 rescribat,
2012 1196 2084 1230 quo
2106 1183 2161 1218 vel
2187 1184 2299 1218 luctus
2313 1209 2322 1226 ‚
2352 1182 2409 1217 vel
2430 1179 2552 1228 gaudii
2576 1181 2649 1227 eJus

570 1237 743 1285 particeps
759 1237 944 1272 efficiatur.
958 1239 1165 1285 Expostulat
1181 1238 1285 1272 etiam
1298 1238 1396 1283 quod
1415 1238 1462 1273 ad
1477 1251 1512 1273 se
1527 1246 1607 1286 post
1624 1237 1853 1272 monasticam
1866 1237 2118 1284 professionem
2133 1235 2206 1270 non
2222 1235 2411 1283 scripserit,
2422 1245 2533 1280 quum
2548 1241 2651 1268 antea

571 1291 688 1337 plures
704 1291 889 1326 amatorias
907 1292 1057 1326 mitteret
1076 1292 1220 1327 litteras.
1238 1291 1348 1326 Suum
1373 1292 1524 1339 denique
1550 1304 1631 1339 erga
1649 1292 1750 1326 illum
1767 1301 1843 1326 tum
1869 1291 2037 1339 praeteriti
2059 1290 2225 1337 temporis
2249 1299 2389 1338 turpem
2416 1296 2450 1323 et
2474 1288 2648 1323 carnalem

571 1357 726 1379 amorem
737 1370 747 1388 ,
765 1354 838 1379 tum
857 1346 1035 1392 praesentis
1061 1354 1195 1380 castum
1217 1353 1251 1380 et
1276 1345 1492 1392 spiritualem
1511 1346 1657 1393 exponit
1681 1358 1721 1380 ac
1747 1346 1870 1380 acerbe
1891 1345 2049 1391 queritur
2064 1358 2098 1380 se
2115 1345 2160 1379 ab
2176 1345 2237 1379 illo
2254 1357 2350 1391 aeque
2368 1355 2442 1378 non
2459 1341 2646 1377 redamari.

570 1399 630 1432 Est
655 1407 771 1433 autem
793 1399 939 1445 epistola
961 1399 1078 1434 multis
1093 1399 1276 1433 affectibus
1293 1408 1326 1433 et
1342 1401 1495 1446 querulis
1513 1400 1712 1447 planctibus
1727 1411 1824 1434 more
1844 1399 1996 1434 femineo
2021 1398 2153 1433 affatim
2171 1398 2276 1444 plena
2295 1410 2302 1432 :
2321 1397 2382 1432 ubi
2400 1404 2522 1443 pectus
2549 1394 2647 1429 femi-

572 1464 676 1485 neum
700 1453 807 1487 multa
824 1452 1022 1487 eruditione
1037 1452 1231 1487 exuberans
1247 1452 1375 1488 intueri
1391 1454 1503 1489 liceat.

582 1578 753 1616 Domino
774 1590 868 1624 suo,
892 1581 971 1618 imo
985 1582 1121 1629 patri,
1143 1580 1305 1629 conjuqi
1323 1590 1417 1624 suo,
1439 1581 1521 1617 imo
1530 1577 1688 1628 fratri3
1712 1578 1867 1618 ancilla
1883 1589 1980 1623 sua,
2004 1580 2084 1616 imo
2094 1578 2210 1627 filiag
2233 1577 2361 1627 ipsius
2379 1586 2502 1620 umor,
2524 1575 2604 1612 imo

1299 1658 1431 1693 sor0r;
1455 1645 1666 1686 Abaelardo
1684 1647 1882 1686 Heloissa.

592 1754 783 1799 Missam
809 1753 870 1799 ad
899 1754 1104 1800 amicum
1128 1770 1217 1817 pro
1245 1753 1572 1801 consolatione
1600 1753 1875 1818 epistolam,
1900 1753 2226 1812 dilectissime,
2257 1762 2459 1799 vestram
2485 1748 2546 1799 ad
2571 1768 2648 1799 me

526 1832 644 1878 forte
664 1832 860 1896 quidam
886 1850 1041 1897 nuper
1066 1833 1234 1880 attulit.
1265 1836 1422 1891 Quam
1441 1850 1498 1881 ex
1517 1835 1618 1899 ipsa
1642 1835 1798 1880 statim
1814 1834 1937 1881 tituli
1965 1834 2118 1880 fronte
2139 1843 2342 1880 vestram
2366 1849 2467 1880 esse
2493 1832 2646 1879 consi—

525 1912 718 1960 derans¹
738 1950 750 1972 ,
786 1924 918 1961 tanto
954 1913 1196 1961 ardentius
1232 1931 1337 1961 eam
1372 1915 1494 1979 coepi
1523 1914 1677 1978 legere
1695 1950 1707 1974 ,
1741 1925 1922 1979 quanto
1952 1914 2232 1979 scriptorem
2264 1914 2422 1978 ipsum
2455 1913 2677 1960 charius*

531 1993 808 2056 amplector,
842 2005 893 2040 ut
917 1995 1051 2057 cujus
1079 2011 1182 2041 rem
1206 1994 1419 2059 perdidi,
1448 1994 1603 2041 verbis
1629 1995 1794 2042 saltem
1820 2005 2047 2058 tanquam
2073 1994 2173 2057 ejus
2198 1993 2413 2058 quadam
2439 1993 2666 2061 imagine*

528 2089 726 2120 recreer.
752 2077 914 2134 Erant,
934 2075 1153 2134 memini,
1173 2074 1315 2138 hujus
1331 2075 1539 2140 epistolae
1557 2075 1724 2122 verba²
1741 2075 1837 2122 fere
1856 2075 2019 2121 omnia
2037 2074 2142 2122 felle
2162 2085 2207 2121 et
2226 2074 2462 2122 absinthio
2482 2074 2639 2139 plena,

527 2169 631 2216 quae
665 2153 842 2200 scilicet
872 2164 1045 2202 nostrae
1069 2156 1394 2202 conversionis
1419 2155 1735 2203 miserabilem
1754 2155 2026 2212 historiam,
2055 2165 2101 2203 et
2126 2165 2260 2215 tuas,
2291 2156 2446 2214 unice,
2476 2169 2646 2202 cruces

525 2233 734 2280 assiduas
758 2234 1039 2281 referebant.
1064 2234 1320 2299 Complesti
1337 2252 1500 2283 revera
1517 2237 1567 2282 in
1593 2235 1789 2300 epistola
1814 2236 1892 2283 illa
1916 2235 2050 2300 quod
2069 2236 2118 2282 in
2142 2235 2338 2283 exordio
2361 2236 2462 2298 ejus
2487 2235 2642 2282 amico

525 2315 811 2377 promisisti,
842 2324 893 2360 ut
918 2314 1134 2361 videlicet
1153 2316 1200 2361 in
1226 2316 1583 2380 comparatione
1604 2326 1792 2363 tuarum
1818 2332 1925 2363 suas
1944 2316 2183 2363 molestias
2208 2315 2360 2362 nullas
2379 2314 2454 2362 vel
2471 2313 2644 2380 ‘parvas

526 2404 763 2458 reputaret
778 2396 806 2440 ³.
830 2394 921 2440 Ubi
938 2394 1132 2458 quidem
1151 2396 1372 2460 expositis
1387 2396 1517 2460 prius
1529 2396 1859 2459 magistrorum
1881 2406 2075 2443 tuorum
2088 2397 2136 2442 in
2154 2406 2199 2442 te
2215 2395 2639 2461 persecutionibus,

525 2473 699 2520 deinde
719 2474 766 2519 in
787 2490 961 2539 corpus
981 2484 1116 2520 tuum
1135 2491 1332 2521 summae
1352 2474 1634 2540 proditionis
1650 2476 1663 2499 ⁴
1682 2476 1853 2539 injuria
1873 2511 1884 2534 ,
1907 2477 1969 2524 ad
1993 2474 2432 2540 condiscipulorum
2450 2490 2642 2539 quoque

525 2563 741 2611 tuorum,
774 2552 974 2600 Alberici
993 2553 1210 2600 videlicet
1235 2553 1511 2601 Rhemensis
1530 2564 1576 2601 et
1595 2554 1768 2602 Lotulfi
1783 2554 2040 2601 Lombardi
2058 2553 2367 2602 execrabilem
2392 2554 2637 2613 invidiam,

526 2644 570 2680 et
595 2634 943 2681 infestationem
972 2635 1165 2682 nimiam
1190 2634 1362 2698 stylum
1389 2635 1643 2689 contulisti.
1667 2638 1886 2693 Quorum
1909 2635 2104 2700 quidem
2130 2635 2507 2699 suggestionibus
2525 2635 2643 2699 quid

525 2713 583 2758 de
610 2713 817 2775 glorioso
832 2716 845 2738 ⁸
867 2713 948 2760 illo
968 2713 1218 2777 theologiae
1246 2724 1334 2760 tuae
1359 2731 1531 2779 opere,
1562 2715 1678 2778 quid
1697 2715 1757 2762 de
1782 2725 1828 2762 te
1852 2716 1956 2780 ipso
1976 2715 2110 2779 quasi
2130 2716 2176 2761 in
2203 2731 2391 2761 carcere
2415 2713 2644 2761 damnato

523 2802 679 2839 actum
704 2795 762 2840 sit
787 2811 884 2843 non
916 2795 1266 2860 praetermisisti.
1304 2794 1421 2842 Inde
1448 2795 1510 2842 ad
1527 2795 1709 2842 abbatis
1737 2797 1806 2842 tui
1831 2796 2122 2860 fratrumque
2149 2795 2374 2843 falsorum
2401 2795 2642 2855 machina-

526 2874 704 2921 tionem
731 2876 997 2935 accessisti,
1021 2886 1067 2923 et
1091 2876 1409 2923 detractiones
1435 2875 1535 2923 illas
1560 2876 1645 2923 tibi
1670 2877 1963 2940 gravissimas
1982 2876 2190 2924 duorum
2217 2877 2407 2924 illorum
2434 2875 2643 2942 pseudo-

525 2955 850 3017 apostolorum
875 2973 900 3003 a
927 2955 1163 3021 praedictis
1186 2955 1365 3002 aemulis
1389 2957 1437 3002 in
1465 2966 1510 3003 te
1535 2966 1822 3015 commotas,
1850 2967 1992 3022 atque
2017 2957 2077 3004 ad
2102 2957 2380 3006 scandalum
2404 2956 2644 3021 plerisque

525 3035 773 3083 subortum
793 3037 853 3084 de
873 3039 1068 3084 nomine
1084 3037 1309 3085 Paracleti
1325 3038 1534 3084 oratorio
1554 3048 1723 3103 praeter
1740 3038 2136 3086 consuetudinem
2155 3040 2378 3104 imposito
2399 3057 2409 3084 :
2434 3031 2645 3102 denique

524 3115 585 3162 ad
602 3117 920 3165 intolerabiles
935 3118 1037 3165 illas
1057 3129 1104 3165 et
1119 3118 1277 3165 adhuc
1301 3119 1552 3181 continuas
1577 3119 1624 3166 in
1650 3130 1695 3166 te
1714 3119 2103 3184 persecutiones⁶,
2132 3118 2445 3166 crudelissimi
2467 3118 2644 3165 scilicet

524 3196 647 3242 illius
679 3199 935 3256 exactoris,
970 3208 1016 3245 et
1045 3199 1384 3263 pessimorum,
1419 3215 1540 3263 quos
1570 3198 1691 3246 filios
1722 3200 1964 3259 nominas,
1995 3199 2344 3247 monachorum
2375 3193 2638 3264 profectus,

527 3277 839 3324 miserabilem
862 3278 1106 3325 historiam
1131 3280 1488 3327 consummasti.
1520 3282 1635 3336 Quae
1660 3296 1769 3327 cum
1795 3281 1929 3327 siccis
1955 3281 2105 3328 oculis
2125 3280 2367 3327 neminem
2386 3279 2465 3327 vel
2490 3279 2643 3343 legere

569 3422 576 3438 ¹
605 3423 727 3455 Mecum
743 3432 893 3465 reputans
909 3423 1004 3458 RMS.
1023 3444 1060 3448 —
1077 3425 1088 3441 ²
1108 3425 1161 3459 Sic
1178 3404 1417 3475 nQ—Verba
1442 3426 1559 3458 desunt
1607 3427 1619 3442 ⁵
1637 3427 1766 3460 Eximio
1786 3425 1881 3459 RMS.
1899 3443 1944 3452 -
1958 3428 1971 3444 ⁶
1989 3427 2041 3460 Sic
2060 3410 2190 3470 ABG-{s
2205 3428 2377 3461 Continuus
2399 3430 2471 3460 vieae
2489 3407 2661 3468 perseo-122u

522 3482 552 3513 in
575 3480 658 3514 Edd.
686 3501 724 3505 -
749 3482 761 3499 ³
786 3482 997 3516 Existimant
1017 3483 1109 3516 RMS.
1144 3504 1174 3507 w
1195 3484 1207 3500 ⁴
1230 3486 1378 3523 Perfidioe
1406 3484 1498 3517 RMS.
1515 3502 1558 3507 —
1605 3488 1704 3517 tiones
1720 3483 1805 3517 Edit.
1824 3485 1919 3518 Amb.
