<?xml version="1.0" encoding="UTF-8"?>
<!DOCTYPE html PUBLIC "-//W3C//DTD XHTML 1.0 Transitional//EN"
    "http://www.w3.org/TR/xhtml1/DTD/xhtml1-transitional.dtd">
<html xmlns="http://www.w3.org/1999/xhtml" xml:lang="en" lang="en">
 <head>
  <title>
</title>
<meta http-equiv="Content-Type" content="text/html;charset=utf-8" />
  <meta name='ocr-system' content='tesseract 3.04.00' />
  <meta name='ocr-capabilities' content='ocr_page ocr_carea ocr_par ocr_line ocrx_word'/>
</head>
<body>
  <div class='ocr_page' id='page_1' title='image "./operahactenusseo01abeluoft_0040.png"; bbox 0 0 2970 4152; ppageno 0'>
   <div class='ocr_carea' id='block_1_1' title="bbox 533 388 2060 443">
    <p class='ocr_par' dir='ltr' id='par_1_1' title="bbox 533 388 2060 443">
     <span class='ocr_line' id='line_1_1' title="bbox 533 388 2060 443; baseline 0.007 -10"><span class='ocrx_word' id='word_1_1' title='bbox 533 388 594 434; x_wconf 81' lang='lat'><strong>28</strong></span> <span class='ocrx_word' id='word_1_2' title='bbox 1105 389 1271 436; x_wconf 88' lang='lat' dir='ltr'>PETRI</span> <span class='ocrx_word' id='word_1_3' title='bbox 1308 391 1619 441; x_wconf 87' lang='lat' dir='ltr'><strong>ABAELARDI</strong></span> <span class='ocrx_word' id='word_1_4' title='bbox 1654 395 1727 441; x_wconf 90' lang='lat' dir='ltr'><strong>ET</strong></span> <span class='ocrx_word' id='word_1_5' title='bbox 1759 395 2060 443; x_wconf 87' lang='lat' dir='ltr'><strong>HELOlSSAE</strong></span> 
     </span>
    </p>
   </div>
   <div class='ocr_carea' id='block_1_2' title="bbox 519 480 2634 1354">
    <p class='ocr_par' dir='ltr' id='par_1_2' title="bbox 519 480 2634 1354">
     <span class='ocr_line' id='line_1_2' title="bbox 532 480 2634 553; baseline 0.006 -26"><span class='ocrx_word' id='word_1_6' title='bbox 532 480 822 541; x_wconf 90' lang='lat' dir='ltr'><strong>dedicanda,</strong></span> <span class='ocrx_word' id='word_1_7' title='bbox 868 482 999 546; x_wconf 89' lang='lat' dir='ltr'><strong>quod</strong></span> <span class='ocrx_word' id='word_1_8' title='bbox 1038 482 1137 545; x_wconf 86' lang='lat' dir='ltr'><strong>ejus</strong></span> <span class='ocrx_word' id='word_1_9' title='bbox 1179 483 1373 547; x_wconf 83' lang='lat' dir='ltr'>aliquod</span> <span class='ocrx_word' id='word_1_10' title='bbox 1411 485 1606 533; x_wconf 88' lang='lat' dir='ltr'><strong>festum¹</strong></span> <span class='ocrx_word' id='word_1_11' title='bbox 1636 504 1734 533; x_wconf 92' lang='lat' dir='ltr'><strong>non</strong></span> <span class='ocrx_word' id='word_1_12' title='bbox 1772 489 1953 547; x_wconf 81' lang='lat' dir='ltr'><strong>existit,</strong></span> <span class='ocrx_word' id='word_1_13' title='bbox 1989 488 2121 552; x_wconf 92' lang='lat' dir='ltr'><strong>quod</strong></span> <span class='ocrx_word' id='word_1_14' title='bbox 2152 489 2402 553; x_wconf 81' lang='lat' dir='ltr'><strong>specialem</strong></span> <span class='ocrx_word' id='word_1_15' title='bbox 2439 491 2482 538; x_wconf 90' lang='lat' dir='ltr'><strong>ei</strong></span> <span class='ocrx_word' id='word_1_16' title='bbox 2515 492 2634 540; x_wconf 89' lang='lat' dir='ltr'><strong>sole-</strong></span> 
     </span>
     <span class='ocr_line' id='line_1_3' title="bbox 531 561 2633 635; baseline 0.005 -28"><span class='ocrx_word' id='word_1_17' title='bbox 531 562 775 608; x_wconf 87' lang='lat' dir='ltr'><strong>mnitatem</strong></span> <span class='ocrx_word' id='word_1_18' title='bbox 799 562 987 608; x_wconf 88' lang='lat' dir='ltr'><strong>tribuat.</strong></span> <span class='ocrx_word' id='word_1_19' title='bbox 1018 561 1110 607; x_wconf 92' lang='lat' dir='ltr'><strong>Sed</strong></span> <span class='ocrx_word' id='word_1_20' title='bbox 1134 562 1233 609; x_wconf 87' lang='lat' dir='ltr'><strong>haec</strong></span> <span class='ocrx_word' id='word_1_21' title='bbox 1256 564 1470 632; x_wconf 89' lang='lat' dir='ltr'><strong>profecto</strong></span> <span class='ocrx_word' id='word_1_22' title='bbox 1503 567 1621 613; x_wconf 86' lang='lat' dir='ltr'><strong>ratio</strong></span> <span class='ocrx_word' id='word_1_23' title='bbox 1655 567 1744 631; x_wconf 88' lang='lat' dir='ltr'><strong>ipsi</strong></span> <span class='ocrx_word' id='word_1_24' title='bbox 1780 568 1874 614; x_wconf 91' lang='lat' dir='ltr'><strong>hoc</strong></span> <span class='ocrx_word' id='word_1_25' title='bbox 1906 568 2119 614; x_wconf 88' lang='lat' dir='ltr'><strong>Trinitati</strong></span> <span class='ocrx_word' id='word_1_26' title='bbox 2149 569 2322 628; x_wconf 85' lang='lat' dir='ltr'><strong>aufert,</strong></span> <span class='ocrx_word' id='word_1_27' title='bbox 2339 576 2408 617; x_wconf 68' lang='lat' dir='ltr'><strong>*et</strong></span> <span class='ocrx_word' id='word_1_28' title='bbox 2441 572 2633 635; x_wconf 88' lang='lat' dir='ltr'><strong>Spiritui</strong></span> 
     </span>
     <span class='ocr_line' id='line_1_4' title="bbox 530 640 2634 714; baseline 0.005 -28"><span class='ocrx_word' id='word_1_29' title='bbox 530 651 691 687; x_wconf 89' lang='lat' dir='ltr'><strong>sancto</strong></span> <span class='ocrx_word' id='word_1_30' title='bbox 720 658 817 687; x_wconf 92' lang='lat' dir='ltr'><strong>non</strong></span> <span class='ocrx_word' id='word_1_31' title='bbox 837 640 1008 700; x_wconf 79' lang='lat' dir='ltr'><strong>aufert,</strong></span> <span class='ocrx_word' id='word_1_32' title='bbox 1032 658 1181 704; x_wconf 90' lang='lat' dir='ltr'><strong>quum</strong></span> <span class='ocrx_word' id='word_1_33' title='bbox 1211 643 1311 706; x_wconf 92' lang='lat' dir='ltr'><strong>ipse</strong></span> <span class='ocrx_word' id='word_1_34' title='bbox 1341 660 1533 708; x_wconf 90' lang='lat' dir='ltr'><strong>quoque</strong></span> <span class='ocrx_word' id='word_1_35' title='bbox 1557 647 1755 710; x_wconf 83' lang='lat' dir='ltr'><strong>Spiritus</strong></span> <span class='ocrx_word' id='word_1_36' title='bbox 1783 663 1840 694; x_wconf 89' lang='lat' dir='ltr'><strong>ex</strong></span> <span class='ocrx_word' id='word_1_37' title='bbox 1867 647 2073 694; x_wconf 91' lang='lat' dir='ltr'><strong>adventu</strong></span> <span class='ocrx_word' id='word_1_38' title='bbox 2091 665 2177 695; x_wconf 91' lang='lat' dir='ltr'><strong>suo</strong></span> <span class='ocrx_word' id='word_1_39' title='bbox 2195 649 2438 714; x_wconf 90' lang='lat' dir='ltr'><strong>propriam</strong></span> <span class='ocrx_word' id='word_1_40' title='bbox 2463 650 2634 697; x_wconf 87' lang='lat' dir='ltr'><strong>habeat</strong></span> 
     </span>
     <span class='ocr_line' id='line_1_5' title="bbox 530 721 2631 782; baseline 0.005 -16"><span class='ocrx_word' id='word_1_41' title='bbox 530 724 826 767; x_wconf 90' lang='lat' dir='ltr'><strong>Pentecostes</strong></span> <span class='ocrx_word' id='word_1_42' title='bbox 851 721 1223 782; x_wconf 84' lang='lat' dir='ltr'><strong>solemnitatem,</strong></span> <span class='ocrx_word' id='word_1_43' title='bbox 1253 723 1373 770; x_wconf 88' lang='lat' dir='ltr'><strong>sicut</strong></span> <span class='ocrx_word' id='word_1_44' title='bbox 1393 723 1514 771; x_wconf 85' lang='lat' dir='ltr'><strong>filius</strong></span> <span class='ocrx_word' id='word_1_45' title='bbox 1534 742 1590 772; x_wconf 85' lang='lat' dir='ltr'><strong>ex</strong></span> <span class='ocrx_word' id='word_1_46' title='bbox 1615 742 1702 772; x_wconf 91' lang='lat' dir='ltr'><strong>suo</strong></span> <span class='ocrx_word' id='word_1_47' title='bbox 1722 727 1896 772; x_wconf 90' lang='lat' dir='ltr'><strong>Natalis</strong></span> <span class='ocrx_word' id='word_1_48' title='bbox 1922 728 1994 772; x_wconf 89' lang='lat' dir='ltr'><strong>sui</strong></span> <span class='ocrx_word' id='word_1_49' title='bbox 2017 727 2327 775; x_wconf 87' lang='lat' dir='ltr'><strong>festivitatem.</strong></span> <span class='ocrx_word' id='word_1_50' title='bbox 2351 729 2480 775; x_wconf 90' lang='lat' dir='ltr'><strong>Sicut</strong></span> <span class='ocrx_word' id='word_1_51' title='bbox 2505 730 2631 775; x_wconf 90' lang='lat' dir='ltr'><strong>enim</strong></span> 
     </span>
     <span class='ocr_line' id='line_1_6' title="bbox 528 799 2631 873; baseline 0.005 -28"><span class='ocrx_word' id='word_1_52' title='bbox 528 799 647 846; x_wconf 85' lang='lat' dir='ltr'><strong>filius</strong></span> <span class='ocrx_word' id='word_1_53' title='bbox 664 801 833 846; x_wconf 92' lang='lat' dir='ltr'><strong>missus</strong></span> <span class='ocrx_word' id='word_1_54' title='bbox 857 810 926 846; x_wconf 91' lang='lat' dir='ltr'><strong>est</strong></span> <span class='ocrx_word' id='word_1_55' title='bbox 950 802 999 846; x_wconf 94' lang='lat' dir='ltr'><strong>in</strong></span> <span class='ocrx_word' id='word_1_56' title='bbox 1025 802 1284 862; x_wconf 91' lang='lat' dir='ltr'><strong>mundum,</strong></span> <span class='ocrx_word' id='word_1_57' title='bbox 1314 803 1377 849; x_wconf 90' lang='lat' dir='ltr'><strong>ita</strong></span> <span class='ocrx_word' id='word_1_58' title='bbox 1401 813 1448 850; x_wconf 90' lang='lat' dir='ltr'><strong>et</strong></span> <span class='ocrx_word' id='word_1_59' title='bbox 1472 805 1670 869; x_wconf 82' lang='lat' dir='ltr'><strong>Spiritus</strong></span> <span class='ocrx_word' id='word_1_60' title='bbox 1695 815 1883 851; x_wconf 86' lang='lat' dir='ltr'><strong>sanctus</strong></span> <span class='ocrx_word' id='word_1_61' title='bbox 1908 806 1957 851; x_wconf 90' lang='lat' dir='ltr'><strong>in</strong></span> <span class='ocrx_word' id='word_1_62' title='bbox 1983 806 2263 871; x_wconf 73' lang='lat' dir='ltr'><strong>discipulos&#39;</strong></span> <span class='ocrx_word' id='word_1_63' title='bbox 2284 808 2528 873; x_wconf 83' lang='lat' dir='ltr'><strong>propriam</strong></span> <span class='ocrx_word' id='word_1_64' title='bbox 2544 807 2631 854; x_wconf 87' lang='lat' dir='ltr'><strong>sibi</strong></span> 
     </span>
     <span class='ocr_line' id='line_1_7' title="bbox 524 880 2631 952; baseline 0.004 -26"><span class='ocrx_word' id='word_1_65' title='bbox 524 880 730 927; x_wconf 86' lang='lat' dir='ltr'><strong>vindicat</strong></span> <span class='ocrx_word' id='word_1_66' title='bbox 759 881 1121 928; x_wconf 84' lang='lat' dir='ltr'><strong>solemnitatem.</strong></span> <span class='ocrx_word' id='word_1_67' title='bbox 1158 883 1244 928; x_wconf 92' lang='lat' dir='ltr'><strong>Cui</strong></span> <span class='ocrx_word' id='word_1_68' title='bbox 1270 883 1411 930; x_wconf 89' lang='lat' dir='ltr'><strong>etiam</strong></span> <span class='ocrx_word' id='word_1_69' title='bbox 1434 883 1725 947; x_wconf 88' lang='lat' dir='ltr'><strong>probabilius</strong></span> <span class='ocrx_word' id='word_1_70' title='bbox 1756 901 1902 948; x_wconf 89' lang='lat' dir='ltr'><strong>quam</strong></span> <span class='ocrx_word' id='word_1_71' title='bbox 1931 885 2068 932; x_wconf 88' lang='lat' dir='ltr'><strong>alicui</strong></span> <span class='ocrx_word' id='word_1_72' title='bbox 2092 886 2289 933; x_wconf 88' lang='lat' dir='ltr'><strong>aliarum</strong></span> <span class='ocrx_word' id='word_1_73' title='bbox 2318 903 2631 952; x_wconf 88' lang='lat' dir='ltr'><strong>personarum</strong></span> 
     </span>
     <span class='ocr_line' id='line_1_8' title="bbox 525 961 2631 1030; baseline 0.004 -23"><span class='ocrx_word' id='word_1_74' title='bbox 525 961 753 1025; x_wconf 90' lang='lat' dir='ltr'><strong>templum</strong></span> <span class='ocrx_word' id='word_1_75' title='bbox 785 962 1154 1009; x_wconf 90' lang='lat' dir='ltr'><strong>adscribendum</strong></span> <span class='ocrx_word' id='word_1_76' title='bbox 1178 963 1390 1022; x_wconf 83' lang='lat' dir='ltr'><strong>videtur,</strong></span> <span class='ocrx_word' id='word_1_77' title='bbox 1429 966 1466 1011; x_wconf 91' lang='lat' dir='ltr'><strong>si</strong></span> <span class='ocrx_word' id='word_1_78' title='bbox 1490 964 1758 1028; x_wconf 87' lang='lat' dir='ltr'><strong>diligentius</strong></span> <span class='ocrx_word' id='word_1_79' title='bbox 1784 966 2095 1030; x_wconf 88' lang='lat' dir='ltr'><strong>apostolicam</strong></span> <span class='ocrx_word' id='word_1_80' title='bbox 2119 967 2419 1014; x_wconf 89' lang='lat' dir='ltr'><strong>attendamus</strong></span> <span class='ocrx_word' id='word_1_81' title='bbox 2434 970 2448 992; x_wconf 75' lang='lat'>³</span> <span class='ocrx_word' id='word_1_82' title='bbox 2471 978 2631 1016; x_wconf 89' lang='lat' dir='ltr'><strong>aucto-</strong></span> 
     </span>
     <span class='ocr_line' id='line_1_9' title="bbox 520 1042 2632 1112; baseline 0.004 -25"><span class='ocrx_word' id='word_1_83' title='bbox 520 1042 732 1099; x_wconf 86' lang='lat' dir='ltr'><strong>ritatem,</strong></span> <span class='ocrx_word' id='word_1_84' title='bbox 767 1054 907 1106; x_wconf 83' lang='lat' dir='ltr'><strong>atque</strong></span> <span class='ocrx_word' id='word_1_85' title='bbox 928 1044 1072 1108; x_wconf 91' lang='lat' dir='ltr'><strong>ipsius</strong></span> <span class='ocrx_word' id='word_1_86' title='bbox 1099 1045 1297 1109; x_wconf 82' lang='lat' dir='ltr'><strong>Spiritus</strong></span> <span class='ocrx_word' id='word_1_87' title='bbox 1327 1046 1670 1110; x_wconf 87' lang='lat' dir='ltr'><strong>operationem.</strong></span> <span class='ocrx_word' id='word_1_88' title='bbox 1704 1046 1828 1093; x_wconf 84' lang='lat' dir='ltr'><strong>Nulli</strong></span> <span class='ocrx_word' id='word_1_89' title='bbox 1847 1047 1975 1093; x_wconf 91' lang='lat' dir='ltr'><strong>enim</strong></span> <span class='ocrx_word' id='word_1_90' title='bbox 1998 1048 2142 1094; x_wconf 91' lang='lat' dir='ltr'><strong>trium</strong></span> <span class='ocrx_word' id='word_1_91' title='bbox 2169 1064 2481 1112; x_wconf 88' lang='lat' dir='ltr'><strong>personarum</strong></span> <span class='ocrx_word' id='word_1_92' title='bbox 2499 1049 2632 1112; x_wconf 91' lang='lat' dir='ltr'><strong>spiri-</strong></span> 
     </span>
     <span class='ocr_line' id='line_1_10' title="bbox 521 1122 2631 1193; baseline 0.003 -25"><span class='ocrx_word' id='word_1_93' title='bbox 521 1122 668 1168; x_wconf 54' lang='lat' dir='ltr'><strong>tuale*</strong></span> <span class='ocrx_word' id='word_1_94' title='bbox 698 1123 929 1188; x_wconf 90' lang='lat' dir='ltr'><strong>templum</strong></span> <span class='ocrx_word' id='word_1_95' title='bbox 960 1125 1222 1189; x_wconf 87' lang='lat' dir='ltr'><strong>specialiter</strong></span> <span class='ocrx_word' id='word_1_96' title='bbox 1257 1126 1480 1173; x_wconf 84' lang='lat' dir='ltr'><strong>adscribit</strong></span> <span class='ocrx_word' id='word_1_97' title='bbox 1508 1127 1775 1191; x_wconf 89' lang='lat' dir='ltr'><strong>apostolus,</strong></span> <span class='ocrx_word' id='word_1_98' title='bbox 1804 1127 1893 1174; x_wconf 91' lang='lat' dir='ltr'><strong>nisi</strong></span> <span class='ocrx_word' id='word_1_99' title='bbox 1924 1128 2115 1193; x_wconf 87' lang='lat' dir='ltr'><strong>Spiritui</strong></span> <span class='ocrx_word' id='word_1_100' title='bbox 2145 1138 2326 1175; x_wconf 87' lang='lat' dir='ltr'><strong>sancto.</strong></span> <span class='ocrx_word' id='word_1_101' title='bbox 2364 1131 2470 1175; x_wconf 91' lang='lat' dir='ltr'><strong>Non</strong></span> <span class='ocrx_word' id='word_1_102' title='bbox 2503 1129 2631 1175; x_wconf 89' lang='lat' dir='ltr'><strong>enim</strong></span> 
     </span>
     <span class='ocr_line' id='line_1_11' title="bbox 519 1206 2626 1275; baseline 0.003 -25"><span class='ocrx_word' id='word_1_103' title='bbox 519 1206 580 1250; x_wconf 88' lang='lat' dir='ltr'><strong>ita</strong></span> <span class='ocrx_word' id='word_1_104' title='bbox 608 1206 838 1269; x_wconf 89' lang='lat' dir='ltr'><strong>templum</strong></span> <span class='ocrx_word' id='word_1_105' title='bbox 876 1207 1048 1266; x_wconf 89' lang='lat' dir='ltr'><strong>Patris,</strong></span> <span class='ocrx_word' id='word_1_106' title='bbox 1093 1207 1167 1254; x_wconf 88' lang='lat' dir='ltr'><strong>vel</strong></span> <span class='ocrx_word' id='word_1_107' title='bbox 1206 1209 1438 1273; x_wconf 86' lang='lat' dir='ltr'><strong>templum</strong></span> <span class='ocrx_word' id='word_1_108' title='bbox 1475 1209 1576 1255; x_wconf 90' lang='lat' dir='ltr'><strong>Filii</strong></span> <span class='ocrx_word' id='word_1_109' title='bbox 1612 1209 1749 1269; x_wconf 91' lang='lat' dir='ltr'><strong>dicit,</strong></span> <span class='ocrx_word' id='word_1_110' title='bbox 1799 1209 1920 1256; x_wconf 88' lang='lat' dir='ltr'><strong>sicut</strong></span> <span class='ocrx_word' id='word_1_111' title='bbox 1957 1209 2186 1275; x_wconf 90' lang='lat' dir='ltr'><strong>templum</strong></span> <span class='ocrx_word' id='word_1_112' title='bbox 2224 1210 2422 1274; x_wconf 86' lang='lat' dir='ltr'><strong>Spiritus</strong></span> <span class='ocrx_word' id='word_1_113' title='bbox 2456 1210 2626 1269; x_wconf 86' lang='lat' dir='ltr'><strong>sancti,</strong></span> 
     </span>
     <span class='ocr_line' id='line_1_12' title="bbox 521 1287 2625 1354; baseline 0.001 -23"><span class='ocrx_word' id='word_1_114' title='bbox 521 1287 566 1332; x_wconf 89' lang='lat' dir='ltr'><strong>in</strong></span> <span class='ocrx_word' id='word_1_115' title='bbox 590 1287 741 1350; x_wconf 91' lang='lat' dir='ltr'><strong>prima</strong></span> <span class='ocrx_word' id='word_1_116' title='bbox 770 1287 836 1333; x_wconf 83' lang='lat' dir='ltr'><strong>ad</strong></span> <span class='ocrx_word' id='word_1_117' title='bbox 855 1289 1118 1335; x_wconf 71' lang='lat' dir='ltr'><strong>Corinthios</strong></span> <span class='ocrx_word' id='word_1_118' title='bbox 1135 1289 1199 1335; x_wconf 91' lang='lat' dir='ltr'><strong>ita</strong></span> <span class='ocrx_word' id='word_1_119' title='bbox 1214 1290 1472 1336; x_wconf 78' lang='lat' dir='ltr'><strong>scribens⁵z</strong></span> <span class='ocrx_word' id='word_1_120' title='bbox 1506 1310 1527 1334; x_wconf 89' lang='lat'>«</span> <span class='ocrx_word' id='word_1_121' title='bbox 1547 1291 1640 1347; x_wconf 87' lang='lat' dir='ltr'><strong>Qui</strong></span> <span class='ocrx_word' id='word_1_122' title='bbox 1663 1289 1870 1337; x_wconf 80' lang='lat' dir='ltr'><strong>adhaeret</strong></span> <span class='ocrx_word' id='word_1_123' title='bbox 1884 1291 2118 1350; x_wconf 90' lang='lat' dir='ltr'><strong>Domino,</strong></span> <span class='ocrx_word' id='word_1_124' title='bbox 2141 1307 2265 1337; x_wconf 90' lang='lat' dir='ltr'><strong>unus</strong></span> <span class='ocrx_word' id='word_1_125' title='bbox 2293 1290 2481 1354; x_wconf 88' lang='lat' dir='ltr'><strong>spiritus</strong></span> <span class='ocrx_word' id='word_1_126' title='bbox 2507 1301 2625 1337; x_wconf 85' lang='lat' dir='ltr'><strong>est.»</strong></span> 
     </span>
    </p>
   </div>
   <div class='ocr_carea' id='block_1_3' title="bbox 514 1363 2748 1521">
    <p class='ocr_par' dir='ltr' id='par_1_3' title="bbox 514 1363 2748 1521">
     <span class='ocr_line' id='line_1_13' title="bbox 519 1363 2716 1441; baseline 0.002 -30"><span class='ocrx_word' id='word_1_127' title='bbox 519 1370 663 1414; x_wconf 78' lang='lat' dir='ltr'><strong>item:</strong></span> <span class='ocrx_word' id='word_1_128' title='bbox 699 1387 723 1412; x_wconf 88' lang='lat'><strong><em>«</em></strong></span> <span class='ocrx_word' id='word_1_129' title='bbox 749 1373 818 1414; x_wconf 90' lang='lat' dir='ltr'><strong>An</strong></span> <span class='ocrx_word' id='word_1_130' title='bbox 847 1370 1032 1416; x_wconf 88' lang='lat' dir='ltr'><strong>nescitis</strong></span> <span class='ocrx_word' id='word_1_131' title='bbox 1057 1370 1167 1434; x_wconf 85' lang='lat' dir='ltr'><strong>quia</strong></span> <span class='ocrx_word' id='word_1_132' title='bbox 1192 1386 1392 1435; x_wconf 89' lang='lat' dir='ltr'><strong>corpora</strong></span> <span class='ocrx_word' id='word_1_133' title='bbox 1425 1380 1579 1417; x_wconf 85' lang='lat' dir='ltr'><strong>vestra</strong></span> <span class='ocrx_word' id='word_1_134' title='bbox 1618 1363 1850 1435; x_wconf 89' lang='lat' dir='ltr'><strong>templum</strong></span> <span class='ocrx_word' id='word_1_135' title='bbox 1884 1380 1994 1417; x_wconf 85' lang='lat' dir='ltr'><strong>sunt</strong></span> <span class='ocrx_word' id='word_1_136' title='bbox 2024 1371 2222 1435; x_wconf 83' lang='lat' dir='ltr'><strong>Spiritus</strong></span> <span class='ocrx_word' id='word_1_137' title='bbox 2257 1370 2428 1429; x_wconf 86' lang='lat' dir='ltr'><strong>sancti,</strong></span> <span class='ocrx_word' id='word_1_138' title='bbox 2466 1371 2547 1433; x_wconf 91' lang='lat' dir='ltr'><strong>qui</strong></span> <span class='ocrx_word' id='word_1_139' title='bbox 2580 1371 2627 1416; x_wconf 88' lang='lat' dir='ltr'><strong>in</strong></span> <span class='ocrx_word' id='word_1_140' title='bbox 2690 1433 2716 1441; x_wconf 9' lang='grc' dir='ltr'><strong>,μ</strong></span> 
     </span>
     <span class='ocr_line' id='line_1_14' title="bbox 514 1431 2748 1521; baseline 0.001 -28"><span class='ocrx_word' id='word_1_141' title='bbox 514 1447 648 1494; x_wconf 84' lang='lat' dir='ltr'><strong>vobis</strong></span> <span class='ocrx_word' id='word_1_142' title='bbox 674 1458 765 1508; x_wconf 90' lang='lat' dir='ltr'><strong>est,</strong></span> <span class='ocrx_word' id='word_1_143' title='bbox 806 1465 950 1512; x_wconf 85' lang='lat' dir='ltr'><strong>quem</strong></span> <span class='ocrx_word' id='word_1_144' title='bbox 981 1448 1164 1496; x_wconf 90' lang='lat' dir='ltr'><strong>habetis</strong></span> <span class='ocrx_word' id='word_1_145' title='bbox 1197 1466 1225 1496; x_wconf 92' lang='lat' dir='ltr'><strong>a</strong></span> <span class='ocrx_word' id='word_1_146' title='bbox 1260 1452 1389 1509; x_wconf 87' lang='lat' dir='ltr'><strong>Deo,</strong></span> <span class='ocrx_word' id='word_1_147' title='bbox 1422 1459 1468 1496; x_wconf 89' lang='lat' dir='ltr'><strong>et</strong></span> <span class='ocrx_word' id='word_1_148' title='bbox 1497 1467 1595 1496; x_wconf 91' lang='lat' dir='ltr'><strong>non</strong></span> <span class='ocrx_word' id='word_1_149' title='bbox 1631 1450 1739 1496; x_wconf 88' lang='lat' dir='ltr'><strong>estis</strong></span> <span class='ocrx_word' id='word_1_150' title='bbox 1770 1431 2141 1521; x_wconf 60' lang='grc'>1765111911101115</span> <span class='ocrx_word' id='word_1_151' title='bbox 2181 1450 2323 1495; x_wconf 88' lang='lat' dir='ltr'><strong>etiam</strong></span> <span class='ocrx_word' id='word_1_152' title='bbox 2357 1448 2628 1496; x_wconf 87' lang='lat' dir='ltr'><strong>divinorum</strong></span> <span class='ocrx_word' id='word_1_153' title='bbox 2678 1468 2682 1483; x_wconf 63' lang='lat'><strong>³</strong></span> <span class='ocrx_word' id='word_1_154' title='bbox 2710 1447 2713 1451; x_wconf 55' lang='lat'><em>⁷</em></span> <span class='ocrx_word' id='word_1_155' title='bbox 2744 1451 2748 1454; x_wconf 70' lang='grc'><strong>”</strong></span> 
     </span>
    </p>
   </div>
   <div class='ocr_carea' id='block_1_4' title="bbox 505 1529 2630 1915">
    <p class='ocr_par' dir='ltr' id='par_1_4' title="bbox 505 1529 2630 1915">
     <span class='ocr_line' id='line_1_15' title="bbox 512 1529 2629 1595; baseline 0 -21"><span class='ocrx_word' id='word_1_156' title='bbox 512 1539 802 1576; x_wconf 86' lang='lat' dir='ltr'><strong>sacramenta</strong></span> <span class='ocrx_word' id='word_1_157' title='bbox 827 1530 1196 1590; x_wconf 80' lang='lat' dir='ltr'><strong>beneficiorum,</strong></span> <span class='ocrx_word' id='word_1_158' title='bbox 1224 1548 1328 1595; x_wconf 86' lang='lat' dir='ltr'><strong>quae</strong></span> <span class='ocrx_word' id='word_1_159' title='bbox 1353 1532 1401 1577; x_wconf 91' lang='lat' dir='ltr'><strong>in</strong></span> <span class='ocrx_word' id='word_1_160' title='bbox 1433 1531 1639 1577; x_wconf 85' lang='lat' dir='ltr'><strong>Ecclesia</strong></span> <span class='ocrx_word' id='word_1_161' title='bbox 1664 1530 1807 1588; x_wconf 90' lang='lat' dir='ltr'><strong>fiunt,</strong></span> <span class='ocrx_word' id='word_1_162' title='bbox 1837 1530 2103 1594; x_wconf 89' lang='lat' dir='ltr'><strong>operationi</strong></span> <span class='ocrx_word' id='word_1_163' title='bbox 2128 1529 2299 1575; x_wconf 85' lang='lat' dir='ltr'><strong>divinae</strong></span> <span class='ocrx_word' id='word_1_164' title='bbox 2322 1530 2505 1592; x_wconf 85' lang='lat' dir='ltr'><strong>gratiae,</strong></span> <span class='ocrx_word' id='word_1_165' title='bbox 2535 1546 2629 1593; x_wconf 88' lang='lat' dir='ltr'><strong>qua</strong></span> 
     </span>
     <span class='ocr_line' id='line_1_16' title="bbox 510 1602 2630 1675; baseline 0.001 -22"><span class='ocrx_word' id='word_1_166' title='bbox 510 1603 707 1673; x_wconf 85' lang='lat' dir='ltr'><strong>Spiritus</strong></span> <span class='ocrx_word' id='word_1_167' title='bbox 732 1602 920 1657; x_wconf 82' lang='lat' dir='ltr'><strong>sanctus</strong></span> <span class='ocrx_word' id='word_1_168' title='bbox 946 1611 1234 1674; x_wconf 81' lang='lat' dir='ltr'><strong>intelligitur,</strong></span> <span class='ocrx_word' id='word_1_169' title='bbox 1263 1612 1440 1658; x_wconf 87' lang='lat' dir='ltr'><strong>nesciat</strong></span> <span class='ocrx_word' id='word_1_170' title='bbox 1465 1611 1726 1675; x_wconf 88' lang='lat' dir='ltr'><strong>specialiter</strong></span> <span class='ocrx_word' id='word_1_171' title='bbox 1751 1610 1987 1656; x_wconf 82' lang='lat' dir='ltr'><strong>adscribi?</strong></span> <span class='ocrx_word' id='word_1_172' title='bbox 2014 1612 2083 1655; x_wconf 87' lang='lat' dir='ltr'><strong>Ex</strong></span> <span class='ocrx_word' id='word_1_173' title='bbox 2106 1625 2229 1673; x_wconf 89' lang='lat' dir='ltr'><strong>aqua</strong></span> <span class='ocrx_word' id='word_1_174' title='bbox 2257 1610 2435 1674; x_wconf 89' lang='lat' dir='ltr'><strong>quippe</strong></span> <span class='ocrx_word' id='word_1_175' title='bbox 2462 1619 2509 1656; x_wconf 90' lang='lat' dir='ltr'><strong>et</strong></span> <span class='ocrx_word' id='word_1_176' title='bbox 2532 1610 2630 1674; x_wconf 88' lang='lat' dir='ltr'><strong>spi-</strong></span> 
     </span>
     <span class='ocr_line' id='line_1_17' title="bbox 508 1690 2626 1756; baseline 0.001 -22"><span class='ocrx_word' id='word_1_177' title='bbox 508 1690 598 1735; x_wconf 83' lang='lat' dir='ltr'><strong>ritu</strong></span> <span class='ocrx_word' id='word_1_178' title='bbox 633 1701 819 1750; x_wconf 85' lang='lat' dir='ltr'><strong>sancto‚</strong></span> <span class='ocrx_word' id='word_1_179' title='bbox 843 1693 890 1737; x_wconf 91' lang='lat' dir='ltr'><strong>in</strong></span> <span class='ocrx_word' id='word_1_180' title='bbox 917 1692 1154 1755; x_wconf 86' lang='lat' dir='ltr'><strong>baptismo</strong></span> <span class='ocrx_word' id='word_1_181' title='bbox 1175 1692 1483 1750; x_wconf 88' lang='lat' dir='ltr'><strong>renascimur,</strong></span> <span class='ocrx_word' id='word_1_182' title='bbox 1507 1701 1554 1737; x_wconf 90' lang='lat' dir='ltr'><strong>et</strong></span> <span class='ocrx_word' id='word_1_183' title='bbox 1581 1700 1695 1737; x_wconf 89' lang='lat' dir='ltr'><strong>tunc</strong></span> <span class='ocrx_word' id='word_1_184' title='bbox 1719 1691 1876 1755; x_wconf 91' lang='lat' dir='ltr'><strong>primo</strong></span> <span class='ocrx_word' id='word_1_185' title='bbox 1897 1691 2031 1754; x_wconf 91' lang='lat' dir='ltr'><strong>quasi</strong></span> <span class='ocrx_word' id='word_1_186' title='bbox 2051 1690 2252 1756; x_wconf 89' lang='lat' dir='ltr'><strong>speciale</strong></span> <span class='ocrx_word' id='word_1_187' title='bbox 2270 1690 2504 1754; x_wconf 89' lang='lat' dir='ltr'><strong>templum</strong></span> <span class='ocrx_word' id='word_1_188' title='bbox 2523 1692 2626 1737; x_wconf 91' lang='lat' dir='ltr'><strong>Deo</strong></span> 
     </span>
     <span class='ocr_line' id='line_1_18' title="bbox 507 1767 2626 1835; baseline 0.001 -21"><span class='ocrx_word' id='word_1_189' title='bbox 507 1770 853 1816; x_wconf 86' lang='lat' dir='ltr'><strong>constituimur.</strong></span> <span class='ocrx_word' id='word_1_190' title='bbox 878 1774 930 1816; x_wconf 93' lang='lat' dir='ltr'><strong>ln</strong></span> <span class='ocrx_word' id='word_1_191' title='bbox 951 1769 1364 1817; x_wconf 84' lang='lat' dir='ltr'><strong>consummatione</strong></span> <span class='ocrx_word' id='word_1_192' title='bbox 1383 1787 1576 1834; x_wconf 93' lang='lat' dir='ltr'><strong>quoque</strong></span> <span class='ocrx_word' id='word_1_193' title='bbox 1599 1770 1884 1835; x_wconf 84' lang='lat' dir='ltr'><strong>septiformis</strong></span> <span class='ocrx_word' id='word_1_194' title='bbox 1900 1770 2099 1834; x_wconf 85' lang='lat' dir='ltr'><strong>Spiritus</strong></span> <span class='ocrx_word' id='word_1_195' title='bbox 2118 1769 2264 1833; x_wconf 90' lang='lat' dir='ltr'><strong>gratia</strong></span> <span class='ocrx_word' id='word_1_196' title='bbox 2280 1767 2498 1828; x_wconf 86' lang='lat' dir='ltr'><strong>traditur,</strong></span> <span class='ocrx_word' id='word_1_197' title='bbox 2521 1770 2626 1833; x_wconf 90' lang='lat' dir='ltr'><strong>qui-</strong></span> 
     </span>
     <span class='ocr_line' id='line_1_19' title="bbox 505 1848 2625 1915; baseline 0 -21"><span class='ocrx_word' id='word_1_198' title='bbox 505 1849 593 1895; x_wconf 86' lang='lat' dir='ltr'><strong>bus</strong></span> <span class='ocrx_word' id='word_1_199' title='bbox 613 1851 771 1914; x_wconf 88' lang='lat' dir='ltr'><strong>ipsum</strong></span> <span class='ocrx_word' id='word_1_200' title='bbox 791 1851 876 1897; x_wconf 89' lang='lat' dir='ltr'><strong>Dei</strong></span> <span class='ocrx_word' id='word_1_201' title='bbox 895 1851 1127 1915; x_wconf 89' lang='lat' dir='ltr'><strong>templum</strong></span> <span class='ocrx_word' id='word_1_202' title='bbox 1152 1850 1412 1897; x_wconf 90' lang='lat' dir='ltr'><strong>adornatur</strong></span> <span class='ocrx_word' id='word_1_203' title='bbox 1436 1860 1577 1914; x_wconf 89' lang='lat' dir='ltr'><strong>atque</strong></span> <span class='ocrx_word' id='word_1_204' title='bbox 1603 1849 1866 1896; x_wconf 89' lang='lat' dir='ltr'><strong>dedicatur.</strong></span> <span class='ocrx_word' id='word_1_205' title='bbox 1895 1848 2023 1906; x_wconf 91' lang='lat' dir='ltr'><strong>Quid</strong></span> <span class='ocrx_word' id='word_1_206' title='bbox 2049 1865 2161 1912; x_wconf 88' lang='lat' dir='ltr'><strong>ergo</strong></span> <span class='ocrx_word' id='word_1_207' title='bbox 2181 1849 2379 1907; x_wconf 90' lang='lat' dir='ltr'><strong>mirum,</strong></span> <span class='ocrx_word' id='word_1_208' title='bbox 2400 1848 2439 1894; x_wconf 91' lang='lat' dir='ltr'><strong>si</strong></span> <span class='ocrx_word' id='word_1_209' title='bbox 2460 1848 2502 1894; x_wconf 88' lang='lat' dir='ltr'><strong>ei</strong></span> <span class='ocrx_word' id='word_1_210' title='bbox 2519 1865 2625 1912; x_wconf 89' lang='lat' dir='ltr'><strong>per-</strong></span> 
     </span>
    </p>
   </div>
   <div class='ocr_carea' id='block_1_5' title="bbox 436 1920 2624 1995">
    <p class='ocr_par' dir='ltr' id='par_1_5' title="bbox 436 1920 2624 1995">
     <span class='ocr_line' id='line_1_20' title="bbox 436 1920 2624 1995; baseline 0 -22"><span class='ocrx_word' id='word_1_211' title='bbox 436 1982 444 1991; x_wconf 41' lang='lat'>.</span> <span class='ocrx_word' id='word_1_212' title='bbox 505 1944 632 1974; x_wconf 83' lang='lat' dir='ltr'><strong>sonae</strong></span> <span class='ocrx_word' id='word_1_213' title='bbox 657 1929 733 1974; x_wconf 92' lang='lat' dir='ltr'><strong>cui</strong></span> <span class='ocrx_word' id='word_1_214' title='bbox 767 1929 1029 1993; x_wconf 84' lang='lat' dir='ltr'><strong>specialiter</strong></span> <span class='ocrx_word' id='word_1_215' title='bbox 1053 1920 1293 1995; x_wconf 88' lang='lat' dir='ltr'><strong>spirituale</strong></span> <span class='ocrx_word' id='word_1_216' title='bbox 1320 1929 1553 1994; x_wconf 92' lang='lat' dir='ltr'><strong>templum</strong></span> <span class='ocrx_word' id='word_1_217' title='bbox 1573 1927 1815 1993; x_wconf 91' lang='lat' dir='ltr'><strong>apostolus</strong></span> <span class='ocrx_word' id='word_1_218' title='bbox 1834 1927 2021 1987; x_wconf 89' lang='lat' dir='ltr'><strong>tribuit,</strong></span> <span class='ocrx_word' id='word_1_219' title='bbox 2045 1943 2134 1974; x_wconf 93' lang='lat' dir='ltr'><strong>nos</strong></span> <span class='ocrx_word' id='word_1_220' title='bbox 2153 1925 2400 1991; x_wconf 88' lang='lat' dir='ltr'><strong>corporale</strong></span> <span class='ocrx_word' id='word_1_221' title='bbox 2419 1926 2624 1990; x_wconf 87' lang='lat' dir='ltr'><strong>assigne-</strong></span> 
     </span>
    </p>
   </div>
   <div class='ocr_carea' id='block_1_6' title="bbox 212 2593 472 2875">
    <p class='ocr_par' dir='ltr' id='par_1_6' title="bbox 212 2593 457 2875">
     <span class='ocr_line' id='line_1_21' title="bbox 263 2593 411 2614; baseline 0.007 -1"><span class='ocrx_word' id='word_1_222' title='bbox 263 2593 332 2614; x_wconf 74' lang='lat' dir='ltr'><strong>CAP-</strong></span> <span class='ocrx_word' id='word_1_223' title='bbox 357 2593 411 2614; x_wconf 67' lang='lat' dir='ltr'><strong>XH-</strong></span> 
     </span>
     <span class='ocr_line' id='line_1_22' title="bbox 213 2625 467 2668; baseline 0.013 -13"><span class='ocrx_word' id='word_1_224' title='bbox 213 2625 257 2656; x_wconf 84' lang='lat' dir='ltr'><strong>De</strong></span> <span class='ocrx_word' id='word_1_225' title='bbox 269 2626 467 2668; x_wconf 86' lang='lat' dir='ltr'><strong>persecutio—</strong></span> 
     </span>
     <span class='ocr_line' id='line_1_23' title="bbox 234 2679 445 2711; baseline 0.005 -11"><span class='ocrx_word' id='word_1_226' title='bbox 234 2679 274 2700; x_wconf 86' lang='lat' dir='ltr'><strong>ne</strong></span> <span class='ocrx_word' id='word_1_227' title='bbox 293 2679 445 2711; x_wconf 82' lang='lat' dir='ltr'><strong>quorum-</strong></span> 
     </span>
     <span class='ocr_line' id='line_1_24' title="bbox 257 2712 430 2754; baseline 0.006 -11"><span class='ocrx_word' id='word_1_228' title='bbox 257 2712 328 2744; x_wconf 81' lang='lat' dir='ltr'><strong>dam</strong></span> <span class='ocrx_word' id='word_1_229' title='bbox 342 2714 430 2754; x_wconf 82' lang='lat' dir='ltr'><strong>quasi</strong></span> 
     </span>
     <span class='ocr_line' id='line_1_25' title="bbox 212 2764 472 2799; baseline 0.016 -15"><span class='ocrx_word' id='word_1_230' title='bbox 212 2764 365 2787; x_wconf 86' lang='lat' dir='ltr'><strong>novorum</strong></span> <span class='ocrx_word' id='word_1_231' title='bbox 397 2767 472 2799; x_wconf 86' lang='lat' dir='ltr'><strong>apo-</strong></span> 
     </span>
     <span class='ocr_line' id='line_1_26' title="bbox 241 2799 440 2832; baseline 0.015 -3"><span class='ocrx_word' id='word_1_232' title='bbox 241 2799 392 2831; x_wconf 73' lang='lat' dir='ltr'><strong>stolorum</strong></span> <span class='ocrx_word' id='word_1_233' title='bbox 409 2802 440 2832; x_wconf 88' lang='lat' dir='ltr'><strong>in</strong></span> 
     </span>
     <span class='ocr_line' id='line_1_27' title="bbox 299 2853 383 2875; baseline 0.024 -2"><span class='ocrx_word' id='word_1_234' title='bbox 299 2853 383 2875; x_wconf 76' lang='lat' dir='ltr'><strong>eum.</strong></span> 
     </span>
    </p>
   </div>
   <div class='ocr_carea' id='block_1_7' title="bbox 502 2000 2624 3190">
    <p class='ocr_par' dir='ltr' id='par_1_7' title="bbox 503 2000 2624 2552">
     <span class='ocr_line' id='line_1_28' title="bbox 504 2000 2624 2074; baseline 0 -22"><span class='ocrx_word' id='word_1_235' title='bbox 504 2008 639 2053; x_wconf 77' lang='lat' dir='ltr'><strong>mus?</strong></span> <span class='ocrx_word' id='word_1_236' title='bbox 662 2011 752 2054; x_wconf 91' lang='lat' dir='ltr'><strong>Aut</strong></span> <span class='ocrx_word' id='word_1_237' title='bbox 780 2010 914 2072; x_wconf 86' lang='lat' dir='ltr'><strong>cujus</strong></span> <span class='ocrx_word' id='word_1_238' title='bbox 929 2026 1143 2074; x_wconf 82' lang='lat' dir='ltr'><strong>personae</strong></span> <span class='ocrx_word' id='word_1_239' title='bbox 1159 2000 1330 2056; x_wconf 86' lang='lat' dir='ltr'><strong>rectius</strong></span> <span class='ocrx_word' id='word_1_240' title='bbox 1351 2009 1545 2055; x_wconf 85' lang='lat' dir='ltr'><strong>ecclesia</strong></span> <span class='ocrx_word' id='word_1_241' title='bbox 1565 2025 1665 2055; x_wconf 91' lang='lat' dir='ltr'><strong>esse</strong></span> <span class='ocrx_word' id='word_1_242' title='bbox 1690 2008 1879 2068; x_wconf 88' lang='lat' dir='ltr'><strong>dicitur,</strong></span> <span class='ocrx_word' id='word_1_243' title='bbox 1902 2024 2048 2072; x_wconf 92' lang='lat' dir='ltr'><strong>quam</strong></span> <span class='ocrx_word' id='word_1_244' title='bbox 2074 2007 2174 2071; x_wconf 88' lang='lat' dir='ltr'><strong>ejus</strong></span> <span class='ocrx_word' id='word_1_245' title='bbox 2197 2006 2331 2069; x_wconf 87' lang='lat' dir='ltr'><strong>cujus</strong></span> <span class='ocrx_word' id='word_1_246' title='bbox 2357 2006 2624 2070; x_wconf 91' lang='lat' dir='ltr'><strong>operationi</strong></span> 
     </span>
     <span class='ocr_line' id='line_1_29' title="bbox 505 2079 2622 2152; baseline -0 -20"><span class='ocrx_word' id='word_1_247' title='bbox 505 2098 676 2134; x_wconf 88' lang='lat' dir='ltr'><strong>cuncta</strong></span> <span class='ocrx_word' id='word_1_248' title='bbox 717 2079 821 2152; x_wconf 84' lang='lat' dir='ltr'><strong>quae</strong></span> <span class='ocrx_word' id='word_1_249' title='bbox 869 2089 917 2134; x_wconf 90' lang='lat' dir='ltr'><strong>in</strong></span> <span class='ocrx_word' id='word_1_250' title='bbox 970 2089 1165 2136; x_wconf 92' lang='lat' dir='ltr'><strong>ecclesia</strong></span> <span class='ocrx_word' id='word_1_251' title='bbox 1211 2090 1538 2135; x_wconf 79' lang='lat' dir='ltr'><strong>ministrantur</strong></span> <span class='ocrx_word' id='word_1_252' title='bbox 1575 2086 1808 2135; x_wconf 87' lang='lat' dir='ltr'><strong>beneficia</strong></span> <span class='ocrx_word' id='word_1_253' title='bbox 1852 2087 2116 2152; x_wconf 88' lang='lat' dir='ltr'><strong>specialiter</strong></span> <span class='ocrx_word' id='word_1_254' title='bbox 2156 2085 2482 2149; x_wconf 80' lang='lat' dir='ltr'><strong>assignantur?</strong></span> <span class='ocrx_word' id='word_1_255' title='bbox 2515 2088 2622 2132; x_wconf 91' lang='lat' dir='ltr'><strong>Non</strong></span> 
     </span>
     <span class='ocr_line' id='line_1_30' title="bbox 505 2160 2623 2234; baseline -0 -22"><span class='ocrx_word' id='word_1_256' title='bbox 505 2177 663 2215; x_wconf 87' lang='lat' dir='ltr'><strong>tamen</strong></span> <span class='ocrx_word' id='word_1_257' title='bbox 693 2168 787 2215; x_wconf 90' lang='lat' dir='ltr'><strong>hoc</strong></span> <span class='ocrx_word' id='word_1_258' title='bbox 821 2169 885 2215; x_wconf 88' lang='lat' dir='ltr'><strong>ita</strong></span> <span class='ocrx_word' id='word_1_259' title='bbox 915 2160 1230 2232; x_wconf 81' lang='lat' dir='ltr'><strong>conjicimus⁶,</strong></span> <span class='ocrx_word' id='word_1_260' title='bbox 1274 2179 1325 2216; x_wconf 90' lang='lat' dir='ltr'><strong>ut</strong></span> <span class='ocrx_word' id='word_1_261' title='bbox 1361 2186 1512 2234; x_wconf 92' lang='lat' dir='ltr'><strong>quum</strong></span> <span class='ocrx_word' id='word_1_262' title='bbox 1541 2168 1838 2215; x_wconf 89' lang='lat' dir='ltr'><strong>Paracletum</strong></span> <span class='ocrx_word' id='word_1_263' title='bbox 1862 2168 2019 2232; x_wconf 90' lang='lat' dir='ltr'><strong>primo</strong></span> <span class='ocrx_word' id='word_1_264' title='bbox 2049 2177 2264 2213; x_wconf 88' lang='lat' dir='ltr'><strong>nostrum</strong></span> <span class='ocrx_word' id='word_1_265' title='bbox 2297 2166 2623 2212; x_wconf 86' lang='lat' dir='ltr'><strong>vocaverimus</strong></span> 
     </span>
     <span class='ocr_line' id='line_1_31' title="bbox 504 2246 2622 2315; baseline -0.001 -22"><span class='ocrx_word' id='word_1_266' title='bbox 504 2250 788 2309; x_wconf 85' lang='lat' dir='ltr'><strong>oratorium,</strong></span> <span class='ocrx_word' id='word_1_267' title='bbox 821 2250 904 2296; x_wconf 92' lang='lat' dir='ltr'><strong>uni</strong></span> <span class='ocrx_word' id='word_1_268' title='bbox 930 2250 1088 2314; x_wconf 87' lang='lat' dir='ltr'><strong>ipsum</strong></span> <span class='ocrx_word' id='word_1_269' title='bbox 1123 2266 1337 2315; x_wconf 76' lang='lat' dir='ltr'><strong>personae</strong></span> <span class='ocrx_word' id='word_1_270' title='bbox 1375 2266 1464 2295; x_wconf 93' lang='lat' dir='ltr'><strong>nos</strong></span> <span class='ocrx_word' id='word_1_271' title='bbox 1499 2248 1679 2294; x_wconf 89' lang='lat' dir='ltr'><strong>dicasse</strong></span> <span class='ocrx_word' id='word_1_272' title='bbox 1719 2247 1973 2307; x_wconf 80' lang='lat' dir='ltr'><strong>fateamur3</strong></span> <span class='ocrx_word' id='word_1_273' title='bbox 2006 2246 2090 2293; x_wconf 93' lang='lat' dir='ltr'><strong>sed</strong></span> <span class='ocrx_word' id='word_1_274' title='bbox 2120 2255 2318 2310; x_wconf 89' lang='lat' dir='ltr'><strong>propter</strong></span> <span class='ocrx_word' id='word_1_275' title='bbox 2342 2260 2447 2291; x_wconf 84' lang='lat' dir='ltr'><strong>eam</strong></span> <span class='ocrx_word' id='word_1_276' title='bbox 2477 2260 2622 2307; x_wconf 87' lang='lat' dir='ltr'><strong>quam</strong></span> 
     </span>
     <span class='ocr_line' id='line_1_32' title="bbox 504 2320 2622 2391; baseline -0.002 -19"><span class='ocrx_word' id='word_1_277' title='bbox 504 2343 645 2391; x_wconf 90' lang='lat' dir='ltr'><strong>supra</strong></span> <span class='ocrx_word' id='word_1_278' title='bbox 683 2320 979 2375; x_wconf 83' lang='lat' dir='ltr'><strong>reddidimus</strong></span> <span class='ocrx_word' id='word_1_279' title='bbox 1011 2346 1228 2388; x_wconf 83' lang='lat' dir='ltr'><strong>causam,</strong></span> <span class='ocrx_word' id='word_1_280' title='bbox 1264 2329 1313 2375; x_wconf 91' lang='lat' dir='ltr'><strong>in</strong></span> <span class='ocrx_word' id='word_1_281' title='bbox 1345 2328 1627 2375; x_wconf 90' lang='lat' dir='ltr'><strong>memoriam</strong></span> <span class='ocrx_word' id='word_1_282' title='bbox 1663 2326 1838 2373; x_wconf 89' lang='lat' dir='ltr'><strong>scilicet</strong></span> <span class='ocrx_word' id='word_1_283' title='bbox 1866 2335 2038 2372; x_wconf 88' lang='lat' dir='ltr'><strong>nostrae</strong></span> <span class='ocrx_word' id='word_1_284' title='bbox 2069 2323 2436 2382; x_wconf 81' lang='lat' dir='ltr'><strong>consolationiS‚</strong></span> <span class='ocrx_word' id='word_1_285' title='bbox 2473 2337 2622 2386; x_wconf 91' lang='lat' dir='ltr'><strong>quan-</strong></span> 
     </span>
     <span class='ocr_line' id='line_1_33' title="bbox 504 2399 2620 2474; baseline -0.002 -22"><span class='ocrx_word' id='word_1_286' title='bbox 504 2423 646 2469; x_wconf 88' lang='lat' dir='ltr'><strong>quam</strong></span> <span class='ocrx_word' id='word_1_287' title='bbox 667 2409 705 2454; x_wconf 92' lang='lat' dir='ltr'><strong>si</strong></span> <span class='ocrx_word' id='word_1_288' title='bbox 724 2409 804 2455; x_wconf 91' lang='lat' dir='ltr'><strong>illo</strong></span> <span class='ocrx_word' id='word_1_289' title='bbox 825 2399 1039 2474; x_wconf 89' lang='lat' dir='ltr'><strong>quoque,</strong></span> <span class='ocrx_word' id='word_1_290' title='bbox 1061 2426 1158 2473; x_wconf 89' lang='lat' dir='ltr'><strong>quo</strong></span> <span class='ocrx_word' id='word_1_291' title='bbox 1185 2407 1410 2468; x_wconf 90' lang='lat' dir='ltr'><strong>creditur,</strong></span> <span class='ocrx_word' id='word_1_292' title='bbox 1432 2407 1580 2454; x_wconf 91' lang='lat' dir='ltr'><strong>modo</strong></span> <span class='ocrx_word' id='word_1_293' title='bbox 1600 2406 1648 2453; x_wconf 87' lang='lat' dir='ltr'><strong>id</strong></span> <span class='ocrx_word' id='word_1_294' title='bbox 1670 2407 1963 2464; x_wconf 88' lang='lat' dir='ltr'><strong>fecissemus,</strong></span> <span class='ocrx_word' id='word_1_295' title='bbox 1984 2420 2084 2450; x_wconf 89' lang='lat' dir='ltr'><strong>non</strong></span> <span class='ocrx_word' id='word_1_296' title='bbox 2104 2405 2243 2450; x_wconf 85' lang='lat' dir='ltr'><strong>esset⁷</strong></span> <span class='ocrx_word' id='word_1_297' title='bbox 2262 2402 2433 2449; x_wconf 87' lang='lat' dir='ltr'><strong>rationi</strong></span> <span class='ocrx_word' id='word_1_298' title='bbox 2453 2401 2620 2449; x_wconf 86' lang='lat' dir='ltr'><strong>adver-</strong></span> 
     </span>
     <span class='ocr_line' id='line_1_34' title="bbox 503 2487 2347 2552; baseline 0.004 -21"><span class='ocrx_word' id='word_1_299' title='bbox 503 2503 634 2547; x_wconf 89' lang='lat' dir='ltr'><strong>sum,</strong></span> <span class='ocrx_word' id='word_1_300' title='bbox 663 2487 772 2534; x_wconf 90' lang='lat' dir='ltr'><strong>lieet</strong></span> <span class='ocrx_word' id='word_1_301' title='bbox 793 2489 1128 2536; x_wconf 90' lang='lat' dir='ltr'><strong>consuetudini</strong></span> <span class='ocrx_word' id='word_1_302' title='bbox 1150 2489 1465 2552; x_wconf 85' lang='lat' dir='ltr'><strong>incognitum.</strong></span> <span class='ocrx_word' id='word_1_303' title='bbox 2276 2488 2279 2491; x_wconf 64' lang='grc'><strong>’</strong></span> <span class='ocrx_word' id='word_1_304' title='bbox 2345 2495 2347 2503; x_wconf 82' lang='grc'>’</span> 
     </span>
    </p>

    <p class='ocr_par' dir='ltr' id='par_1_8' title="bbox 502 2562 2620 3190">
     <span class='ocr_line' id='line_1_35' title="bbox 566 2562 2620 2633; baseline -0.002 -21"><span class='ocrx_word' id='word_1_305' title='bbox 566 2570 667 2614; x_wconf 92' lang='lat' dir='ltr'><strong>Hoc</strong></span> <span class='ocrx_word' id='word_1_306' title='bbox 700 2578 858 2615; x_wconf 88' lang='lat' dir='ltr'><strong>autem</strong></span> <span class='ocrx_word' id='word_1_307' title='bbox 895 2569 1003 2616; x_wconf 92' lang='lat' dir='ltr'><strong>loco</strong></span> <span class='ocrx_word' id='word_1_308' title='bbox 1040 2586 1118 2616; x_wconf 91' lang='lat' dir='ltr'><strong>me</strong></span> <span class='ocrx_word' id='word_1_309' title='bbox 1157 2585 1359 2633; x_wconf 86' lang='lat' dir='ltr'><strong>corpore</strong></span> <span class='ocrx_word' id='word_1_310' title='bbox 1393 2568 1627 2626; x_wconf 84' lang='lat' dir='ltr'><strong>latitante,</strong></span> <span class='ocrx_word' id='word_1_311' title='bbox 1671 2566 1755 2613; x_wconf 88' lang='lat' dir='ltr'><strong>sed</strong></span> <span class='ocrx_word' id='word_1_312' title='bbox 1795 2566 1918 2612; x_wconf 88' lang='lat' dir='ltr'><strong>fama</strong></span> <span class='ocrx_word' id='word_1_313' title='bbox 1946 2574 2059 2611; x_wconf 91' lang='lat' dir='ltr'><strong>tunc</strong></span> <span class='ocrx_word' id='word_1_314' title='bbox 2096 2562 2325 2609; x_wconf 80' lang='lat' dir='ltr'><strong>maxime⁰</strong></span> <span class='ocrx_word' id='word_1_315' title='bbox 2347 2562 2620 2608; x_wconf 86' lang='lat' dir='ltr'><strong>universum</strong></span> 
     </span>
     <span class='ocr_line' id='line_1_36' title="bbox 502 2642 2620 2713; baseline -0.003 -20"><span class='ocrx_word' id='word_1_316' title='bbox 502 2648 736 2694; x_wconf 91' lang='lat' dir='ltr'><strong>mundum</strong></span> <span class='ocrx_word' id='word_1_317' title='bbox 771 2649 1156 2713; x_wconf 87' lang='lat' dir='ltr'><strong>perambulante,</strong></span> <span class='ocrx_word' id='word_1_318' title='bbox 1201 2659 1248 2695; x_wconf 91' lang='lat' dir='ltr'><strong>et</strong></span> <span class='ocrx_word' id='word_1_319' title='bbox 1284 2648 1407 2706; x_wconf 87' lang='lat' dir='ltr'><strong>illius</strong></span> <span class='ocrx_word' id='word_1_320' title='bbox 1443 2646 1618 2712; x_wconf 87' lang='lat' dir='ltr'><strong>poetici</strong></span> <span class='ocrx_word' id='word_1_321' title='bbox 1650 2645 1862 2710; x_wconf 88' lang='lat' dir='ltr'><strong>figmenti</strong></span> <span class='ocrx_word' id='word_1_322' title='bbox 1897 2644 2031 2709; x_wconf 91' lang='lat' dir='ltr'><strong>quod</strong></span> <span class='ocrx_word' id='word_1_323' title='bbox 2061 2643 2193 2690; x_wconf 90' lang='lat' dir='ltr'><strong>Echo</strong></span> <span class='ocrx_word' id='word_1_324' title='bbox 2231 2642 2435 2689; x_wconf 82' lang='lat' dir='ltr'><strong>dicitur⁹</strong></span> <span class='ocrx_word' id='word_1_325' title='bbox 2472 2642 2620 2688; x_wconf 86' lang='lat' dir='ltr'><strong>instar</strong></span> 
     </span>
     <span class='ocr_line' id='line_1_37' title="bbox 504 2711 2612 2793; baseline -0.003 -19"><span class='ocrx_word' id='word_1_326' title='bbox 504 2730 690 2791; x_wconf 91' lang='lat' dir='ltr'><strong>penitus</strong></span> <span class='ocrx_word' id='word_1_327' title='bbox 713 2730 1003 2788; x_wconf 63' lang='lat' dir='ltr'><strong>recinentem,</strong></span> <span class='ocrx_word' id='word_1_328' title='bbox 1036 2728 1168 2793; x_wconf 92' lang='lat' dir='ltr'><strong>quod</strong></span> <span class='ocrx_word' id='word_1_329' title='bbox 1201 2716 1417 2775; x_wconf 80' lang='lat' dir='ltr'><strong>videlicet</strong></span> <span class='ocrx_word' id='word_1_330' title='bbox 1441 2726 1702 2791; x_wconf 90' lang='lat' dir='ltr'><strong>plurimum</strong></span> <span class='ocrx_word' id='word_1_331' title='bbox 1730 2726 1859 2772; x_wconf 88' lang='lat' dir='ltr'><strong>vocis</strong></span> <span class='ocrx_word' id='word_1_332' title='bbox 1889 2723 2111 2782; x_wconf 81' lang='lat' dir='ltr'><strong>habeat¹¹‚</strong></span> <span class='ocrx_word' id='word_1_333' title='bbox 2143 2722 2227 2769; x_wconf 91' lang='lat' dir='ltr'><strong>sed</strong></span> <span class='ocrx_word' id='word_1_334' title='bbox 2262 2711 2380 2768; x_wconf 80' lang='lat' dir='ltr'><strong>nihil</strong></span> <span class='ocrx_word' id='word_1_335' title='bbox 2415 2720 2612 2768; x_wconf 90' lang='lat' dir='ltr'><strong>subest:</strong></span> 
     </span>
     <span class='ocr_line' id='line_1_38' title="bbox 504 2801 2619 2875; baseline -0.004 -21"><span class='ocrx_word' id='word_1_336' title='bbox 504 2810 684 2873; x_wconf 89' lang='lat' dir='ltr'><strong>priores</strong></span> <span class='ocrx_word' id='word_1_337' title='bbox 710 2810 883 2870; x_wconf 85' lang='lat' dir='ltr'><strong>aemuli,</strong></span> <span class='ocrx_word' id='word_1_338' title='bbox 910 2826 1059 2874; x_wconf 90' lang='lat' dir='ltr'><strong>quum</strong></span> <span class='ocrx_word' id='word_1_339' title='bbox 1088 2826 1174 2873; x_wconf 89' lang='lat' dir='ltr'><strong>per</strong></span> <span class='ocrx_word' id='word_1_340' title='bbox 1197 2821 1245 2855; x_wconf 90' lang='lat' dir='ltr'><strong>se</strong></span> <span class='ocrx_word' id='word_1_341' title='bbox 1268 2808 1367 2871; x_wconf 85' lang='lat' dir='ltr'><strong>jam</strong></span> <span class='ocrx_word' id='word_1_342' title='bbox 1386 2807 1544 2853; x_wconf 91' lang='lat' dir='ltr'><strong>minus</strong></span> <span class='ocrx_word' id='word_1_343' title='bbox 1567 2805 1799 2864; x_wconf 86' lang='lat' dir='ltr'><strong>valerent,</strong></span> <span class='ocrx_word' id='word_1_344' title='bbox 1828 2803 2064 2869; x_wconf 91' lang='lat' dir='ltr'><strong>quosdam</strong></span> <span class='ocrx_word' id='word_1_345' title='bbox 2088 2801 2341 2848; x_wconf 88' lang='lat' dir='ltr'><strong>adversum</strong></span> <span class='ocrx_word' id='word_1_346' title='bbox 2363 2817 2440 2875; x_wconf 87' lang='lat' dir='ltr'><strong>me</strong></span> <span class='ocrx_word' id='word_1_347' title='bbox 2466 2815 2619 2874; x_wconf 85' lang='lat' dir='ltr'><strong>novos</strong></span> 
     </span>
     <span class='ocr_line' id='line_1_39' title="bbox 506 2870 2620 2955; baseline -0.005 -20"><span class='ocrx_word' id='word_1_348' title='bbox 506 2891 768 2954; x_wconf 88' lang='lat' dir='ltr'><strong>apostolos,</strong></span> <span class='ocrx_word' id='word_1_349' title='bbox 813 2890 985 2955; x_wconf 88' lang='lat' dir='ltr'><strong>quibus</strong></span> <span class='ocrx_word' id='word_1_350' title='bbox 1028 2889 1237 2936; x_wconf 90' lang='lat' dir='ltr'><strong>mundus</strong></span> <span class='ocrx_word' id='word_1_351' title='bbox 1278 2888 1538 2953; x_wconf 91' lang='lat' dir='ltr'><strong>plurimum</strong></span> <span class='ocrx_word' id='word_1_352' title='bbox 1579 2885 1827 2944; x_wconf 89' lang='lat' dir='ltr'><strong>credebat,</strong></span> <span class='ocrx_word' id='word_1_353' title='bbox 1863 2884 2212 2941; x_wconf 73' lang='lat' dir='ltr'><strong>excitaverunt,</strong></span> <span class='ocrx_word' id='word_1_354' title='bbox 2259 2870 2469 2945; x_wconf 86' lang='lat' dir='ltr'><strong>quorum</strong></span> <span class='ocrx_word' id='word_1_355' title='bbox 2503 2879 2620 2926; x_wconf 90' lang='lat' dir='ltr'><strong>alter</strong></span> 
     </span>
     <span class='ocr_line' id='line_1_40' title="bbox 505 2959 2612 3033; baseline -0.004 -18"><span class='ocrx_word' id='word_1_356' title='bbox 505 2970 787 3033; x_wconf 86' lang='lat' dir='ltr'><strong>regularium</strong></span> <span class='ocrx_word' id='word_1_357' title='bbox 812 2972 1154 3018; x_wconf 88' lang='lat' dir='ltr'><strong>canonicorum</strong></span> <span class='ocrx_word' id='word_1_358' title='bbox 1177 2970 1347 3028; x_wconf 89' lang='lat' dir='ltr'><strong>vitam,</strong></span> <span class='ocrx_word' id='word_1_359' title='bbox 1375 2967 1492 3014; x_wconf 89' lang='lat' dir='ltr'><strong>alter</strong></span> <span class='ocrx_word' id='word_1_360' title='bbox 1517 2965 1865 3013; x_wconf 86' lang='lat' dir='ltr'><strong>monachorum</strong></span> <span class='ocrx_word' id='word_1_361' title='bbox 1884 2981 1933 3010; x_wconf 90' lang='lat' dir='ltr'><strong>se</strong></span> <span class='ocrx_word' id='word_1_362' title='bbox 1953 2963 2251 3010; x_wconf 89' lang='lat' dir='ltr'><strong>resuscitasse</strong></span> <span class='ocrx_word' id='word_1_363' title='bbox 2276 2959 2612 3025; x_wconf 71' lang='lat' dir='ltr'><strong>gloriabatur¹&#39;.</strong></span> 
     </span>
     <span class='ocr_line' id='line_1_41' title="bbox 506 3030 2617 3115; baseline -0.006 -18"><span class='ocrx_word' id='word_1_364' title='bbox 506 3051 561 3098; x_wconf 91' lang='lat' dir='ltr'><strong>Hi</strong></span> <span class='ocrx_word' id='word_1_365' title='bbox 586 3051 886 3114; x_wconf 78' lang='lat' dir='ltr'><strong>praedicando</strong></span> <span class='ocrx_word' id='word_1_366' title='bbox 914 3069 1000 3115; x_wconf 91' lang='lat' dir='ltr'><strong>per</strong></span> <span class='ocrx_word' id='word_1_367' title='bbox 1024 3038 1260 3098; x_wconf 88' lang='lat' dir='ltr'><strong>mundum</strong></span> <span class='ocrx_word' id='word_1_368' title='bbox 1279 3030 1620 3106; x_wconf 82' lang='lat' dir='ltr'><strong>discurrenteS,</strong></span> <span class='ocrx_word' id='word_1_369' title='bbox 1648 3056 1695 3093; x_wconf 91' lang='lat' dir='ltr'><strong>et</strong></span> <span class='ocrx_word' id='word_1_370' title='bbox 1712 3062 1789 3093; x_wconf 91' lang='lat' dir='ltr'><strong>me</strong></span> <span class='ocrx_word' id='word_1_371' title='bbox 1813 3043 2118 3109; x_wconf 85' lang='lat' dir='ltr'><strong>impudenter</strong></span> <span class='ocrx_word' id='word_1_372' title='bbox 2141 3051 2374 3107; x_wconf 87' lang='lat' dir='ltr'><strong>quantum</strong></span> <span class='ocrx_word' id='word_1_373' title='bbox 2398 3049 2617 3104; x_wconf 86' lang='lat' dir='ltr'><strong>poterant</strong></span> 
     </span>
     <span class='ocr_line' id='line_1_42' title="bbox 502 3118 2615 3190; baseline -0.006 -13"><span class='ocrx_word' id='word_1_374' title='bbox 502 3130 838 3190; x_wconf 86' lang='lat' dir='ltr'><strong>corrodentes,</strong></span> <span class='ocrx_word' id='word_1_375' title='bbox 867 3147 966 3177; x_wconf 91' lang='lat' dir='ltr'><strong>non</strong></span> <span class='ocrx_word' id='word_1_376' title='bbox 1003 3130 1225 3178; x_wconf 81' lang='lat' dir='ltr'><strong>modice¹³</strong></span> <span class='ocrx_word' id='word_1_377' title='bbox 1248 3139 1345 3177; x_wconf 89' lang='lat' dir='ltr'><strong>tam</strong></span> <span class='ocrx_word' id='word_1_378' title='bbox 1377 3127 1699 3176; x_wconf 88' lang='lat' dir='ltr'><strong>ecclesiasticis</strong></span> <span class='ocrx_word' id='word_1_379' title='bbox 1729 3125 2015 3190; x_wconf 87' lang='lat' dir='ltr'><strong>quibusdam</strong></span> <span class='ocrx_word' id='word_1_380' title='bbox 2039 3139 2184 3188; x_wconf 89' lang='lat' dir='ltr'><strong>quam</strong></span> <span class='ocrx_word' id='word_1_381' title='bbox 2216 3118 2504 3168; x_wconf 89' lang='lat' dir='ltr'><strong>secularibus</strong></span> <span class='ocrx_word' id='word_1_382' title='bbox 2530 3135 2615 3182; x_wconf 90' lang='lat' dir='ltr'><strong>po-</strong></span> 
     </span>
    </p>
   </div>
   <div class='ocr_carea' id='block_1_8' title="bbox 504 3287 2616 3460">
    <p class='ocr_par' dir='ltr' id='par_1_9' title="bbox 504 3287 2616 3460">
     <span class='ocr_line' id='line_1_43' title="bbox 550 3287 2612 3353; baseline -0.005 -12.872"><span class='ocrx_word' id='word_1_383' title='bbox 550 3307 629 3340; x_wconf 89' lang='lat' dir='ltr'><strong>Sic</strong></span> <span class='ocrx_word' id='word_1_384' title='bbox 646 3307 713 3340; x_wconf 84' lang='lat' dir='ltr'><strong>MS.</strong></span> <span class='ocrx_word' id='word_1_385' title='bbox 735 3306 859 3339; x_wconf 81' lang='lat' dir='ltr'><strong>Amb.-</strong></span> <span class='ocrx_word' id='word_1_386' title='bbox 869 3307 1002 3339; x_wconf 71' lang='lat' dir='ltr'><strong>Factum</strong></span> <span class='ocrx_word' id='word_1_387' title='bbox 1018 3305 1102 3339; x_wconf 81' lang='lat' dir='ltr'><strong>Edit</strong></span> <span class='ocrx_word' id='word_1_388' title='bbox 1118 3306 1213 3340; x_wconf 76' lang='lat' dir='ltr'><strong>Amb</strong></span> <span class='ocrx_word' id='word_1_389' title='bbox 1225 3325 1266 3331; x_wconf 81' lang='lat'>-</span> <span class='ocrx_word' id='word_1_390' title='bbox 1280 3305 1478 3353; x_wconf 67' lang='lat' dir='ltr'><strong>&#39;Discipulis</strong></span> <span class='ocrx_word' id='word_1_391' title='bbox 1496 3303 1533 3336; x_wconf 83' lang='lat' dir='ltr'><strong>n.</strong></span> <span class='ocrx_word' id='word_1_392' title='bbox 1577 3301 1644 3335; x_wconf 86' lang='lat' dir='ltr'><strong>MS.</strong></span> <span class='ocrx_word' id='word_1_393' title='bbox 1666 3300 1761 3334; x_wconf 76' lang='lat' dir='ltr'><strong>Amb.</strong></span> <span class='ocrx_word' id='word_1_394' title='bbox 1774 3314 1818 3324; x_wconf 84' lang='lat'>—</span> <span class='ocrx_word' id='word_1_395' title='bbox 1833 3297 1846 3316; x_wconf 79' lang='lat'>⁸</span> <span class='ocrx_word' id='word_1_396' title='bbox 1865 3298 1918 3331; x_wconf 72' lang='lat' dir='ltr'><strong>Sic</strong></span> <span class='ocrx_word' id='word_1_397' title='bbox 1937 3296 2054 3331; x_wconf 77' lang='lat' dir='ltr'><strong>Asscn.</strong></span> <span class='ocrx_word' id='word_1_398' title='bbox 2067 3294 2240 3328; x_wconf 69' lang='lat' dir='ltr'><strong>-naxime</strong></span> <span class='ocrx_word' id='word_1_399' title='bbox 2255 3290 2367 3325; x_wconf 78' lang='lat' dir='ltr'><strong>deest</strong></span> <span class='ocrx_word' id='word_1_400' title='bbox 2358 3300 2390 3322; x_wconf 87' lang='lat' dir='ltr'>m</span> <span class='ocrx_word' id='word_1_401' title='bbox 2405 3287 2612 3322; x_wconf 76' lang='lat' dir='ltr'><strong>editionibus</strong></span> 
     </span>
     <span class='ocr_line' id='line_1_44' title="bbox 504 3343 2616 3403; baseline -0.009 -9"><span class='ocrx_word' id='word_1_402' title='bbox 504 3379 548 3386; x_wconf 91' lang='lat'>—</span> <span class='ocrx_word' id='word_1_403' title='bbox 556 3361 879 3395; x_wconf 32' lang='lat' dir='ltr'><strong>‘CuremusRMSffi</strong></span> <span class='ocrx_word' id='word_1_404' title='bbox 890 3361 1019 3395; x_wconf 78' lang='lat' dir='ltr'><strong>⁴SicC.</strong></span> <span class='ocrx_word' id='word_1_405' title='bbox 1036 3368 1068 3393; x_wconf 83' lang='lat' dir='ltr'><strong>et</strong></span> <span class='ocrx_word' id='word_1_406' title='bbox 1080 3362 1145 3394; x_wconf 90' lang='lat' dir='ltr'><strong>MS</strong></span> <span class='ocrx_word' id='word_1_407' title='bbox 1155 3361 1281 3394; x_wconf 76' lang='lat' dir='ltr'><strong>Amb.-</strong></span> <span class='ocrx_word' id='word_1_408' title='bbox 1257 3363 1435 3403; x_wconf 81' lang='lat' dir='ltr'><strong>-Speciale</strong></span> <span class='ocrx_word' id='word_1_409' title='bbox 1442 3345 1535 3392; x_wconf 64' lang='lat' dir='ltr'><strong>ffiit.</strong></span> <span class='ocrx_word' id='word_1_410' title='bbox 1578 3357 1751 3391; x_wconf 83' lang='lat' dir='ltr'><strong>—⁹Ovid.</strong></span> <span class='ocrx_word' id='word_1_411' title='bbox 1765 3358 1896 3389; x_wconf 77' lang='lat' dir='ltr'><strong>Metam.</strong></span> <span class='ocrx_word' id='word_1_412' title='bbox 1910 3353 1974 3394; x_wconf 80' lang='lat'><strong>111,</strong></span> <span class='ocrx_word' id='word_1_413' title='bbox 1987 3364 2016 3385; x_wconf 90' lang='lat' dir='ltr'><strong>v.</strong></span> <span class='ocrx_word' id='word_1_414' title='bbox 2036 3352 2098 3386; x_wconf 79' lang='lat'><strong>358</strong></span> <span class='ocrx_word' id='word_1_415' title='bbox 2114 3357 2146 3384; x_wconf 84' lang='lat' dir='ltr'><strong>et</strong></span> <span class='ocrx_word' id='word_1_416' title='bbox 2160 3360 2255 3393; x_wconf 80' lang='lat' dir='ltr'><strong>sq</strong></span> <span class='ocrx_word' id='word_1_417' title='bbox 2265 3347 2295 3365; x_wconf 85' lang='lat'><strong>⁴⁰</strong></span> <span class='ocrx_word' id='word_1_418' title='bbox 2314 3348 2477 3380; x_wconf 69' lang='lat' dir='ltr'><strong>Retinente</strong></span> <span class='ocrx_word' id='word_1_419' title='bbox 2492 3343 2583 3377; x_wconf 82' lang='lat' dir='ltr'><strong>ABG.</strong></span> <span class='ocrx_word' id='word_1_420' title='bbox 2593 3360 2616 3367; x_wconf 89' lang='lat'>-</span> 
     </span>
     <span class='ocr_line' id='line_1_45' title="bbox 506 3401 2612 3460; baseline -0.006 -9"><span class='ocrx_word' id='word_1_421' title='bbox 506 3418 599 3451; x_wconf 80' lang='lat' dir='ltr'><strong>Amb.</strong></span> <span class='ocrx_word' id='word_1_422' title='bbox 605 3437 643 3442; x_wconf 89' lang='lat'><strong>-—</strong></span> <span class='ocrx_word' id='word_1_423' title='bbox 649 3418 812 3451; x_wconf 57' lang='lat' dir='ltr'><strong>¹&#39;Corintln</strong></span> <span class='ocrx_word' id='word_1_424' title='bbox 830 3420 855 3453; x_wconf 90' lang='grc' dir='ltr'><strong><em>Ι</em></strong></span> <span class='ocrx_word' id='word_1_425' title='bbox 873 3429 946 3460; x_wconf 77' lang='lat' dir='ltr'><strong>cap.</strong></span> <span class='ocrx_word' id='word_1_426' title='bbox 962 3429 1006 3458; x_wconf 78' lang='lat' dir='ltr'><strong>vi,</strong></span> <span class='ocrx_word' id='word_1_427' title='bbox 1013 3429 1045 3451; x_wconf 80' lang='lat' dir='ltr'><strong>v·</strong></span> <span class='ocrx_word' id='word_1_428' title='bbox 1058 3421 1093 3450; x_wconf 89' lang='grc'><strong>17</strong></span> <span class='ocrx_word' id='word_1_429' title='bbox 1107 3426 1139 3451; x_wconf 86' lang='lat' dir='ltr'><strong>et</strong></span> <span class='ocrx_word' id='word_1_430' title='bbox 1155 3421 1205 3451; x_wconf 84' lang='lat'><strong>19.</strong></span> <span class='ocrx_word' id='word_1_431' title='bbox 1210 3436 1253 3442; x_wconf 94' lang='lat'>—</span> <span class='ocrx_word' id='word_1_432' title='bbox 1262 3419 1340 3452; x_wconf 72' lang='lat' dir='ltr'><strong>6Sic</strong></span> <span class='ocrx_word' id='word_1_433' title='bbox 1351 3417 1442 3451; x_wconf 75' lang='lat' dir='ltr'><strong>ABG.</strong></span> <span class='ocrx_word' id='word_1_434' title='bbox 1450 3417 1538 3450; x_wconf 90' lang='lat' dir='ltr'><strong>—Co-</strong></span> <span class='ocrx_word' id='word_1_435' title='bbox 1581 3411 1838 3448; x_wconf 81' lang='lat' dir='ltr'><strong>ResonanteMS.</strong></span> <span class='ocrx_word' id='word_1_436' title='bbox 1851 3410 1946 3443; x_wconf 88' lang='lat' dir='ltr'><strong>Amb.</strong></span> <span class='ocrx_word' id='word_1_437' title='bbox 1955 3428 1989 3433; x_wconf 87' lang='lat'>—</span> <span class='ocrx_word' id='word_1_438' title='bbox 1996 3408 2135 3441; x_wconf 76' lang='lat' dir='ltr'><strong>&#39;Habet</strong></span> <span class='ocrx_word' id='word_1_439' title='bbox 2147 3404 2276 3439; x_wconf 77' lang='lat' dir='ltr'><strong>ABG</strong></span> <span class='ocrx_word' id='word_1_440' title='bbox 2293 3402 2322 3421; x_wconf 76' lang='lat'><strong>⁴²</strong></span> <span class='ocrx_word' id='word_1_441' title='bbox 2338 3401 2419 3435; x_wconf 76' lang='lat' dir='ltr'><strong>Vide</strong></span> <span class='ocrx_word' id='word_1_442' title='bbox 2434 3408 2503 3434; x_wconf 75' lang='lat' dir='ltr'><strong>not·</strong></span> <span class='ocrx_word' id='word_1_443' title='bbox 2516 3409 2612 3432; x_wconf 60' lang='lat'><strong>¹1³¹!-</strong></span> 
     </span>
    </p>
   </div>
   <div class='ocr_carea' id='block_1_9' title="bbox 506 3464 2038 3516">
    <p class='ocr_par' dir='ltr' id='par_1_10' title="bbox 506 3464 2038 3516">
     <span class='ocr_line' id='line_1_46' title="bbox 506 3464 2038 3516; baseline -0.006 -8"><span class='ocrx_word' id='word_1_444' title='bbox 506 3475 712 3515; x_wconf 68' lang='lat' dir='ltr'><strong>quovimnsn.</strong></span> <span class='ocrx_word' id='word_1_445' title='bbox 722 3475 907 3515; x_wconf 72' lang='lat' dir='ltr'><strong>-Ayitamus</strong></span> <span class='ocrx_word' id='word_1_446' title='bbox 921 3474 987 3507; x_wconf 88' lang='lat' dir='ltr'><strong>MS.</strong></span> <span class='ocrx_word' id='word_1_447' title='bbox 1000 3473 1093 3508; x_wconf 81' lang='lat' dir='ltr'><strong>Amb.</strong></span> <span class='ocrx_word' id='word_1_448' title='bbox 1098 3475 1304 3516; x_wconf 76' lang='lat' dir='ltr'><strong>—Coqitamus</strong></span> <span class='ocrx_word' id='word_1_449' title='bbox 1316 3474 1404 3507; x_wconf 83' lang='lat' dir='ltr'><strong>Edit.</strong></span> <span class='ocrx_word' id='word_1_450' title='bbox 1409 3470 1475 3499; x_wconf 83' lang='lat'><strong>-&#39;¹</strong></span> <span class='ocrx_word' id='word_1_451' title='bbox 1480 3474 1539 3505; x_wconf 75' lang='lat' dir='ltr'><strong>Est</strong></span> <span class='ocrx_word' id='word_1_452' title='bbox 1580 3489 1623 3498; x_wconf 84' lang='lat'><strong>—-</strong></span> <span class='ocrx_word' id='word_1_453' title='bbox 1651 3471 1843 3503; x_wconf 66' lang='grc' dir='ltr'><strong>5ΙΙῙοάἰωινη</strong></span> <span class='ocrx_word' id='word_1_454' title='bbox 1857 3467 1923 3500; x_wconf 83' lang='grc' dir='ltr'><strong>Μ8.</strong></span> <span class='ocrx_word' id='word_1_455' title='bbox 1942 3464 2038 3500; x_wconf 83' lang='grc' dir='ltr'>Α11111.</span> 
     </span>
    </p>
   </div>
  </div>
 </body>
</html>
