2970 4152
669 504 1560 699 MAGISTRI
1695 543 2244 681 PETRI

1278 817 1642 877 EPISTOLA

950 1010 1039 1062 AD
1078 1010 1397 1062 VIRGINES
1435 1009 1973 1062 PARACLITENSES

827 1199 951 1278 DE
1012 1197 1370 1276 STUDIO
1424 1197 2083 1276 LITTERARUM.

452 1601 586 1648 Quum
599 1599 726 1641 multa
738 1598 823 1640 sint
833 1598 886 1640 iis
901 1599 967 1653 qui
983 1599 1066 1639 Deo
1080 1596 1231 1638 addicti
1248 1603 1344 1637 sunt
1354 1629 1365 1649 ,
1382 1608 1554 1638 munera
1571 1597 1781 1651 assignata
1793 1629 1803 1648 ‚
1826 1603 1911 1638 tum
1940 1597 2144 1652 imprimis
2159 1596 2375 1639 Abaelardo
2390 1609 2527 1638 neces—

397 1669 553 1710 sarium
571 1668 747 1720 videtur,
768 1674 815 1709 ut
832 1679 971 1709 sacras
987 1667 1144 1708 litteras
1163 1678 1247 1706 non
1268 1666 1439 1707 strictim
1460 1672 1501 1707 et
1517 1666 1662 1707 leviter
1680 1666 1904 1720 attingant,
1925 1666 1997 1707 sed
2015 1666 2094 1708 illis
2110 1666 2182 1708 diu
2201 1679 2248 1708 ac
2267 1667 2430 1721 penitus
2445 1667 2526 1706 im-

397 1736 586 1778 buantur.
609 1735 713 1778 lllud
734 1737 861 1790 igitur
882 1735 1066 1777 studium
1080 1767 1091 1787 ,
1112 1734 1224 1789 quod
1249 1740 1369 1776 antea
1388 1734 1472 1789 jam
1500 1734 1740 1788 diligentius
1758 1735 2137 1787 commendaverat,
2158 1735 2297 1777 laudat
2315 1735 2462 1776 iterum
2484 1735 2526 1775 in

398 1805 475 1846 hac
493 1805 668 1859 epistola
690 1804 742 1846 ad
766 1805 947 1858 virgines
973 1803 1266 1858 paraclitenses
1291 1804 1444 1858 scripta
1459 1835 1470 1854 ‚
1490 1808 1531 1844 et
1559 1803 1797 1859 Hieronymi
1822 1805 2063 1846 auctoritate
2084 1803 2214 1845 fretus
2240 1804 2428 1858 praecipit
2444 1837 2453 1852 ‚
2485 1811 2528 1844 ut

397 1873 512 1914 latini
532 1873 735 1914 sermonis
756 1871 1045 1913 consuetudini
1063 1871 1232 1912 accedat
1251 1872 1372 1924 graeci
1399 1871 1631 1926 hebraeique
1652 1872 1845 1923 scientia,
1867 1885 1950 1927 quo
1971 1872 2043 1914 Dei
2065 1872 2190 1914 verba
2215 1873 2257 1913 in
2286 1872 2375 1927 ipsa
2401 1873 2531 1912 nativi

397 1943 605 1984 idiomatis
623 1943 854 1984 sinceritate
870 1941 1031 1996 plenius
1049 1940 1339 1995 intelligantur.
1363 1943 1503 1996 Neque
1531 1941 1583 1982 ad
1603 1943 1833 1996 exemplum
1860 1942 1987 1984 modo
2007 1942 2200 1997 proponit
2218 1947 2258 1984 et
2276 1941 2443 1983 Paulam
2459 1974 2468 1990 ,
2490 1948 2530 1983 et

398 2012 662 2054 Eustochium
678 2043 688 2061 ,
709 2017 751 2052 et
767 2010 941 2052 Asellam
954 2043 963 2060 ‚
991 2016 1032 2051 et
1060 2016 1121 2051 tot
1145 2010 1247 2051 alias
1272 2023 1462 2051 romanas
1491 2011 1705 2060 mulieres,
1726 2024 1817 2066 quae
1835 2025 1883 2053 ea
1902 2018 2107 2066 praecepta
2124 2011 2367 2066 exequendo
2387 2010 2530 2052 erudi-

398 2080 508 2121 tione
524 2080 816 2130 inclaruerunt,
830 2078 903 2119 sed
914 2084 955 2119 et
969 2077 1198 2119 Heloissam
1214 2091 1335 2132 quam
1352 2084 1434 2119 tres
1446 2078 1608 2132 linguas
1621 2079 1793 2120 affirmat
1810 2080 2084 2134 percalluisse.
2105 2081 2193 2121 Hoc
2206 2087 2339 2121 autem
2354 2092 2531 2134 opuscu-

397 2150 481 2190 lum
496 2162 621 2204 quum
642 2148 850 2203 aptissime
868 2153 1068 2201 congruat
1086 2160 1179 2188 cum
1201 2147 1341 2201 regula
1362 2147 1550 2188 Paracliti
1562 2180 1572 2199 ,
1592 2155 1633 2189 et
1651 2149 1694 2189 in
1714 2162 1836 2190 eausa
1854 2161 2023 2203 prorsus
2045 2149 2166 2190 fuerit
2187 2162 2261 2190 cur
2276 2149 2462 2190 Heloissa
2478 2149 2528 2190 ab

398 2217 611 2260 Abaelardo
625 2217 809 2272 quaedam
821 2216 874 2258 de
887 2216 1011 2258 variis
1026 2229 1153 2257 sacrae
1163 2216 1384 2271 Scripturae
1395 2216 1498 2258 locis
1511 2224 1838 2271 percontaretur,
1850 2224 1941 2272 post
1953 2224 2137 2259 octavam
2149 2218 2363 2272 epistolam
2378 2224 2418 2259 et
2435 2225 2529 2259 ante

397 2285 660 2329 Problemata
675 2285 805 2328 multo
819 2285 1078 2327 commodius
1091 2298 1168 2326 nos
1185 2285 1411 2327 collocasse
1427 2285 1688 2339 arbitramur,
1702 2300 1824 2341 quam
1839 2287 2099 2340 Amboesius,
2116 2287 2185 2341 qui
2202 2286 2301 2328 illud
2316 2287 2424 2328 inter
2438 2288 2528 2341 epi-

399 2356 544 2398 stolam
565 2356 662 2398 divo
684 2355 893 2398 Bernardo
917 2354 1112 2409 scriptam
1139 2360 1180 2396 et
1204 2355 1288 2396 divi
1315 2355 1511 2409 Stephani
1532 2357 1825 2410 panegyricum
1843 2389 1853 2407 ,
1872 2369 1964 2411 pag.
1992 2358 2176 2398 251-263
2200 2368 2283 2397 suae
2305 2356 2497 2397 editionis
2516 2390 2524 2405 ‚

398 2425 627 2467 inseruerit.

453 2493 651 2535 Libellum
665 2494 982 2547 recognovimus
1001 2493 1053 2535 ad
1074 2493 1198 2535 fidem
1218 2493 1375 2535 codicis
1389 2494 1601 2543 Victorini,
1622 2502 1666 2535 n⁰
1686 2497 1782 2544 39¹7,
1801 2495 1843 2535 in
1863 2507 1961 2549 quo,
1976 2495 2083 2536 inter
2098 2493 2284 2549 quaedam
2301 2494 2530 2548 theologica

400 2575 526 2616 opera
538 2595 549 2614 ‚
569 2562 829 2603 continentur
846 2562 1042 2603 nonnulla
1060 2561 1261 2604 Abaelardi
1280 2564 1431 2617 scripta
1444 2595 1453 2613 ,
1476 2563 1631 2605 scilicet
1654 2578 1662 2604 :
1688 2563 1963 2616 Confessionis
1981 2564 2099 2608 Fidei
2116 2563 2319 2617 reliquiae,
2342 2569 2424 2604 tres
2444 2565 2530 2604 Ear-

391 2635 616 2685 positiones
644 2631 687 2672 in
714 2631 963 2672 dominicam
992 2631 1221 2672 orationem
1251 2631 1565 2687 symbolumque
1590 2632 1871 2687 apostolorum
1892 2638 1932 2672 et
1951 2631 2035 2672 divi
2066 2632 2299 2684 Athanasii,
2336 2633 2530 2673 Heloissoe

399 2701 684 2749 Problemata,
704 2699 881 2755 denique
900 2700 1033 2741 oratio
1052 2699 1122 2742 illa
1140 2699 1191 2741 de
1215 2713 1296 2755 qua
1322 2714 1431 2742 nunc
1455 2701 1603 2755 agitur.
1629 2703 1675 2742 In
1695 2700 1901 2756 prioribus
1930 2701 2164 2755 opusculis,
2185 2701 2429 2755 scripturam
2458 2714 2529 2742 xlii

400 2769 536 2811 seculo
555 2769 743 2810 usitatam
769 2769 1036 2822 agnovimus;
1055 2770 1318 2811 Problemata
1340 2782 1437 2811 vero
1457 2776 1498 2812 et
1518 2770 1648 2811 oratio
1665 2771 1715 2811 de
1734 2771 1883 2813 Studio
1903 2772 2154 2812 Litterarum
2175 2783 2256 2811 non
2276 2776 2369 2811 ante
2388 2783 2436 2811 xv
2459 2783 2527 2811 se-

398 2840 535 2880 culum
553 2838 706 2893 scripta
722 2837 925 2879 videntur.

1267 3227 1663 3287 EPISTULA.

465 3367 633 3412 Beatus
658 3366 977 3430 Hieronymus
998 3365 1048 3412 in
1074 3365 1344 3414 eruditione
1367 3366 1608 3430 virginum
1627 3364 1799 3412 Christi
1818 3364 2079 3430 plurimum
2097 3374 2385 3431 occupatus,
2410 3365 2533 3411 inter

401 3454 593 3505 caetera,
629 3462 733 3510 quae
757 3445 818 3493 ad
845 3445 1210 3494 aedificationem
1245 3464 1410 3494 earum
1441 3446 1627 3506 scribit,
1666 3461 1907 3493 sacrarum
1930 3445 2141 3493 studium
2163 3445 2426 3493 litterarum
2466 3447 2531 3492 eis

403 3527 607 3574 maxime
631 3527 963 3589 commendat,
997 3538 1043 3576 et
1069 3528 1129 3576 ad
1152 3527 1249 3576 hoc
1279 3545 1358 3577 eas
1392 3545 1491 3575 non
1529 3538 1627 3575 tam
1653 3527 1811 3575 verbis
1848 3527 2083 3588 hortatur,
2125 3543 2270 3592 quam
2304 3526 2531 3591 exemplis

563 3618 576 3646 1
2320 3608 2371 3646 29
