2970 4152
945 406 1004 454 IN
1037 403 1315 452 PASSIONE
1348 402 1560 450 DOMINI
1594 400 1811 448 SERMO.
2346 396 2439 443 453

324 504 538 551 humano
562 502 814 549 destitutus
836 500 1009 548 auxilio
1022 537 1033 559 ,
1066 499 1143 547 cui
1171 497 1451 562 angelorum
1480 495 1725 544 assistebat
1753 492 2027 541 multitudO.
2054 492 2266 539 Primum
2293 492 2443 539 addu-

324 583 447 630 citur
469 582 531 631 ad
547 584 735 630 Annam
750 581 1047 649 pontificem,
1066 595 1287 628 socerum
1303 577 1516 642 Caiphae,
1538 577 1621 641 qui
1642 575 1863 623 videlicet
1880 573 2083 638 Caiphas
2106 583 2206 619 erat
2228 572 2441 637 pontifex

323 667 438 712 anni
460 665 600 712 illius.
627 666 765 713 Vices
793 666 972 730 quippe
999 679 1108 710 suas
1137 660 1311 708 diversi
1338 658 1589 724 pontifices
1613 658 1714 721 jam
1745 657 1855 704 facti
1883 654 2087 719 agebant
2115 671 2201 719 per
2229 653 2442 700 diversos

323 760 493 793 annos.
519 746 732 792 Primum
754 745 815 793 ad
844 748 1032 792 Annam
1062 741 1334 790 illudendus
1367 740 1434 787 ibi
1470 739 1741 798 adducitur,
1768 737 1942 785 deinde
1979 736 2041 783 ad
2063 735 2316 801 Caipham,
2344 746 2443 782 tan-

323 822 436 872 dem
457 824 519 872 ad
547 824 772 884 Pilatum,
798 835 851 871 ut
879 815 1048 889 saepius
1077 821 1240 870 illusus
1268 819 1596 876 erubescentia
1625 817 2017 875 confunderetur,
2045 816 2212 881 saepius
2241 814 2442 862 afflictus

322 903 526 952 deficere
547 915 814 969 cogeretur.
841 903 1149 952 Pontificibus
1171 914 1402 967 tanquam
1429 900 1709 965 legisperitis
1733 900 1890 964 primo
1921 907 2230 963 praesentatur
2263 915 2273 942 ε
2300 906 2354 942 ut
2382 896 2442 943 ab

321 982 421 1043 his,
447 985 531 1048 qui
557 984 711 1048 legem
741 1002 792 1032 se
820 1001 1110 1048 cognoscere
1138 982 1451 1040 testabantur,
1484 978 1751 1027 secundum
1777 978 1929 1042 legem
1954 977 2268 1040 judicaretur,
2301 986 2347 1022 et
2382 977 2442 1022 ab

322 1065 388 1111 eis
410 1066 641 1130 inciperet
664 1066 867 1125 malitia,
893 1083 980 1132 per
1002 1082 1123 1130 quos
1148 1065 1308 1130 potius
1336 1072 1460 1110 esset
1486 1059 1789 1108 refrenanda.
1818 1059 2047 1116 Quamvis
2069 1057 2272 1123 Caiphas
2296 1057 2443 1104 admi—

321 1145 543 1192 nistraret
577 1162 635 1193 eo
670 1163 799 1194 anno
827 1144 1184 1211 pontificatum,
1211 1161 1312 1191 non
1341 1143 1618 1206 indignatur
1641 1152 1800 1188 tamen
1826 1140 1960 1205 prius
1984 1139 2158 1186 adduci
2185 1142 2345 1185 Jesum
2381 1137 2441 1184 ad

318 1219 598 1290 pontificem
626 1226 796 1285 alium,
823 1237 875 1274 ut
903 1236 1040 1273 tanto
1069 1225 1262 1272 liberius
1298 1234 1346 1271 et
1379 1224 1591 1271 securius
1626 1222 1878 1269 damnaret
1913 1237 2071 1279 reum,
2109 1229 2291 1284 quanto
2331 1235 2441 1265 eum

318 1308 615 1372 conspiceret
632 1308 732 1372 jam
756 1307 816 1355 ab
840 1307 933 1355 alio
957 1307 1264 1375 damnatum,
1285 1316 1338 1353 ut
1360 1307 1427 1352 sic
1450 1307 1499 1352 in
1519 1321 1603 1352 ore
1621 1304 1830 1351 duorum
1852 1303 2045 1349 testium
2060 1311 2204 1362 staret
2218 1300 2437 1348 verbum.

363 1390 365 1393 ’
386 1405 410 1431 «
431 1387 728 1452 Sequebatur
751 1398 911 1436 autem
933 1391 1094 1435 Jesum
1117 1388 1283 1434 Simon
1314 1390 1502 1446 Petrus,
1528 1376 1576 1433 et
1605 1385 1724 1433 alius
1757 1382 2034 1449 discipulus.
2062 1380 2332 1446 Discipulus
2366 1398 2443 1427 au-

315 1477 413 1514 tem
435 1467 513 1515 ille
535 1478 679 1516 notus
703 1478 804 1516 erat
826 1468 1060 1534 pontifici.
1093 1472 1152 1516 Et
1180 1468 1395 1516 introivit
1418 1484 1530 1515 cum
1558 1470 1667 1514 Jesu
1698 1467 1747 1513 in
1784 1464 1959 1512 atrium
1988 1461 2245 1528 pontificis.
2279 1465 2441 1508 Petrus

316 1558 475 1596 autem
499 1549 654 1597 stabat
677 1550 738 1597 ad
762 1551 939 1598 ostium
963 1550 1095 1599 foris.
1124 1552 1278 1599 Exivit
1301 1567 1415 1615 ergo
1439 1549 1701 1615 discipulus
1725 1548 1866 1606 alius,
1893 1546 1976 1611 qui
1999 1555 2099 1592 erat
2122 1554 2265 1591 notus
2288 1545 2442 1608 ponti-

316 1627 416 1686 fici,
443 1638 490 1675 et
512 1628 630 1676 dixit
653 1631 878 1689 ostiariae,
904 1641 952 1678 et
972 1631 1236 1678 introduxit
1257 1634 1451 1678 Petrum
1465 1634 1494 1676 ².
1531 1650 1552 1675 n
1580 1629 1747 1677 Caeteri
1770 1626 2068 1692 evangelistae
2090 1624 2151 1672 de
2174 1624 2278 1672 solo
2302 1626 2439 1670 Petro

316 1709 551 1769 referunt,
578 1711 711 1774 quod
734 1728 762 1758 a
784 1711 926 1776 longe
949 1722 1227 1776 sequeretur
1251 1716 1428 1759 Jesum.
1457 1712 1550 1769 Qui
1573 1711 1703 1758 enim
1732 1709 2052 1775 propinquior
2081 1708 2124 1754 ei
2153 1707 2363 1754 astiterat
2391 1707 2438 1751 in

315 1790 561 1854 captione,
591 1801 638 1838 et
660 1791 710 1837 in
734 1791 946 1838 vindicta
980 1793 1257 1851 ferventior,
1293 1809 1458 1840 aurem
1493 1792 1616 1839 servi
1652 1790 1892 1856 pontificis
1930 1788 2251 1855 amputando,
2291 1804 2441 1852 quum

310 1871 412 1934 jam
435 1872 591 1919 caeteri
610 1871 659 1918 in
684 1871 847 1934 fugam
870 1871 1070 1936 dispersi
1093 1883 1267 1930 essent,
1284 1883 1349 1932 et,
1370 1883 1424 1920 ut
1441 1875 1629 1919 Marcus
1648 1872 1813 1929 refert,
1834 1870 2110 1918 adolescens
2129 1868 2442 1934 comprehen—

316 1967 413 2010 sus,
434 1951 597 1999 relicta
614 1951 836 2010 sindone,
853 1951 1013 1998 nudus
1031 1952 1334 2016 profugisset,
1351 1953 1453 2015 jam
1472 1951 1775 1998 tremefactus
1791 1955 1954 1998 Petrus
1973 1950 2158 2014 alonge
2177 1950 2439 1996 Dominum

315 2032 619 2096 sequebatur,
646 2049 675 2080 a
696 2049 794 2097 quo
818 2049 930 2099 eum
951 2033 1142 2098 penitus
1165 2033 1374 2097 separari
1397 2049 1498 2078 non
1523 2030 1794 2096 patiebatur
1816 2031 1887 2076 vis
1910 2032 2088 2078 amoris
2116 2050 2126 2076 :
2154 2031 2269 2095 quia
2295 2045 2440 2093 quan-

314 2121 609 2176 tumcunque
638 2113 687 2158 in
714 2111 923 2159 adversis
954 2111 1162 2177 trepidet
1183 2110 1393 2158 Ecclesia
1415 2127 1500 2175 per
1524 2114 1715 2157 Petrum
1743 2108 2029 2172 significata,
2056 2109 2240 2157 etiamsi
2269 2109 2439 2154 timore

314 2191 362 2238 in
385 2191 621 2256 aliquibus
645 2190 872 2239 membris
895 2202 1094 2256 cogatur
1117 2208 1229 2239 eum
1259 2190 1321 2238 ad
1350 2191 1523 2238 horam
1554 2206 1752 2253 negare,
1782 2189 2151 2237 fundamentum
2181 2199 2339 2236 tamen
2370 2205 2443 2235 ca-

311 2271 461 2319 ritatis
484 2289 585 2319 non
609 2273 721 2320 sinit
744 2289 850 2320 eam
874 2273 1153 2338 periclitari,
1177 2289 1266 2319 nec
1283 2289 1311 2320 a
1330 2271 1522 2318 Christo
1546 2287 1742 2337 prorsus
1760 2271 1988 2335 separari.
2006 2268 2150 2328 Quod
2168 2286 2284 2316 vero
2303 2273 2442 2315 Joan—

311 2368 396 2399 nes
419 2352 563 2399 refert
585 2352 731 2400 alium
754 2353 1043 2419 discipulum
1065 2357 1203 2400 Petro
1227 2353 1446 2417 sequenti
1468 2351 1711 2399 Christum
1736 2350 1876 2398 fuisse
1900 2350 2203 2414 adjunctum,
2223 2351 2440 2413 quamvis

311 2448 412 2479 non
429 2433 663 2498 exprimat
679 2434 785 2497 quis
808 2433 885 2481 ille
910 2434 1073 2492 fuerit,
1095 2433 1339 2481 humiliter
1362 2443 1523 2480 tamen
1547 2449 1597 2479 se
1621 2431 1810 2479 videtur
1829 2432 2044 2478 innuere.
2069 2430 2180 2487 Qui,
2203 2439 2256 2476 ut
2273 2429 2439 2476 beatus

311 2514 530 2560 meminit
552 2514 840 2577 Augustinus
859 2551 870 2573 ,
899 2513 1070 2561 talibus
1093 2531 1143 2561 se
1166 2514 1323 2561 verbis
1342 2513 1463 2560 solet
1480 2511 1769 2576 significare,
1790 2521 1842 2558 ut
1858 2510 2078 2558 videlicet
2094 2509 2245 2567 dicat,
2275 2529 2298 2554 «
2321 2509 2438 2557 alius

311 2593 588 2659 discipulus.
611 2614 634 2639 >›
662 2597 782 2641 Nam
805 2604 852 2642 et
880 2595 981 2660 ipse
1003 2594 1157 2653 solus,
1184 2595 1364 2641 caeteris
1382 2594 1483 2657 jam
1513 2593 1762 2658 dispersiS,
1797 2607 1892 2638 una
1920 2607 2032 2638 cum
2061 2590 2254 2637 Domini
2287 2600 2437 2636 matre

312 2675 356 2721 ei
387 2675 613 2722 crucifixo
649 2675 816 2733 astitit,
854 2675 976 2722 sicut
1010 2691 1065 2723 ac
1100 2675 1300 2740 ipsemet
1332 2678 1539 2722 Joannes
1575 2672 1756 2720 scribit.
1793 2671 1938 2729 Quod
1975 2671 2105 2718 enim
2134 2673 2297 2717 Petrus
2331 2669 2438 2735 plus

313 2754 555 2802 Christum
577 2755 772 2819 diligere
794 2764 841 2802 et
863 2758 1071 2803 Joannes
1094 2754 1201 2820 plus
1218 2771 1246 2802 a
1262 2754 1451 2802 Christo
1469 2754 1600 2817 diligi
1617 2769 1767 2818 quum
1786 2751 1978 2810 dicitur,
2002 2761 2049 2798 et
2069 2750 2242 2798 dicitur
2261 2769 2270 2796 :
2293 2751 2439 2812 majo-

314 2851 415 2882 rem
437 2852 496 2882 eo
519 2846 736 2900 tempore
759 2834 1066 2883 dilectionem
1089 2845 1345 2900 utrumque
1369 2835 1435 2882 illi
1457 2834 1659 2882 decebat
1682 2833 1921 2881 exhibere.

378 2915 592 2963 Pontifex
614 2933 728 2980 ergo
752 2916 1061 2980 interrogavit
1083 2919 1244 2963 Jesum
1267 2916 1328 2963 de
1356 2915 1601 2981 discipulis
1629 2925 1676 2962 et
1706 2914 1929 2962 doctrina
1957 2914 2074 2977 ejus.
2103 2911 2366 2977 Respondit
2395 2911 2437 2956 ei

311 2998 444 3042 Jesus
467 3014 476 3042 :
501 2999 646 3060 «Ego
676 2995 835 3061 palam
863 2995 1051 3043 locutus
1079 3013 1187 3043 sum
1211 2996 1413 3044 mundo.
1442 3000 1542 3060 Ego
1572 3012 1762 3061 semper
1789 2994 1935 3042 docui
1964 2994 2013 3040 in
2044 3007 2285 3057 synagoga
2313 3000 2360 3036 et
2389 2991 2436 3036 in

312 3075 492 3141 templo
506 3114 517 3136 ,
543 3093 641 3142 quo
665 3093 833 3124 omnes
856 3076 1004 3124 Judaei
1027 3078 1346 3137 conveniunt,
1373 3087 1420 3125 et
1442 3078 1491 3124 in
1516 3076 1707 3125 occulto
1726 3076 1914 3123 locutus
1929 3091 2037 3122 sum
2055 3072 2190 3120 nihil.
2214 3070 2342 3129 Quid
2361 3087 2438 3118 me

313 3158 605 3222 interrogas?
628 3162 875 3222 Interroga
896 3175 979 3205 eos
1000 3159 1083 3223 qui
1113 3158 1368 3207 audierunt
1390 3158 1509 3224 quid
1537 3158 1726 3206 locutus
1755 3174 1863 3204 sum
1890 3157 2020 3222 ipsis.
2048 3159 2169 3202 Ecce
2196 3153 2249 3200 hi
2282 3153 2437 3200 sciunt

313 3253 418 3300 quae
446 3237 646 3286 dixerim
675 3256 782 3303 ego.
807 3258 831 3284 »
857 3242 960 3286 Hoc
988 3249 1149 3287 autem
1176 3257 1328 3305 quum
1356 3239 1572 3299 dixisset,
1605 3255 1729 3287 unus
1756 3237 2078 3286 assistentium
2107 3234 2436 3282 ministrorum

314 3315 447 3364 dedit
469 3318 657 3389 alapam
679 3323 787 3367 Jesu
807 3357 817 3379 ,
844 3319 1009 3367 dicens
1033 3339 1043 3367 :
1070 3339 1094 3366 «
1111 3320 1187 3368 Sic
1210 3322 1474 3386 respondes
1496 3319 1741 3387 pontifici?
1758 3339 1782 3364 »
1810 3318 2073 3385 Respondit
2095 3318 2139 3365 ei
2158 3319 2291 3363 Jesus
2315 3333 2325 3361 ε
2347 3334 2370 3358 «
2387 3315 2433 3359 Si

362 3497 372 3513 ¹
399 3497 509 3536 Joan..
525 3508 597 3543 cap.
617 3510 715 3540 xvm,
731 3510 763 3533 v.
784 3502 823 3533 15
844 3507 876 3534 et
888 3512 937 3544 sq.
