2970 4152
803 407 881 454 DE
914 367 1144 475 smero
1168 368 1403 452 'JoANNE
1435 404 1715 451 ΒΑΡΤιεΤΑ
1749 404 1965 454 sERMo.
2351 404 2444 450 589

331 475 548 591 tenffwore
576 503 702 551 soliti
723 513 836 550 sunt
854 516 1164 567 praesumere,
1188 509 1244 553 ut
1262 498 1484 545 videlicet
1505 501 1708 547 Romam
1730 509 2172 563 pergentes,quum
2194 499 2447 545 necessitas

328 585 535 648 exegerit
556 584 712 647 aliqua
734 592 789 629 ut
810 581 872 630 ad
890 597 1136 629 summum
1154 577 1644 648 pontificemvadant,
1666 580 1823 643 ipsum
1845 594 2038 643 quoque
2057 579 2329 625 monasticae
2345 578 2446 624 reli·

328 665 484 732 gionis
505 662 725 714 habitum
741 661 1013 727 deponant3
1029 676 1127 724 quo
1145 649 1341 706 liberius
1357 658 1407 704 in
1422 658 1500 705 via
1515 658 1605 705 sub
1622 659 1776 706 laicali
1797 657 1965 706 habitu
1986 658 2270 709 saeculariter
2284 659 2443 705 vivere

327 744 536 791 audeant
551 780 563 802 ,
583 753 641 791 et
673 742 977 809 simulatione
999 740 1206 811 pessiuga
1226 756 1278 787 se
1305 738 1355 785 id
1376 738 1634 803 esse‘quod
1649 749 1776 786 ‘sunt
1797 749 1898 786 tam
1925 756 1977 786 re
1998 755 2145 803 quam
2166 755 2285 786 voce
2307 755 2442 785 men-

327 827 522 877 tiantur.
548 824 644 894 Q
663 814 1028 893 rrecffielericatigs
1048 822 1185 886 signa
1211 821 1476 874 retinentes
1493 805 1686 868 comam
1715 821 1893 885 pariter
1914 830 1962 868 et
1982 820 2185 868 barbam
2207 821 2440 879 nutriunt,

326 902 641 977 qnifflfacilius
668 890 909 980 intuentes
939 889 1129 969 fallant,
1161 899 1317 966 attjuel
1330 901 1476 948 tutius
1508 899 1609 947 suls
1630 899 1800 970 habitu
1836 900 2098 948 lecatorum
2112 938 2123 959 ,
2155 900 2374 948 lecaciter
2395 918 2445 947 se

326 993 521 1059 geratur,
535 967 724 1057 Qstffm
753 999 782 1031 a
809 982 1038 1030 monachi
1064 983 1211 1048 q'uam
1231 981 1444 1046 episcopi
1464 967 1715 1046 p⁴i⁸oposito
1737 990 2084 1045 apostatantes,
2109 997 2198 1027 nec
2219 980 2444 1028 monachi

299 1091 304 1097 ·
327 1064 550 1111 meritum
583 1062 817 1122 habeant,
850 1079 938 1110 nec
971 1063 1184 1133 episcopi
1218 1062 1535 1110 reverentiam
1567 1071 1775 1108 servent.
1816 1034 1948 1118 Qubs
1980 1061 2232 1125 praedictus
2267 1077 2446 1124 onager
2460 1092 2473 1134 l
2489 1078 2531 1137 ᾳ,

327 1154 490 1192 noster
511 1154 646 1192 tanto
665 1144 870 1209 amplius
890 1153 1097 1203 accusat,
1123 1153 1307 1208 quanto
1329 1142 1583 1208 perfectius
1599 1143 1702 1189 sine
1723 1141 2020 1206 professione
2042 1142 2316 1188 monasticae
2341 1141 2446 1187 reli-

326 1225 486 1287 gionis·
501 1218 796 1273 nidna'chum
818 1223 1034 1271 exhibuit
1048 1260 1059 1282 ,
1091 1234 1139 1271 et
1166 1223 1426 1288 episcopali
1449 1223 1668 1287 dignitati
1691 1223 2014 1270 austeritatem
2042 1222 2183 1285 hujus
2205 1223 2310 1268 vitae
2334 1238 2448 1286 prae—

321 1281 507 1379 posuit?
528 1306 616 1352 Cui
638 1322 728 1352 nec
750 1321 777 1352 a
799 1304 1011 1352 Domino
1034 1305 1184 1367 gratia
1211 1293 1555 1351 miraculorum
1583 1313 1654 1350 est
1684 1303 1881 1362 collata,
1912 1320 2011 1368 quo
2040 1303 2190 1366 magis
2222 1302 2446 1367 frequen-

325 1385 632 1453 tiam-,populi
652 1385 930 1443 declinaret,
955 1401 1108 1449 quum
1128 1384 1253 1450 ipse,
1280 1385 1401 1431 sicut
1426 1385 1476 1431 in
1498 1387 1683 1431 Joanne
1704 1384 1933 1448 scriptum
1957 1394 2050 1443 est,
2075 1383 2262 1430 nullum
2284 1382 2446 1429 fecerit

324 1463 531 1529 Sim·
550 1468 667 1523 Quae
687 1466 885 1530 quidem
902 1465 1052 1528 gratia
1073 1474 1309 1529 quantum
1324 1465 1473 1530 quieti
1489 1475 1536 1512 et
1550 1464 1807 1512 humilitati
1828 1464 2182 1512 monachorum
2201 1464 2263 1511 sit
2283 1464 2441 1523 noxia,

326 1544 402 1599 ille
425 1545 677 1609 diligenter
710 1544 1011 1604 attendebat,
1036 1562 1182 1610 quem
1209 1545 1581 1593 Posthumianus
1608 1545 1670 1593 de
1691 1546 2075 1611 peregrinatione
2095 1561 2182 1592 sua
2202 1543 2416 1593 scribens
2431 1583 2441 1601 ,

324 1626 373 1671 in
396 1625 669 1691 exemplum
698 1626 840 1689 hujus
864 1626 1023 1689 gratiae
1053 1642 1151 1673 non
1181 1626 1486 1690 appetendae,
1513 1627 1613 1674 imo
1635 1643 1942 1692 summopere
1963 1625 2105 1672 nobis
2128 1624 2361 1688 fugiendae
2383 1626 2444 1672 ad

325 1706 540 1753 medium
572 1706 787 1753 deduxit.
825 1706 970 1770 Cujus
999 1706 1225 1754 sanctitas
1253 1723 1403 1771 quum
1426 1707 1552 1753 inter
1572 1717 1740 1755 caetera
1762 1707 1812 1754 in
1835 1705 2126 1771 expellendis
2147 1705 2446 1753 daemonibus

322 1786 612 1849 singularem
645 1787 845 1850 gratiam
877 1796 1001 1834 esset
1029 1786 1226 1852 adepta,
1263 1797 1311 1834 et
1341 1787 1403 1834 de
1431 1787 1526 1834 hoc
1553 1804 1603 1834 se
1632 1788 1911 1852 inquietari,
1943 1797 2043 1834 tam
2068 1786 2323 1833 hominum
2351 1786 2444 1833 fre-

322 1868 536 1932 quentia,
562 1883 708 1932 quam
730 1883 855 1914 vana
875 1867 1027 1930 gloria
1047 1867 1250 1927 videret,
1269 1869 1456 1931 rogavit
1475 1868 1758 1925 Dominum,
1784 1878 1838 1914 ut
1853 1868 1965 1931 ipsis
1987 1866 2304 1925 daemonibus,
2324 1883 2446 1930 quos

322 1947 604 2015 expellebat,
630 1948 679 1994 in
702 1948 912 2012 seipsum
930 1958 1217 2012 potestatem
1246 1947 1399 2006 daret,
1427 1947 1664 2013 simulque
1686 1948 1760 1994 his
1783 1947 1916 1995 ficret
1936 1947 2158 1996 videlicet
2180 1947 2441 2005 mensibus,

321 2015 446 2092 quos
463 2027 524 2075 ab
545 2027 637 2075 hac
659 2028 972 2093 oppressione
994 2027 1209 2075 curabat.
1236 2027 1381 2085 Quod
1397 2044 1548 2092 quum
1572 2028 1869 2092 impetrasset
1891 2044 1919 2076 a
1937 2028 2149 2075 Domino
2162 2064 2173 2085 ,
2199 2038 2445 2092 correptus

323 2117 393 2155 est
415 2124 443 2155 a
464 2107 707 2165 daemone,
736 2117 896 2155 tentus
924 2108 972 2154 in
999 2107 1225 2165 vinculis,
1257 2108 1420 2155 omnia
1450 2107 1527 2154 illa
1557 2124 1662 2172 quae
1683 2109 1994 2171 energumeni
2017 2107 2173 2155 solent
2201 2107 2323 2154 ferre
2345 2125 2447 2172 per-

235 2191 248 2204 ·
322 2204 504 2252 pessus.
535 2188 718 2246 Quinto
740 2187 939 2235 demum
955 2204 1119 2236 mense
1138 2198 1365 2253 purgatus
1387 2198 1483 2247 est,
1512 2205 1612 2235 non
1636 2198 1796 2236 tamen
1821 2188 2064 2248 daemone,
2090 2188 2198 2247 sed,
2223 2188 2357 2253 quod
2380 2189 2445 2235 illi

323 2277 424 2315 erat
433 2267 594 2314 utilius
606 2277 749 2332 atque
762 2267 990 2332 optatius,
1008 2267 1234 2315 vanitate.
1246 2267 1341 2314 Sed
1351 2267 1487 2326 mihi,
1501 2268 1658 2332 inquit
1672 2267 2058 2327 Posthumianus,
2075 2269 2161 2316 ista
2176 2268 2441 2334 replicanti,

324 2356 487 2394 nostra
522 2345 794 2405 infelicitas,
825 2356 990 2394 nostra
1012 2347 1221 2394 occurrit
1249 2347 1517 2395 infirmitas.
1552 2348 1669 2404 Quis
1697 2348 1825 2394 enim
1861 2358 2079 2395 nostrum
2109 2358 2202 2407 est,
2234 2365 2380 2411 quem
2407 2350 2445 2395 si

323 2442 448 2472 unus
486 2425 809 2471 homunculus
850 2425 1044 2472 humilis
1086 2425 1383 2483 salutaverit,
1421 2436 1504 2473 aut
1537 2426 1715 2485 fatuus,
1755 2412 1897 2490 atque
1932 2426 2245 2477 ,adulantibus
2287 2427 2444 2474 verbis

324 2504 501 2552 femina
521 2521 621 2552 una
641 2504 928 2563 laudaverit,
957 2522 1057 2551 non
1080 2506 1315 2553 continuo
1337 2505 1487 2553 elatus
1509 2507 1569 2553 sit
1596 2506 1842 2571 superbia,
1868 2523 1969 2554 non
1991 2507 2151 2554 statim
2174 2507 2364 2554 inflatus
2385 2509 2444 2554 sit

322 2586 559 2633 vanitate?
581 2588 673 2632 Aut
694 2585 879 2632 etiamsi
901 2602 1002 2632 non
1026 2585 1202 2632 habeat
1224 2586 1569 2633 conscientiam
1597 2587 1880 2646 sanctitatiS,
1907 2596 2067 2635 tamen
2090 2588 2203 2654 quia
2224 2588 2299 2635 vel
2326 2587 2443 2635 stul-

325 2677 486 2714 torum
515 2664 813 2724 adulatione,
845 2676 927 2712 aut
956 2665 1166 2712 fortassis
1197 2682 1383 2724 errore,
1416 2677 1607 2714 sanctus
1635 2683 1736 2714 esse
1766 2667 1974 2727 dicatur,
2006 2668 2356 2715 sanctissimum
2393 2685 2443 2716 se

254 2780 282 2800 ,.
325 2745 537 2809 putabit?
566 2748 671 2791 Jam
700 2761 816 2792 vero
845 2745 884 2792 si
913 2745 956 2791 ei
986 2761 1186 2792 munera
1209 2745 1377 2793 crebra
1406 2747 1680 2805 mittantur,
1712 2748 1801 2795 Dei
1827 2763 1878 2794 se
1899 2745 2251 2812 magnificentia
2279 2750 2443 2795 asserit

326 2824 578 2900 thrari,
610 2824 688 2871 cui
719 2823 979 2886 dormienti
1007 2835 1150 2889 atque
1178 2825 1391 2872 resoluto
1421 2827 1685 2874 necessaria
1707 2827 2031 2875 conferantur.
2065 2827 2208 2885 Quod
2230 2828 2269 2873 si
2284 2828 2359 2875 vel
2381 2829 2442 2875 de

325 2888 585 2972 modiffigei
607 2904 764 2968 aliqua
786 2904 972 2952 virtutis
988 2905 1120 2968 signa
1142 2906 1471 2966 succederent,
1490 2906 1712 2971 angelum
1734 2912 1785 2954 se
1806 2917 2012 2972 putaret.
2038 2911 2270 2955 Caeterum
2292 2925 2441 2973 quum

324 2970 667 3052 neque'opere²
686 3001 843 3049 neque
864 2985 1038 3032 virtute
1054 2986 1342 3051 conspicuus
1362 2987 1445 3046 sit,
1468 2988 1507 3034 si
1530 2989 1636 3052 quis
1657 2987 1856 3035 clericus
1874 2988 2014 3035 fuerit
2036 2988 2252 3047 effectus,
2278 2988 2442 3037 dilatat

320 3052 790 3142 continuo'fimbrias
805 3080 931 3124 suas,
952 3065 1127 3129 gaudet
1146 3065 1527 3126 salutationibus,
1549 3067 1743 3115 inflatur
1765 3067 2143 3125 occursionibus.
2172 3072 2276 3133 lpse
2298 3068 2440 3116 etiam

324 3144 760 3214 ubiquffiglisfcurrit.
789 3147 846 3192 Et
874 3146 958 3210 qui
978 3155 1090 3193 ante
1116 3146 1321 3211 pedibus
1348 3157 1431 3194 aut
1457 3148 1602 3196 asello
1631 3148 1700 3195 ire
1727 3149 2064 3207 consueverat,
2090 3165 2290 3214 spumeo
2313 3166 2439 3213 equo

322 3214 555 3301 superbus
589 3223 873 3286 inyehitur⁸⁴
889 3226 1039 3272 Parva
1055 3226 1198 3290 'prius
1227 3242 1282 3274 ac
1304 3226 1386 3300 vili
1414 3227 1585 3275 cellula
1604 3237 1859 3286 contentus
1886 3227 2127 3287 habitare,
2159 3229 2295 3293 erigit
2317 3229 2438 3277 celsa

323 3303 584 3367 laquearia,
610 3304 845 3352 construit
872 3304 1022 3352 multa
1051 3305 1322 3365 conclavia,
1348 3307 1520 3372 sculpit
1548 3307 1694 3367 ostia,
1721 3307 1876 3372 pingit
1904 3309 2130 3366 armaria,
2160 3320 2340 3356 vestem
2365 3327 2439 3357 re—

323 3384 449 3448 spuit
471 3382 775 3448 grossiorem,
791 3384 1130 3443 indumentum
1153 3387 1297 3434 molle
1319 3387 1558 3436 desiderat
1577 3407 1586 3435 :
1611 3398 1752 3452 atque
1768 3387 1870 3436 haec
1891 3390 2012 3436 caris
2034 3389 2206 3448 viduis,
2226 3407 2280 3438 ac
2304 3390 2438 3439 fami-

323 3463 518 3512 liaribus
534 3466 731 3515 mandat
746 3460 925 3514 tributa
942 3466 1221 3531 virginibus.
1238 3467 1319 3515 Illa
1337 3479 1389 3515 ut
1401 3468 1586 3517 birrum
1604 3470 1834 3533 rigentem
1848 3507 1859 3529 ,
1879 3469 1979 3519 haec
1999 3480 2051 3517 ut
2070 3470 2296 3518 fluentem
2317 3482 2439 3518 texat
