2970 4152
1219 423 1225 431 η
1280 403 1476 452 ΝοτΕ-.
1885 361 1892 365 i
2378 397 2436 444 57

533 508 775 569 privilegium
792 510 952 557 Ioannis
970 518 1045 562 III
1055 524 1182 567 papae,
1202 515 1334 555 datum
1352 520 1578 556 monasterio
1598 505 1731 554 Sancti
1745 515 1927 554 Μαίον’-ἀί
1943 516 2233 552 suessionensis.
2308 546 2309 549 ,
2355 530 2358 547 x
2411 537 2413 540 -

342 588 346 590 ’
375 614 392 632 α
409 599 541 636 Totius
559 600 660 637 orbis
674 598 907 649 principibus
924 597 1134 634 machinam
1152 595 1284 634 mundi
1301 598 1372 634 sub
1383 597 1535 634 Christo
1552 595 1722 646 principe
1740 594 1975 645 regentibus,
1991 594 2238 646 praesentibus*
2251 593 2397 629 scilicet
2405 600 2442 629 et

324 660 480 706 futuris,
497 661 658 698 Joannes
669 689 679 707 ,
696 661 917 698 meritorum
930 660 1109 709 qualitate
1122 660 1291 705 infimus,
1311 658 1377 695 sed
1386 659 1538 696 Christi
1557 654 1674 707 gratia
1689 649 1824 693 'sanctae
1841 669 2000 694 romanae
2014 647 2110 710 'sedis
2123 644 2306 706 p'raelatus.
2324 654 2439 692 Suum

323 735 424 770 esse,
449 736 543 773 quos
564 716 696 761 divin‘ae
720 723 806 759 fidei
830 729 868 759 et
891 722 1098 772 apostolicas
1119 722 1320 770 majestatis
1343 720 1517 758 nobilitat
1532 719 1687 769 religio,
1707 726 1870 764 constat,
1893 726 1938 755 ut
1950 719 2074 755 fructu
2088 719 2245 767 operum
2257 724 2295 753 et
2309 706 2441 752 affectu

323 797 451 822 rerum
465 793 564 822 certa
584 786 843 822 demonstrent
858 784 1049 835 obsequia.
1069 783 1132 822 Ob
1147 785 1239 829 hoc,
1257 784 1382 821 divina
1403 784 1610 832 inspirante
1631 783 1762 832 gratia,
1781 777 1819 818 et'
1837 781 2161 831 praecellentissimi
2176 781 2275 830 regis
2289 775 2443 817 'clotha-

323 848 371 883 rii
391 847 567 885 suadente
584 847 797 892 clementia,
822 848 1048 884 monasterio
1068 848 1208 885 Sanctae
1225 847 1350 896 Marias
1366 853 1406 883 et
1425 837 1670 891 BeatiPetri,
1691 845 1794 896 quod
1813 852 1869 882 est
1886 852 1989 882 extra
2014 845 2232 882 Suessorum
2256 844 2439 899 civitatem

322 910 452 955 situm,
472 909 537 946 ubi
550 909 725 946 dominus
744 909 947 949 Medardus
965 911 1217 960 requiescere,
1236 915 1275 946 et
1292 909 1424 945 Daniel
1441 909 1551 945 abbas
1569 920 1722 958 praeesse
1737 907 1899 955 videtur,
1916 907 1990 949 hoc
2004 907 2238 957 privilegium
2256 907 2441 944 omnimo-

320 970 378 1008 dis
395 970 647 1021 indulgemus,
666 978 710 1007 ut
724 978 840 1007 terras
858 983 950 1020 quas
967 971 1065 1008 filius
1081 977 1208 1007 noster
1221 971 1436 1008 Clotharius
1453 970 1503 1008 ob
1515 969 1671 1008 salutem
1687 971 1817 1006 animae
1832 981 1902 1017 suae
1917 969 2033 1012 dedit,
2051 969 2273 1006 Cromacum
2287 968 2441 1021 scilicet:

318 1033 565 1082 Attipiacum,
586 1041 624 1070 et
638 1033 765 1071 Aluvit
782 1033 1049 1082 possessionem
1067 1046 1169 1071 suam
1188 1035 1227 1070 in
1244 1045 1341 1082 pago
1355 1034 1536 1078 metensi,
1555 1045 1641 1069 cum
1664 1031 1750 1068 silva
1773 1035 1853 1081 quae
1873 1032 1983 1080 vulgo
2001 1031 2141 1068 dicitur
2162 1031 2300 1067 Patella
2320 1030 2413 1068 Sali's
2427 1043 2439 1075 ,¹

318 1107 404 1130 cum
429 1096 532 1131 omni
555 1096 773 1145 integritate
789 1103 941 1132 teneant
958 1103 1070 1146 atque
1089 1095 1324 1145 possideant,
1345 1108 1430 1132 cum
1448 1095 1559 1132 terris
1573 1123 1583 1139 ‚
1603 1094 1797 1140 domibus,
1824 1101 1860 1130 et
1884 1093 2061 1139 aedificiis,
2088 1100 2126 1130 et
2148 1090 2324 1129 altaribus
2337 1122 2347 1137 ,
2373 1093 2442 1128 ha-

317 1157 451 1203 beant,
470 1165 645 1204 teneant,
665 1167 776 1208 atque
794 1158 1017 1207 possideant.
1044 1159 1124 1195 Hoc
1143 1170 1294 1208 quoque
1320 1159 1541 1196 auctoritate
1567 1164 1697 1199 sanctae
1721 1157 1918 1194 Trinitatis
1944 1164 1982 1193 et
2007 1148 2262 1204 inseparabilis
2285 1156 2441 1192 unitatis

316 1220 394 1256 vice
412 1219 510 1258 beati
534 1214 808 1270 Petriapostoli
829 1233 952 1257 coram
976 1233 1063 1269 rege
1081 1221 1275 1258 clothario
1290 1228 1329 1257 et
1349 1212 1523 1259 omnibus
1543 1219 1698 1269 plebeiis
1714 1220 1964 1263 Francorum,
1984 1219 2124 1256 scilicet
2139 1214 2439 1266 archiepiscopo-

318 1293 422 1327 rum,
442 1283 701 1332 episcoporum
714 1311 725 1327 ,
741 1283 912 1331 judicum
924 1311 935 1330 ‚
952 1290 990 1319 et
1007 1283 1107 1320 omni
1127 1282 1266 1331 populo
1285 1282 1575 1319 christianorum
1604 1285 1844 1319 romanorum
1869 1281 2080 1330 principum
2113 1280 2368 1324 decernimus3
2396 1287 2440 1316 ut

318 1344 444 1382 nullus
459 1359 591 1395 regum
607 1374 617 1391 ,
638 1346 868 1389 antistitum,
879 1346 1072 1394 judicum,
1092 1353 1210 1382 terras
1227 1345 1368 1382 Sanetae
1387 1346 1511 1382 Mariae
1526 1352 1565 1384 et
1579 1344 1723 1381 domini
1746 1343 1916 1381 Medardi
1935 1344 2008 1380 sive
2027 1336 2198 1380 ecclesias
2215 1342 2272 1391 vel
2289 1342 2435 1385 altaria,

318 1407 510 1453 thelonea,
537 1409 698 1445 decimas
712 1436 723 1456 ,
742 1421 852 1445 novas
865 1437 875 1454 ,
896 1409 1017 1445 banna
1040 1415 1077 1444 et
1101 1408 1203 1444 freda
1228 1408 1362 1457 exigat.
1388 1407 1466 1444 Nec
1482 1407 1556 1444 hoc
1575 1407 1715 1456 injusto
1732 1406 1945 1456 praejudicio
1961 1406 2086 1455 agitur
2103 1412 2231 1442 contra
2250 1412 2437 1441 auctorem

319 1469 445 1519 legum
462 1471 517 1506 vel
535 1484 731 1516 canonum,
751 1471 839 1521 quia
855 1470 951 1507 nihil
968 1470 1015 1507 de
1032 1471 1209 1507 canonica
1223 1471 1445 1508 auctoritate
1461 1470 1659 1516 minuitur,
1679 1469 1860 1520 quicquid
1879 1482 1947 1518 pro
1964 1469 2101 1518 quietis
2117 1467 2386 1522 tranquillitate
2403 1474 2440 1503 et

320 1533 496 1570 servitute
512 1533 581 1569 Dei
600 1533 647 1570 ad
664 1533 743 1571 loca
759 1532 1026 1569 venerabilium
1044 1539 1255 1569 sanctorum
1273 1532 1506 1569 conceditur.
1525 1532 1731 1569 Statuimus
1753 1531 1866 1568 etiam
1879 1561 1887 1576 ,
1915 1538 1958 1567 ut.
1981 1531 2082 1566 velut.
2107 1531 2187 1567 haec-
2213 1528 2316 1566 sedes
2339 1526 2437 1564 beati

318 1593 419 1630 Petri
440 1584 553 1630 libera
575 1602 719 1631 constat
744 1595 791 1631 ab
819 1595 922 1632 omni
951 1595 1101 1632 servitio
1131 1606 1283 1644 regum,
1304 1602 1342 1631 et
1365 1595 1533 1631 omnium
1564 1594 1772 1643 potentium
1804 1606 2066 1642 personarum,
2098 1593 2148 1629 ita
2176 1598 2319 1628 remota
2337 1591 2437 1627 omni

318 1656 588 1693 consuetudine
608 1658 762 1705 pessima
781 1658 950 1693 omnium
971 1669 1101 1707 regum
1113 1686 1121 1701 ,
1143 1657 1509 1706 archiepiscoporum
1521 1684 1531 1702 ,
1554 1657 1837 1706 episcoporum,
1861 1655 2210 1692 archidiaconorum
2224 1682 2234 1698 ‚
2253 1654 2328 1690 sive
2338 1653 2440 1700 judi-

318 1730 415 1763 cum,
436 1718 591 1766 praefatae
607 1719 764 1755 basilicae
781 1719 973 1766 monachi,
993 1718 1071 1755 Deo
1089 1725 1238 1763 vacent,
1259 1718 1366 1755 liberi
1381 1745 1392 1767 ,
1406 1725 1443 1754 et
1460 1730 1527 1767 per
1543 1719 1669 1755 omnia
1688 1717 1828 1767 regulae
1841 1718 1966 1755 Sancti
1981 1717 2171 1753 Benedicti
2187 1715 2331 1752 actibus
2350 1715 2439 1751 obe-

318 1779 424 1816 diant
438 1779 518 1816 sine
539 1780 613 1817 ulla
633 1781 907 1830 inquietudine.
930 1782 1103 1817 Praesenti
1122 1793 1272 1831 quoque
1291 1780 1486 1829 privilegio
1506 1781 1603 1817 hanc
1622 1780 1695 1817 illis
1712 1779 1952 1817 concedimus
1970 1780 2159 1816 licentiam
2173 1809 2182 1826 ,
2202 1787 2245 1816 ut
2264 1779 2440 1815 defuncto

317 1840 467 1887 abbate,
483 1853 745 1892 quemcunque
763 1841 949 1878 voluerint
966 1842 1306 1891 archiepiscopum,
1321 1843 1376 1879 vel
1392 1844 1629 1891 episcopum,
1644 1854 1751 1878 causa
1768 1841 1967 1878 ordinandi
1985 1842 2155 1879 abbatem
2172 1839 2442 1878 vocentss'Simi-

319 1903 404 1940 liter
432 1904 569 1941 saciant
596 1904 642 1940 de
670 1904 970 1941 ordinationibus
997 1904 1229 1941 sacerdotum
1260 1904 1316 1941 vel
1340 1905 1558 1950 levitarum,
1585 1912 1623 1940 et
1645 1911 1863 1940 caeterorum
1881 1903 2084 1953 graduum,
2106 1904 2253 1953 quasin
2274 1914 2338 1939 suo
2361 1913 2442 1938 mo·

319 1966 479 2003 nasterio
496 1966 698 2014 celebrent,
717 1967 745 2003 si
764 1967 893 2003 volunt
904 1996 913 2013 ‚
935 1967 1074 2017 absque
1091 1966 1166 2004 ulla
1183 1966 1478 2003 contradictione
1494 1967 1765 2017 archiepiscopi
1780 1966 2012 2003 Rhemorum
2026 1995 2035 2011 ,
2055 1973 2094 2002 et
2109 1966 2273 2015 episcopi
2291 1965 2442 2002 Suesso-

321 2041 415 2065 rum.
433 2029 608 2066 Praesenti
626 2042 776 2080 quoque
793 2030 937 2075 abbati,
957 2037 995 2067 et
1011 2030 1186 2067 omnibus
1211 2031 1486 2068 successoribus
1512 2032 1588 2068 suis
1613 2031 1711 2068 inter
1730 2032 1925 2067 missarum
1949 2029 2141 2067 sollemnia
2165 2027 2444 2066 benedictiones

319 2093 557 2130 concedimus
575 2106 702 2142 agere,
725 2101 763 2131 et
782 2094 1080 2143 praedicationem
1099 2094 1145 2130 ad
1164 2094 1344 2144 populum
1369 2095 1508 2141 facere,
1532 2102 1571 2131 et
1590 2093 1832 2144 reveren[dae]
1856 2100 1986 2130 sanctae
2002 2093 2126 2129 Mariae
2141 2092 2210 2129 Dei
2229 2091 2441 2141 genitricis,

319 2162 357 2191 et.
375 2154 475 2192 beati
503 2157 605 2193 Petri
627 2157 880 2206 apostolorum
906 2157 1105 2207 principis,
1128 2165 1166 2194 et
1189 2158 1475 2206 protomartyris
1493 2158 1636 2195 Christi
1659 2157 1840 2207 Stephani
1860 2165 1898 2194 et
1915 2156 2042 2193 domni
2063 2154 2251 2201 Medardi,
2283 2165 2445 2205 quorum

321 2218 463 2255 honore
480 2226 518 2255 et
536 2220 679 2256 meritis
705 2220 783 2269 ipse
804 2220 906 2257 locus
924 2228 1088 2259 sacratus
1107 2220 1281 2270 refulget.
1305 2221 1363 2258 Ad
1382 2234 1544 2271 quorum
1572 2220 1686 2257 altare
1713 2220 1965 2257 venerandum
1982 2226 2021 2256 et
2038 2220 2264 2269 praecipuum
2280 2247 2291 2264 ,
2318 2230 2446 2255 omnes

319 2282 489 2319 ecclesias
515 2289 554 2318 et
579 2282 726 2329 altaria,
747 2283 794 2319 de
812 2283 988 2319 omnibus
1008 2284 1120 2319 terris
1141 2295 1221 2333 quae
1240 2282 1380 2319 collatae
1398 2290 1486 2320 sunt
1503 2283 1558 2319 vel
1578 2283 1839 2328 conferentur,
1858 2282 1953 2319 facta
1977 2282 2224 2332 praeceptione
2252 2277 2390 2330 regali,
2410 2289 2447 2318 et

319 2344 517 2393 apostolica
535 2345 756 2382 auctoritate
774 2357 881 2382 causa
898 2345 1054 2382 lionoris
1071 2345 1324 2383 concedimus.
1340 2346 1647 2383 Consecrationes
1662 2358 1814 2396 quoque
1831 2345 1992 2382 sontium
2004 2373 2013 2390 ,
2030 2351 2069 2381 et
2086 2345 2256 2381 scrutinii
2274 2345 2447 2393 mysteria

322 2419 465 2455 semper
482 2407 521 2443 in
541 2409 623 2456 ipso
641 2407 878 2445 celebrentur
903 2410 1138 2445 monasterio.
1156 2409 1382 2446 Chrismatis
1399 2421 1550 2459 quoque
1580 2422 1622 2445 ac
1646 2409 1717 2445 olei
1737 2408 1952 2457 ubicunque
1970 2408 2123 2444 libuerit
2139 2413 2314 2456 expetant
2333 2407 2447 2444 bene-

322 2467 524 2506 dictionem
536 2498 547 2514 ,
569 2482 637 2506 nec
659 2469 772 2506 ullius
797 2470 1000 2507 occasionis
1017 2483 1123 2507 causa
1143 2470 1199 2507 vel
1220 2471 1449 2508 necessitatis
1468 2484 1487 2508 a
1506 2483 1696 2521 quoquam
1715 2478 1858 2507 rectore
1878 2477 2004 2507 tantus
2019 2470 2143 2506 honor
2161 2467 2445 2512 intermittatur,

323 2543 368 2566 ne
380 2538 489 2567 tantae
506 2531 745 2569 sublimitatis
761 2532 864 2568 locus
882 2532 1056 2579 vilescat,
1075 2546 1187 2585 quem
1207 2540 1319 2582 caput
1333 2533 1598 2570 constituimus
1615 2533 1927 2569 monasteriorum
1946 2533 2061 2568 totius
2071 2531 2212 2576 Galliae,
2234 2531 2447 2580 nulliusque

322 2593 457 2630 ditioni
474 2594 639 2643 patimur
656 2606 734 2630 esse
752 2593 961 2642 subjectum
990 2610 996 2630 :
1020 2594 1084 2630 sed
1110 2607 1255 2646 semper
1281 2595 1350 2631 sub
1373 2595 1489 2644 regali
1515 2595 1683 2631 custodia
1702 2594 1846 2643 positus
1860 2621 1870 2637 ,
1891 2593 2003 2641 hujus
2022 2599 2151 2630 sanctae
2171 2604 2331 2629 romanae
2350 2589 2445 2630 s'e‘dis

322 2656 533 2692 antistitum
556 2656 778 2692 auctoritate
804 2655 1083 2695 advocationem
1104 2656 1200 2694 beati
1225 2657 1325 2693 Petri
1350 2656 1498 2694 habeat.
1526 2657 1690 2694 caveant
1717 2662 1840 2692 autem
1870 2667 1999 2691 omnes
2030 2662 2161 2692 sanctae
2187 2655 2256 2692 Dei
2285 2654 2444 2692 ecclesiae

324 2730 550 2754 successores
561 2725 598 2754 et
612 2718 718 2766 regni
736 2717 1022 2767 gubernatores,
1044 2732 1090 2755 ne
1107 2719 1179 2755 hoc
1195 2718 1434 2768 privilegium
1453 2719 1605 2756 irritum
1622 2718 1772 2763 saciant,
1792 2717 1895 2767 quod
1912 2717 2113 2766 apostolica
2126 2718 2347 2754 auctoritate
2360 2719 2442 2754 sa‘n-

324 2781 439 2816 citum
453 2808 462 2824 ,
485 2787 523 2817 et
544 2793 673 2829 regum
695 2780 866 2816 manibus
884 2794 967 2817 vere
991 2781 1178 2818 firmatum
1197 2789 1271 2826 est,
1292 2788 1329 2818 et
1349 2793 1531 2818 consensu
1549 2780 1751 2818 Baudaridi
1768 2781 1931 2830 episcopi
1952 2781 2170 2817 Suessorum
2195 2781 2333 2817 factum
2346 2809 2355 2826 ‚
2381 2782 2440 2816 in·

321 2855 432 2890 super
451 2850 488 2878 et
508 2843 741 2891 septuaginta
767 2831 1026 2891 episcoporum
1053 2844 1115 2880 tali
1145 2843 1380 2881 anathemate
1403 2844 1612 2881 solidatum.
1634 2845 1860 2893 Quicunque
1884 2844 1997 2891 hujus
2023 2845 2175 2880 nomine
2209 2844 2440 2880 auctoritatis

321 2903 574 2940 contradictor
586 2905 772 2949 extiterit,
791 2905 847 2940 vel
866 2905 998 2942 fratres
1015 2906 1052 2941 in
1070 2906 1218 2955 praefata
1235 2906 1385 2942 basilica
1402 2907 1687 2956 inquietaverit,
1706 2906 1761 2943 vel
1780 2906 1826 2942 de
1843 2906 2016 2942 omnibus
2032 2905 2144 2942 rebus
2162 2906 2233 2954 ipsi
2249 2905 2331 2942 loco
2346 2918 2438 2941 con-

321 2967 429 3003 cessis
451 2965 506 3002 vel
529 2966 773 3005 concedendis
792 2967 934 3016 aliquid
953 2967 1165 3010 abstulerit,
1187 2969 1241 3005 vel
1262 2969 1370 3005 aliter
1387 2969 1636 3016 ordinaverit,
1660 2969 1700 3005 in
1720 2968 1781 3005 die
1798 2968 2031 3005 revelationis
2049 2967 2269 3005 Domini’sit
2285 2968 2439 3005 anathe-

322 3042 379 3065 ma
401 3030 615 3067 maranatha
627 3057 636 3074 ‚
655 3037 692 3066 et
710 3043 729 3065 a
747 3030 934 3066 consortio
951 3030 1233 3067 christianitatis
1261 3038 1529 3081 sequestratus,
1549 3045 1568 3067 a
1586 3043 1744 3080 corpore
1763 3037 1801 3067 et
1818 3030 1999 3078 sanguine
2022 3029 2174 3066 Domini
2205 3030 2323 3067 nostri
2349 3031 2437 3066 Jesu

321 3092 462 3129 Christi
482 3092 624 3130 alienus
650 3092 794 3128 existat.
814 3092 862 3128 Et
878 3092 1134 3142 cujuscunque
1158 3093 1397 3130 sublimitatis
1421 3093 1475 3130 vel
1494 3093 1689 3143 dignitatis
1707 3094 1777 3136 sit,
1801 3093 1944 3128 honore
1970 3103 2037 3128 suo
2061 3092 2099 3128 in
2118 3093 2282 3141 presenti
2308 3093 2437 3129 saeculo

322 3155 500 3201 privetur,
520 3161 557 3190 et
574 3154 611 3190 in
630 3155 783 3190 exilium
801 3155 1003 3202 relegetui,
1015 3162 1053 3191 et
1070 3155 1107 3192 in
1128 3155 1255 3192 futuro
1274 3156 1405 3192 soeculo
1422 3168 1507 3192 cum
1526 3156 1624 3192 Juda
1644 3155 1825 3192 traditore
1841 3154 1993 3191 Domini
2013 3155 2052 3191 in
2070 3155 2189 3204 poenis
2205 3147 2437 3191 aeternalibus

321 3215 531 3261 damnetur,
549 3224 588 3254 et
604 3230 689 3253 cum
709 3217 866 3253 Diabolo
883 3225 921 3253 et
938 3218 1079 3267 angelis
1095 3219 1126 3266 ej
1134 3230 1175 3255 us
1194 3219 1232 3254 in
1251 3219 1398 3255 inferno
1416 3219 1587 3256 inferiori
1605 3230 1796 3267 nunquam
1818 3217 2069 3266 resurgendus
2085 3218 2345 3266 demergatur,
2366 3219 2435 3254 nisi

322 3287 452 3315 sanctae
471 3280 770 3328 congregationis
800 3280 943 3322 animos
968 3280 1186 3329 placaverit,
1209 3288 1247 3317 et
1264 3288 1396 3317 sanctae
1422 3281 1490 3317 Dei
1510 3281 1678 3317 Ecclesiae
1705 3279 1897 3316 ministros
1926 3279 1995 3316 sihi
2024 3280 2329 3317 reconciliaverit.
2354 3280 2435 3328 Ego

320 3339 534 3394 Simplicius
553 3342 719 3381 notarius
747 3349 878 3378 sanctae
905 3354 1064 3379 romanae
1090 3342 1188 3379 sedis
1207 3342 1407 3392 subscripsi
1426 3349 1463 3380 et
1483 3342 1653 3391 sigillavi.
1673 3341 1811 3378 Datum
1839 3342 1878 3378 in
1903 3340 2059 3378 ecclesia
2087 3342 2210 3378 Sancti
2240 3335 2404 3379 Silvestri
2420 3370 2428 3383 ,

322 3415 343 3437 v
363 3403 447 3439 idus
461 3403 607 3449 martii,
627 3416 724 3444 anno
741 3403 936 3440 dominicae
954 3403 1220 3441 incarnationis
1231 3416 1337 3450 nnn,
1352 3404 1558 3441 indictione
1569 3418 1602 3440 x.
1620 3419 1636 3436 n

369 3490 574 3535 Caete1·um,
593 3492 723 3540 quanti
741 3492 896 3530 fecerint
916 3499 954 3529 et
971 3491 1032 3529 alii
1053 3493 1282 3531 Francorum
1303 3505 1408 3542 reges
1430 3499 1512 3541 post
1530 3475 1780 3539 Clotbarium,
1801 3492 2103 3550 insignemillam
2123 3487 2246 3548 Sancti
2267 3476 2433 3553 Medtardi

480 3565 492 3592 1
2254 3559 2277 3596 8
