2970 4152
468 394 565 440 244
1047 397 1217 445 PETRI
1257 399 1569 446 ABAELARDI
1605 399 1679 447 ET
1712 401 2013 448 HELOISSAE

533 493 607 535 De
625 488 799 536 habitu.
820 516 887 526 -—
902 489 1099 538 Habitus
1123 503 1285 541 noster
1308 494 1413 542 vilis
1435 505 1505 543 est
1534 505 1582 542 et
1607 495 1806 561 simplex
1826 532 1838 555 ,
1870 496 1917 541 in
1944 495 2128 559 agninis
2150 493 2368 559 pellibus,
2393 495 2440 540 in
2460 495 2595 541 lineis

468 579 514 615 et
532 569 678 617 laneis
701 569 924 616 vestibus.
948 573 1002 616 In
1020 571 1077 618 iis
1102 573 1317 621 emendis
1342 575 1417 623 vel
1442 575 1666 639 faciendis
1686 592 1786 622 non
1813 575 2053 639 eliguntur
2076 574 2283 640 pretiosa
2299 610 2312 634 ,
2350 574 2435 621 sed
2462 574 2594 638 quod

468 648 604 695 vilius
637 651 903 714 comparari
942 651 1017 698 vel
1048 651 1214 701 haberi
1246 665 1420 720 potest.
1458 654 1795 720 Quodcunque
1827 655 2048 703 sufficere
2070 654 2242 702 debeat
2265 654 2595 702 annotandum

468 739 616 788 esset;
646 730 730 776 sed
748 730 892 794 longe
917 748 1080 779 sumus
1106 749 1133 780 a
1152 733 1448 783 sufficientia.

535 813 605 855 De
644 809 786 857 lectis.
808 814 944 858 —-ln
983 812 1166 860 lectulis
1193 816 1368 863 nostris
1398 815 1633 863 habemus
1669 815 1914 875 culcitras,
1954 825 2000 863 et
2032 814 2328 881 pulvinaria,
2371 824 2417 861 et
2454 813 2597 860 lintea

467 889 615 949 linea,
645 891 765 938 sicut
791 892 987 957 singulis
1017 894 1260 943 dividitur.
1291 898 1341 943 Si
1366 914 1464 944 non
1495 898 1726 962 recipiant
1751 896 1944 961 singulae
1971 896 2104 962 quod
2130 895 2358 954 sufficiat,
2394 911 2595 960 pauper·

467 970 549 1016 tati
573 970 870 1019 adscribitur.

531 1054 606 1096 De
632 1050 757 1098 cibis.
775 1056 982 1101 *Pane
1004 1052 1508 1119 quolibet‘vescimur3
1540 1058 1579 1105 si
1611 1058 1750 1105 fuerit
1781 1058 1989 1104 triticum
2009 1093 2021 1116 ,
2050 1057 2264 1116 tritice03
2297 1057 2335 1103 si
2362 1055 2593 1114 defuerit,

467 1147 590 1195 pane
621 1131 873 1196 cujuslibet
895 1150 1115 1183 annonae.
1146 1140 1199 1184 In
1228 1137 1480 1185 refectorio
1508 1148 1674 1185 nostro
1701 1137 1793 1184 cibi
1819 1138 1921 1185 sine
1950 1137 2173 1185 carnibus
2198 1147 2308 1184 sunt
2326 1136 2594 1200 legumina,

467 1222 513 1258 et
539 1229 595 1259 ea
620 1230 725 1277 quae
752 1215 902 1262 nutrit
926 1215 1110 1264 hortus·
1143 1221 1264 1279 Lac,
1294 1236 1411 1278 ova,
1443 1230 1487 1266 et
1513 1236 1677 1267 caseus
1703 1219 1856 1266 rarius
1888 1228 2224 1309 apponuntur,
2262 1228 2309 1265 et
2344 1217 2526 1282 pisceS,
2559 1217 2598 1263 si

467 1276 565 1339 dati
606 1293 797 1342 suerint.
833 1296 1011 1343 Vinum
1039 1298 1241 1346 mixtum
1272 1300 1329 1346 sit
1355 1316 1495 1364 aqua.
1535 1303 1646 1348 Duo
1676 1300 1962 1366 pulmenta
1951 1316 1999 1346 ln
2040 1299 2195 1365 prima
2228 1298 2485 1346 refectione
2513 1297 2598 1344 ha-

466 1373 655 1421 bentur.
694 1378 747 1422 In
778 1393 915 1424 coena
948 1395 1063 1425 vero
1091 1379 1276 1440 herbae,
1309 1381 1384 1428 vel
1417 1382 1625 1441 fructus,
1659 1381 1735 1429 vel
1768 1381 1947 1446 aliquid
1976 1380 2094 1437 tale,
2134 1381 2172 1427 si
2205 1380 2371 1427 haberi
2402 1379 2593 1444 poterit.

468 1458 651 1502 Horum
676 1474 871 1522 quoque
897 1458 1215 1508 deficientiam
1243 1418 1344 1509 sine
1368 1479 1616 1510 murmure
1646 1473 1912 1528 portamus.

532 1540 605 1582 De
629 1536 904 1585 obedientia.
935 1567 1003 1578 -ι
1030 1540 1129 1587 Soli
1156 1541 1402 1589 abbatissae
1429 1553 1476 1590 et
1500 1544 1737 1608 priorissae
1771 1542 1987 1589 debitum
2015 1541 2264 1589 exhibetur
2296 1539 2594 1611 obedientiae.

468 1616 604 1663 Nulla
627 1619 869 1681 praesumit
894 1619 1098 1667 claustra
1120 1623 1396 1669 monasterii
1416 1623 1578 1687 egredi
1603 1623 1704 1670 sine
1719 1622 1892 1669 harum
1908 1622 2097 1668 licentia
2111 1657 2123 1680 ,
2145 1620 2277 1667 nulla
2291 1620 2448 1684 loqui,
2471 1618 2602 1666 nulla

468 1698 598 1745 nulla
617 1698 731 1746 dare
751 1700 932 1764 aliquid
951 1701 1026 1748 vel
1042 1703 1269 1767 recipere,
1293 1704 1498 1751 retinere
1515 1741 1527 1763 ,
1557 1705 1648 1751 nisi
1674 1704 1808 1768 quod
1827 1703 2111 1768 permissum
2136 1702 2291 1749 fuerit.
2315 1704 2386 1749 De
2397 1711 2565 1749 caetero
2584 1737 2595 1759 ,

468 1778 606 1825 nobis
626 1780 833 1827 invicem
850 1781 1103 1830 obedimus
1125 1783 1296 1831 affectu
1321 1784 1579 1832 charitatis.

538 1858 671 1907 Unde
705 1864 970 1909 necessaria
989 1866 1290 1927 proveniunt.
1310 1893 1377 1903 ——·
1397 1865 1652 1930 Religionis
1684 1875 1784 1912 erat
1818 1864 1879 1911 de
1919 1863 2049 1911 cultu
2090 1873 2323 1910 terrarum
2354 1873 2401 1910 et
2438 1862 2600 1909 labore

465 1942 665 2006 proprio
690 1942 874 2004 vivere,
904 1945 943 1991 si
968 1961 1235 2010 possemus.
1264 1946 1360 1994 Sed
1387 1947 1500 2011 quia
1526 1964 1582 1994 ex
1608 1946 1852 1993 debilitate
1876 1963 1976 1992 non
1995 1943 2257 1992 sufficimus
2274 1981 2286 2005 ,
2309 1943 2603 1991 admittimus

469 2040 726 2071 conversos
759 2035 805 2072 et
833 2034 1127 2087 conversas,
1158 2038 1209 2074 ut
1236 2045 1341 2092 quae
1369 2045 1456 2093 per
1481 2045 1572 2075 nos
1599 2028 1922 2076 administrari
1953 2027 2078 2091 rigor
2105 2042 2205 2072 non
2233 2025 2464 2090 permittit
2497 2024 2601 2072 reli-

469 2104 640 2166 gionis,
659 2122 745 2169 per
761 2122 843 2154 eos
862 2106 1230 2172 adimpleantur.
1250 2109 1521 2173 Recipimus
1537 2109 1680 2156 etiam
1697 2124 2006 2172 quascunque
2022 2105 2237 2153 fidelium
2256 2105 2597 2168 eleemosynas,

472 2201 608 2231 more
635 2195 913 2233 caeterarum
937 2187 1260 2235 ecclesiarum.
2183 2193 2194 2197 ’

539 2265 740 2326 Quando
763 2266 1045 2332 egredimur.
1061 2293 1127 2305 --·
1143 2270 1381 2316 Statutum
1410 2279 1651 2329 tenemus,
1682 2268 1816 2333 quod
1832 2268 1963 2315 nulla
1978 2268 2157 2327 velata,
2185 2283 2326 2314 causa
2351 2267 2603 2330 cujuscun-

470 2362 563 2410 que
589 2347 908 2408 necessitatis,
940 2348 1210 2413 egrediatur
1237 2349 1299 2397 ad
1327 2350 1531 2397 forensia
1559 2351 1778 2414 negotia,
1810 2349 1885 2397 vel
1910 2348 2203 2413 ingrediatur
2231 2349 2433 2396 domum
2450 2348 2603 2412 cujus-

468 2425 585 2474 libet
612 2428 850 2475 secularis.
883 2429 953 2476 Ad
982 2429 1228 2478 familiaria
1258 2442 1373 2478 vero
1397 2431 1612 2496 negotia,
1643 2441 1690 2478 et
1718 2430 1780 2478 ad
1806 2429 2074 2477 custodiam
2107 2446 2270 2477 rerum
2299 2439 2599 2489 nostrarum,

471 2507 702 2554 mittimus
720 2509 768 2555 in
788 2508 961 2556 domos
979 2520 1166 2557 nostras
1183 2511 1409 2576 probatas
1427 2521 1524 2558 tam
1541 2521 1676 2559 aetate
1690 2527 1836 2576 quam
1853 2512 1949 2558 vita
1965 2521 2012 2558 et
2026 2509 2259 2557 moniales
2272 2519 2318 2557 et
2332 2525 2599 2557 conversas.

534 2592 608 2635 De
634 2589 886 2655 longinquo
913 2590 1215 2640 venientibus.
1232 2593 1739 2658 —Supervenientem
1765 2591 2019 2639 nobiscum
2046 2591 2128 2638 diu
2155 2607 2350 2638 manere
2379 2607 2480 2638 non
2495 2607 2604 2657 per·

471 2670 727 2731 mittimus3
766 2670 849 2718 sed
884 2671 922 2718 si
958 2688 1204 2720 remanere
1246 2672 1478 2733 voluerit,
1518 2683 1565 2720 et
1608 2690 1714 2721 eam
1749 2673 1868 2719 ratio
1902 2672 2076 2737 suscipi
2109 2671 2405 2736 permiserit,
2446 2671 2603 2737 primo

470 2761 652 2816 septem
678 2751 806 2812 dies,
833 2738 916 2799 aut
940 2752 1222 2818 profiteatur
1238 2790 1250 2813 ,
1283 2764 1364 2801 aut
1390 2753 1618 2802 discedat.

541 2833 742 2892 Quando
774 2836 839 2881 sit
869 2851 1094 2881 conversa
1118 2836 1358 2883 monialis.
1379 2864 1443 2872 -
1462 2837 1510 2883 Si
1536 2836 1599 2883 ad
1625 2853 1715 2883 nos
1744 2835 1901 2900 aliqua
1927 2851 2158 2883 conversa
2181 2834 2378 2882 veniens
2406 2834 2456 2882 in
2491 2849 2606 2881 con-

472 2915 739 2962 versatione
755 2914 984 2962 laicarum
1007 2925 1227 2981 suscepta
1253 2909 1421 2976 fuerit,
1449 2916 1722 2964 nullatenus
1746 2926 1911 2981 postea
1939 2915 2161 2962 monialis
2177 2914 2432 2975 efficietur,
2454 2914 2604 2962 sedin

475 3009 528 3038 ea
554 2995 830 3056 vocatione,
862 2996 911 3042 in
937 3013 1033 3060 qua
1058 3007 1229 3044 vocata
1251 3007 1323 3044 est
1343 3034 1355 3058 ,
1385 3007 1680 3063 permaneat.

539 3078 612 3120 De
643 3074 817 3138 officiis
839 3079 1084 3125 nocturnis
1107 3095 1139 3124 a
1159 3077 1255 3124 kal.
1283 3078 1454 3126 octobr.
1487 3096 1631 3144 usque
1652 3077 1720 3124 ad
1737 3078 1937 3125 Pascha.
1961 3105 2026 3115 —-·
2054 3077 2226 3124 Audito
2257 3077 2392 3141 signo
2407 3112 2418 3133 ‚
2451 3076 2512 3122 ad
2539 3077 2605 3123 vi-

475 3154 605 3217 gilias
638 3172 750 3203 cum
775 3157 1074 3207 festinatione
1097 3159 1362 3224 surgimus,
1400 3169 1447 3207 et
1473 3159 1720 3207 moderate
1753 3176 1843 3206 nos
1876 3158 2207 3218 cohortantes,
2245 3157 2519 3204 festinamus
2545 3157 2606 3204 ad

477 3252 598 3300 opus
624 3237 737 3296 Dei3
778 3248 825 3284 et
859 3238 1056 3287 dimisso
1083 3241 1245 3305 signo,
1283 3240 1345 3288 ad
1371 3251 1544 3288 nutum
1571 3241 1804 3306 priorissae
1830 3240 2029 3287 facimus
2053 3248 2303 3286 consuetas
2331 3237 2570 3284 orationes
2589 3273 2601 3296 ,

476 3316 524 3362 in
552 3316 928 3365 solemnitatibus
951 3320 1186 3370 inclinatae
1204 3359 1216 3383 ‚
1237 3323 1286 3369 in
1310 3322 1504 3388 privatis
1520 3321 1690 3369 diebus
1714 3331 1980 3387 prostratae.
2000 3319 2259 3385 Completis
2277 3318 2573 3366 orationibus
2589 3355 2601 3377 ,

477 3397 714 3461 signamus
740 3415 829 3445 nos
849 3435 861 3459 ‚
888 3410 934 3447 et
960 3402 1255 3466 ingredimur
1277 3404 1504 3451 stationes
1527 3412 1732 3449 nostras.
1764 3401 2176 3460 Hebdomadaria,
2199 3400 2333 3463 cujus
2350 3410 2420 3447 est
2440 3402 2605 3446 «Deus

477 3479 524 3524 in
553 3477 870 3542 adjutorium,
896 3499 920 3524 »
951 3481 1113 3547 incipit
1144 3485 1326 3543 «Veni,
1359 3494 1520 3532 sancte
1543 3483 1770 3550 Spiritus,
1799 3499 2137 3548 »prosequens
2154 3498 2346 3530 versum
2370 3490 2416 3528 et
2436 3480 2606 3528 oratio·
2642 3533 2646 3535 ,
