2970 4152
775 404 855 451 DE
889 401 1115 481 5ΑΝοἙρ
1149 401 1376 459 ,ιοΑΝΝΕ
1409 403 1690 451 ΒΑΡἙι5ἙΑ
1724 391 1940 450 sERMo
2332 406 2416 453 594

311 499 543 564 minibuS,
578 500 794 571 quodam
828 466 1161 547 simulationis
1174 494 1349 564 pallio
1355 514 1405 545 se
1439 509 1690 560 ornantes,
1728 500 1987 548 multarum
2022 485 2429 547 febriuncularum

309 569 610 641 curationem
636 576 955 648 Ριεε5ιιιιιιιιιῐ,
982 568 1042 626 ἰιῐ
1038 595 1222 645 quum
1249 577 1299 625 in
1308 577 1566 667 aliquibus
1596 595 1887 644 quocunque
1915 596 2029 627 casu
2058 579 2233 627 sanitas
2261 595 2431 626 conse-

309 666 538 755 quatur&
518 660 616 708 hoc
633 661 701 708 eis
721 657 1131 726 imputari'possit.
1158 638 1321 738 Ωιιιῖιιι
1335 674 1452 707 vero
1475 658 1524 704 in
1550 657 1786 723 aliquibus
1801 659 2078 718 defecerint,
2098 659 2299 708 infirmae
2322 657 2434 706 fidei

309 725 579 801 hommum
598 733 887 807 ascribaffir‚
926 738 1010 818 qui
1034 730 1185 818 digni
1194 754 1295 802 non
1325 737 1515 820 fuerant
1542 747 1597 786 ut
1623 738 1725 786 haec
1759 739 1992 787 beneficia
2026 739 2320 805 susciperent
2353 749 2434 787 aut

271 882 277 890 ¹
311 808 460 871 etiaffl
479 799 716 870 viderent.

340 901 604 993 ἒοιιιιιιΠί
618 917 812 966 quoque
834 899 896 947 de
917 876 1116 962 nomine
1138 890 1381 979 religionis
1404 899 1679 964 gloriantes,
1699 917 1850 964 quum
1873 900 2073 963 gratiam
2095 900 2435 948 miraculorum

310 955 498 1046 Qeq‘hi
519 975 619 1028 non
643 980 826 1041 valent,
848 989 903 1027 ut
922 979 1038 1027 hinc
1062 980 1268 1028 maxime
1289 961 1495 1062 religio
1482 987 1700 1051 ipsorum
1721 979 2088 1045 comprobetur,
2117 979 2212 1026 hoc
2235 979 2296 1026 ad
2318 996 2437 1027 con·

291 1060 598 1132 ‚sqlationem
613 1077 750 1108 suam
765 1060 944 1108 afferre
957 1059 1131 1119 solent,
1152 1077 1253 1107 non
1271 1040 1392 1133 jani
1393 1059 1489 1107 hoc
1512 1070 1748 1125 tempore,
1766 1076 1864 1123 quo
1882 1058 2001 1106 fides
2016 1059 2329 1107 corroborata
2346 1070 2432 1119 est,

310 1139 541 1189 miracula
563 1141 630 1188 sic
652 1157 754 1189 esse
775 1141 1042 1188 necessaria
1064 1126 1315 1205 quomodo
1337 1120 1624 1211 quondam
1610 1157 1661 1187 m
1686 1139 1930 1205 primitiva
1957 1140 2183 1188 Ecclesia.
2210 1140 2282 1187 Ad
2305 1140 2438 1205 quod

310 1191 455 1269 etiam
475 1216 805 1269 testimonium
839 1221 900 1268 de
922 1221 1143 1286 apostolo
1166 1221 1472 1280 inducentes,
1505 1221 1695 1268 dicunt¹
1725 1240 1735 1268 ε
1766 1240 1789 1266 «
1809 1221 1996 1284 Linguae
2031 1221 2079 1268 in
2117 1222 2315 1286 signum
2328 1231 2440 1269 sunt

312 1318 412 1350 non
441 1301 685 1362 fidelibus,
712 1301 797 1350 sed
819 1301 1117 1362 infidelibus,
1139 1302 1405 1368 prophetiae
1420 1312 1581 1350 autem
1603 1318 1705 1350 non
1728 1301 2025 1360 infidelibus,
2051 1302 2137 1350 sed
2159 1301 2436 1350 fidelibus.»

284 1381 442 1429 *Sicut
475 1398 588 1446 ergo
621 1381 815 1429 cuilibet
844 1398 1020 1446 genera
1050 1382 1322 1446 linguarum
1359 1381 1528 1430 collata
1566 1381 1727 1429 subito
1763 1399 1852 1447 pro
1881 1382 2018 1445 signo
2046 1380 2288 1428 habentur
2311 1382 2440 1447 apud

311 1445 550 1520 infideles,
584 1471 632 1508 et
660 1477 772 1533 cum
800 1461 1120 1509 admiratione
1143 1478 1318 1525 magna
1347 1461 1408 1509 ab
1438 1462 1505 1509 eis
1534 1462 1671 1526 quasi
1702 1478 1931 1526 magnum
1954 1460 2071 1526 quid
2094 1461 2436 1526 suscipiuntur,

310 1546 375 1587 ut
383 1538 460 1587 his
482 1527 715 1604 tanquam
736 1540 976 1588 miraculis
1001 1540 1063 1588 ad
1085 1540 1232 1588 fidem
1255 1547 1572 1588 moveantur:
1600 1542 1665 1589 ita
1690 1551 1737 1588 et
1759 1557 2057 1606 quaecunque
2088 1539 2318 1588 miracula
2339 1540 2443 1587 infi-

313 1619 498 1672 delibus
525 1621 686 1685 potius
714 1636 862 1684 quam
892 1619 1113 1667 fidelibus
1141 1621 1408 1667 necessaria
1430 1621 1628 1668 dicunt:
1655 1621 1862 1685 ideoque
1884 1620 1979 1668 hoc
2001 1630 2220 1684 tempore
2240 1619 2333 1679 his,
2360 1623 2443 1684 qui

312 1698 438 1746 inter
459 1698 624 1746 fideles
646 1709 1010 1759 conversantur,
1025 1699 1154 1747 hanc
1173 1699 1422 1762 signorum
1442 1700 1642 1762 gratiam
1665 1717 1764 1746 non
1785 1717 1886 1748 esse
1906 1700 2238 1757 necessariam,
2261 1717 2356 1764 qua
2375 1700 2442 1748 illi

313 1777 477 1827 fideles
510 1780 777 1828 efficiantur
807 1781 890 1844 qui
919 1780 1020 1843 Jam
1050 1779 1215 1827 fideles
1243 1789 1371 1826 sunt.
1404 1779 1499 1826 Sed
1526 1780 1745 1844 profecto
1768 1772 1919 1844 quum
1948 1779 2067 1827 fides
2090 1780 2192 1827 sine
2215 1778 2442 1846 operibus

314 1853 506 1927 mortua
528 1860 605 1920 sit,
623 1870 673 1908 et
696 1877 860 1907 servus
878 1860 1048 1919 sciens,
1065 1868 1112 1906 et
1134 1876 1235 1906 non
1260 1858 1437 1906 faciens
1450 1858 1750 1906 voluntatem
1771 1860 1968 1907 Domini
1984 1860 2056 1906 sui
2075 1859 2236 1907 multis
2250 1860 2442 1926 vapulet

312 1927 488 2005 plagis,
522 1957 622 1988 non
651 1941 811 1988 minus
839 1950 1039 2006 propter
1069 1956 1218 2006 opera
1245 1956 1392 2004 quam
1422 1949 1621 2005 propter
1651 1939 1798 1987 fidem
1827 1940 2144 2002 conferenda,
2176 1940 2271 1988 hoc
2299 1942 2441 2001 etiam

314 2029 533 2086 tempore
554 2022 821 2069 necessaria
841 2020 1066 2068 videntur
1088 2020 1334 2068 miracula.
1367 2020 1461 2067 Sed
1484 2036 1573 2067 nec
1597 2019 1755 2068 adhuc
1784 2020 2050 2068 infidelium
2074 2031 2174 2069 tam
2196 2020 2443 2068 haeretico-

277 2120 295 2153 ,ι
314 2113 425 2148 rum
452 2117 598 2165 quam
628 2101 903 2148 Judaeorum
931 2101 1030 2149 sive
1053 2100 1302 2164 gentilium
1324 2099 1466 2147 nobis
1491 2102 1630 2165 copia
1653 2099 1802 2148 deest.
1831 2100 1904 2147 Ad
1929 2117 2138 2166 quorum
2162 2103 2445 2148 conversio—

316 2191 430 2226 nem
452 2179 719 2227 faciendam
735 2217 746 2238 ,
775 2179 850 2226 vel
873 2180 1287 2245 oppugnationem
1316 2178 1704 2244 reprimendam,
1740 2196 1840 2226 non
1878 2180 2038 2227 minus
2061 2180 2290 2228 miracula
2316 2198 2445 2229 nunc

290 2276 510 2326 ,quoque
538 2261 659 2322 siQt
687 2260 804 2309 olim
832 2261 1100 2308 necessaria
1122 2260 1367 2307 videntur,
1399 2259 1493 2307 Sed
1516 2261 1629 2325 quia
1653 2278 1752 2308 non
1776 2271 1888 2308 sunt
1910 2260 1993 2325 qui
2014 2260 2141 2309 hanc
2164 2279 2444 2327 promerue-

317 2338 414 2391 rint
437 2342 661 2409 gratiam,
694 2357 783 2388 nec
807 2350 906 2388 tam
928 2340 990 2388 ad
1012 2339 1213 2388 salutem
1236 2339 1463 2400 aliorum,
1492 2357 1638 2405 quarn
1662 2340 1723 2388 ad
1747 2341 2119 2388 ostentationem
2149 2343 2221 2388 sui
2244 2344 2446 2407 quisque

319 2435 426 2467 eam
447 2420 703 2479 desiderat,
723 2421 920 2484 jamque
937 2420 1139 2467 omnino
1164 2419 1282 2466 fides
1302 2419 1382 2467 illa
1400 2420 1558 2484 periit,
1576 2419 1637 2467 de
1661 2437 1758 2484 qua
1778 2420 1996 2468 Salvator
2019 2421 2082 2467 ait
2095 2423 2108 2445 ²
2127 2439 2136 2467 :
2159 2440 2182 2465 «
2199 2421 2246 2467 Si
2263 2421 2444 2469 habue-

319 2501 422 2554 ritis
446 2499 594 2547 fidem
615 2500 736 2547 sicut
758 2516 960 2564 granum
987 2500 1188 2565 sinapis,
1221 2492 1388 2546 dicetis
1415 2498 1528 2546 huic
1557 2500 1711 2547 monti
1739 2505 1791 2547 ut
1820 2517 1871 2547 se
1899 2500 2173 2559 transferat,
2211 2511 2258 2548 et
2295 2511 2446 2548 trans-

322 2580 455 2640 feret,
476 2599 500 2626 »
538 2590 783 2628 cessantur
811 2581 1002 2646 penitus
1036 2579 1116 2627 illa
1149 2579 1492 2627 miraculorum
1522 2579 1780 2639 beneficia,
1826 2597 1931 2645 quae
1960 2580 2212 2646 praedictus
2247 2598 2442 2646 onager,

321 2662 539 2727 quamvis
566 2661 640 2709 his
675 2661 898 2726 indignus
930 2678 1030 2708 non
1064 2671 1209 2720 esset,
1245 2661 1449 2726 respuit,
1484 2670 1531 2708 et
1564 2661 1648 2726 qui
1686 2661 1818 2725 digni
1853 2679 1953 2708 non
1985 2671 2096 2709 sunt
2118 2671 2374 2727 appetunt,
2399 2674 2445 2710 et

301 2728 628 2807 ¹impudenter
654 2740 897 2788 simulant.
924 2741 1018 2799 Qui
1040 2740 1248 2806 denique
1270 2741 1533 2788 clamorem
1555 2741 1787 2789 exactoris
1810 2757 1910 2789 non
1936 2740 2151 2801 audiens,
2172 2752 2218 2788 et
2241 2743 2287 2788 in
2313 2758 2447 2789 mon-

291 2824 299 2831 ’
322 2821 445 2869 tanis
467 2821 669 2869 virentia
690 2837 891 2886 quaeque
912 2821 1212 2886 perquirens,
1229 2829 1413 2885 quanto
1436 2819 1537 2867 haec
1560 2819 1763 2885 amplius
1782 2819 1844 2867 ad
1867 2819 2067 2884 gloriam
2088 2837 2223 2868 suam
2246 2821 2442 2885 peregit,

324 2896 458 2949 tanto
485 2900 585 2948 haec
617 2901 766 2965 magis
801 2900 863 2948 ad
896 2900 1211 2965 ignominiam
1234 2910 1450 2949 nostram
1473 2901 1726 2947 convertit.
1753 2899 1871 2958 Quis
1897 2901 2026 2947 enim
2049 2911 2148 2948 tam
2171 2900 2447 2948 insatiabilis

324 2981 399 3031 vel
422 2982 728 3047 importunus
753 2991 968 3041 exactor,
993 2981 1245 3046 quomodo
1266 2991 1436 3029 venter
1458 2980 1811 3029 monachorum
1834 2981 1910 3029 vel
1934 2982 2093 3047 potius
2116 2982 2446 3047 epicureorum

325 3079 610 3145 porcprum,
637 3061 698 3110 de
720 3061 939 3128 qualibus
961 3062 1158 3127 quidem
1179 3061 1296 3110 illud
1318 3062 1651 3111 horatianum⁸
1678 3082 1688 3109 ε

726 3206 789 3245 Me
807 3215 970 3259 quoque
985 3203 1069 3257 J'am
1086 3203 1258 3245 nitidum
1271 3236 1282 3255 ,
1302 3203 1407 3245 bene
1429 3209 1569 3245 curata
1588 3208 1681 3244 cute
1694 3234 1704 3254 ‚
1725 3203 1854 3253 vises,

728 3273 862 3322 Quum
879 3271 1012 3314 ridere
1029 3273 1144 3315 voles
1161 3303 1172 3322 ,
1192 3272 1355 3327 Epicuri
1375 3272 1428 3314 de
1450 3284 1574 3326 grege
1593 3284 1777 3327 porcum.

377 3471 387 3488 ¹
407 3470 551 3507 Corinth.
567 3472 606 3510 Ι,
621 3479 698 3515 oapi
713 3481 780 3511 xiv,
795 3482 827 3505 v,
847 3472 902 3505 22.
916 3488 959 3496 -
976 3469 990 3489 ⁸
1003 3470 1099 3513 Luc„
1118 3481 1192 3515 cap.
1210 3482 1295 3513 xvn,
1311 3482 1344 3506 v.
1359 3473 1392 3505 6.
1408 3489 1448 3495 -
1472 3471 1486 3489 ⁸
1505 3472 1611 3513 Epi-51.
1630 3470 1688 3505 lib.
1710 3472 1744 3513 1,
1765 3471 1862 3516 epist.
1880 3482 1924 3512 iv,
1940 3481 1972 3504 v.
1992 3470 2030 3503 15
2044 3478 2076 3505 et
2091 3471 2142 3504 16.
