2970 4152
562 406 658 453 662
1361 403 1531 451 PETRI
1565 405 1879 454 ABAELARDI

562 499 611 544 in
639 497 835 544 diversis
858 496 1084 561 operibus
1107 495 1290 543 dictum
1313 507 1383 544 est
1397 534 1409 557 ,
1437 497 1557 544 vidit
1578 498 1710 562 quod
1730 506 1851 547 esset
1872 498 2084 557 bonum3
2109 497 2195 545 sed
2215 497 2280 546 ita
2304 497 2539 560 distinxit,
2559 500 2677 548 vidit

561 578 689 624 Deus
711 585 885 623 cuncta
906 592 1011 640 quae
1034 575 1234 635 fecerat;
1269 586 1316 623 et
1337 576 1650 641 postmodum
1682 594 1987 643 nequaquam
2017 588 2237 643 repetens
2265 598 2289 624 «
2315 579 2435 626 vidit
2460 598 2484 624 η
2510 580 2674 628 subin·

561 657 667 703 tulit
694 666 778 702 «et
801 666 936 703 erant
959 655 1098 704 valde
1120 656 1269 704 bona.
1287 675 1309 701 »
1337 660 1443 704 Non
1467 658 1596 705 enim
1614 659 1748 722 juxta
1770 659 1865 705 hoc
1888 658 2022 723 quod
2041 659 2344 723 exposuimus
2368 659 2429 707 de
2452 659 2647 723 singulis
2661 697 2673 719 ,

560 737 680 783 vidit
714 739 841 783 Deus
879 737 1012 801 quod
1047 747 1168 784 esset
1201 735 1412 797 bonum,
1449 737 1545 785 hoc
1580 748 1652 785 est
1685 738 1848 786 videre
1875 738 1971 786 hoc
1998 755 2088 785 nos
2119 748 2166 786 et
2194 738 2453 802 intelligere
2484 738 2594 786 fecit
2621 756 2676 786 ex

561 817 811 865 manifesta
848 835 1017 865 eorum
1052 818 1268 866 utilitate.
1297 819 1455 866 Potuit
1484 818 1545 867 de
1585 819 1810 866 omnibus
1839 819 1956 879 dici,
2001 820 2113 883 quia
2141 819 2314 867 viderit
2343 830 2516 867 cuncta
2546 819 2677 868 bona

560 907 758 962 propter
782 899 1113 963 operationem
1148 899 1315 946 saltem
1349 900 1571 947 secundae
1602 901 1697 947 diei
1720 900 1781 947 de
1813 901 2127 966 suspensione
2150 917 2404 965 aquarum,
2446 917 2674 965 quarum,

560 964 612 1025 ut
636 978 841 1026 diximus
856 1017 867 1038 ‚
895 979 1147 1027 utilitatem
1170 980 1392 1028 nondum
1414 981 1621 1046 probare
1640 980 1871 1028 valemus.
1899 981 2043 1039 Quod
2067 998 2180 1045 ergo
2204 981 2387 1029 dictum
2409 991 2480 1029 est
2507 1000 2531 1027 «
2558 981 2678 1029 vidit

560 1069 734 1106 cuncta
756 1069 803 1106 et
825 1070 963 1107 erant
983 1059 1122 1107 valde
1145 1060 1299 1120 bona,
1330 1080 1353 1106 »
1373 1061 1466 1108 tale
1489 1071 1559 1108 est
1581 1061 1714 1125 quod
1735 1060 1856 1108 nihil
1876 1061 1926 1108 in
1948 1062 2015 1109 eis
2037 1060 2098 1109 ab
2120 1061 2224 1126 ipso
2248 1061 2454 1126 perfecte
2476 1061 2679 1125 cognitis

560 1137 900 1202 corrigendum
923 1140 1131 1200 censuit,
1158 1140 1244 1187 sed
1266 1150 1455 1188 tantum
1485 1141 1648 1188 omnia
1674 1140 1805 1188 bona
1838 1141 2081 1200 condidit,
2108 1151 2343 1206 quantum
2370 1141 2502 1188 bona
2531 1140 2678 1188 condi
2728 1175 2734 1179 -

560 1219 802 1283 oportuit,
838 1229 891 1266 ut
923 1218 1044 1266 nihil
1075 1219 1253 1267 scilicet
1284 1221 1334 1267 in
1374 1220 1652 1268 conditione
1677 1237 1762 1268 sua
1784 1220 1890 1286 plus
1918 1220 2038 1269 boni
2071 1222 2286 1286 accipere
2322 1221 2401 1268 illa
2438 1220 2676 1279 decuerit,

553 1300 687 1363 juxta
709 1299 839 1348 illam
862 1316 1056 1366 quoque
1078 1301 1287 1349 Platonis
1314 1303 1625 1362 sententiam,
1664 1318 1760 1367 qua
1795 1302 2033 1350 mundum
2058 1302 2118 1350 ab
2148 1303 2480 1368 omnipotente
2507 1311 2554 1349 et
2577 1318 2677 1349 non

557 1380 729 1427 aemulo
754 1381 932 1428 factum
953 1384 1056 1428 Deo
1075 1382 1319 1429 convincit
1340 1398 1644 1447 nequaquam
1667 1381 1916 1430 meliorem
1939 1382 2041 1430 fieri
2059 1383 2287 1448 potuisse.
2307 1382 2451 1440 Quod
2473 1391 2521 1429 et
2542 1384 2678 1446 Moy-

557 1479 630 1509 ses
652 1462 988 1522 considerans,
1022 1465 1187 1510 asserit
1211 1464 1374 1511 omnia
1396 1464 1536 1512 valde
1564 1464 1696 1512 bona
1729 1475 1910 1524 creata,
1943 1465 2162 1529 quamvis
2192 1464 2252 1511 de
2281 1463 2505 1511 omnibus
2526 1463 2679 1511 ratio-

558 1560 671 1590 nem
693 1543 895 1590 reddere
915 1560 1004 1590 nec
1020 1544 1109 1608 ipsi
1133 1544 1277 1591 etiam
1293 1561 1575 1592 concessum
1598 1561 1699 1592 esse
1721 1545 1991 1592 credamus.
2019 1548 2126 1592 Non
2144 1543 2512 1607 tamensssingula
2534 1543 2584 1590 in
2607 1559 2676 1602 se,

557 1623 829 1671 sed'omnia
852 1624 994 1671 simul
1015 1624 1156 1672 valde
1177 1623 1311 1672 bona
1332 1624 1448 1672 dicit
1465 1662 1476 1684 ‚
1503 1626 1616 1690 quia
1638 1635 1692 1672 ut
1711 1625 1881 1673 beatus
1902 1642 2097 1691 quoque
2125 1624 2344 1673 meminit
2366 1623 2676 1688 Augustinus,

557 1705 689 1751 bona
710 1714 822 1751 sunt
843 1704 1029 1768 singula
1053 1705 1103 1751 in
1128 1722 1201 1764 se,
1227 1705 1312 1752 sed
1334 1715 1508 1753 cuncta
1530 1705 1673 1752 simul
1694 1706 1834 1754 valde
1850 1705 1983 1753 bona
2009 1724 2019 1753 :
2047 1705 2161 1771 quia
2182 1722 2287 1770 quae
2311 1705 2361 1751 in
2384 1721 2435 1751 se
2456 1702 2678 1751 conside·

557 1795 659 1833 rata
677 1784 796 1832 nihil
820 1795 902 1833 aut
918 1801 1092 1850 parum
1114 1785 1273 1833 valere
1294 1786 1538 1846 videntur,
1564 1787 1613 1833 in
1637 1797 1740 1834 tota
1764 1787 1983 1834 omnium
2006 1802 2195 1834 summa
2216 1784 2357 1832 valde
2379 1794 2490 1832 sunt
2516 1799 2679 1831 neces·

556 1866 695 1913 saria.
726 1865 866 1912 Unde
902 1865 1077 1913 dicitur
1098 1869 1111 1891 ¹
1139 1884 1150 1914 ε
1180 1885 1204 1911 «
1232 1869 1403 1931 Magna
1438 1883 1587 1932 opera
1617 1867 1837 1926 Domini,
1864 1867 2095 1932 exquisita
2125 1867 2175 1914 in
2207 1882 2376 1913 omnes
2408 1864 2681 1912 voluntates
2720 1873 2727 1879 ·

556 1946 673 2008 ejus.
704 1964 727 1989 »

621 2028 782 2073 Movet
812 2025 1023 2073 fortassis
1058 2026 1244 2092 aliquos
1278 2045 1430 2093 quum
1466 2027 1658 2088 dicitur,
1689 2046 1712 2072 «
1734 2026 1874 2074 valde
1906 2026 2056 2085 bona,
2087 2044 2110 2070 „
2135 2025 2254 2091 quid
2291 2024 2353 2072 de
2389 2022 2678 2088 quibusdam

556 2105 880 2153 animantibus
901 2106 978 2153 vel
999 2105 1174 2171 plantis
1196 2109 1444 2155 venenatis
1467 2108 1707 2167 dicamus,
1732 2106 1808 2154 vel
1831 2107 1892 2154 de
1914 2106 2016 2154 aliis
2038 2105 2328 2170 quibusdam
2349 2120 2455 2168 quae
2477 2102 2680 2149 omnino

555 2185 799 2251 superflua
819 2196 1092 2247 censentur,
1133 2187 1209 2235 vel
1238 2187 1447 2252 denique
1478 2188 1540 2235 de
1562 2188 1676 2253 ipsis
1699 2187 1926 2252 apostatis
1958 2185 2160 2250 angelis,
2195 2185 2277 2250 qui
2307 2183 2368 2231 ab
2393 2184 2498 2248 ipso
2519 2181 2679 2229 statim

556 2266 753 2314 exordio
777 2283 872 2314 suae
894 2268 1150 2315 creationis
1172 2268 1496 2333 superbiendo
1527 2268 1641 2315 mali
1670 2268 1781 2315 facti
1803 2277 1931 2314 sunt.
1959 2266 2053 2313 Sed
2088 2266 2202 2331 quia
2231 2264 2462 2312 malitiam
2489 2263 2629 2310 istam
2651 2278 2679 2309 a

554 2363 604 2393 se
626 2345 942 2410 postmodum
961 2346 1259 2406 habuerunt,
1287 2364 1389 2394 non
1411 2348 1461 2394 in
1485 2364 1572 2395 sua
1593 2348 1836 2395 creatione
1859 2355 2171 2411 acceperunt,
2195 2358 2501 2409 nequaquam
2524 2357 2553 2388 a
2574 2344 2678 2388 Deo

555 2425 666 2473 facti
699 2436 812 2473 sunt
845 2426 984 2485 mali,
1016 2426 1102 2474 sed
1132 2443 1160 2474 a
1182 2427 1347 2491 seipsis
1384 2426 1709 2492 superbiendo
1740 2427 1973 2492 corrupti.
2007 2426 2133 2483 Quia
2169 2440 2283 2488 ergo
2314 2432 2362 2470 et
2387 2421 2454 2469 illi
2468 2468 2471 2469 γ
2487 2421 2680 2487 spiritus

556 2506 666 2554 facti
688 2516 801 2554 sunt
822 2506 942 2554 boni
964 2517 1012 2554 et
1033 2506 1215 2572 absque
1237 2517 1437 2572 peccato
1453 2545 1464 2567 ,
1491 2507 1583 2555 sed
1605 2525 1706 2555 non
1730 2507 1848 2555 tales
1871 2507 2204 2572 perstiterunt,
2235 2518 2542 2568 nequaquam
2564 2518 2679 2567 pro·

554 2596 660 2652 pter
684 2587 778 2634 hoc
799 2588 1076 2652 negandum
1095 2598 1166 2635 est
1188 2605 1337 2654 opera
1358 2589 1447 2636 Dei
1469 2588 1600 2637 bona
1622 2589 1781 2648 fuisse,
1801 2605 1952 2653 quum
1967 2587 2074 2635 illos
2092 2602 2286 2651 quoque
2308 2585 2500 2650 spiritus
2521 2582 2679 2630 bonos

542 2668 850 2728 condiderit,
876 2669 926 2716 in
950 2670 1053 2734 ipsa
1075 2669 1253 2717 scilicet
1275 2669 1475 2734 spiritali
1497 2669 1772 2718 substantiae
1795 2679 1990 2727 natura,
2025 2683 2172 2732 quam
2193 2666 2284 2731 ipsi
2310 2663 2543 2730 superbiae
2570 2662 2680 2710 labe

555 2748 917 2797 maculaverunt
931 2787 942 2809 ,
969 2767 1070 2797 non
1095 2750 1449 2798 destruxerunt.
1475 2752 1636 2815 Opera
1651 2751 1814 2814 itaque
1833 2750 1922 2796 Dei
1943 2757 2118 2796 cuncta
2139 2746 2271 2794 bona
2293 2753 2427 2804 sunt,
2452 2752 2499 2791 et
2521 2743 2680 2791 omnis

554 2839 773 2878 creatura
794 2829 926 2877 bona
947 2839 1018 2877 est
1040 2830 1368 2895 praedicanda,
1394 2831 1508 2895 quia
1530 2830 1650 2878 nihil
1671 2830 1855 2896 peccati
1872 2828 1948 2876 vel
1971 2828 2085 2876 mali
2108 2828 2159 2875 in
2182 2827 2287 2893 ipsa
2308 2841 2403 2873 suae
2424 2823 2678 2872 creationis

554 2910 737 2974 origine
756 2911 1020 2976 accipiunt,
1045 2910 1130 2958 sed
1153 2910 1349 2974 singulis
1372 2920 1563 2959 tantum
1594 2911 1781 2959 confert
1802 2913 1930 2957 Deus
1953 2918 2190 2974 quantum
2222 2905 2472 2964 convenit,
2499 2914 2552 2951 ut
2575 2919 2676 2951 non

553 2989 711 3037 solum
743 2989 884 3037 bonae
905 3027 916 3049 ,
952 3007 1122 3038 verum
1150 2991 1295 3039 etiam
1329 2991 1551 3056 optimae,
1576 2990 1627 3038 id
1656 3001 1727 3038 est
1760 2989 1901 3038 valde
1932 2989 2099 3048 bonae,
2125 2986 2320 3051 singulae
2348 2985 2537 3051 abipso
2559 2983 2677 3031 fiant

554 3080 797 3119 creaturae.
811 3074 908 3119 Nec
925 3071 1082 3119 solum
1098 3082 1214 3120 tunc
1228 3089 1380 3137 quum
1391 3073 1551 3138 primo
1566 3082 1861 3131 crearentur,
1875 3087 2045 3118 verum
2059 3070 2204 3117 etiam
2225 3067 2442 3134 quotidie
2454 3081 2604 3131 quum
2620 3080 2675 3112 ex

556 3148 644 3196 illis
671 3151 1060 3214 primordialibus
1083 3153 1236 3200 causis
1259 3152 1505 3200 nascendo
1538 3161 1855 3218 procreantur
1889 3150 1966 3198 vel
1997 3149 2390 3215 multiplicantur.
2416 3146 2514 3194 Etsi
2547 3144 2676 3192 enim

555 3229 711 3277 infans
735 3249 886 3295 qnum
905 3235 1115 3282 nascitur
1142 3234 1364 3282 nondum
1397 3233 1555 3281 bonus
1584 3234 1735 3281 homo
1770 3233 1974 3292 dicatur,
2000 3223 2135 3297 quod
2157 3230 2219 3278 ad
2255 3244 2414 3276 mores
2443 3226 2675 3292 pertinet,
2723 3280 2725 3282 ,

556 3309 687 3359 bona
700 3321 861 3360 tamen
881 3323 951 3361 est
963 3325 1196 3363 creatura.
1214 3315 1290 3363 Sic
1314 3325 1361 3363 et
1383 3314 1541 3380 pullus
1565 3331 1716 3380 quum
1738 3315 1965 3373 nascitur,
1984 3312 2202 3378 quamvis
2212 3309 2431 3358 nondum
2444 3308 2504 3355 sit
2519 3306 2679 3355 bonus

602 3492 611 3509 ¹
638 3492 756 3532 Psalm.
775 3504 816 3530 cx
830 3518 839 3534 ,
853 3504 886 3527 v.
901 3495 935 3528 9.
