2970 4152
474 402 568 455 244
1165 406 1466 455 HELolssAE
1500 409 1894 463 PROBLEMATA

472 497 661 544 sinuant
699 498 854 563 primo
892 500 1162 564 apparuisse
1203 502 1357 549 Mariae
1381 504 1692 567 Magdalenae,
1736 525 1840 572 quae
1881 509 2007 555 venit
2038 524 2206 569 mane,
2250 526 2399 574 quum
2433 511 2589 560 adhuc

474 576 678 624 tenebrae
716 588 898 638 essent,
931 579 992 626 ad
1026 591 1423 642 monumentum,
1458 594 1504 631 et
1529 585 1653 638 vidit,
1669 586 1879 652 lapidem
1916 586 2156 634 sublatum
2180 604 2207 635 a
2234 600 2549 639 monumento
2573 610 2583 638 z

473 666 518 703 et
539 666 791 721 postquam
817 657 909 704 hoc
933 659 1166 707 nuntiavit
1187 664 1325 708 Petro
1343 672 1390 709 et
1413 652 1609 725 Joamii,
1630 676 1677 713 et
1698 667 1764 713 illi
1786 678 2099 715 cucurrerunt
2117 667 2177 715 ad
2200 682 2586 731 monumentum,

473 749 518 785 et
545 738 656 785 inde
679 740 852 786 reversi
877 750 1011 800 sunt,
1040 742 1157 789 vidit
1184 743 1306 791 duos
1333 745 1553 809 angelos,
1588 757 1633 794 et
1658 748 1832 796 deinde
1859 752 2019 796 Jesum
2046 766 2189 814 quem
2217 751 2402 816 putavit
2424 751 2591 799 hortu-

471 818 649 864 lanum.
683 821 739 865 Et
764 819 864 867 haec
885 823 1117 886 apparitio
1143 824 1297 888 prima
1318 825 1384 871 illi
1407 826 1495 872 soli
1519 827 1691 874 dicitur
1715 829 1849 876 facta.
1882 830 2130 877 Matthaeus
2149 833 2161 854 ¹
2190 847 2305 878 vero
2325 831 2466 879 refert
2484 848 2590 880 eam

471 914 580 943 cum
617 897 763 946 altera
799 901 944 947 Maria
980 903 1161 950 venisse
1201 904 1262 950 ad
1301 905 1602 970 sepulcrum,
1645 919 1690 955 et
1721 918 1835 956 tunc
1869 920 2004 957 terrae
2040 921 2172 958 motu
2211 911 2331 958 facto
2369 911 2590 977 angelum

470 977 768 1028 descendisse
788 1017 800 1041 ,
835 991 882 1029 et
903 981 1109 1048 lapidem
1138 984 1416 1047 revolvisse,
1444 998 1490 1034 et
1514 989 1754 1036 nuntiasse
1781 991 2043 1037 Dominum
2069 993 2377 1039 resurrexisse
2395 1029 2407 1053 ,
2431 1002 2478 1040 et
2501 993 2590 1041 illis

469 1058 654 1107 duabus
693 1063 850 1108 Jesum
896 1064 1188 1124 occurrisse,
1233 1066 1367 1128 cujus
1393 1067 1539 1131 pedes
1570 1078 1841 1116 tenuerunt.
1879 1072 2064 1118 Marcus
2087 1073 2104 1096 ²
2139 1087 2252 1118 vero
2287 1071 2429 1119 refert
2458 1072 2590 1136 quod

468 1140 612 1187 Maria
636 1142 938 1206 Magdalene,
971 1153 1016 1190 et
1046 1145 1190 1191 Maria
1226 1145 1417 1205 Jacohi,
1450 1157 1496 1193 et
1521 1147 1709 1194 Salome
1741 1149 1880 1196 valde
1905 1167 2046 1197 mane
2076 1161 2309 1198 venerunt
2333 1151 2394 1198 ad
2421 1168 2592 1201 monu-

469 1230 683 1268 mentum
718 1233 823 1270 orto
842 1223 941 1287 jam
969 1223 1067 1270 sole
1085 1261 1096 1283 ,
1129 1226 1463 1289 conquirentes
1490 1226 1549 1274 ad
1576 1227 1809 1288 invicem,
1853 1229 1959 1292 quis
1993 1230 2258 1277 revolveret
2289 1231 2356 1277 eis
2381 1230 2591 1297 lapidem

470 1298 529 1345 ab
558 1301 681 1347 ostio
706 1304 1034 1363 monumenti,
1064 1320 1208 1367 quem
1233 1321 1382 1368 quum
1420 1306 1723 1370 respicientes
1748 1307 1972 1354 viderunt
1999 1309 2269 1355 revolutum
2289 1345 2301 1369 ,
2334 1320 2380 1356 et
2400 1326 2486 1375 per
2508 1327 2591 1358 an-

469 1380 624 1443 gelum
649 1383 714 1429 eis
739 1383 1044 1447 loquentem,
1076 1395 1121 1431 et
1143 1401 1228 1449 per
1252 1385 1523 1450 sepulcrum
1553 1403 1756 1434 vacuum
1781 1389 2116 1452 cognovissent
2140 1390 2401 1436 Dominum
2437 1407 2588 1438 resur-

467 1462 637 1508 rexisse
657 1499 667 1522 ,
695 1474 919 1511 exeuntes
938 1465 997 1511 de
1017 1475 1332 1512 monumento
1358 1465 1577 1530 fugerunt
1596 1468 1880 1515 tremefactae
1896 1503 1909 1525 ,
1934 1469 2115 1515 nemini
2133 1469 2396 1534 quidquam
2416 1470 2477 1517 de
2495 1470 2590 1518 hoc

467 1544 754 1606 praetimore
779 1544 1005 1592 dicentes.
1037 1545 1128 1591 Ubi
1157 1555 1203 1592 et
1229 1547 1385 1592 statim
1411 1548 1710 1593 annectitur⁸
1747 1549 1771 1594 τ’
1801 1567 1823 1593 «
1848 1550 2054 1611 Surgens
2090 1559 2249 1596 autem
2282 1553 2415 1596 Jesus
2450 1562 2590 1599 mane

466 1624 619 1686 prima
643 1624 851 1684 sabbati,
885 1626 1103 1691 apparuit
1128 1627 1283 1691 primo
1308 1627 1463 1673 Mariae
1490 1627 1794 1690 Magdalenae.
1828 1628 1911 1675 Illa
1939 1628 2119 1676 vadens
2148 1630 2384 1677 nuntiavit
2407 1630 2481 1677 his
2507 1631 2591 1696 qui

467 1719 576 1748 cum
603 1720 659 1750 eo
683 1704 896 1766 fuerant,
917 1716 963 1752 et
981 1723 1079 1752 uon
1100 1706 1420 1753 crediderunt.
1443 1725 1466 1751 >2
1495 1710 1643 1754 Lucas
1658 1709 1672 1732 ⁴
1696 1717 1853 1755 autem
1877 1709 2046 1769 refert,
2078 1709 2211 1773 quod
2234 1711 2381 1757 Maria
2395 1710 2592 1776 Magda-
2618 1732 2622 1736 ·

465 1782 598 1844 lene,
630 1796 677 1832 et
700 1789 882 1833 Joanna
902 1823 914 1847 ,
945 1797 990 1834 et
1014 1788 1159 1834 Maria
1185 1786 1378 1847 Jacobi‚
1417 1798 1463 1834 et
1487 1805 1591 1852 quae
1617 1804 1727 1835 cum
1753 1789 1819 1835 eis
1848 1799 2013 1850 erant,
2046 1789 2187 1837 valde
2211 1790 2421 1837 diluculo
2449 1808 2591 1839 vene-

464 1875 576 1912 runt
600 1866 661 1913 ad
686 1877 1080 1927 monumentum,
1119 1878 1166 1914 et
1199 1868 1486 1915 invenerunt
1518 1868 1724 1934 lapidem
1757 1869 2026 1917 revolutum
2051 1886 2077 1916 a
2103 1881 2417 1918 monumento
2443 1881 2489 1918 et
2510 1871 2591 1918 in-

466 1963 629 2009 gressae
666 1964 762 1994 non
805 1949 1090 1995 invenerunt
1123 1965 1297 2014 corpus
1334 1951 1468 2006 Jesu;
1512 1959 1559 1996 et
1598 1948 1777 1996 edoctae
1819 1950 1879 1996 ab
1918 1950 2094 2015 angelis
2137 1950 2197 1998 de
2245 1952 2590 1999 resurrectione

465 2029 657 2075 Domini
677 2065 688 2088 ,
716 2030 1056 2077 nuntiaverunt
1079 2030 1172 2077 hoc
1196 2029 1466 2094 discipulis,
1491 2040 1535 2077 et
1553 2047 1652 2077 non
1670 2031 1929 2079 credebant
1946 2032 2051 2079 illis.
2077 2033 2244 2079 Positis
2257 2033 2416 2097 itaque
2431 2032 2590 2080 verbis

466 2109 882 2173 evangelistarum,
919 2111 1077 2175 primo
1103 2111 1357 2174 quaerimus
1382 2111 1659 2174 quomodo,
1693 2111 1827 2175 juxta
1851 2116 2082 2159 Joannem
2098 2149 2110 2172 ,
2145 2113 2289 2160 Maria
2313 2112 2590 2177 Magdalene

464 2190 657 2236 veniens
675 2190 736 2236 ad
753 2201 1120 2237 monumentum
1146 2207 1302 2251 mane,
1324 2208 1474 2255 quum
1499 2191 1655 2238 adhuc
1680 2203 1834 2239 essent
1858 2192 2088 2253 tenebrae,
2116 2193 2233 2240 vidit
2254 2192 2462 2258 lapidem
2477 2192 2588 2239 sub-

464 2269 636 2330 latum,
672 2280 718 2318 et
741 2281 932 2336 postea,
963 2281 1014 2317 ut
1039 2274 1225 2318 Marcus
1248 2270 1392 2331 dicit,
1422 2272 1523 2337 ipsa
1550 2282 1595 2318 et
1620 2273 1765 2320 Maria
1789 2272 1953 2320 Jacobi
1984 2283 2031 2319 et
2054 2273 2242 2320 Salome
2275 2272 2413 2320 valde
2449 2288 2591 2319 mane

464 2352 661 2397 veniunt
680 2350 741 2397 ad
763 2360 1158 2410 monumentum,
1188 2361 1295 2397 orto
1310 2351 1410 2414 jam
1436 2351 1558 2411 sole,
1588 2351 1799 2399 dicentes
1827 2352 1887 2399 ad
1912 2353 2116 2400 invicem
2147 2372 2158 2399 ι
2192 2372 2214 2397 «
2239 2353 2356 2410 Quis
2378 2351 2590 2400 revolvet

465 2431 603 2477 nobis
621 2431 862 2496 lapidem?
886 2450 908 2475 »
935 2432 983 2477 Si
999 2431 1128 2478 enim
1149 2431 1294 2479 Maria
1313 2431 1589 2495 Magdalene
1601 2432 1701 2496 jam
1723 2432 1905 2480 viderat
1921 2433 2131 2497 lapidem
2149 2433 2420 2480 revolutum
2439 2449 2587 2497 quum

465 2511 622 2558 adhuc
640 2510 870 2567 tenebrae,
894 2511 945 2557 id
964 2521 1035 2557 est
1055 2527 1152 2557 nox
1175 2521 1318 2572 esset;
1344 2511 1594 2575 quomodo
1612 2529 1757 2572 nunc,
1786 2522 1893 2560 orto
1908 2513 2008 2576 jam
2025 2512 2142 2573 sole,
2164 2513 2269 2578 ipsa
2286 2529 2398 2559 cum
2414 2513 2590 2559 caeteris

464 2591 687 2655 quaeritur
706 2590 766 2637 de
789 2590 947 2655 lapide
973 2590 1285 2652 revolvendo,
1306 2608 1410 2655 quae
1421 2591 1520 2655 jam
1539 2602 1679 2639 antea
1702 2591 1942 2640 sublatum
1967 2592 2181 2639 viderat?
2205 2591 2427 2639 Secundo
2449 2592 2589 2639 etiam

464 2670 772 2735 quaerendum
810 2669 999 2716 videtur
1032 2670 1280 2734 quomodo
1305 2671 1354 2717 in
1378 2673 1538 2717 Marco
1565 2671 1785 2718 mulieres
1813 2671 2037 2719 dicuntur
2072 2672 2253 2718 nemini
2289 2688 2385 2736 prae
2418 2671 2590 2718 timore

464 2750 860 2797 resurrectionem
876 2750 1071 2795 Domini
1095 2749 1338 2796 nuntiasse
1354 2786 1366 2810 ,
1395 2767 1546 2814 quum
1565 2751 1720 2797 caeteri
1737 2751 2031 2815 evangelistae
2048 2761 2258 2798 asserant
2275 2767 2301 2798 e
2318 2750 2587 2798 contrario?

464 2830 681 2893 Denique
700 2831 906 2874 ,loannes
925 2828 1119 2875 Mariam
1139 2829 1466 2892 Magdalenam
1484 2865 1496 2888 ,
1531 2825 1629 2876 non
1657 2830 1865 2894 aliquam
1888 2847 1998 2878 cum
2025 2848 2081 2878 ea
2097 2867 2109 2890 ,
2138 2830 2304 2891 refert,
2334 2840 2588 2894 antequam

466 2913 623 2956 Jesum
651 2896 858 2967 videret,
888 2908 1129 2955 nuntiasse
1151 2911 1288 2955 Petro
1315 2918 1359 2955 et
1385 2909 1557 2955 Joanni
1577 2925 1689 2955 eum
1715 2909 1775 2957 de
1800 2921 2117 2958 monumento
2137 2910 2404 2970 sublatum,
2433 2920 2480 2957 et
2503 2925 2586 2958 eos

467 2991 620 3037 statim
644 2989 755 3036 illuc
772 2989 1083 3036 concurrisse.
1115 2991 1263 3035 Lucas
1279 3005 1393 3036 vero
1419 2989 1561 3036 refert
1580 2990 1799 3037 eamdem
1816 2992 2011 3038 Mariam
2029 3001 2075 3039 et
2093 2990 2206 3038 alias
2224 3008 2335 3038 cum
2354 3006 2410 3038 ea
2425 2989 2585 3056 plures

468 3069 686 3128 feminas,
715 3079 969 3134 postquam
993 3069 1264 3116 didicerunt
1281 3069 1544 3116 Dominum
1571 3071 1875 3118 resurrexisse
1893 3106 1906 3131 ,
1929 3071 2022 3118 hoc
2045 3070 2285 3137 discipulis
2309 3070 2550 3117 nuntiasse
2569 3106 2581 3128 ‚

470 3159 515 3195 et
540 3159 653 3195 tunc
680 3152 870 3195 Petrum
896 3148 956 3196 ad
983 3159 1352 3196 monumentum
1377 3149 1656 3196 cucurrisse.

515 3311 524 3328 ¹
547 3310 627 3354 Cap.
650 3322 765 3350 xxvm,
781 3322 812 3343 v.
831 3316 840 3343 1
861 3318 893 3344 et
907 3323 956 3355 sq.
976 3330 1016 3335 -—
1030 3311 1045 3328 ²
1061 3313 1228 3356 Cap.xv1,
1244 3324 1272 3346 v.
1293 3316 1321 3345 2.
1345 3332 1374 3337 -
1392 3313 1406 3330 ’
1422 3312 1520 3353 ibid„
1539 3322 1567 3344 v.
1586 3314 1617 3344 9.
1639 3331 1660 3336 —-
1684 3312 1698 3330 ⁴
1712 3314 1795 3356 Cap.
1811 3324 1903 3346 xxiv.
