2970 4152
1296 395 1491 446 No'i’AE.
2389 399 2451 446 67

340 487 568 535 dejectarum
584 487 665 527 sliu
680 488 720 526 in
737 488 951 527 coenobium
966 487 1086 526 Beata!
1101 488 1225 527 Marias
1243 488 1292 526 de
1307 488 1455 532 Fontei,
1479 500 1544 525 seu
1566 488 1614 525 de
1630 488 1791 526 Nemore
1809 490 1993 527 nausiatae
2008 497 2115 536 sunt,
2136 497 2180 526 ut
2203 490 2393 539 colligitur
2410 504 2454 527 ex

339 549 397 584 his
415 549 571 588 Hem-ici
586 549 711 589 Sancti
727 550 897 599 Dionysii
915 549 1060 588 abbatis
1073 549 1212 588 litteris
1228 566 1237 587 ι
1260 565 1278 584 κ
1295 550 1482 587 uenio-s
1499 550 1570 587 Dei
1590 551 1709 599 gratia
1726 551 1859 597 abbas,
1880 559 1918 589 et
1933 559 2137 589 conventus
2153 552 2257 588 Beati
2271 552 2452 600 Dionysii,

340 611 521 651 universis
536 612 602 660 qui
620 619 819 660 presentes
827 611 973 650 litteras
988 611 1162 658 viderint,
1182 613 1226 649 in
1239 613 1403 650 Domino
1417 612 1587 650 salutem.
1606 612 1749 650 Notum
1768 615 1936 660 sanamus,
1955 614 2057 665 quod
2073 624 2192 664 quum
2209 615 2310 652 inter
2327 627 2396 651 nos
2411 628 2453 651 ex

337 685 415 710 una
439 681 567 722 parte,
590 681 629 713 et
654 674 873 713 abbatissam
891 682 931 713 et
947 674 1129 714 moniales
1143 674 1193 711 de
1208 674 1339 713 Foetel
1356 687 1401 711 ex
1419 668 1565 719 altera,
1594 682 1670 711 tam
1698 687 1809 724 super
1837 677 2068 725 possessione
2085 689 2198 726 quam
2227 678 2455 726 proprietate

295 767 300 772 .
340 735 498 775 ecclesiae
516 736 635 775 Beata>
650 737 776 776 Maria
786 735 833 772 de
843 737 1079 785 Argentolio,
1099 738 1167 787 qui
1179 735 1274 786 [qua
1284 736 1316 785 Ρ]
1335 744 1391 774 est
1403 737 1593 785 prioratus
1608 749 1694 774 cum
1712 738 1788 774 suis
1806 738 2047 787 appendiciis,
2066 740 2221 789 quaestio
2234 746 2455 784 verteretur,

339 799 563 838 auctoritate
576 798 788 846 apostolica,
803 810 929 836 coram
942 798 1097 837 domino
1115 800 1242 848 priore
1253 798 1381 837 Sancti
1393 799 1559 835 Victoris
1571 799 1798 847 parisiensis,
1811 806 1939 837 sancto
1954 808 2171 838 succentore
2183 802 2436 839 silvanectensi
2447 831 2458 845 ,

339 868 376 897 et
395 861 577 909 magistro
589 860 637 900 R.
652 860 700 898 de
720 860 863 905 Orsen,
882 861 1063 899 canonico
1082 861 1331 906 noviomensi,
1352 873 1423 909 pro
1437 860 1538 899 hono
1558 862 1658 909 pacis
1676 862 1917 910 promisimus
1928 862 2039 913 dictis
2056 864 2280 900 monialibus
2292 892 2304 911 ,
2321 864 2459 914 quo[d]

339 922 512 963 dabimus
541 929 580 962 et
605 923 875 972 assignabimus
898 923 952 961 eis
977 925 1016 961 in
1040 924 1152 962 terris
1175 924 1251 960 suis
1273 924 1315 961 in
1331 923 1526 962 territorio
1542 922 1589 959 de
1608 923 1834 971 Trenbleyo
1852 924 2056 970 decimam,
2082 937 2162 974 quae
2180 926 2337 974 singulis
2353 926 2461 962 annis

340 984 457 1022 valeat
471 983 601 1022 decem
617 984 751 1029 libras,
780 984 879 1023 infra
896 996 944 1022 xv
962 984 1042 1021 dies
1059 991 1143 1033 post
1160 984 1297 1022 factam
1315 985 1645 1032 compositionem,
1673 991 1748 1021 etc.
1769 987 1906 1022 Actum
1923 998 2021 1022 anno
2037 986 2192 1022 Domini
2211 992 2343 1022 mccvii.
2366 1002 2382 1020 »
2409 988 2463 1024 Ea

343 1047 443 1086 enim
460 1045 678 1085 cond-itione
695 1045 907 1084 coenobium
925 1045 1019 1083 illud
1037 1045 1084 1082 ad
1096 1046 1159 1093 jus
1176 1046 1376 1093 pn'stinum
1395 1045 1543 1083 abbatis:
1553 1045 1678 1083 Sancti
1695 1045 1865 1094 Dionysii
1882 1045 2081 1083 reductum
2099 1047 2240 1092 fuerat,
2258 1055 2301 1084 ut
2317 1049 2462 1084 monia-

339 1108 438 1144 libus
466 1108 547 1145 loca
574 1107 808 1157 provideret,
839 1107 902 1144 ubi
930 1115 1079 1156 possent
1105 1107 1246 1145 salvare
1271 1108 1414 1145 animas
1438 1119 1534 1145 suas.
1557 1107 1772 1144 -Heloissam
1797 1119 1883 1144 vero
1895 1136 1904 1152 ,
1931 1121 2013 1158 quae
2035 1109 2243 1158 prioratum
2262 1118 2464 1147 conventus

344 1169 525 1218 hahebat,
542 1183 629 1207 cum
645 1168 871 1219 quibusdam
893 1169 975 1207 aliis
992 1170 1039 1207 de
1055 1169 1186 1206 eadem
1205 1170 1495 1218 congregatione
1511 1169 1583 1218 ipsi
1598 1169 1883 1215 adherentibus,
1905 1170 2037 1206 Petrus
2057 1170 2272 1208 A-baelardus
2287 1172 2335 1208 ad
2349 1173 2463 1209 Para-

344 1234 482 1272 cletum
509 1233 717 1270 oratorium
737 1244 847 1270 suum
866 1232 1054 1277 invitavit,
1074 1244 1232 1281 eamque
1254 1231 1307 1268 ibi
1332 1231 1554 1268 abbatissam
1569 1232 1712 1268 caeteris
1729 1231 1906 1280 praelbcit.
1924 1232 2037 1279 Quod
2055 1239 2214 1269 testatur
2230 1234 2343 1270 etiam
2360 1235 2467 1271 Guil-

342 1296 476 1334 lelmus
491 1296 663 1344 Nangius
682 1307 799 1344 quum
818 1295 886 1332 ait:
909 1310 926 1329 α
941 1293 1014 1332 Sed
1030 1294 1082 1331 ibi
1096 1294 1319 1340 Heloissam,
1334 1306 1415 1343 quae
1432 1306 1503 1343 per
1515 1293 1739 1331 industriam
1757 1294 1929 1343 suggerii
1946 1294 2091 1331 abbatis
2102 1294 2228 1332 Sancti
2241 1296 2408 1344 Dionysii
2428 1297 2465 1332 in

344 1358 499 1396 Francia
515 1356 756 1406 postmodum
766 1356 897 1404 ejecta,
912 1357 1039 1393 venire
1054 1356 1143 1392 fecit
1158 1368 1245 1393 cum
1261 1355 1453 1392 nonnullis
1466 1355 1692 1394 monialibus
1703 1355 1902 1405 religiosis.
1914 1357 2006 1403 Quae
2019 1356 2072 1393 ibi
2091 1356 2275 1393 abbatissa
2290 1356 2432 1394 effecta.
2447 1373 2464 1390 υ

344 1420 390 1457 Et
405 1426 491 1458 antis
509 1432 599 1456 eum
614 1411 804 1456 Rubos-tuh
819 1418 1157 1456 Autissiodorensis
1177 1434 1186 1455 e
1217 1433 1234 1452 ι
1246 1419 1320 1456 Hic
1332 1434 1367 1464 ,ιο
1389 1418 1534 1469 inquit,
1557 1417 1803 1455 «Abaelardus
1825 1418 2091 1456 subtilissimus
2106 1419 2363 1469 mirabilisque
2380 1421 2468 1469 phi-

342 1483 521 1532 losophus
547 1489 807 1520 construxerat
821 1482 1034 1520 coa-obium
1055 1482 1093 1518 in
1113 1481 1306 1518 territorio
1328 1482 1551 1527 trecassino,
1572 1482 1612 1518 in
1632 1487 1740 1530 prato
1758 1481 1922 1531 quodam
1944 1481 2010 1518 ubi
2027 1481 2152 1530 legere
2168 1482 2299 1519 solitus
2318 1482 2440 1519 fuerat
2460 1500 2466 1518 ς

343 1547 382 1581 in
399 1558 475 1595 quo
490 1545 787 1582 sanctimoniales
800 1545 980 1594 plurimas
991 1544 1191 1593 episcopali
1206 1545 1429 1581 auctoritate
1446 1544 1700 1593 congregavit,
1715 1543 1819 1593 quod
1833 1543 2068 1581 Paracletum
2084 1545 2304 1581 nominavit.
2321 1545 2468 1591 Quibus

347 1607 691 1646 sanctimonialibus
715 1607 924 1644 Heloissam
949 1606 1141 1656 quondam
1172 1619 1327 1643 uxorem
1358 1618 1465 1642 suam
1492 1606 1704 1655 religiosam
1732 1605 1932 1650 feminam,
1953 1613 1992 1643 et
2013 1606 2147 1644 litteris
2168 1614 2243 1644 tam
2258 1606 2442 1644 hebraicis
2456 1636 2464 1650 ‚

345 1683 458 1719 quam
475 1670 599 1707 latinis
616 1670 786 1719 adprime
802 1669 989 1706 eruditam
1007 1669 1170 1718 praefecit
1187 1669 1421 1706 abbatissam.
1441 1684 1458 1702 n

1222 1795 1320 1831 Nota
1338 1795 1405 1839 LI,
1428 1806 1511 1842 pag.
1530 1796 1590 1831 3⁴.

395 1899 507 1948 Papa
522 1896 765 1933 Innocentius
780 1895 856 1932 Il..
867 1923 873 1931 .
886 1908 955 1943 per
965 1895 1246 1944 privilegium...
1262 1891 1855 1943 corroboravit.—[Privilegium
1874 1893 1947 1928 hoc
1965 1892 2095 1928 datum
2110 1899 2166 1928 est
2181 1903 2278 1928 anno
2293 1894 2379 1929 ⁴⁴3⁴
2404 1905 2468 1928 ex-

346 1968 473 2010 tatque
491 1971 578 1996 cum
593 1957 673 1995 aliis
691 1957 911 2008 pontificum
929 1969 1170 1994 romanorum
1188 1955 1234 1992 ad
1254 1954 1457 1992 Heloissam
1479 1955 1670 2004 rescriptis
1687 1953 1965 2003 inJAppendice
1982 1954 2097 2002 hujus
2112 1954 2322 1991 voluminis.
2344 1955 2469 2002 Quare

346 2023 407 2059 hic
424 2021 518 2059 illud
537 2028 703 2070 repetere
720 2020 950 2069 superfluum
969 2019 1184 2068 duximus]

1200 2126 1296 2162 Nota
1323 2125 1413 2170 LII,
1442 2136 1526 2174 pag.
1559 2127 1618 2162 3⁴.

393 2236 528 2272 Plus...
549 2240 590 2271 ut
608 2235 785 2279 arbitror,
805 2247 878 2270 uno
901 2246 1002 2269 anno
1019 2235 1057 2269 in
1076 2235 1234 2268 terrenis
1258 2230 1460 2268 commodis
1486 2237 1575 2266 sunt
1601 2228 2310 2277 multiplicata.—Circumadjaoentes
2334 2242 2467 2279 nempe

347 2297 477 2348 populi
494 2295 755 2334 misericordes
769 2296 823 2332 eis
840 2302 954 2345 atque
971 2295 1126 2344 propitii
1141 2294 1306 2344 plurima
1323 2293 1448 2342 largiti
1465 2300 1564 2330 sunt.
1577 2292 1651 2330 Sed
1670 2299 1756 2329 ante
1774 2291 1866 2328 alios
1888 2306 1907 2325 α
1922 2291 2015 2328 Milo
2032 2291 2207 2328 dominus
2223 2292 2429 2341 Nogennii,
2453 2308 2469 2324 »ι

347 2361 443 2399 sieut
459 2360 499 2398 in
523 2358 658 2396 tabulis
677 2357 992 2408 paracletensibus
1008 2356 1166 2407 legitur,
1192 2372 1210 2390 κ
1230 2357 1270 2394 in
1288 2356 1398 2405 cujus
1411 2356 1603 2392 oerritorio
1620 2354 1870 2404 paracletense
1886 2360 2145 2391 constructum
2160 2361 2217 2391 est
2235 2356 2467 2395 oratorium,

348 2423 383 2459 ei
400 2422 480 2459 loco
496 2422 648 2459 donavit
665 2422 831 2459 culturas
848 2428 942 2466 tres,
976 2432 1089 2457 unam
1118 2420 1217 2457 inter
1234 2418 1447 2456 Brusletum
1474 2425 1514 2455 et
1529 2418 1645 2463 viam,
1674 2417 1827 2455 alteram
1848 2417 1956 2464 juxta
1975 2417 2170 2463 Cannam,
2198 2417 2347 2454 tertiam
2364 2417 2470 2464 juxta

348 2486 442 2523 viam
461 2484 667 2533 Triagnelli
693 2484 739 2520 ad
767 2484 968 2521 sinistram.
987 2483 1182 2520 Concessit
1210 2483 1368 2531 insuper
1390 2480 1566 2530 predicto
1584 2479 1666 2517 loeo
1695 2491 1927 2529 quincunque
1947 2479 2121 2515 homines
2148 2479 2206 2515 sui
2222 2478 2270 2515 de
2297 2479 2469 2516 universo

346 2548 456 2585 feodo
480 2559 547 2585 suo
570 2548 603 2584 ei
621 2546 768 2583 darent.
788 2545 903 2583 Dedit
926 2546 1039 2582 etiam
1066 2546 1260 2582 usuarium
1290 2544 1454 2581 nemoris
1477 2544 1533 2580 sui
1561 2543 1609 2579 do
1625 2543 1754 2580 Monte
1771 2542 1912 2579 Morvei
1944 2541 2047 2577 omni
2074 2547 2245 2587 tempore
2273 2540 2320 2577 ad
2343 2541 2468 2577 omnia

349 2610 553 2648 necessaria
577 2609 693 2658 ipsius
717 2608 809 2653 loci,
833 2620 901 2644 nec
926 2619 1000 2644 non
1016 2614 1057 2644 et
1080 2613 1201 2643 totum
1226 2606 1479 2643 marescbium
1504 2606 1544 2641 in
1568 2605 1702 2642 riveria
1721 2603 1942 2642 Ardutionis
1960 2602 2040 2639 loco
2059 2601 2114 2640 illi
2138 2601 2312 2650 adjacens
2331 2608 2406 2638 tam
2421 2602 2467 2639 ad

348 2674 479 2709 hortos
504 2670 711 2715 faciendos,
739 2682 853 2719 quam
876 2669 925 2706 ad
952 2676 1082 2706 caetera
1108 2668 1326 2705 necessaria.
1345 2668 1438 2713 Quae
1454 2667 1579 2703 omnia
1598 2666 1638 2702 in
1654 2664 1889 2702 dedicatione
1917 2664 2033 2712 ipsius
2059 2663 2235 2708 oratorii,
2266 2674 2331 2700 seu
2352 2663 2467 2700 bene-

347 2736 511 2773 dictione
526 2734 724 2779 cimiterii,
743 2741 782 2770 et
800 2731 1055 2769 omnimodam
1075 2731 1353 2768 immunitatem
1370 2730 1486 2766 totius
1502 2728 1574 2766 loci
1599 2739 1724 2764 coram
1751 2727 1854 2764 omni
1872 2725 2012 2775 populo
2031 2726 2096 2775 qui
2116 2724 2266 2770 aderat,
2292 2725 2331 2761 in
2354 2736 2467 2763 manu

347 2797 490 2835 ‹loniini
517 2796 694 2833 trecensis
721 2796 888 2845 episcopi
914 2795 1057 2843 posuit,
1082 2800 1122 2831 et
1145 2794 1199 2830 sic
1223 2794 1262 2830 in
1289 2799 1515 2842 perpetuum
1541 2790 1792 2834 confirmavit,
1819 2788 2062 2837 praesentibus
2079 2786 2262 2824 Hilduino
2291 2786 2464 2830 Decauo,

348 2858 532 2896 Hilduino
548 2858 686 2906 Magno
699 2884 710 2902 ,
727 2856 919 2906 stephano
938 2855 1073 2901 Ridel,
1091 2854 1277 2893 Rainaldo
1289 2853 1453 2892 Carnail.
1474 2853 1544 2890 Die
1564 2852 1718 2901 insuper
1733 2851 1798 2887 illo
1809 2878 1821 2896 ‚
1843 2863 1920 2900 quo
1941 2849 2242 2887 sanctimoniales
2258 2848 2466 2887 oratorium

352 2922 524 2970 ingressa
541 2919 806 2969 possederunt,
832 2918 983 2956 donavit
1011 2919 1065 2955 eis
1089 2918 1331 2967 piscationem
1357 2923 1475 2954 totam
1493 2914 1717 2953 Ardntionis
1732 2913 1871 2952 fluvioli
1892 2913 2041 2962 penitus
2058 2912 2266 2949 immunem
2291 2923 2312 2948 a
2333 2911 2470 2950 Sancto

349 2982 489 3020 Albino
503 2994 621 3032 usque
637 2981 878 3028 Quinoeium.
896 2981 975 3027 Qui-
993 2980 1106 3017 etiam
1120 2992 1189 3029 pro
1206 2979 1398 3017 comitissa«
1413 2986 1524 3027 nepte
1544 2989 1613 3014 sua
1627 2977 1666 3013 in
1687 2974 2004 3013 sanctimonialem
2019 2980 2186 3023 suscepta
2198 2973 2306 3011 dedit.
2315 2973 2470 3010 furnum

351 3044 399 3082 de
414 3045 550 3082 Sanctio
567 3043 704 3081 Albino
720 3055 807 3080 cum
835 3043 987 3079 usuario
1015 3043 1181 3080 mmor-is
1203 3040 1307 3091 quod
1323 3041 1473 3078 Furmis
1502 3039 1684 3084 habebat,
1713 3037 1956 3087 praesentibus
1982 3036 2133 3074 Ansello
2160 3035 2208 3074 de
2225 3035 2444 3084 Triagnello
2457 3063 2468 3082 ‚

350 3108 499 3145 Milonev
515 3114 663 3152 sancto,
692 3113 732 3143 et
748 3106 865 3143 Petro
890 3106 1005 3142 fratre
1022 3117 1101 3141 sun.
1126 3105 1201 3141 Pro
1226 3105 1350 3141 anima
1369 3104 1542 3152 lingonis
1571 3102 1642 3139 filii,
1667 3101 1725 3138 sui
1755 3099 1897 3137 ibidem
1926 3098 2062 3148 sepulti
2092 3097 2198 3136 dedit
2221 3097 2406 3136 culturam
2422 3097 2469 3133 ad

349 3170 514 3207 Noeretili
532 3181 622 3205 cum.
635 3169 742 3205 tertia
760 3175 864 3217 parte
880 3168 930 3204 de
947 3167 1256 3211 Guamnoveriis,
1285 3165 1529 3215 praesentibus
1545 3164 1624 3202 iuis·
1636 3162 1920 3214 quisspulturae
1941 3159 2142 3200 affuerunt.
2165 3161 2295 3200 Simon
2319 3172 2470 3210 quoque

350 3231 396 3267 de
417 3232 612 3280 Nogennio
631 3230 736 3267 dedit
754 3230 801 3267 de
820 3230 942 3267 alodio
960 3241 1028 3266 suo
1045 3229 1209 3265 culturas
1234 3227 1348 3274 duas,
1378 3240 1489 3263 unam
1515 3226 1655 3264 scilicet
1678 3225 1716 3261 in
1734 3237 1808 3273 qua
1831 3224 1954 3273 ipsum
1980 3224 2187 3260 oratorium
2213 3229 2468 3259 constructum

351 3302 423 3338 est,
442 3301 480 3330 et
498 3293 606 3330 aliam
624 3294 662 3329 in
682 3300 807 3329 monte
824 3293 1032 3329 Limarsum
1052 3293 1090 3328 in
1112 3291 1304 3340 praesentia
1326 3289 1510 3327 Huldui'ni
1538 3287 1669 3325 decani
1689 3294 1728 3323 et
1743 3286 1894 3322 Milonis
1913 3285 1960 3322 de
1984 3285 2194 3334 Nogennio.
2214 3285 2407 3321 Hubertus
2423 3284 2470 3320 de

353 3356 550 3405 Nogennio
575 3355 651 3393 duo
669 3355 802 3404 jugera
827 3362 937 3391 terrae
962 3360 1048 3393 ante
1075 3355 1197 3403 ipsum
1226 3353 1433 3390 oratorium
1460 3363 1527 3400 per-
1556 3361 1716 3388 manum>
1727 3348 1880 3386 Milonis
1906 3347 1953 3385 de
1970 3348 2179 3398 Nogennio.
2197 3362 2214 3381 υ
2243 3348 2367 3396 Atque
2393 3347 2469 3382 haec

351 3419 479 3457 omnia
493 3417 724 3456 confirmavit
747 3417 938 3467 aliquanto
965 3423 1050 3466 post
1071 3415 1311 3455 Theo-baldus
1339 3427 1462 3452 comes
1490 3412 1692 3458 trecensis,¹
1716 3411 1857 3450 scilicet
1883 3423 1982 3449 anno
2011 3412 2131 3458 ⁴⁴⁴6,
2157 3409 2368 3446 «laudante
2395 3408 2468 3446 filia

352 3480 497 3529 pitaefati-
513 3479 666 3518 Milonis·
680 3479 816 3525 labet,
848 3486 886 3517 et
902 3478 1073 3517 Girardo
1088 3490 1226 3527 genero
1244 3490 1332 3523 suo,
1354 3476 1527 3521 Freerio,
1548 3473 1738 3520 .1ι)εῑ.ι’ἰάο,Δ
1761 3474 2003 3520 Gaucherio,
2030 3471 2243 3523 Stephano,
2271 3471 2466 3521 nepotibus
