2970 4152
981 420 1292 471 EXPOSlTIO
1328 421 1386 468 IN
1419 417 1811 472 HEXAMERON.
2360 417 2454 466 639

339 521 514 569 coelum
539 535 823 578 nuncupans
847 518 1204 566 firmamentum
1224 525 1424 581 propter
1451 515 1846 563 sustentationem
1867 512 2171 578 superiorum
2186 527 2419 576 aquarum
2440 531 2450 557 ε

340 601 457 649 item·
475 616 623 665 aquas
645 616 788 664 super
809 598 1166 648 firmamentum
1186 596 1367 662 positas
1398 595 1566 661 coelos,
1576 594 1774 663 quidem
1807 592 2127 660 spiritualibus
2149 592 2427 640 humiliores
2440 630 2450 650 ,

338 680 434 728 sed.
446 681 580 729 omni
598 689 817 727 creatura
832 677 1072 744 corporali
1092 677 1378 743 superiores.
1402 694 1426 720 υ

404 760 614 818 Quidam
639 759 700 807 ad
726 759 1094 807 inundationem
1116 758 1283 805 diluvii
1303 766 1564 804 reservatas
1581 793 1593 815 ,
1622 755 1700 804 alii
1721 772 1837 804 vero
1862 756 2035 803 rectius
2063 755 2125 803 ad
2152 755 2312 819 ignem
2334 755 2455 802 side-

338 854 448 886 rum
476 838 847 904 temperandum
867 854 1118 903 suspensas
1140 836 1397 885 affirmant.
1425 838 1594 883 Beatus
1614 852 1730 883 vero
1762 836 2048 899 Augustinus
2070 835 2181 882 istas
2204 835 2456 899 opiniones

338 919 700 982 praetermittens
723 917 784 965 de
806 918 940 983 aquis
958 917 1048 965 illis
1070 916 1422 983 superioribus,
1446 925 1610 963 utrum
1630 914 1852 962 videlicet
1873 914 2090 978 glaciales
2115 915 2209 961 sint
2230 914 2306 961 vel
2328 931 2426 961 non
2442 953 2452 973 ,

337 998 413 1046 vel
445 1015 565 1064 quas
593 999 643 1046 in
671 1015 722 1046 se
749 998 962 1046 habeant
991 998 1239 1057 utilitates,
1266 997 1332 1045 ait
1365 1015 1376 1044 :
1407 1016 1431 1042 «
1457 998 1582 1044 S'ane
1614 995 1778 1060 quales
1806 995 1873 1042 ibi
1901 1011 2034 1060 aquae
2062 995 2156 1041 sint
2186 1012 2366 1059 quosve
2395 995 2456 1042 ad

335 1094 448 1125 usus
472 1088 720 1126 reservatae
741 1078 967 1126 conditor
987 1078 1088 1143 ipse
1105 1078 1311 1136 noverit,
1330 1093 1434 1124 esse
1451 1086 1612 1124 tamen
1634 1092 1731 1134 eas,
1758 1075 1825 1122 ibi
1843 1076 2087 1140 Scriptura
2103 1084 2322 1135 testante,
2339 1074 2458 1121 nulli

336 1157 539 1205 dubium
567 1168 655 1206 est.
690 1177 714 1204 η
745 1158 892 1216 Quod
918 1174 1032 1222 ergo
1059 1167 1221 1205 tantus
1255 1157 1429 1204 doctor
1454 1157 1591 1222 quasi
1620 1155 1822 1203 dubium
1849 1155 1940 1202 sibi
1976 1155 2188 1220 reliquit,
2220 1154 2456 1202 affirmare

336 1238 478 1286 nobis
501 1239 943 1303 arrogantissimum
964 1237 1172 1286 videtur.
1197 1237 1340 1296 Quod
1351 1251 1479 1289 >‘vero
1505 1236 1726 1285 nonnulli
1749 1237 1933 1302 opinati
1953 1247 2065 1284 sunt
2086 1253 2165 1284 eas
2195 1236 2262 1283 ibi
2288 1237 2461 1284 consti·

336 1328 461 1367 tutas
479 1330 527 1367 et
547 1329 808 1367 reservatas
828 1319 890 1367 ad
912 1318 1280 1367 inundationem
1303 1318 1498 1379 diluvii,
1523 1329 1576 1366 ut
1594 1317 1708 1366 inde
1729 1318 1908 1366 scilicet
1927 1317 2142 1366 labentes
2164 1318 2460 1365 abundantia

334 1399 408 1446 sui
428 1409 604 1447 terram
626 1400 957 1465 cooperirent,
979 1399 1203 1447 frivolum
1222 1400 1424 1447 omnino
1448 1398 1842 1465 deprehenditur.
1875 1401 2037 1456 Quum
2065 1399 2194 1446 enim
2215 1398 2459 1445 Psalmista

333 1478 478 1543 longe
509 1490 619 1545 post
646 1479 881 1530 diluvium
909 1480 1113 1528 existens
1144 1479 1273 1527 dicat
1292 1483 1305 1506 ¹
1332 1497 1343 1526 ε
1370 1500 1394 1523 κ
1422 1483 1481 1527 Et
1510 1496 1644 1544 aquae
1666 1496 1773 1544 quae
1791 1495 1935 1545 super
1956 1478 2101 1526 coelos
2123 1489 2235 1526 sunt
2262 1478 2460 1526 laudent

334 1575 514 1607 nomen
549 1561 776 1619 Domini,
810 1579 834 1605 η
866 1560 1083 1626 profecto
1121 1559 1189 1608 ibi
1219 1576 1350 1606 nunc
1383 1575 1579 1624 quoque
1611 1560 1735 1607 sicut
1765 1570 1877 1606 ante
1907 1569 2096 1607 constat
2128 1576 2207 1607 eas
2241 1560 2454 1606 existere.

335 1641 524 1705 Quippe
546 1656 646 1687 non
671 1640 737 1687 ait
762 1658 775 1688 ε
800 1642 917 1698 Quae
938 1649 1098 1698 erant,
1124 1639 1209 1686 sed
1232 1657 1243 1686 ε
1271 1642 1387 1696 Quae
1408 1648 1538 1687 sunt.
1562 1638 1706 1696 Quod
1729 1639 1768 1685 si
1784 1655 1895 1702 pars
1922 1638 2142 1703 quaedam
2164 1639 2277 1686 inde
2299 1640 2359 1686 sit
2377 1639 2458 1687 de·

333 1718 464 1784 lapsa
482 1756 494 1778 ,
521 1735 827 1784 nequaquam
859 1718 1217 1767 firmamentum
1250 1717 1317 1765 illi
1338 1719 1464 1783 parti
1495 1717 1582 1765 fuit
1603 1718 1963 1783 interpositum,
1996 1718 2130 1783 quod
2153 1736 2459 1784 nequaquam

334 1798 400 1845 ita
429 1814 509 1845 eas
531 1797 767 1858 firmavit,
794 1807 849 1845 ut
870 1814 971 1845 non
993 1796 1190 1845 ulterius
1216 1796 1509 1844 laberentur.
1548 1799 1747 1844 Constat
1775 1797 1945 1857 etiam,
1977 1807 2031 1844 ut
2064 1799 2260 1846 Genesis
2290 1799 2456 1858 refert,

334 1877 567 1926 diluvium
590 1895 646 1926 ex
668 1877 966 1927 abundantia
989 1878 1260 1944 pluviarum
1285 1877 1450 1938 fuisse,
1472 1879 1623 1944 ruptis
1645 1879 1790 1926 etiam
1812 1878 2024 1927 fontibus
2052 1879 2208 1944 abyssi
2237 1897 2420 1945 magnae
2445 1901 2454 1929 :

333 1957 509 2022 quibus
542 1968 709 2023 postea
742 1958 912 2006 clausis
949 1968 997 2006 et
1030 1957 1286 2023 prohibitis
1317 1958 1489 2023 pluviis
1508 1996 1519 2018 ,
1559 1959 1718 2024 ipsum
1747 1959 1982 2006 diluvium
2015 1960 2231 2008 cessavit.
2264 1963 2458 2009 Certum

334 2047 494 2085 autem
516 2037 722 2086 habetur
748 2038 934 2104 pluvias
962 2054 1268 2103 nequaquam
1290 2039 1405 2086 oriri
1433 2039 1524 2087 nisi
1551 2048 1785 2087 terrarum
1810 2038 2133 2100 exhalatione,
2159 2057 2270 2088 cum
2292 2041 2363 2088 sol
2387 2043 2457 2089 vi-

333 2116 506 2166 delicet
529 2134 607 2166 eas
629 2118 908 2167 calefaciens
939 2120 1253 2185 vaporatione
1280 2121 1352 2169 sui
1376 2137 1522 2186 aquas
1546 2131 1712 2169 tenues
1744 2132 1977 2187 tanquam
2008 2122 2058 2168 in
2092 2122 2224 2169 fumo
2255 2139 2312 2169 ex
2343 2123 2460 2170 cale—

334 2195 540 2245 factione
562 2207 697 2246 terrae
720 2198 1100 2247 conscendentes
1119 2199 1331 2248 attrahit.
1358 2203 1463 2248 Non
1482 2202 1643 2266 itaque
1658 2200 1737 2249 illa
1755 2218 1989 2266 aquarum
2007 2201 2331 2262 abundantia,
2355 2220 2460 2268 quae

332 2277 381 2324 in
401 2277 573 2343 pluviis
590 2278 701 2339 fuit,
724 2279 785 2327 de
807 2281 1045 2345 supernis,
1064 2280 1149 2328 sed
1167 2280 1342 2328 infimis
1361 2282 1597 2346 originem
1609 2281 1797 2331 hahuit.
1816 2282 1909 2330 Ubi
1926 2292 1973 2330 et
1994 2300 2145 2348 quum
2159 2284 2259 2347 jam
2276 2283 2457 2331 diluvio

332 2367 570 2417 cessante,
595 2358 788 2406 additur
807 2376 908 2406 non
931 2359 1089 2408 solum
1110 2361 1223 2425 quia
1257 2360 1427 2427 pluviae
1449 2371 1562 2409 sunt
1589 2362 1870 2428 prohibitae,
1895 2363 1981 2411 sed
2006 2364 2150 2410 etiam
2171 2364 2285 2428 quia
2312 2363 2458 2411 clausi

332 2447 445 2484 sunt
475 2438 654 2498 fontes,
690 2439 938 2488 manifeste
968 2441 1184 2489 innuitur
1215 2451 1367 2489 totam
1395 2442 1526 2489 illam
1556 2457 1790 2507 aquarum
1823 2444 1872 2490 in
1907 2443 2089 2490 diluvio
2111 2443 2457 2491 abundantiam

333 2517 528 2564 nonnisi
546 2517 607 2566 de
630 2517 934 2567 inferioribus
957 2520 1092 2585 aquis
1116 2519 1257 2568 fuisse
1276 2558 1287 2580 ,
1310 2538 1416 2587 quae
1438 2522 1487 2569 in
1514 2521 1592 2570 die
1614 2523 1753 2570 tertia
1777 2533 2072 2588 congregatae
2093 2534 2206 2571 sunt
2231 2534 2284 2595 ut
2314 2541 2457 2590 appa-

333 2608 459 2646 reret
481 2598 639 2656 arida„
665 2597 810 2657 Quod
830 2616 947 2647 vero
971 2600 1155 2648 dictum
1177 2611 1269 2662 est,
1296 2603 1408 2666 quia
1430 2611 1677 2651 cataractae
1698 2603 1805 2651 coeli
1832 2603 1882 2650 in
1912 2603 2094 2651 diluvio
2117 2614 2228 2652 sunt
2251 2615 2453 2670 apertae,

332 2687 381 2724 et
414 2677 539 2726 facta
560 2687 630 2725 est
653 2677 841 2743 pluvia,
866 2678 1040 2728 coelum
1071 2680 1229 2745 ipsum
1256 2697 1450 2729 aereum
1466 2717 1484 2742 ,.
1504 2682 1634 2730 unde
1665 2683 1824 2748 pluvia
1856 2694 2042 2744 manat,
2074 2701 2174 2731 non
2196 2684 2455 2732 aethereum

332 2756 449 2805 dicit
475 2777 486 2806 :
512 2768 773 2807 cataractas
790 2775 906 2807 vero
930 2777 1029 2807 non
1049 2770 1180 2808 arcta
1195 2761 1433 2810 foramina
1453 2762 1618 2811 dicens
1631 2801 1642 2823 ,
1665 2763 2011 2812 abundantiam
2029 2764 2200 2830 pluviae
2219 2765 2451 2825 insinuat,

332 2846 563 2902 tanquam
578 2849 694 2886 tunc
717 2839 837 2886 nihil
852 2838 1054 2888 nubium
1072 2841 1149 2889 vel
1167 2858 1301 2907 aquae
1316 2853 1556 2908 vaporatae
1572 2859 1652 2891 aer
1673 2845 1858 2910 uspiam
1877 2845 2120 2892 retineret.
2142 2847 2277 2910 Aqua
2294 2845 2455 2909 itaque

332 2916 537 2983 desuper
563 2919 612 2966 in
646 2918 858 2985 pluviam
886 2919 1075 2969 labente
1093 2958 1105 2980 ,
1145 2932 1193 2969 et
1221 2921 1451 2970 obstrusis
1486 2933 1622 2971 terrae
1656 2923 1996 2985 foraminibus,
2032 2935 2208 2973 terram
2242 2926 2454 2991 undique

331 2998 468 3062 aquis
498 3000 738 3065 cooperiri
765 3015 957 3048 necesse
991 2998 1105 3062 fuit,
1136 3003 1258 3050 sicut
1279 3013 1326 3051 et
1353 3004 1402 3050 in
1430 3003 1508 3052 die
1532 3005 1671 3053 tertia
1703 3015 1962 3070 antequam
1992 3005 2080 3054 illae
2114 3006 2293 3054 eaedem
2321 3024 2454 3072 aquae

331 3076 581 3126 inferiores
607 3079 657 3126 in
690 3095 843 3127 unum
876 3092 1281 3146 congregarentur
1310 3082 1474 3131 locum
1500 3095 1553 3132 ut
1584 3095 1834 3151 appareret
1862 3086 2011 3133 arida.
2049 3086 2176 3144 Quid
2213 3103 2327 3151 ergo
2355 3104 2455 3135 sus-

331 3156 499 3219 pensio
518 3155 596 3205 illa
617 3174 853 3223 aquarum
869 3159 1085 3222 utilitatis*
1096 3161 1294 3222 habeat,
1314 3163 1447 3228 quod
1467 3180 1555 3211 nec
1571 3181 1599 3212 a
1614 3165 1788 3212 sanctis
1804 3174 1934 3212 certa
1949 3165 2183 3213 sententia
2202 3165 2452 3214 definitum

329 3244 429 3295 est,
455 3236 789 3287 difficillimum
812 3239 979 3288 disseri
1000 3241 1223 3289 arbitror.
1251 3242 1334 3291 Illa
1359 3253 1526 3295 tamen
1551 3244 1692 3292 nobis
1714 3245 2012 3310 probabilior
2039 3246 2228 3293 videtur
2259 3247 2448 3312 opinio,

332 3324 385 3363 ut
413 3315 478 3363 ob
510 3316 606 3365 hoc
638 3320 855 3381 maxime
872 3319 934 3368 ad
966 3321 1176 3370 calorem
1203 3325 1572 3389 temperandum
1595 3326 1852 3391 superioris
1875 3326 1995 3390 ignis
2018 3327 2452 3387 constituerentur,

379 3488 390 3508 ⁸
415 3489 533 3525 Psalm-
549 3502 696 3535 cumn,
715 3503 746 3527 v.
771 3495 827 3528 ⁴02
