2970 4152
548 362 644 409 03-1..
1347 362 1517 410 PETRI
1552 362 1864 412 ABAELARDI

545 455 766 504 dixerunt
787 476 797 504 :
821 477 844 501 «
864 456 1122 513 Adsumus3
1148 464 1195 502 et
1217 455 1438 503 luxerunt
1458 472 1570 503 cum
1592 456 1909 520 jucunditate.
1929 474 1952 499 »
1977 455 2420 519 Quomodo‘itaque
2443 454 2666 503 nondum

546 547 704 583 creata
726 537 947 594 materia,
975 551 1064 581 nec
1086 534 1245 581 adhuc
1267 521 1624 595 existente,'cui
1648 536 1981 601 imperaretur,
2004 534 2151 586 verba
2172 535 2359 599 imperii
2380 536 2665 582 convenien-

547 624 619 660 ter
641 615 938 661 dicerentur?
959 617 1184 661 Praeterea
1206 613 1389 662 dictum
1410 614 1528 662 illud
1550 615 1667 674 Dei,
1692 615 1787 662 hoe
1811 624 1904 673 est,
1930 613 2133 661 verbum
2156 614 2326 679 ipsius,
2349 613 2410 661 de
2431 630 2530 678 quo
2552 614 2668 662 scri·

546 705 683 758 ptum
707 697 801 741 est¹
827 713 836 740 :
868 713 892 740 «
913 698 1025 741 Erat
1046 694 1125 741 lux
1147 703 1261 742 ’vera
1281 704 1387 760 quae
1415 695 1652 742 illuminat
1682 711 1878 742 omnem
1913 693 2192 753 hominem,
2225 703 2316 741 ete.
2341 712 2364 738 »
2390 696 2517 740 Bene
2550 701 2666 741 tunc

547 775 705 838 primo
718 774 956 839 propheta
971 774 1335 834 demonstravit,
1351 791 1501 839 quum
1517 775 1579 822 ad
1594 775 1750 821 lucem
1770 790 1973 839 operum
1987 774 2075 821 Dei
2093 774 2401 839 pervenisset,
2418 790 2504 838 per
2521 789 2666 837 quam
2711 801 2714 804 Δ

547 853 743 918 quidem
765 853 922 900 lucem
944 871 1146 918 operum
1168 857 1295 901 Deus
1317 854 1504 902 homini
1527 853 1891 918 quodammodo
1913 853 2047 918 loqui
2068 863 2115 901 et
2136 854 2345 918 seipsum
2366 851 2668 900 manifestare

546 935 703 998 primo
738 934 939 998 incepit,
965 934 1086 980 sicut
1108 944 1155 981 et
1182 934 1436 999 Apostolus
1469 944 1688 1000 patenter
1716 933 1910 981 edocuit
1941 933 2164 981 dicens':
2195 953 2218 978 «
2247 932 2506 981 Invisibilia
2538 932 2668 980 enim

547 1016 694 1080 ipsius
711 1031 738 1061 a
754 1024 969 1062 creatura
991 1015 1161 1063 mundi
1177 1032 1262 1080 per
1279 1032 1334 1063 ea
1352 1032 1457 1080 quae
1475 1014 1599 1062 sacta
1613 1024 1725 1061 sunt
1744 1013 1982 1071 intellecta
1997 1014 2382 1078 conspiciuntur,
2395 1023 2486 1060 etc.
2498 1030 2521 1056 »
2540 1014 2670 1059 Dum

546 1096 688 1158 igitur
710 1094 788 1142 illa
810 1094 969 1142 adhuc
991 1095 1191 1143 confusa
1215 1096 1462 1159 congeries
1484 1111 1574 1141 nec
1595 1095 1741 1153 visui,
1767 1110 1856 1142 nec
1885 1094 2065 1141 notitiae
2087 1110 2137 1141 se
2161 1093 2393 1158 praeberet
2412 1092 2637 1143 humanae
2652 1130 2665 1152 ,

548 1192 637 1221 nec
661 1175 800 1221 alicui
823 1185 932 1240 apta
956 1176 1084 1234 usui,
1112 1175 1186 1223 vel
1209 1175 1403 1240 angelo,
1437 1175 1510 1222 vel
1540 1174 1753 1233 homini,
1785 1175 1824 1220 si
1853 1174 1955 1237 jam
1990 1183 2115 1221 esset
2143 1183 2351 1233 creatus,
2389 1181 2672 1238 appareret,

548 1256 684 1320 quasi
705 1256 906 1303 tacuisse
929 1259 1058 1303 Deus
1079 1249 1365 1314 ostenditur,
1389 1255 1503 1319 quia
1525 1254 1747 1301 nondum
1769 1253 1861 1300 tale
1884 1253 2001 1318 quid
2023 1254 2073 1300 in
2096 1253 2175 1300 illa
2206 1262 2382 1317 egerat.
2411 1252 2550 1299 Unde
2583 1251 2671 1300 ali·

550 1337 667 1400 quid
685 1338 786 1402 ipse
808 1336 942 1401 loqui
963 1335 1165 1396 valeret,
1190 1337 1286 1384 hoc
1308 1347 1379 1383 est
1400 1336 1668 1383 humanam
1687 1336 1921 1382 instruere
1945 1334 2183 1381 rationem
2205 1343 2347 1398 atque
2364 1333 2574 1398 aliquam
2597 1331 2675 1385 bx·

548 1418 776 1465 cellentiae
801 1435 896 1465 suae
917 1418 1128 1483 praebere
1151 1419 1390 1466 notitiam.

615 1497 890 1545 Notandum
914 1513 1028 1544 vero
1053 1497 1102 1543 in
1125 1497 1220 1544 hoc
1241 1498 1347 1562 ipso
1370 1497 1568 1544 Genesis
1590 1496 1787 1544 exordio
1810 1495 1922 1543 fidei
1944 1505 2118 1543 nostrae
2147 1495 2514 1542 fundamentum
2545 1495 2673 1542 circa

548 1577 781 1623 unitatem
802 1577 890 1622 Dei
913 1593 967 1622 ac
988 1577 1266 1623 Trinitatem
1282 1575 1570 1641 prophetam
1587 1575 1838 1639 diligenter
1859 1575 2158 1640 expressisse.
2180 1577 2342 1632 Quum
2357 1575 2487 1621 enim
2501 1573 2672 1621 dixerit

551 1656 787 1720 «spiritus
824 1656 1048 1714 Domini,
1076 1655 1267 1703 »simul
1301 1666 1348 1702 et
1381 1672 1639 1720 personam
1677 1656 1878 1721 Spiritus
1915 1656 2092 1715 sancti,
2128 1665 2176 1702 et
2209 1655 2357 1702 Patris
2387 1646 2423 1702 a
2442 1670 2540 1719 quo
2570 1655 2671 1719 ipse

547 1737 772 1801 Spiritus,
798 1747 851 1784 ut
878 1736 1046 1783 beatus
1079 1737 1298 1783 meminit
1325 1737 1638 1800 Augustinus,
1676 1735 2001 1802 principaliter
2038 1735 2285 1801 procedit,
2318 1735 2572 1782 manifeste
2605 1733 2672 1782 di,

546 1818 724 1864 stinxit.
752 1821 805 1863 In
830 1834 888 1864 eo
913 1834 1028 1864 vero
1051 1817 1184 1881 quod
1208 1816 1416 1876 addidit,
1446 1837 1470 1863 «
1494 1817 1611 1864 dixit
1632 1821 1760 1865 Deus
1779 1855 1791 1877 ,
1815 1836 1838 1861 »
1864 1817 2047 1865 dictum
2068 1818 2214 1882 ipsius
2237 1817 2347 1875 Dei,
2380 1816 2431 1864 id
2462 1825 2533 1863 est
2553 1818 2670 1863 Ver-

548 1897 666 1943 bum
699 1898 824 1960 ejus,
856 1897 990 1961 quod
1018 1907 1089 1944 est
1117 1897 1258 1944 Filius
1277 1935 1288 1956 ,
1320 1914 1432 1944 cum
1460 1898 1567 1963 ipso
1597 1898 1777 1963 pariter
1814 1900 1951 1945 Patre
1988 1906 2208 1962 patenter
2241 1896 2484 1961 expressit.
2521 1898 2672 1943 Nemo

548 1977 726 2022 etenim
757 1977 861 2023 sani
882 1977 1048 2041 capitis
1072 1977 1138 2024 ita
1159 1976 1376 2041 desipere
1398 1987 1585 2042 potest,
1610 1987 1664 2024 ut
1684 1977 1780 2024 hoc
1801 1977 1985 2024 dictum
2007 1976 2256 2041 corporale
2279 1976 2500 2033 aestimet,
2523 1990 2673 2039 quum

550 2072 639 2101 nec
661 2056 932 2120 corporalis
954 2057 1013 2103 sit
1041 2056 1294 2116 divinitas,
1321 2074 1411 2103 nec
1433 2057 1566 2121 loqui
1596 2057 1911 2123 corp0raliter
1931 2056 2107 2104 habeat
2124 2093 2136 2116 ,
2161 2050 2252 2103 nec
2274 2055 2433 2103 adhuc
2456 2055 2534 2102 cui
2562 2070 2673 2102 eum

548 2135 682 2199 loqui
702 2136 1015 2200 corporaliter
1036 2146 1281 2200 oporteret
1303 2137 1567 2184 adsisteret.
1586 2137 1684 2193 vUbi
1703 2147 1863 2184 autem
1883 2153 1974 2184 nos
1996 2136 2217 2195 dicimus,
2243 2135 2461 2182 «creavit
2479 2137 2631 2193 Deus,
2645 2152 2669 2178 »

550 2232 639 2280 pro
683 2232 741 2262 eo
785 2215 917 2280 quod
953 2225 1023 2263 est
1060 2235 1082 2260 κ
1109 2219 1236 2263 Deus
1255 2253 1266 2275 ‚
1298 2235 1321 2261 »
1367 2217 1415 2263 in
1430 2231 1433 2233 “
1451 2216 1651 2264 Hebraeo
1696 2216 1902 2265 habetur
1952 2216 2150 2278 Heloym
2166 2253 2181 2273 ,
2226 2215 2360 2280 quod
2400 2214 2672 2269 divinarum

548 2312 863 2360 personarum
898 2295 1220 2360 pluralitatem
1257 2296 1484 2344 ostendit.
1519 2297 1616 2343 Hel
1651 2297 1828 2362 quippe
1869 2296 2104 2359 singulare
2139 2305 2236 2354 est,
2274 2295 2407 2359 quod
2447 2295 2674 2359 interpre-

550 2384 677 2420 tatur
703 2394 725 2419 «
746 2377 896 2434 Deus;
922 2393 944 2418 υ
971 2375 1171 2437 Heloym
1202 2375 1524 2440 vero‘plurale
1558 2385 1652 2435 est,
1689 2393 1775 2440 per
1808 2375 1943 2440 quod
1972 2375 2295 2422 diversitatem
2327 2390 2669 2439 personarum,

550 2470 754 2517 quarum
790 2470 1086 2518 unaquaeque
1120 2457 1248 2500 Deus
1277 2464 1375 2513 est,
1402 2454 1724 2518 intelligimus.
1760 2455 1898 2501 Unde
1920 2465 2081 2502 autem
2103 2454 2286 2502 dictum
2308 2463 2400 2512 est,
2430 2472 2454 2497 «
2472 2453 2673 2517 Heloym

551 2536 758 2594 creavit,
782 2554 805 2579 »
838 2552 965 2594 non,
1000 2536 1315 2582 creaverunt?
1348 2545 1403 2581 ut
1435 2535 1657 2582 videlicet
1689 2535 1752 2582 ad
1792 2534 1975 2599 plurale
1998 2551 2178 2581 nomen
2200 2533 2438 2597 singulare
2471 2533 2674 2582 verbum

552 2616 834 2673 referretur3
872 2625 1107 2679 quatenus
1141 2615 1464 2662 insinuaretur
1496 2616 1546 2662 in
1581 2614 1734 2662 tribus
1771 2614 1860 2661 illis
1894 2615 2111 2679 personis
2147 2630 2246 2660 non
2281 2623 2377 2660 tres
2410 2623 2671 2673 creatores,

551 2697 635 2743 sed
658 2713 811 2743 unum
837 2706 1025 2743 tantum
1050 2695 1226 2742 debere
1255 2695 1469 2759 intelligi.
1504 2695 1829 2759 Quumigitur
1851 2695 1969 2742 dixit
1990 2714 2014 2739 «
2032 2693 2235 2758 Heloym
2256 2693 2433 2740 creavit
2453 2712 2476 2738 υ
2503 2693 2551 2739 in
2574 2710 2673 2758 quo

552 2777 737 2824 divinas
759 2793 989 2841 personas
1011 2777 1187 2841 pariter
1206 2777 1456 2840 cooperari
1476 2775 1664 2835 docuit,
1684 2776 1901 2840 profecto
1921 2774 2125 2822 indivisa
2147 2790 2248 2821 esse
2270 2789 2419 2839 opera
2435 2774 2673 2822 Trinitatis

553 2855 766 2920 praefixit.
793 2858 954 2912 Quum
977 2865 1138 2902 autem
1159 2855 1496 2919 postmodum,
1522 2865 1576 2902 ut
1594 2855 1821 2914 diximus,
1849 2855 1999 2902 Patris
2030 2864 2078 2901 et
2098 2854 2298 2919 Spiritus
2320 2863 2367 2900 et
2388 2853 2535 2901 Verbi
2563 2870 2673 2919 per·-

553 2953 694 2984 sonas
717 2936 953 2994 distinxit,
980 2937 1028 2982 in
1052 2952 1150 3000 quo
1173 2935 1253 2982 illa
1273 2936 1555 2983 consisteret
1574 2936 1782 2983 Trinitasv
1801 2935 2154 2983 determinavit.

619 3017 897 3065 Notandum
912 3034 1027 3063 vero
1051 3033 1139 3081 pro
1163 3033 1221 3064 eo
1244 3017 1378 3081 quod
1394 3016 1619 3064 dicimus:
1648 3018 1789 3064 «Fiat
1810 3016 1890 3064 lux
1904 3054 1915 3076 ,
1942 3026 1989 3064 et
2007 3017 2130 3065 facta
2151 3026 2221 3064 est
2238 3017 2317 3064 lux
2330 3053 2346 3075 ,.
2361 3035 2385 3061 »
2401 3017 2450 3064 in
2473 3016 2672 3064 Hebraeo

555 3096 721 3163 haberi
746 3115 754 3142 :
787 3117 809 3142 «
830 3098 898 3144 Sit
922 3097 1019 3155 lux,
1041 3107 1087 3144 et
1109 3097 1196 3143 suit
1218 3097 1320 3155 lux3
1344 3116 1368 3142 »
1395 3106 1442 3144 et
1458 3097 1672 3144 similiter
1693 3098 1743 3143 in
1759 3098 1936 3144 caeteris
1956 3114 2061 3162 quae
2076 3106 2362 3162 sequuntur,
2381 3097 2672 3160 ubicumque

556 3193 645 3222 nos
662 3177 918 3240 habemus:
943 3195 966 3221 «
978 3177 1105 3223 Dixit
1117 3179 1269 3223 Deus:
1291 3196 1314 3221 «
1325 3177 1426 3224 Fiat
1437 3176 1550 3235 hoc,
1565 3186 1612 3223 et
1627 3176 1806 3234 factum
1822 3187 1892 3224 est
1908 3178 1990 3236 ita,
2007 3196 2030 3221 >2
2049 3178 2098 3224 in
2117 3176 2316 3224 Hebraeo
2333 3186 2404 3224 est
2421 3194 2432 3223 :
2453 3175 2669 3234 «Sithoc,

549 3267 602 3306 .οῑ
625 3256 712 3304 fuit
733 3257 813 3303 ita.
834 3275 858 3301 »
888 3257 1071 3314 Quibus
1089 3257 1285 3305 fortasse
1306 3257 1470 3305 verbis⁴
1488 3259 1691 3305 maxima
1709 3258 1922 3307 celeritas
1945 3258 2118 3307 divinae
2136 3257 2430 3323 operationis·
2449 3255 2673 3320 exprimi.-

602 3404 611 3438 3
637 3421 936 3464 Joan.,cap.1‚v.
950 3423 982 3454 9.
997 3439 1038 3447 -
1053 3421 1064 3438 ²
1082 3423 1191 3462 Rom„
1211 3434 1283 3467 cap.
1301 3435 1328 3463 ι,
1344 3434 1374 3457 ν.
1391 3425 1445 3456 20.
