2970 4152
516 356 576 399 82
1087 362 1255 406 PETRI
1294 361 1603 409 ABAELARDI
1630 361 1714 410 ET
1748 365 2046 411 HELOISSAE

514 465 715 513 quarum
740 462 835 498 tam
862 453 1144 500 abstinentia
1162 470 1305 517 quam
1333 456 1624 504 continentia
1644 460 1746 505 Deo
1764 461 2274 524 *sacrata-quantoipsi
2289 464 2471 525 gratior
2481 464 2623 512 habe-

514 540 590 576 tur
606 567 617 589 ,
641 541 773 578 tanto
799 533 954 596 ipsum
978 533 1289 597 propit-iorem
1322 529 1545 583 inveniet.
1577 540 1633 584 Et
1650 538 1864 603 plerique
1889 539 2096 584 fortassis
2120 538 2295 586 horum
2313 542 2623 605 quifflusoitati

512 621 636 669 sunt,
667 628 754 658 nec
779 611 1250 673 fidelesextiterunt,
1280 615 1400 662 sicut
1428 633 1516 663 nec
1544 617 1688 665 vidua
1711 619 1991 683 piaedicta¹‚
2020 619 2108 665 ‘oui
2126 635 2243 666 non·
2264 622 2623 685 rogantitfllium

511 693 744 738 Dominus
763 693 1029 754 suscitavit,
1060 694 1210 742 fidelis
1241 697 1649 763 extitisselegitur.
1680 702 1776 751 Nos
1794 710 1953 746 autem
1977 700 2181 747 invicem
2206 694 2622 752 :nonfsolumfidei

510 773 696 837 colligat
727 774 1000 838 integritaS,
1037 794 1201 824 verum
1223 778 1374 825 etiam
1394 780 1608 843 ejusdem
1643 781 1882 844 religionis
1912 781 2144 846 professio
2173 784 2352 830 sociat.
2376 788 2437 831 Ut
2461 795 2622 832 autem

508 863 876 901 saciosanctum
872 855 1066 920 collegii
1091 859 1231 906 vestri
1250 875 1381 906 nunc
1404 861 1622 907 omittam
1650 859 1966 920 conventum,
1996 861 2066 908 in
2076 879 2174 926 quo
2195 862 2506 928 plurimarum
2526 866 2623 911 ‘vir-

507 936 670 998 ginum
687 952 742 982 ac
757 926 926 983 viduai
931 955 1009 984 um
1027 939 1218 987 devotio
1236 942 1446 988 'Domino
1460 942 1649 1007 jugiter
1658 942 1889 1001 deservit,
1920 943 1981 990 ad
2007 952 2051 993 te
2073 960 2224 990 unam
2240 945 2460 1005 veniam,
2489 946 2624 1009 cujus

468 1048 471 1051 -
506 1016 633 1080 apud
652 1019 807 1064 Deum
833 1020 1130 1067 sanctitatem
1157 1021 1416 1086 plurimum
1445 1039 1543 1069 non
1570 1022 1760 1087 ambigo
1788 1041 1949 1088 posse,
1972 1033 2034 1071 et
2027 1041 2142 1088 quae
2159 1035 2295 1090 potes
2319 1026 2437 1072 mihi
2460 1027 2622 1091 praeci-

505 1115 597 1160 pue
617 1098 808 1159 debere,
838 1102 1042 1149 maxime
1061 1119 1190 1151 nunc
1205 1107 1219 1128 ²
1241 1105 1289 1151 in
1316 1115 1456 1152 tantae
1479 1105 1773 1152 adversitatis
1797 1105 2032 1153 laboranti
2059 1106 2346 1154 discrimine.
2373 1110 2623 1155 'Memento

506 1180 662 1243 itaque
681 1197 871 1247 semper
893 1182 942 1229 in
963 1184 1258 1232 orationibus
1288 1186 1379 1232 tuis
1406 1186 1531 1249 ejus,
1560 1186 1669 1250 qui³
1693 1186 1956 1251 specialiter
1977 1197 2053 1234 est
2080 1197 2211 1247 tuus,
2241 1197 2287 1234 et
2316 1197 2449 1235 tanto
2477 1188 2626 1235 confi-

505 1259 692 1307 dentius
706 1262 754 1308 in
768 1263 984 1310 oratione
1003 1265 1159 1328 vigila,
1179 1276 1360 1330 quanto
1380 1266 1428 1313 id
1441 1282 1543 1313 esse
1563 1266 1647 1313 tibi
1665 1268 1967 1331 recognoscis
1979 1267 2166 1331 justius,
2187 1278 2234 1315 et
2252 1268 2316 1315 ob
2330 1268 2423 1315 hoc
2441 1269 2529 1334 ipsi
2542 1270 2623 1333 qui

504 1341 714 1389 orandus
752 1354 822 1390 est
847 1345 1197 1410 acceptabilius.
1230 1347 1440 1407 Exaudi,
1470 1347 1697 1407 obsecro,
1732 1363 1853 1395 <at-ure
1882 1348 2063 1408 cordis,
2093 1348 2226 1412 quod
2251 1349 2418 1413 saepius
2453 1348 2623 1396 audisti

502 1438 615 1469 aure
648 1425 878 1489 corporis.
921 1427 1159 1491 Scriptum
1190 1438 1258 1474 est
1287 1428 1334 1474 in
1367 1427 1687 1475 Proverbils⁵:
1727 1448 1750 1472 «
1779 1429 1946 1476 Mulier
1979 1428 2178 1492 diligens
2203 1445 2383 1475 corona
2419 1439 2484 1476 est
2521 1430 2625 1476 viro

502 1519 604 1550 suo.
630 1523 652 1548 »
682 1507 739 1552 Et
766 1510 981 1553 rursum⁵
1006 1527 1015 1553 :
1042 1510 1180 1566 «Qui
1204 1509 1386 1556 invenit
1413 1510 1662 1556 mulierem
1690 1509 1869 1556 bonam
1887 1546 1898 1568 ‚
1932 1510 2113 1556 invenit
2130 1509 2342 1568 bonum,
2372 1504 2625 1556 ethauriet

496 1584 844 1645 jucunditatem
869 1604 896 1634 a
920 1589 1146 1635 Domino.
1172 1593 1274 1636 »Et
1292 1590 1494 1636 iterum:
1523 1593 1747 1636 «Domus
1766 1600 1812 1636 et
1832 1589 2004 1636 divitiae
2031 1589 2207 1636 dantur
2231 1605 2258 1635 a
2276 1588 2575 1654 parentibus,
2597 1607 2625 1636 a

500 1666 709 1711 Domino
749 1677 908 1713 autem
942 1669 1136 1733 proprie
1172 1685 1293 1715 uxor
1316 1669 1545 1734 prudens.
1572 1689 1595 1712 »
1623 1672 1682 1716 Et
1713 1670 1760 1716 in
1788 1669 2164 1716 Ecclesiastico⁶z
2199 1689 2221 1713 t(
2244 1668 2452 1716 Mulieris
2486 1668 2626 1717 bon'ae

500 1744 665 1791 beatus
698 1746 781 1791 vir.
810 1765 831 1789 »
861 1749 919 1793 Et
936 1757 1045 1813 post
1062 1765 1214 1813 pauca
1229 1751 1242 1773 ⁷
1262 1766 1270 1793 ε
1298 1768 1320 1793 «
1342 1752 1455 1795 Pars
1478 1748 1633 1809 bona,
1658 1750 1828 1797 mulier
1848 1750 1996 1796 bona.
2022 1769 2043 1793 >a
2067 1751 2123 1795 Et
2146 1749 2279 1811 juxta
2297 1749 2626 1796 auctoritatem

500 1825 845 1889 apostolicam⁸,
870 1827 1237 1875 «Sanctificatus
1252 1839 1321 1875 est
1334 1829 1407 1875 vir
1424 1828 1628 1877 infidelis
1646 1846 1732 1895 per
1750 1830 1995 1876 mulierem
2010 1829 2215 1876 fidelem.
2234 1830 2417 1892 »Cujus
2430 1829 2625 1893 quidem

500 1905 566 1950 rei
587 1906 963 1970 experimentum
997 1907 1045 1952 in
1080 1924 1225 1972 regno
1256 1909 1491 1973 praecipue
1519 1919 1711 1968 nostro,
1742 1909 1791 1955 id
1817 1919 1885 1955 est
1915 1912 2232 1968 Francorum,
2263 1908 2423 1955 divina
2449 1909 2626 1973 specia-

500 1983 630 2031 liter⁹
654 1984 865 2032 exhibuit
892 1988 1063 2050 gratia,
1093 2004 1244 2051 quum
1268 1988 1329 2034 ad
1357 1989 1625 2036 orationem
1651 1988 1869 2036 videlicet
1902 1989 2060 2035 uxoris
2086 1989 2233 2052 magis
2258 2005 2402 2052 quam
2429 1988 2490 2035 ad
2521 2005 2626 2035 san-

501 2075 687 2112 ctorum
712 2066 1099 2130 praedicationem
1118 2071 1167 2128 ¹⁰,
1197 2068 1441 2115 Clodoveo
1481 2085 1590 2133 rege
1628 2069 1689 2115 ad
1730 2069 1875 2116 fidem
1907 2069 2079 2116 Christi
2115 2085 2374 2128 converso,
2426 2086 2624 2137 regnum

500 2144 565 2191 sic
599 2146 873 2192 universum
899 2146 1071 2193 divinis
1096 2147 1277 2211 legibus
1308 2149 1728 2213 mancipaverunt,
1763 2158 1814 2195 ut
1845 2148 2063 2214 exemplo
2094 2148 2298 2195 maxime
2326 2149 2623 2213 superiorum

501 2225 562 2271 ad
595 2227 823 2273 orationis
841 2229 864 2251 ¹¹
888 2227 1157 2275 instantiam
1176 2231 1200 2252 ¹¹
1227 2228 1472 2276 inferiores
1507 2239 1900 2294 provocarentur.
1943 2229 2012 2276 Ad
2043 2245 2188 2293 quam
2221 2228 2415 2293 quidem
2439 2229 2625 2276 *instan-

502 2305 612 2351 tiam
635 2305 875 2354 dominica
894 2324 982 2354 nos
1002 2307 1309 2355 vehementer
1333 2309 1536 2357 invitans
1559 2309 1786 2375 parabola
1807 2328 1816 2356 :
1843 2329 1867 2354 «
1882 2309 1980 2369 llle,
1998 2329 2020 2353 »
2042 2309 2247 2374 inquit¹⁸,
2268 2329 2292 2353 (c
2306 2309 2345 2355 si
2359 2324 2626 2374 persevera-

501 2386 619 2432 verit
642 2387 833 2451 pulsans
850 2424 861 2446 ,
894 2387 1002 2434 dico
1027 2388 1163 2435 vobis
1192 2390 1303 2453 quia
1324 2390 1363 2436 si
1381 2406 1480 2436 non
1501 2389 1633 2437 dabit
1651 2391 1694 2437 ei
1714 2407 1772 2437 eo
1794 2390 1927 2455 quod
1954 2391 2133 2436 amicus
2150 2389 2282 2436 =illius
2314 2389 2396 2448 sit,
2428 2388 2625 2454 propter

500 2465 854 2530 improbitatem
873 2467 973 2530 ejus
988 2484 1184 2532 surgens
1198 2468 1329 2515 dabit
1349 2470 1391 2516 ei
1408 2480 1647 2535 quotquot
1664 2469 1808 2517 habet
1823 2469 2130 2516 necessarios.
2149 2471 2255 2514 »ΕΧ
2266 2468 2364 2515 hac
2375 2468 2595 2534 ¹profecto
2609 2505 2620 2527 ,

503 2555 552 2591 ut
576 2545 636 2591 ita
663 2545 837 2606 dicam,
867 2547 1095 2595 orationis
1120 2548 1449 2613 improbitate,
1479 2550 1599 2596 sicut
1623 2567 1766 2615 supra
1798 2550 2016 2609 memini,
2035 2552 2231 2613 'Moyses
2256 2548 2425 2595 divinae
2438 2547 2628 2611 justitiae

503 2626 800 2673 severitatem
815 2629 1127 2687 ‘enervavit¹¹,
1151 2639 1197 2675 et
1222 2630 1504 2676 sententiam
1528 2631 1816 2677 immutavit.
1850 2630 2010 2688 Nosti,
2043 2629 2369 2687 dilectissima,
2390 2629 2625 2692 quantum

503 2705 740 2752 eharitatis
764 2706 985 2753 affectum
1009 2709 1268 2772 praesentiae
1295 2726 1412 2756 meae
1442 2720 1706 2756 conventus
1725 2710 1839 2756 olim
1872 2720 2025 2756 vester
2055 2710 2102 2755 in
2128 2709 2344 2755 oratione
2370 2706 2535 2754 solitus
2568 2707 2625 2753 sit

504 2785 741 2833 exhibere.
766 2786 837 2833 Ad
861 2787 1180 2852 expletionem
1205 2805 1413 2854 namque
1438 2789 1652 2854 quotidie
1678 2790 1969 2854 singularum
1995 2789 2224 2836 horarum
2251 2786 2505 2853 specialem
2536 2804 2624 2852 pro

506 2883 581 2913 me
608 2869 817 2914 Domino
847 2868 1242 2933 supplicationem
1274 2869 1398 2916 hanc
1423 2870 1594 2917 offerre
1629 2872 1901 2929 consuevit,
1945 2879 1995 2916 ut
2026 2885 2256 2934 responso
2291 2867 2488 2933 proprio
2515 2880 2626 2914 eum

503 2963 641 2993 versu
667 2948 766 3011 ejus
791 2949 1042 3013 praemissis
1068 2959 1114 2995 et
1142 2949 1426 3009 decantatis,
1458 2966 1623 3015 preces
1641 2949 1715 2996 his
1735 2961 1781 2997 et
1805 2949 2053 2997 collectam
2071 2949 2120 2995 in
2135 2948 2270 2994 hunc
2287 2947 2488 2994 mod'um
2507 2945 2626 2992 sub·-

499 3026 718 3091 jungeret
742 3047 750 3074 :
784 3031 1095 3094 Responsum.
1132 3049 1154 3074 «
1175 3032 1281 3077 Non
1307 3047 1384 3077 me
1410 3029 1733 3094 derelinquas,
1768 3047 1857 3077 nec
1882 3029 2096 3077 discedas
2126 3046 2153 3075 a
2181 3044 2282 3087 me,
2317 3027 2623 3073 Domine-¹⁶2»

504 3109 692 3154 Versus.
721 3128 743 3152 «
768 3112 818 3154 In
843 3109 1132 3173 adjutorium
1150 3127 1312 3157 meum
1332 3127 1520 3175 semper
1537 3110 1748 3167 intende,
1771 3111 1975 3157 Domine
1993 3113 2032 3156 ¹⁶.
2055 3129 2076 3154 υ
2101 3112 2282 3156 Preces.
2308 3104 2540 3153 «salvum
2553 3106 2629 3152 fac

550 3280 559 3296 ¹
586 3281 680 3321 Luc„
707 3291 781 3325 cap.
816 3293 878 3320 vu,
914 3293 943 3315 v.
982 3282 1113 3315 15.—²
1135 3284 1189 3317 Sic
1218 3284 1258 3316 D.
1276 3285 1417 3317 -Nunc
1447 3283 1539 3316 deest
1584 3294 1731 3328 cap.vn‚
1746 3294 1774 3315 v.
1794 3285 1844 3315 14.
1862 3301 1900 3305 -
1923 3276 2327 3323 ςῬναεοίριιεΙὶΜδ.--“’
2343 3273 2625 3310 concionantis.

503 3335 535 3367 in
574 3335 658 3368 Edit.
675 3355 713 3360 —-
732 3336 817 3370 ³Ex
848 3340 992 3370 omnibus
1021 3338 1116 3371 RMS.
1139 3356 1180 3363 —
1198 3339 1346 3378 Pr.ov,
1372 3349 1445 3382 cap.
1474 3349 1536 3380 xn,
1583 3358 1624 3363 —
1642 3339 1669 3357 ¹¹
1687 3340 1738 3373 Aa
1757 3342 1910 3372 orationis
1926 3338 2065 3371 desunt
2056 3348 2089 3370 111
2108 3336 2190 3369 Cod.
2211 3336 2236 3368 D
2256 3343 2440 3378 perperam.
2458 3330 2542 3356 --⁴⁸
2559 3331 2627 3364 Vim

504 3403 535 3423 v.
562 3394 595 3424 4.
621 3411 657 3415 —-
683 3392 893 3432 ⁵Pr.,overb
922 3404 995 3437 cap.
1031 3397 1270 3436 xV111,v.?2P.
1302 3414 1340 3419 —
1371 3394 1542 3434 ⁰Eccles„
1586 3395 1901 3430 insumatis—⁴³
1912 3396 2004 3432 Luc.,
2022 3403 2094 3436 cap.
2104 3404 2153 3433 xi,
2167 3403 2199 3424 v.
2214 3393 2247 3424 8
2261 3387 2473 3427 —¹‘Ex⁰d·,
2483 3398 2513 3420 0·
2516 3394 2627 3425 ΧΧΧΙΙ

504 3458 575 3490 cap.
613 3460 703 3491 xxvr,
733 3460 763 3482 v.
805 3452 834 3481 1.
868 3469 902 3474 -
935 3450 1066 3493 ¹¹lbid.‚
1096 3463 1127 3484 v.
1160 3454 1191 3485 3.
1223 3470 1266 3477 —
1293 3451 1465 3485 ‘Corinth
1500 3453 1541 3490 Ῑ,
1587 3463 1615 3485 v.
1638 3453 1690 3485 14.
1705 3471 1742 3476 —
1761 3451 1788 3469 ¹¹⁵
1808 3452 1925 3485 Psalm
1949 3446 2625 3490 xxxv==‚v.22.—⁰Psa11n.ix1x,v.¹
