2970 4152
746 406 826 452 DE
858 404 1083 453 SANCTO
1107 403 1334 452 JOANNE
1368 366 1772 452 EVANGELISTA
1804 403 2021 450 SERMO.
2347 402 2441 451 519

326 498 494 546 tandiu
507 514 617 546 eum
630 507 894 546 reservaret
912 499 962 545 in
983 497 1187 545 mundo.
1212 500 1371 556 Quem
1386 514 1476 544 nec
1495 498 1563 544 ita
1580 506 1635 544 ut
1654 507 1850 545 caeteros
1873 496 2118 562 apostolos
2140 495 2442 560 passionibus

326 579 566 643 exposuit,
590 593 684 626 nec
703 578 848 643 affligi
869 578 1101 644 permisit,
1127 594 1279 642 quum
1295 587 1343 625 et
1365 578 1545 626 eumin
1566 577 1767 624 ferventi
1788 577 1897 625 oleo
1920 576 2199 625 custodierit
2220 575 2438 636 illaesum,

324 667 373 704 et
396 668 450 705 ut
469 659 571 723 ejus
592 658 731 707 citius
756 660 1035 711 terminaret
1061 657 1278 718 exilium,
1307 658 1358 704 in
1385 667 1743 722 persecutorem
1769 658 1870 721 ejus
1898 657 2159 705 vindictam
2188 658 2442 705 maturavit

323 739 670 787 Domitianum.
696 740 841 804 Cujus
869 739 1094 787 omnibus
1122 738 1325 786 decretis
1353 753 1381 785 a
1408 747 1577 785 senatu
1609 738 1842 802 quassatis
1870 737 2059 786 occulta
2079 738 2167 784 Dei
2194 736 2441 803 dispensa-

322 819 455 867 tione
482 819 544 867 ab
569 820 707 867 exilio
735 821 837 886 ipse
864 820 1090 868 reductus
1119 819 1340 867 fidelibus
1367 818 1558 884 populis
1594 835 1705 866 cum
1732 835 1921 866 summa
1956 817 2246 866 exultatione
2276 829 2347 866 est
2373 835 2445 866 re-

321 901 528 948 stitutus.
555 904 609 948 In
631 918 729 965 quo
743 901 886 949 etiam
901 901 1041 949 exilio
1057 911 1238 966 quanta
1253 917 1283 950 a
1296 901 1509 948 Domino
1530 901 1590 947 sit
1611 900 1655 947 ei
1677 899 1851 947 collata
1865 902 1877 926 ¹
1902 899 2192 959 consolatio,
2213 899 2439 947 revelatio

320 978 502 1026 ibidem
523 980 566 1026 ei
588 979 711 1027 facta
728 1017 739 1039 ,
773 997 878 1045 quae
908 981 1219 1045 Apocalypsis
1251 979 1442 1039 dicitur,
1467 979 1716 1026 manifeste
1751 989 1965 1026 testatur.
1999 979 2094 1036 Qui
2121 979 2266 1026 etiam
2293 996 2440 1044 quam

320 1059 589 1107 mirabilem
621 1070 669 1108 et
691 1060 962 1124 jucundum
991 1062 1100 1108 vitae
1125 1060 1349 1108 habuerit
1376 1060 1659 1119 terminum,
1696 1061 1745 1107 in
1765 1069 1922 1107 morte
1949 1077 2143 1125 quoque
2178 1060 2303 1107 circa
2330 1077 2441 1108 eum

318 1152 507 1187 summa
527 1140 719 1188 dilectio
740 1140 937 1188 Domini
957 1139 1197 1202 claruerit,
1217 1141 1482 1189 multorum
1495 1140 1728 1189 relatione
1743 1143 1758 1166 ²
1779 1140 2050 1188 didicimus.
2075 1140 2241 1187 Solum
2262 1141 2441 1206 quippe

318 1217 476 1282 ipsum
507 1219 569 1267 ab
597 1220 702 1284 ipso
729 1220 942 1267 Domino
979 1219 1178 1285 legimus
1215 1221 1495 1280 invitatum,
1532 1230 1586 1267 ut
1619 1219 1682 1268 ad
1715 1236 1977 1286 supernum
2011 1219 2211 1267 fratrum
2244 1236 2441 1267 suorum

316 1299 661 1348 conscenderet
675 1301 974 1360 convivium,
1004 1311 1057 1348 ut
1077 1318 1136 1349 eo
1159 1302 1382 1349 veniente
1402 1302 1470 1349 sic
1492 1301 1711 1348 omnium
1732 1299 2056 1367 compleretur
2078 1299 2321 1364 gaudium.
2348 1303 2442 1358 Qui

316 1388 364 1425 et
393 1388 448 1425 ut
469 1379 647 1440 voluit,
674 1390 722 1428 et
748 1380 947 1445 quando
977 1381 1151 1442 voluit,
1178 1382 1390 1429 animam
1411 1398 1549 1430 suam
1570 1382 1620 1428 in
1643 1397 1815 1429 manus
1844 1381 2043 1429 Domini
2064 1379 2411 1429 commendans
2427 1420 2437 1440 ,

314 1468 414 1508 tam
435 1458 618 1508 alienus
639 1461 791 1509 extitit
812 1477 841 1509 a
861 1460 1034 1509 dolore
1058 1463 1227 1510 mortis
1245 1499 1257 1522 ,
1282 1478 1430 1528 quam
1458 1463 1651 1527 ignarus
1681 1461 1834 1509 fuerat
1864 1477 1892 1511 a
1920 1461 2233 1528 corruptione
2263 1462 2436 1510 carnis.

314 1540 459 1605 Cujus
481 1539 690 1607 denique
711 1558 886 1608 corpus
901 1558 991 1591 nec
1013 1544 1324 1608 corruptione
1344 1543 1420 1591 vel
1436 1542 1690 1610 putredine
1711 1551 1995 1609 corruptum
2012 1543 2061 1589 in
2079 1542 2240 1608 specie>
2254 1559 2441 1591 mannae

313 1618 592 1685 perhibetur
614 1639 926 1683 conversum,
951 1633 1004 1670 ut
1026 1640 1082 1671 ex
1109 1622 1210 1688 ejus
1243 1624 1418 1690 speciei
1453 1623 1667 1673 candore
1700 1623 1940 1672 munditia
1970 1624 2126 1671 carnis
2153 1623 2445 1689 probaretur

312 1699 643 1755 immaculatae.
669 1702 814 1760 Quod
836 1702 1058 1750 nonnulli
1080 1719 1274 1769 quoque
1297 1714 1575 1752 sanctorum
1591 1704 1692 1768 jam
1715 1703 1867 1768 gloria
1897 1702 2262 1751 resurrectionis
2285 1701 2439 1751 dona-

310 1787 414 1826 tum
435 1791 648 1830 astruere
669 1798 771 1830 non
793 1781 1153 1832 dubitaverunt.
1179 1782 1320 1832 Unde
1342 1782 1460 1831 illud
1483 1793 1555 1832 est
1575 1783 1920 1847 augustiniani⁸
1940 1783 2177 1831 sermonis
2195 1785 2245 1829 in
2265 1784 2441 1831 Natale

311 1860 584 1925 Mat-{yram
603 1882 618 1910 .-
640 1866 744 1911 «Ut
764 1873 950 1912 taceam
969 1865 1082 1930 quia
1104 1865 1267 1912 omnia
1284 1864 1532 1930 possibilia
1552 1874 1664 1912 sunt
1685 1867 1812 1925 Deo,
1834 1873 1882 1912 et
1903 1862 2038 1929 quod
2057 1862 2226 1910 clausis
2246 1863 2446 1911 tumulis-

308 1941 460 2005 possit
480 1959 656 2008 corpus
678 1944 923 2010 spirituale
953 1945 1158 1993 educere
1174 1983 1185 2005 ,
1217 1946 1415 1993 Joannis
1441 1955 1632 1994 tantum
1654 1943 1859 2010 apostoli
1880 1942 2117 1992 habemus
2141 1943 2436 2009 exemplum,

307 2037 452 2086 quem
474 2023 685 2070 tumulus
706 2035 980 2090 susceptum
999 2024 1222 2072 claudere
1242 2025 1417 2090 potuit,
1438 2025 1680 2073 custodire
1703 2041 1804 2071 non
1826 2024 2002 2090 potuit.
2024 2026 2145 2071 Nam
2167 2023 2439 2089 depositum

292 2098 481 2166 'corpus
501 2103 743 2168 perdidit,
769 2120 869 2150 non
900 2106 1170 2169 assumpsit.
1202 2106 1291 2152 Hic
1313 2106 1444 2153 enim
1470 2103 1642 2153 clausis
1670 2103 1843 2151 tumuli
1870 2104 2076 2164 foribus,
2109 2105 2257 2169 gratia
2280 2122 2437 2152 resur-

305 2181 530 2228 rectionis
552 2181 767 2230 ablatum
788 2193 876 2242 est,
903 2193 956 2230 ut
977 2192 1221 2231 constaret
1241 2183 1502 2248 sepultura,
1527 2199 1619 2230 nec
1641 2182 1937 2230 inveniretur
1959 2183 2190 2249 sepultus.
2218 2184 2437 2250 Denique

304 2269 455 2325 quu'm
475 2261 748 2310 sacerdotes
769 2262 1045 2311 honorandi
1067 2279 1211 2312 causa
1232 2280 1408 2329 corpus
1441 2263 1762 2328 inquirerent,
1788 2274 1999 2311 reserato
2029 2263 2186 2324 aditu,
2225 2264 2436 2313 tumulus

303 2352 403 2387 non
426 2342 584 2406 potuit
605 2341 806 2389 reddere
829 2358 975 2408 quem
993 2343 1216 2408 suscepit.
1233 2362 1256 2388 >³
1276 2343 1421 2407 Cujus
1442 2343 1589 2392 etiam
1610 2342 1791 2402 locum,
1808 2359 1907 2408 quo
1923 2343 2241 2391 castissimum
2260 2360 2431 2409 corpus

301 2420 402 2484 ejus
430 2421 685 2469 tenebatur
712 2439 863 2487 quum
887 2423 1199 2487 Evangelium
1220 2422 1449 2471 scriberet
1464 2460 1476 2483 ,
1500 2423 1576 2470 vel
1602 2423 1810 2470 orationi
1832 2423 2054 2482 instaret,
2082 2433 2263 2487 quanta
2285 2424 2429 2487 gratia

301 2502 429 2548 Deus
455 2501 741 2565 insignierit,
764 2503 1022 2567 Gregorius
1042 2504 1357 2563 Turonensis,
1379 2502 1504 2550 libro
1531 2503 1874 2551 Mimo-zelorum
1899 2505 1935 2562 I,
1959 2514 2332 2565 commemorat,
2355 2501 2429 2550 di—

301 2584 458 2629 cens‘:
483 2601 505 2627 «
521 2585 574 2629 In
591 2581 782 2648 Epheso
797 2581 1004 2631 habetur
1023 2582 1182 2644 locus,
1198 2584 1248 2631 in
1268 2600 1367 2650 quo
1384 2582 1464 2631 hic
1487 2583 1732 2649 apostolus
1754 2583 2065 2646 Evangelium
2087 2583 2289 2649 scripsit.
2308 2584 2429 2630 Sunt

300 2670 459 2710 autem
489 2663 538 2710 in
567 2664 839 2711 summitate
868 2664 1046 2711 montis
1074 2663 1198 2711 illius
1219 2663 1425 2729 proximi
1447 2674 1655 2729 quatuor
1676 2665 1880 2729 parietes
1907 2663 2009 2711 sine
2031 2673 2183 2722 tecto,
2210 2663 2289 2711 ubi
2313 2679 2427 2710 ora-

300 2742 420 2790 tioni
453 2743 704 2802 insistens,
736 2744 1001 2791 Dominum
1038 2744 1288 2804 exorabat,
1314 2744 1620 2809 obtinuitque
1651 2761 1713 2791 ne
1750 2745 1799 2791 in
1833 2744 1943 2791 loco
1978 2743 2060 2790 illo
2090 2741 2247 2790 imber
2277 2741 2427 2790 ullus‘¹

298 2823 626 2883 descenderet,
644 2823 801 2871 donec
822 2823 902 2872 ille
922 2825 1235 2890 Evangelium
1258 2825 1556 2891 adimpleret.
1583 2824 1677 2873 Sed
1698 2841 1850 2889 usque
1871 2822 2020 2871 hodie
2043 2824 2107 2871 ita
2128 2832 2375 2889 praestatur
2398 2839 2423 2870 a

296 2903 533 2965 Domino,
559 2915 613 2952 ut
634 2904 766 2954 nulla
786 2905 854 2953 ibi
876 2904 1138 2954 descendat
1158 2906 1338 2973 pluvia.
1368 2925 1392 2951 υ

361 2985 429 3031 Ex
451 2984 525 3031 his
544 2985 704 3050 itaque
735 2984 951 3051 specialis
979 2986 1066 3033 iste
1088 2985 1289 3035 dilectus
1311 2986 1507 3034 Domini
1530 3002 1678 3052 quam
1698 2984 1998 3033 honorabilis
2020 2986 2033 3009 ⁶
2055 2984 2178 3030 inter
2200 2992 2417 3041 caeteros,

295 3080 441 3129 quam
463 3076 685 3132 acceptus
707 3066 912 3114 extiterit
933 3068 1054 3126 De0,
1083 3068 1274 3133 quantis
1295 3068 1575 3134 praemineat
1599 3068 1802 3126 meritis,
1829 3065 2021 3131 quantis
2043 3065 2102 3111 sit
2124 3062 2420 3111 extollendus

294 3147 566 3211 praeconiis,
598 3157 645 3195 et
671 3164 758 3195 vos
773 3185 784 3207 ,
815 3149 919 3195 Deo
951 3147 1134 3196 dilectae
1154 3149 1385 3214 virgines,
1410 3149 1658 3209 attendite,
1684 3158 1916 3212 tantoque
1939 3145 2159 3194 devotius
2180 3145 2279 3209 ejus
2300 3143 2420 3193 sole·

294 3227 542 3275 mnitatem
558 3227 812 3287 celebrate,
827 3238 1009 3293 quanto
1023 3228 1226 3294 amplius
1241 3231 1341 3295 ejus
1354 3230 1682 3278 excellentiam
1696 3237 1912 3278 sanctam
1925 3226 2178 3274 imitamini
2190 3225 2413 3291 puritate.

337 3424 347 3441 ¹
373 3424 439 3459 MS.
457 3426 545 3460 Eius.
560 3428 637 3460 -Εί
652 3437 672 3459 α
688 3426 822 3461 Domino
841 3437 914 3468 quoe
932 3430 973 3460 εἱι
991 3429 1113 3460 collata
1137 3427 1198 3461 Ed.
1219 3426 1315 3462 Amb.
1334 3447 1369 3452 -—
1386 3427 1398 3445 ’
1420 3429 1623 3462 Revelaeione
1646 3427 1714 3460 MS.
1740 3426 1832 3460 Eius.
1845 3442 1889 3451 -
1910 3426 1922 3444 ¹
1943 3427 2145 3459 Ambrosiam
2169 3424 2237 3458 MS.
2263 3423 2351 3458 Eius.
2375 3441 2414 3447 —

295 3482 307 3499 ⁴
333 3484 412 3526 Opp.
439 3485 581 3529 Parisiis,
598 3488 694 3529 1699,
714 3488 779 3522 col.
794 3488 870 3522 7⁵2.
881 3506 925 3514 -
937 3487 952 3506 ⁸
965 3487 1071 3522 Locus
1082 3494 1253 3532 comptus
1266 3488 1298 3522 in
1311 3487 1408 3522 Amb.
1423 3488 1502 3521 edit.
1520 3505 1563 3513 -
1583 3487 1595 3505 ⁶
1614 3488 1828 3520 Honorandus
1843 3485 1909 3519 MS.
1927 3485 2017 3518 Eine.
