2970 4152
1194 405 1513 454 EPISTOLAE.
2323 408 2340 453 1
2353 406 2414 453 95

300 502 471 548 mentis
500 519 511 548 z
546 520 569 546 «
593 505 933 566 Nequaquam,
961 520 984 546 υ
1026 502 1181 566 inquit
1199 539 1211 562 ,
1242 502 1353 549 «eis
1379 500 1503 548 hene
1531 500 1702 560 utitur,
1730 499 1926 563 nisivqui
1949 507 1995 545 et
2019 498 2088 545 uti
2117 513 2216 544 non
2240 507 2409 563 potest.

299 582 432 630 Multi
464 582 660 648 quidem
694 583 874 631 facilius
904 600 954 631 se
987 583 1224 631 abstinent
1255 593 1307 630 ut
1333 599 1432 629 non
1461 590 1683 641 utantur,
1719 597 1866 645 quam
1906 590 2173 645 temperant
2207 589 2260 626 ut
2294 579 2417 626 bene

299 673 508 711 utantur.
533 666 685 711 Nemo
704 674 862 711 tamen
878 673 1036 729 potest
1054 665 1121 712 eis
1137 665 1374 730 sapienter
1390 663 1476 720 uti,
1499 662 1591 708 nisi
1611 671 1768 726 potest
1785 671 1832 708 et
1850 662 2150 708 continenter
2167 677 2266 707 non
2285 661 2369 707 uti.
2390 679 2413 704 »

301 747 370 791 Ex
386 744 481 791 hoc
501 744 667 791 habitu
690 755 738 792 et
761 744 933 792 Paulus
955 745 1142 792 dicebat
1166 763 1176 791 :
1210 765 1232 790 «
1261 745 1368 791 Scio
1392 753 1440 791 et
1460 742 1707 789 abundare
1733 752 1780 789 et
1804 743 2053 807 penuriam
2076 742 2189 806 pati.
2218 759 2240 785 n
2269 744 2421 788 Penu-

301 826 420 873 riam
442 826 620 891 quippe
639 826 754 890 pati,
777 842 1175 890 quorumcunque
1190 825 1445 872 hominum
1461 833 1531 871 est
1551 842 1560 869 :
1588 820 1673 870 sed
1687 823 1807 870 scire
1822 822 2071 887 penuriam
2090 823 2205 887 pati,
2228 838 2422 886 magno·

302 922 411 953 rum
432 917 518 953 est.
545 906 621 952 Sic
645 916 691 953 et
712 905 958 953 abundare
976 907 1229 971 quisquam
1247 894 1502 952 hominum
1526 904 1734 969 incipere
1755 913 1928 969 potest.
1949 903 2076 951 Scire
2096 913 2253 951 autem
2272 903 2421 951 abun·

303 985 417 1033 dare
442 1002 541 1032 non
562 986 653 1032 nisi
668 1002 836 1033 eorum
855 996 951 1045 est,
975 1002 1097 1051 quos
1121 986 1413 1033 abundantia
1431 1001 1529 1032 non
1556 983 1836 1049 corrumpit.
1866 985 2076 1031 De-vino
2094 984 2270 1049 itaque,
2289 985 2419 1049 quia,

303 1067 424 1113 sicut
447 1066 625 1113 dictum
646 1076 741 1126 est,
765 1066 1007 1114 luxuriosa
1032 1084 1107 1114 res
1129 1077 1198 1114 est
1213 1078 1259 1114 et
1278 1066 1572 1114 tumultuosa
1587 1102 1599 1125 ‚
1621 1065 1827 1129 ideoque
1845 1074 1943 1112 tam
1958 1066 2261 1113 continentiae
2279 1082 2424 1130 quam

304 1146 492 1193 silentio
504 1148 715 1194 maxime
739 1148 1033 1194 contrarium
1053 1184 1065 1207 ,
1087 1158 1169 1195 aut
1190 1148 1390 1195 omnino
1409 1147 1595 1195 feminae
1614 1146 1881 1194 abstineant
1896 1156 2094 1211 propter
2111 1149 2285 1207 Deum,
2308 1147 2428 1194 sicut

305 1243 477 1274 uxores
499 1227 744 1291 gentilium
757 1227 827 1275 *ab
849 1227 945 1275 hoc
965 1228 1243 1276 inhibentur
1267 1238 1398 1276 metu
1421 1227 1793 1286 adulteriorum3
1816 1236 1898 1274 aut
1916 1227 1980 1274 ita
1997 1227 2154 1292 ipsum
2173 1243 2297 1292 aqua
2313 1237 2428 1274 tem-

305 1317 474 1372 perent
490 1344 502 1367 ‚
531 1318 584 1355 ut
607 1318 653 1356 et
676 1309 751 1356 siti
775 1310 951 1374 pariter
980 1319 1028 1357 et
1053 1310 1239 1357 sanitati
1264 1309 1511 1369 consulat,
1542 1318 1589 1356 et
1613 1309 1735 1356 vires
1759 1301 1967 1356 nocendi
1985 1323 2084 1355 non
2106 1306 2295 1356 habeat.
2325 1311 2428 1355 Hoc

307 1379 468 1437 autem
494 1389 595 1438 fieri
625 1390 864 1438 credimus
883 1428 896 1452 ,
928 1392 966 1438 si
990 1391 1132 1455 hujus
1161 1393 1377 1439 mixturae
1400 1400 1569 1456 quarta
1593 1406 1704 1456 pars
1729 1390 1790 1438 ad
1818 1391 1976 1437 minus
2004 1407 2137 1455 aquae
2155 1389 2309 1437 fuerit.
2334 1390 2430 1436 Dif-

307 1469 571 1518 ficillimum
595 1487 711 1519 vero
737 1481 808 1519 est
835 1482 888 1519 ut
915 1471 1188 1537 adpositum
1215 1472 1356 1520 nobis
1381 1482 1550 1537 potum
1585 1472 1652 1518 sic
1686 1470 1994 1519 observemus
2013 1507 2025 1531 ,
2066 1481 2117 1518 ut
2149 1486 2250 1518 non
2282 1486 2431 1535 usque

307 1550 369 1598 ad
396 1552 658 1599 satietatem
680 1551 792 1599 inde
818 1551 1062 1613 bibamuS,
1088 1553 1208 1600 sicut
1234 1552 1295 1600 de
1318 1554 1432 1600 vino
1451 1552 1618 1600 beatus
1642 1552 1854 1618 praecipit
1870 1551 2153 1599 Benedictus
2170 1555 2197 1598 ¹.
2220 1551 2430 1616 Ideoque

310 1632 455 1679 tutius
473 1631 782 1692 arbitramur,
809 1642 862 1679 ut
887 1649 978 1680 nec
1001 1634 1263 1681 satietatem
1286 1633 1627 1681 interdicamus
1643 1669 1656 1694 ,
1685 1650 1748 1681 ne
1776 1632 1889 1681 inde
1905 1636 1917 1658 ¹
1938 1633 2203 1698 periculum
2225 1634 2433 1679 incurra-

310 1729 446 1772 mus;
475 1729 574 1759 non
601 1713 728 1760 enim
755 1702 971 1774 satietas,
1002 1724 1051 1761 ut
1076 1731 1199 1780 saepe
1219 1714 1319 1778 jam
1342 1714 1574 1776 diximus,
1604 1714 1689 1762 sed
1716 1714 2016 1779 superfluitas
2041 1714 2089 1760 in
2115 1714 2313 1761 crimine
2343 1724 2428 1761 est.

311 1795 372 1839 Ut
398 1809 515 1839 vero
540 1809 630 1858 pro
659 1792 1010 1840 medicamento
1038 1794 1234 1841 herbata
1270 1795 1379 1842 vina
1401 1793 1745 1851 conficiantur,
1783 1804 1863 1841 aut
1900 1793 2042 1842 etiam
2069 1794 2234 1842 vinum
2260 1806 2437 1861 purum'

309 1881 550 1933 sumatur,
581 1888 679 1920 non
702 1872 1059 1939 prohibendum
1086 1884 1182 1934 est3
1211 1875 1385 1939 quibus
1410 1885 1570 1922 tamen
1600 1885 1865 1923 conventus
1883 1892 2130 1940 nunquam
2154 1885 2329 1934 utatur,
2355 1875 2437 1923 sed

309 1954 563 2019 separatim
593 1953 653 2001 ab
689 1953 890 2002 infirmis
914 1955 1016 2003 haec
1052 1955 1377 2020 degustentur.
1422 1956 1630 2003 Triticeae
1663 1972 1860 2021 quoque
1884 1955 2103 2003 medullae
2128 1955 2438 2021 similaginem

311 2035 513 2083 omnino
549 2034 863 2100 prohibemus
879 2071 892 2096 ‚
938 2036 1022 2084 sed
1062 2053 1252 2102 semper
1294 2053 1445 2101 quum
1490 2036 1747 2085 habuerint
1788 2037 1994 2085 triticum
2017 2073 2029 2097 ,
2073 2037 2211 2085 tertia
2246 2053 2353 2102 pars
2382 2037 2442 2083 ad

312 2118 471 2164 minus
510 2117 755 2180 grossioris
779 2133 984 2165 annonae
1022 2118 1291 2166 misceatur.
1325 2121 1420 2165 Nec
1446 2117 1611 2165 calidis
1639 2134 1852 2183 unquam
1885 2117 2185 2166 oblectentur
2208 2117 2412 2183 panibus
2430 2154 2440 2172 ‚

311 2197 396 2246 sed
418 2197 502 2262 qui
519 2197 579 2245 ad
606 2197 765 2245 minus
790 2215 888 2246 uno
911 2198 988 2246 die
1019 2209 1129 2246 ante
1155 2199 1280 2246 cocti
1301 2198 1492 2246 fuerint.
1526 2202 1817 2265 Caetegorum
1842 2215 1957 2246 vero
1981 2199 2318 2246 alimentorum
2336 2214 2444 2264 pro-

314 2278 571 2326 videntiam
599 2279 666 2326 sic
690 2278 865 2327 habeat
891 2279 1161 2327 diaconissa
1177 2315 1190 2339 ‚
1220 2289 1271 2327 ut
1291 2280 1411 2327 sicut
1429 2279 1529 2343 jam
1547 2279 1725 2345 praefati
1744 2296 1909 2327 sumus
1924 2316 1936 2339 ,
1965 2279 2097 2344 quod
2117 2278 2254 2326 vilius
2272 2279 2448 2345 poterit

313 2359 613 2424 comparari,
639 2358 714 2406 vel
739 2359 919 2407 facilius
946 2359 1112 2406 haberi
1129 2396 1141 2419 ‚
1168 2359 1346 2406 infirmi
1369 2375 1508 2407 sexus
1538 2370 1718 2407 naturae
1745 2359 2010 2407 subveniat.
2035 2359 2162 2418 Quid
2180 2359 2309 2407 enim
2335 2358 2447 2406 stul-

315 2440 408 2487 tius
432 2455 577 2503 quam
593 2475 605 2499 ,
632 2454 782 2503 quum
809 2438 1044 2486 sufficiant
1073 2449 1263 2498 nostra,
1298 2455 1514 2486 emamus
1541 2439 1730 2487 aliena?
1759 2449 1807 2486 et
1828 2455 1977 2504 quum
2003 2439 2098 2486 sint
2123 2438 2255 2486 domi
2278 2455 2447 2486 neces—

316 2519 437 2566 saria
453 2554 465 2578 ‚
509 2534 776 2582 quaeramus
814 2529 944 2566 extra
977 2519 1250 2584 superflua?
1285 2529 1332 2567 et
1371 2536 1523 2584 quum
1561 2519 1655 2566 sint
1690 2519 1750 2566 ad
1792 2535 1989 2567 manum
2036 2535 2141 2582 quae
2179 2518 2440 2578 sufficiant,

316 2599 588 2647 laboremus
629 2598 691 2646 ad
729 2598 809 2646 illa
852 2615 957 2663 quae
993 2600 1324 2664 superfluunt?
1361 2602 1433 2647 De
1474 2615 1569 2664 qua
1606 2599 1802 2664 quidem
1844 2599 2110 2646 necessaria
2148 2599 2445 2647 discretionis

318 2680 649 2728 moderatione
672 2695 771 2726 non
810 2689 906 2727 tam
947 2679 1162 2727 humano
1202 2696 1346 2744 quam
1381 2680 1624 2745 angelico,
1666 2697 1749 2727 seu
1786 2680 1929 2728 etiam
1962 2679 2207 2727 dominico
2232 2680 2448 2728 instructi

318 2762 612 2809 documento
631 2796 643 2820 ‚
684 2760 963 2807 noverimus
998 2761 1060 2807 ad
1088 2760 1232 2825 hujus
1269 2762 1374 2808 vitae
1401 2760 1799 2809 necessitudinem
1829 2760 2182 2825 transigendam
2209 2778 2308 2808 non
2347 2771 2444 2809 tam

320 2841 594 2906 qualitatem
620 2839 838 2888 ciborum
868 2842 1113 2906 exquirere
1128 2878 1140 2902 ,
1168 2857 1314 2907 quam
1339 2841 1414 2889 his
1442 2858 1548 2907 quae
1568 2851 1739 2907 praesto
1767 2851 1878 2893 sunt
1896 2852 2147 2889 contentos
2172 2859 2286 2889 esse.
2310 2842 2448 2890 Unde

321 2932 369 2969 et
393 2920 630 2968 Abraham
655 2920 876 2968 carnibus
899 2922 1136 2987 apparatis
1160 2922 1315 2986 angeli
1343 2923 1657 2981 vescuntur',
1680 2931 1727 2969 et
1745 2922 1949 2969 inventis
1967 2922 2014 2969 in
2037 2921 2292 2970 solitudine
2310 2923 2448 2988 pisci-

319 3000 410 3048 bus
433 3000 646 3064 jejunam
672 3000 1028 3048 multitudinem
1063 3002 1300 3049 Dominus
1333 3005 1467 3049 Jesus
1497 3002 1701 3049 refecit⁸.
1739 3004 1807 3048 Ex
1835 3018 1932 3066 quo
1959 3002 2176 3050 videlicet
2202 3001 2448 3049 manifeste

321 3080 552 3129 docemur
574 3080 900 3128 indifferenter
924 3090 1021 3128 tam
1048 3083 1263 3130 carnium
1291 3099 1435 3147 quam
1461 3083 1662 3148 piscium
1691 3098 1826 3134 esum
1851 3098 1951 3129 non
1972 3099 2073 3129 esse
2093 3082 2445 3148 respuendum,

322 3171 369 3207 et
400 3177 513 3208 eum
536 3161 774 3227 praecipue
797 3160 1086 3208 sumendum
1103 3198 1115 3222 ,
1149 3163 1233 3227 qui
1256 3172 1303 3210 et
1325 3162 1507 3210 offensa
1535 3163 1716 3228 peccati
1752 3171 1939 3222 careat,
1970 3172 2018 3210 et
2048 3172 2220 3228 sponte
2250 3176 2300 3210 se
2326 3161 2448 3210 offe-

322 3257 431 3288 rens
455 3240 713 3288 faciliorem
738 3240 912 3288 habeat
937 3251 1249 3307 apparatum,
1283 3252 1330 3290 et
1357 3243 1595 3289 minorem
1631 3242 1783 3306 exigat
1813 3257 2086 3307 expensam.
2118 3242 2258 3290 Unde
2289 3252 2336 3290 et
2368 3244 2447 3289 Se-

324 3335 440 3367 neca
464 3320 697 3367 maximus
715 3319 793 3367 ille
816 3321 1105 3386 paupertatis
1123 3331 1170 3369 et
1194 3322 1497 3369 continentiae
1513 3331 1717 3369 sectator
1731 3355 1744 3378 ,
1767 3331 1814 3368 et
1829 3339 2044 3369 summus
2060 3323 2183 3370 inter
2202 3323 2448 3370 universos

372 3506 378 3522 ¹
407 3506 537 3549 Regul„
556 3516 630 3550 cap.
650 3518 703 3540 xi..
720 3525 761 3531 -
776 3505 788 3523 ¹
809 3507 890 3539 Vieae
908 3507 972 3541 MS.
996 3507 1091 3541 Amb.
1103 3526 1146 3532 -
1162 3507 1174 3524 ³
1192 3508 1320 3547 Genea„
1338 3518 1413 3551 cap.
1433 3518 1530 3549 xvm,
1546 3518 1578 3541 v.
1597 3509 1629 3541 9.
1643 3525 1686 3533 -
1700 3507 1714 3524 ⁴
1731 3508 1846 3550 Marc„
1860 3517 1935 3552 cap.
1953 3519 2020 3541 vm.
