2970 4152
574 434 665 481 166
1159 434 1330 481 PETRI
1364 434 1678 481 ABAELARDI
1713 434 1786 482 ΕΤ
1819 432 2120 482 HELOlSSAE

572 537 776 592 piaesunt
802 527 1008 574 seniores
1031 527 1426 593 interpretantur,
1459 536 1510 574 ut
1534 528 1638 593 ipso
1670 545 1862 592 quoque
1896 528 2119 584 nomine,
2159 522 2321 588 quales
2342 538 2442 569 esse
2475 519 2678 577 debeant

572 608 813 655 doceatur.
846 610 903 653 Et
925 607 1007 671 qui
1023 618 1298 654 sanctorum
1320 608 1448 654 Vitas
1466 608 1754 672 scripserunt
1770 643 1782 667 ,
1806 624 1927 671 quos
1947 622 2074 652 nunc
2091 604 2284 652 abbates
2302 602 2519 659 dicimus,
2543 616 2678 648 senes

572 686 887 751 appellabant.
918 686 1070 732 Modis
1089 687 1246 751 itaque
1275 687 1497 734 omnibus
1536 688 1889 752 providendum
1917 699 1986 734 est
2009 696 2062 732 ut
2085 686 2133 732 in
2158 684 2388 732 electione
2416 680 2491 728 vel
2515 696 2681 727 conse-

572 767 781 813 cratione
803 766 1105 826 diaconissae,
1134 767 1385 814 consilium
1409 768 1643 833 praecedat
1671 767 1882 831 Apostoli
1912 769 1951 826 ¹,
1988 776 2040 813 ut
2078 764 2292 812 videlicet
2315 762 2420 809 talis
2448 761 2645 825 eligatur
2662 795 2675 818 ‚

571 863 674 910 quae
699 848 875 894 caeteris
901 847 992 893 vita
1020 856 1065 893 et
1090 847 1305 894 doctrina
1330 864 1526 912 praeesse
1550 847 1720 894 debeat
1736 884 1748 907 ,
1776 857 1822 894 et
1848 856 1980 893 aetate
2009 861 2202 910 quoque
2226 859 2415 890 morum
2441 841 2682 888 maturita-

570 936 666 972 tem
688 926 964 991 polliceatur
980 963 993 986 ,
1026 937 1071 973 et
1095 943 1199 990 quae
1219 926 1489 974 obediendo
1510 927 1733 973 meruerit
1757 927 2016 991 imperare,
2040 935 2086 972 et
2105 923 2350 990 operando
2374 921 2520 986 magis
2537 936 2682 985 quam

571 1006 811 1052 audiendo
827 1006 1038 1070 regulam
1065 1006 1281 1053 didicerit
1300 1043 1313 1067 ‚
1334 1017 1381 1053 et
1403 1005 1583 1053 firmius
1608 1006 1809 1053 noverit.
1840 1008 1956 1063 Quae
1981 1006 2018 1052 si
2042 1005 2243 1052 litterata
2264 1019 2364 1049 non
2384 1001 2547 1060 fuerit,
2570 1000 2683 1047 sciat

572 1102 620 1132 se
646 1102 744 1132 non
766 1085 826 1132 ad
848 1086 1200 1151 philosophicas
1224 1086 1434 1146 scholas,
1462 1086 1535 1132 vel
1555 1086 1896 1151 disputationes
1917 1085 2182 1132 dialecticas
2199 1120 2211 1144 ,
2235 1082 2315 1130 sed
2336 1082 2397 1129 ad
2416 1081 2683 1129 doctrinam

573 1167 675 1212 vitae
706 1175 750 1212 et
776 1182 978 1230 operum
1003 1166 1342 1213 exhibitionem
1379 1166 1749 1213 accommodari.
1788 1166 1916 1212 Sicut
1952 1165 2012 1212 de
2046 1164 2256 1211 Domino
2281 1164 2508 1228 scriptum
2536 1171 2606 1208 est·
2626 1164 2642 1186 ²
2668 1179 2678 1207 :

576 1266 597 1290 «
622 1247 715 1304 Qui
743 1247 884 1312 coepit
909 1246 1060 1293 facere
1077 1256 1124 1293 et
1147 1247 1318 1294 docere
1335 1283 1347 1307 ‚
1370 1266 1392 1290 »
1420 1247 1550 1311 prius
1574 1247 1791 1294 videlicet
1817 1247 1970 1294 facere
1987 1282 1999 1306 ,
2022 1245 2332 1311 postmodum
2351 1244 2540 1291 docere.
2561 1242 2685 1300 Quia

573 1325 742 1372 melior
766 1337 907 1391 atque
932 1327 1182 1391 perfectior
1217 1337 1285 1374 est
1318 1326 1533 1374 doctrina
1559 1328 1715 1392 operis
1753 1344 1898 1392 quam
1923 1327 2182 1386 sermonis,
2210 1326 2320 1373 facti
2348 1341 2492 1390 quam
2532 1321 2679 1370 verbi.

573 1406 716 1462 Quod
744 1405 993 1470 diligenter
1027 1407 1325 1454 attendamus
1345 1442 1358 1467 ,
1389 1417 1439 1453 ut
1471 1407 1698 1471 scriptum
1725 1417 1793 1453 est
1817 1425 1826 1453 :
1850 1407 1976 1453 Dixit
2006 1405 2151 1453 abbas
2179 1406 2371 1470 lpitius³
2406 1423 2415 1450 ε
2458 1423 2481 1448 «
2509 1402 2590 1450 llle
2616 1413 2685 1449 est

573 1501 682 1532 vere
711 1487 924 1550 sapiens,
957 1487 1039 1549 qui
1070 1486 1193 1533 facto
1220 1503 1306 1532 suo
1325 1486 1441 1533 alios
1469 1486 1637 1545 docet,
1662 1502 1760 1532 non
1787 1486 1869 1549 qui
1895 1486 2066 1532 verbis.
2096 1505 2118 1529 »
2150 1487 2246 1532 Nec
2270 1501 2440 1550 parum
2465 1480 2687 1529 consola-

572 1566 714 1612 tionis
739 1575 785 1611 et
813 1564 1113 1612 confidentiae
1139 1582 1281 1629 super
1320 1565 1414 1612 hoc
1452 1566 1600 1612 affert.
1639 1565 1917 1612 Attendatur
1948 1575 1995 1612 et
2020 1565 2097 1612 illa
2123 1581 2315 1629 quoque
2341 1563 2468 1611 beati
2496 1562 2687 1610 Antonii

574 1646 721 1704 ratio,
763 1662 856 1708 qua
894 1644 1121 1691 verbosos
1156 1645 1415 1691 confutavit
1450 1645 1762 1710 philosophos
1784 1682 1795 1704 ,
1830 1645 1930 1708 ejus
1958 1644 2174 1692 videlicet
2201 1655 2428 1708 tanquam
2454 1640 2611 1690 idiotae
2641 1652 2688 1689 et

573 1724 795 1771 illitterati
822 1723 1030 1770 hominis
1057 1724 1377 1787 magisterium
1406 1724 1655 1771 irridentes
1679 1743 1688 1770 z
1722 1744 1744 1768 «
1776 1727 1833 1770 Et
1870 1724 2183 1790 respondete,
2218 1744 2241 1768 »
2279 1723 2432 1787 inquit
2448 1725 2502 1780 ⁴‚·'
2525 1741 2548 1767 κ
2573 1721 2689 1767 mihi

574 1805 685 1869 quid
714 1805 844 1869 prius
869 1815 939 1851 est
964 1821 1151 1864 sensus,
1180 1821 1239 1851 an
1261 1806 1450 1852 litterae?
1476 1808 1533 1851 Et
1550 1805 1663 1869 quid
1683 1805 1816 1868 cujus
1836 1805 2082 1852 exordium
2110 1805 2211 1852 est?
2231 1807 2403 1851 Sensus
2428 1820 2485 1850 ex
2504 1801 2684 1860 litteris,

574 1902 633 1930 an
663 1885 824 1932 litterae
853 1885 1071 1931 oriuntur
1094 1902 1147 1931 ex
1177 1885 1353 1932 sensu?
1380 1904 1402 1928 »
1432 1885 1524 1931 Illis
1554 1885 1868 1932 asserentibus
1887 1886 2000 1949 quia
2015 1902 2180 1932 sensus
2204 1893 2324 1931 esset
2353 1892 2517 1930 auctor
2547 1890 2689 1945 atque

574 1965 793 2025 inventor
819 1965 1079 2012 litterarum
1099 2001 1110 2024 ,
1144 1965 1206 2011 ait
1237 1983 1246 2010 z
1287 1983 1311 2008 «
1334 1965 1478 2028 Igitur
1503 1965 1579 2011 cui
1602 1982 1767 2012 sensus
1794 1965 2046 2011 incolumis
2069 1975 2138 2012 est
2154 2001 2165 2023 ,
2187 1965 2266 2011 hic
2290 1964 2465 2010 litteras
2489 1977 2587 2008 non
2614 1977 2688 2008 re·

575 2044 733 2107 quirit.
762 2063 784 2087 »
815 2043 983 2090 Audiat
1008 2060 1201 2107 quoque
1227 2043 1344 2090 illud
1371 2043 1583 2108 Apostoli
1602 2054 1647 2091 et
1672 2044 1967 2090 confortetur
1982 2044 2032 2090 in
2054 2045 2263 2091 Domino
2279 2047 2292 2069 ⁵
2314 2062 2324 2090 ε
2349 2063 2371 2088 «
2396 2046 2564 2090 Nonne
2583 2043 2692 2090 stul·

574 2135 670 2171 tam
699 2125 803 2170 fecit
827 2127 954 2170 Deus
979 2124 1257 2189 sapientiam
1279 2124 1420 2187 hujus
1450 2123 1650 2170 mundi?
1670 2142 1692 2168 >2
1715 2127 1774 2171 Et
1791 2125 1962 2171 iterum
1981 2126 2023 2170 ⁶:
2050 2143 2073 2168 «
2097 2127 2213 2182 Quae
2237 2123 2375 2170 stulta
2395 2133 2504 2170 sunt
2523 2122 2690 2170 mundi

576 2206 711 2269 elegit
735 2208 863 2251 Deus
883 2215 935 2251 ut
959 2205 1222 2251 confundat
1248 2205 1510 2269 sapientes,
1543 2215 1589 2252 et
1625 2204 1813 2251 infirma
1841 2205 1979 2269 elegit
1999 2208 2127 2252 Deus
2152 2215 2204 2251 ut
2227 2204 2488 2252 confundat
2517 2205 2655 2252 fortia
2674 2241 2686 2264 ,

577 2297 622 2332 et
647 2285 870 2349 ignobilia
896 2284 1064 2331 mundi
1094 2294 1138 2331 et
1165 2284 1542 2350 contemptibilia
1565 2285 1703 2349 elegit
1727 2288 1856 2332 Deus
1872 2321 1884 2345 ,
1913 2295 1965 2332 ut
1990 2302 2045 2332 ea
2069 2302 2174 2350 quae
2198 2300 2296 2331 non
2322 2295 2433 2331 sunt
2462 2295 2691 2349 tanquam

578 2384 631 2414 ea
659 2384 762 2431 quae
784 2376 893 2413 sunt
922 2366 1161 2425 destruat,
1194 2376 1243 2412 ut
1268 2383 1367 2413 non
1404 2366 1630 2430 glorietur
1658 2367 1815 2414 omnis
1854 2383 1967 2414 caro
2005 2367 2052 2413 in
2090 2376 2349 2431 conspectu
2386 2366 2502 2429 ejus.
2528 2385 2551 2409 »
2586 2369 2691 2421 Non

578 2448 723 2507 enim,
753 2448 872 2493 sicut
897 2448 995 2512 ipse
1025 2447 1335 2512 postmodum
1363 2446 1535 2505 dicit⁷,
1564 2447 1614 2492 in
1640 2463 1860 2494 sermone
1882 2457 1952 2494 est
1968 2464 2167 2511 regnum
2190 2447 2295 2506 Dei,
2326 2446 2409 2493 sed
2433 2447 2480 2493 in
2500 2447 2688 2494 virtute.

579 2528 722 2585 Quod
747 2529 786 2574 si
807 2528 867 2574 de
890 2527 1126 2591 aliquibus
1153 2527 1319 2574 melius
1345 2526 1689 2591 cognoscendis
1714 2528 1774 2574 ad
1804 2528 2095 2592 Scripturam
2116 2526 2450 2574 revertendum
2471 2544 2572 2574 esse
2590 2543 2698 2574 cen-

578 2610 750 2668 suerit,
780 2626 806 2656 a
830 2609 1044 2655 litteratis
1070 2608 1164 2655 hoc
1189 2608 1428 2672 requirere
1451 2617 1497 2654 et
1527 2607 1771 2656 addiscere
1797 2624 1896 2655 non
1927 2607 2196 2666 erubescat,
2237 2624 2325 2655 nec
2353 2608 2401 2654 in
2425 2607 2500 2655 his
2525 2607 2696 2656 littera·

580 2707 686 2736 rum
729 2690 1018 2736 documenta
1056 2698 1360 2745 contemnat3
1407 2687 1491 2734 sed
1533 2687 1704 2735 devote
1745 2698 1791 2735 et
1829 2688 2077 2752 diligenter
2118 2689 2368 2752 suscipiat,
2413 2704 2562 2751 quum
2596 2688 2696 2753 ipse

582 2786 774 2834 quoque
797 2769 1122 2834 apostolorum
1150 2769 1371 2833 princeps
1388 2768 1652 2832 coapostoli
1677 2769 1749 2814 sui
1777 2768 1905 2814 Pauli
1931 2767 2169 2832 publicam
2192 2768 2534 2815 correctionem
2550 2771 2564 2793 ⁸
2591 2768 2696 2816 dili-

583 2859 746 2913 genter
776 2850 1010 2913 exceperit
1023 2850 1051 2893 ⁹.
1096 2851 1157 2893 Ut
1193 2848 1321 2894 enim
1355 2847 1522 2893 beatus
1552 2863 1745 2910 quoque
1774 2847 1989 2893 meminit
2027 2846 2335 2906 Benedictus,
2368 2865 2490 2913 saepe
2523 2848 2697 2896 minori

583 2929 756 2976 revelat
780 2929 1014 2975 Dominus
1042 2927 1174 2992 quod
1204 2927 1370 2974 melius
1397 2937 1481 2973 est.
1511 2930 1572 2973 Ut
1595 2937 1754 2974 autem
1777 2927 1980 2992 amplius
2007 2928 2296 2975 dominicam
2316 2945 2571 2993 sequamur
2587 2945 2700 2994 pro-

585 3010 839 3057 videntiam
859 3026 1003 3074 quam
1024 3008 1276 3075 Apostolus
1297 3024 1491 3072 quoque
1513 3024 1654 3073 supra
1681 3009 1961 3055 memoravit
1975 3045 1987 3068 ,
2015 3026 2260 3073 nunquam
2281 3009 2341 3057 de
2359 3009 2599 3056 nobilibus
2619 3021 2700 3058 aut

583 3090 857 3155 potentibus
884 3090 1058 3148 seculi,
1100 3089 1191 3136 nisi
1224 3088 1427 3135 maxima
1464 3088 1771 3141 incumbente
1799 3090 2101 3150 necessitate,
2132 3100 2177 3136 et
2201 3090 2459 3137 certissima
2485 3091 2695 3150 ratione,

585 3170 665 3217 fiat
687 3170 788 3217 haec
813 3171 996 3217 electio.
1029 3170 1161 3217 Tales
1190 3185 1397 3233 namque
1427 3167 1487 3215 de
1511 3184 1684 3232 genere
1708 3185 1794 3215 suo
1818 3168 1951 3217 facile
1973 3170 2268 3218 confidentes
2284 3206 2296 3230 ,
2326 3180 2407 3217 aut
2426 3170 2697 3234 gloriantes,

585 3261 666 3297 aut
692 3259 1074 3315 praesumptuosae
1091 3287 1103 3310 ,
1132 3260 1213 3297 aut
1238 3248 1450 3315 superbae
1479 3248 1599 3296 fiunt
1623 3267 1635 3308 3
1669 3259 1714 3295 et
1745 3259 1856 3296 tunc
1879 3251 2083 3298 maxime
2108 3250 2302 3314 quando
2319 3250 2551 3315 indigenae
2569 3261 2697 3310 sunt,

634 3407 642 3422 ¹
675 3408 808 3439 Timoth.
828 3408 864 3445 1,
881 3416 955 3450 cap.
976 3419 1004 3440 v.
1024 3425 1062 3429 -—
1080 3406 1092 3423 ¹
1113 3409 1183 3441 Act.
1205 3408 1328 3448 Apost„
1346 3418 1420 3450 cap.
1441 3419 1470 3446 ι,
1488 3417 1519 3439 v.
1540 3410 1567 3439 1.
1582 3425 1625 3430 —
1668 3419 1717 3451 sq.
1737 3425 1770 3430 -—
1792 3407 1803 3424 '¹
1820 3408 1961 3442 Corinth.
1981 3408 2014 3446 I,
2031 3417 2104 3450 cap.
2122 3418 2166 3447 iv,
2181 3419 2211 3439 v.
2229 3407 2283 3439 20.
2297 3405 2366 3433 —-⁸
2385 3407 2617 3448 eorreptionem
2635 3407 2700 3440 MS.

511 3472 544 3490 M<
591 3464 603 3479 ³
622 3464 783 3505 spericius
808 3463 872 3496 MS.
903 3463 996 3497 Amb.
1020 3481 1062 3487 —
1092 3463 1105 3480 ⁴
1130 3464 1167 3496 In
1198 3466 1273 3497 Vitis
1299 3465 1458 3502 Patriam,
1492 3463 1549 3496 lib.
1587 3463 1624 3503 1,
1671 3458 1763 3498 Amb.
1780 3483 1823 3489 —
1841 3463 1854 3481 ⁹
1874 3465 1997 3503 Galat„
2014 3474 2086 3507 cap.
2106 3474 2146 3504 n,
2162 3474 2190 3495 v.
2215 3466 2265 3495 11.

592 3532 623 3563 p.
648 3521 701 3553 54.
714 3537 758 3545 —
771 3520 783 3536 ⁶
802 3520 940 3553 Corinth.
964 3521 999 3560 Ι,
1017 3530 1092 3563 cap.
1111 3532 1139 3561 1,
1156 3531 1186 3554 v.
1204 3522 1256 3554 20.
1278 3539 1308 3544 ν
1331 3520 1344 3538 ⁸
1364 3520 1462 3560 lbid.,
1481 3531 1512 3554 v.
1535 3522 1573 3553 28
1596 3529 1627 3553 et
