2970 4152
552 384 604 429 44
619 382 646 427 8
1215 374 1217 377 ’
1347 385 1514 432 PETRl
1553 386 1863 434 ABAELARDI

553 474 765 522 cordiam
800 474 1056 539 impendit,
1095 476 1206 539 quia
1236 478 1439 526 maxime
1469 477 1801 542 glorificandus
1826 490 1896 527 est
1919 497 1945 526 a
1970 479 2125 526 nobis.
2162 480 2299 528 Unde
2319 491 2365 528 et
2398 482 2525 529 idem
2550 501 2660 548 pro·

553 555 746 624 phetas:
779 575 801 599 «
827 557 883 600 Et
911 555 1258 614 miserationes,
1276 576 1300 602 2>
1328 557 1502 622 inquit,
1528 577 1552 602 »
1589 575 1731 623 super
1761 560 1921 606 omnia
1956 575 2103 623 opera
2127 559 2243 622 ejus.
2263 563 2468 618 »Quum
2499 571 2657 610 autem

553 635 846 701 praemisisset
869 653 879 680 x
911 654 934 679 «
954 636 1058 682 Dixi
1077 654 1086 681 :
1112 636 1388 685 Confitebor
1411 635 1663 685 adversum
1688 655 1764 685 me
1782 675 1794 697 ,
1825 648 1935 698 etc.,
1952 657 1975 682 »
2004 639 2159 685 statim
2182 640 2316 702 quasi
2339 643 2441 688 Deo
2466 640 2554 688 sihi
2576 658 2660 707 ap·

555 726 748 781 parente
762 725 806 762 et
825 717 1239 780 appropinquante
1253 755 1264 777 ‚
1298 735 1568 766 sermonem
1586 719 1647 766 ad
1668 735 1778 766 eum
1798 720 2053 778 convertit,
2071 725 2120 767 *et
2140 722 2310 784 gratias
2327 738 2469 786 agens
2487 721 2623 770 dixit·
2645 743 2655 770 .-

557 816 581 841 «
606 800 661 842 Et
693 806 742 842 tu
770 797 990 843 remisisti·
1006 798 1296 862 impietatem
1327 801 1508 864 peccati
1541 800 1651 847 mei.
1677 818 1700 843 »
1739 800 1962 863 Quisquis
1991 800 2118 846 enim
2150 801 2249 863 jam
2281 813 2472 867 paratus
2502 813 2572 850 est
2599 805 2661 851 ad

553 876 923 936 confessionem,
953 887 999 924 et
1028 878 1376 943 suscipiendam
1400 879 1512 926 inde
1536 879 1715 943 peccati
1749 878 2136 938 satisfactionem,
2175 897 2231 929 ex
2260 880 2353 928 hoc
2387 883 2549 929 statimv
2574 898 2661 930 suo

553 958 799 1023 proposito
824 958 888 1004 ita
914 959 1240 1007 reconciliatus
1260 970 1328 1007 est
1352 963 1453 1007 Deo
1468 997 1480 1018 ,
1510 970 1561 1006 ut
1579 961 1616 1006 si
1635 959 1794 1023 aliquo
1810 976 1923 1007 casu
1940 971 2207 1026 praeventus
2225 962 2531 1030 hocimplere
2547 981 2663 1030 prat·

552 1039 785 1103 pediatur,
817 1055 1118 1103 nequaquam
1142 1040 1203 1087 de
1228 1041 1327 1103 ejus
1351 1040 1499 1087 salute
1527 1041 1584 1087 sit
1609 1039 1984 1104 desperandum,
2008 1058 2155 1104 quum
2185 1042 2232 1088 in
2257 1059 2316 1089 eo
2333 1060 2430 1090 non
2452 1054 2664 1092 remanet

555 1119 686 1181 quod
714 1120 823 1166 totis
847 1121 1026 1184 appetit
1050 1120 1309 1168 desideriis.

621 1202 711 1245 Pro
730 1199 820 1245 hac
844 1196 1019 1247 scilicet:
1041 1201 1279 1265 impietate
1298 1200 1580 1247 remittenda
1604 1210 1794 1247 sanctus
1817 1201 1958 1261 etiam
1976 1201 2174 1265 quilibet
2201 1213 2327 1262 orat,
2353 1213 2483 1251 taum
2508 1204 2664 1251 minus

555 1279 615 1325 de
638 1295 686 1325 se
714 1295 1040 1343 praesumens,
1068 1289 1246 1343 quanto
1272 1280 1418 1342 magis
1447 1289 1516 1326 est
1538 1279 1755 1338 humilis,
1784 1290 1830 1326 et
1855 1279 1990 1326 dese
2017 1281 2223 1345 amplius
2243 1275 2486 1342 sollicitus,
2514 1292 2664 1330 atten-

554 1358 672 1406 dens
689 1375 875 1424 semper
890 1360 1022 1424 quod
1044 1360 1378 1424 scriptumest³
1396 1378 1405 1405 :
1439 1379 1461 1404 «
1481 1363 1647 1406 Beatus
1671 1359 1820 1406 homo
1844 1361 1926 1424 qui
1945 1377 2133 1426 semper
2153 1373 2223 1409 est
2238 1363 2456 1428 pavidus.
2473 1382 2498 1407 ι)
2521 1365 2660 1422 Orat,

554 1439 727 1501 inquit,
749 1439 796 1484 in
818 1449 1031 1503 tempore
1049 1449 1321 1503 opportuno
1336 1475 1347 1497 ,
1369 1448 1414 1485 et
1439 1439 1642 1485 orationi
1657 1455 1870 1503 congruo
1889 1475 1900 1499 ,
1921 1440 2016 1487 hoc
2035 1451 2121 1499 est,
2143 1443 2192 1488 in
2210 1444 2426 1506 praesenti
2443 1444 2538 1489 vita
2561 1453 2663 1490 ten—

555 1519 809 1566 tationibus
828 1530 873 1566 et
897 1520 1171 1583 ignorantiis
1189 1519 1343 1583 plena.
1363 1518 1499 1564 Unde
1513 1528 1560 1564 et
1576 1518 1655 1564 illa
1675 1529 1746 1565 est
1764 1519 2029 1566 exhortatio
2051 1521 2332 1585 apostolica⁴
2352 1540 2362 1567 z
2395 1521 2526 1578 «Qui
2550 1532 2661 1579 stat,

557 1600 711 1646 videat
736 1617 796 1647 ne
821 1600 1007 1647 cadat.»
1037 1600 1131 1656 Qui
1156 1599 1297 1647 etiam
1320 1607 1470 1661 quum
1490 1599 1706 1645 maximis
1728 1599 2027 1662 praemineret
2048 1601 2324 1659 virtutibus,
2358 1617 2448 1648 nec
2471 1602 2589 1665 quid
2615 1603 2663 1648 in

557 1696 605 1726 se
622 1690 884 1738 accusaret,
904 1679 1199 1727 conscientia,
1213 1679 1312 1741 ejus
1336 1678 1584 1742 reperiret,
1608 1694 1910 1742 nequaquam
1936 1681 2170 1731 tamenin
2194 1679 2354 1728 hocse
2369 1681 2549 1744 justum
2565 1689 2666 1734 esse

557 1761 760 1818 censuit,
788 1760 871 1823 qui
893 1761 939 1806 in
953 1759 1134 1822 judicio
1168 1759 1241 1805 sui
1265 1773 1422 1805 errare
1446 1758 1620 1821 potuita
1654 1777 1678 1802 «
1697 1758 1790 1806 Sed
1815 1775 1972 1822 neque
1999 1760 2259 1824 meipsum,
2282 1778 2304 1804 n
2331 1760 2522 1824 inquiff,
2543 1779 2567 1805 υ
2582 1761 2667 1824 ¹ju-

558 1840 664 1886 dico
679 1876 691 1899 ,
717 1859 740 1883 »
767 1839 862 1886 hoc
886 1849 975 1898 est,
1004 1839 1052 1885 in
1081 1838 1213 1885 nullo
1233 1838 1425 1903 propria
1445 1853 1520 1885 me
1551 1839 1702 1901 arguit
1719 1839 2032 1898 conscientia;
2058 1858 2080 1883 «
2101 1838 2188 1886 sed
2214 1855 2312 1886 non
2334 1840 2382 1886 in
2414 1839 2511 1886 hoc
2529 1840 2666 1903 justi·

558 1918 722 1966 ficatus
737 1936 865 1978 sum,
887 1937 911 1962 »
932 1919 1026 1965 hoc
1042 1928 1134 1977 est,
1156 1918 1310 1981 justus
1329 1933 1438 1964 esse⁸
1450 1916 1558 1964 ideo
1582 1917 1812 1964 dicendus
1830 1933 1936 1964 non.
1947 1935 2069 1965 sum.
2093 1921 2153 1964 Ut
2166 1919 2295 1966 enim
2313 1919 2539 1965 Salomon
2552 1919 2661 1966 aiu:

562 2019 582 2043 «
609 1999 869 2046 Stultorum
886 1997 1098 2045 infinitus
1114 2008 1187 2045 est
1206 2013 1434 2045 numerus
1448 2032 1460 2055 ,
1480 2007 1527 2044 et
1542 2007 1611 2044 est
1630 1998 1704 2044 via
1720 2014 1824 2061 quae
1843 1998 2031 2045 videtur
2045 1998 2227 2045 homini
2242 1999 2392 2062 just-a:
2413 1999 2668 2045 novissima

559 2090 717 2126 autem
742 2081 840 2143 ejus
867 2076 1110 2126 ded'ucunt
1138 2078 1200 2125 ad
1228 2087 1491 2124 mortem.»
1518 2080 1575 2123 Et
1599 2080 1840 2124 rursum⁷z
1871 2084 1897 2122 ‹'‹-
1912 2080 2030 2135 Quis
2046 2080 2219 2143 poterit
2234 2079 2412 2126 dicere:
2433 2078 2668 2125 Mundum

561 2170 628 2206 est
643 2177 727 2206 cor
744 2177 922 2218 meum,
937 2177 1084 2224 purus
1103 2176 1207 2205 sum
1225 2175 1250 2205 a
1267 2158 1492 2223 peccato?
1509 2177 1530 2201 n
1553 2161 1607 2204 ln
1628 2159 1786 2205 multis
1804 2159 1933 2205 enim
1948 2159 2235 2206 offendimus
2249 2175 2432 2206 omnes.
2452 2159 2669 2222 Denique

561 2240 832 2304 quicunque
859 2239 1132 2286 infidelitate
1159 2247 1470 2302 permanent,
1490 2237 1584 2284 hoc
1609 2238 1675 2284 eis
1705 2238 1875 2285 accidit
1901 2255 1987 2302 per
2017 2255 2244 2286 errorem.
2271 2258 2294 2283 «
2315 2239 2410 2296 Qui·
2433 2248 2620 2297 autem,
2641 2257 2665 2282 »

561 2320 649 2376 ait,
677 2320 893 2382 «judicat
916 2336 1014 2378 me,
1044 2319 1278 2365 Dominus
1302 2327 1429 2364 est.»
1462 2321 1526 2363 Ac
1551 2317 1589 2364 si
1608 2317 1784 2364 diceret
1807 2335 1817 2363 z
1842 2317 1923 2364 llle
1942 2319 1989 2364 in
2009 2318 2192 2381 judicio
2211 2319 2305 2365 mei
2330 2334 2430 2364 non
2453 2327 2600 2375 errat,
2622 2327 2670 2364 et

561 2399 711 2463 qualis
741 2401 828 2446 'sim
864 2400 1090 2447 veraciter
1106 2408 1293 2464 pensat,
1316 2398 1449 2460 cujus
1466 2396 1616 2444 oculis
1634 2398 1796 2444 omnia
1811 2397 1941 2445 nuda
1971 2408 2080 2445 sunt
2097 2409 2144 2445 et
2170 2408 2346 2462 aperta.
2362 2397 2506 2454 Quod
2524 2397 2564 2443 si
2582 2397 2669 2443 viri

563 2483 709 2529 sancti
734 2492 866 2528 tanto
888 2482 1045 2527 minus
1070 2480 1131 2527 de
1162 2496 1211 2526 se
1235 2487 1551 2544 praesumunt,
1573 2489 1753 2542 quanto
1778 2478 2055 2525 humiliores
2080 2478 2199 2525 fiunt
2214 2513 2226 2532 ‚
2258 2494 2347 2524 nec
2372 2494 2465 2543 pro
2484 2478 2664 2542 seipsis,

562 2565 776 2626 quamvis
787 2563 899 2626 justi
922 2563 1030 2621 sint,
1050 2577 1185 2609 orare
1204 2560 1457 2607 desistunt:
1476 2559 1743 2622 quidnobis
1759 2560 1940 2606 miseris
1959 2559 2228 2606 faciendum
2246 2569 2331 2618 est,
2348 2558 2521 2622 quibus
2539 2567 2669 2604 tanto

562 2645 762 2710 amplius
789 2642 1130 2707 frequentanda
1157 2652 1227 2688 est
1252 2641 1428 2698 oratio,
1457 2650 1638 2704 quanto
1669 2657 1759 2687 nos
1782 2641 1929 2704 magis
1951 2641 2339 2704 recognoscimus.
2366 2639 2502 2686 reos?
2520 2642 2668 2685 Tanto

563 2725 802 2772 sollicitius
821 2726 888 2771 ira
907 2725 1000 2770 Dei-
1017 2733 1086 2770 est
1115 2721 1371 2786 placanda,
1398 2731 1578 2784 quanto
1597 2731 1764 2768 contra
1792 2738 1880 2768 nos
1904 2722 2004 2784 ejus
2032 2721 2293 2785 indignatio
2319 2721 2467 2784 magis
2494 2730 2564 2766 est
2592 2736 2669 2767 ac-

563 2806 733 2852 censa?
756 2804 964 2863 Quibus,
992 2820 1053 2850 ne
1078 2803 1183 2866 quis
1213 2801 1332 2848 forte
1365 2800 1584 2866 desperet
1611 2801 1671 2848 de
1696 2802 1856 2860 venia,
1879 2802 2171 2849 resuscitatio
2197 2800 2419 2866 praedicta
2445 2799 2606 2847 Lazari
2619 2800 2670 2846 in

564 2886 782 2951 exemplo
804 2886 1003 2950 mystico
1027 2893 1097 2931 est
1123 2883 1382 2948 proposita.
1402 2884 1609 2928 Vocatus
1635 2899 1660 2929 a
1689 2882 1917 2940 Domino,
1940 2882 2097 2929 statim
2120 2891 2191 2928 est
2214 2867 2669 2927 vivificatussVivifi-

563 2979 668 3015 cato
694 2969 879 3015 dictum.¹
900 2976 970 3013 est
996 2975 1046 3012 ut
1068 2963 1302 3030 prodiret,
1332 2962 1556 3025 nullaque
1578 2972 1648 3009 est
1674 2978 1807 3009 mora
1841 2962 2121 3011 retardatus.
2148 2965 2426 3025 Progressus
2451 2959 2603 3017 foras,
2624 2968 2671 3004 et

565 3049 719 3094 adhuc
743 3047 934 3112 ligatust,
962 3045 1211 3093 confestim
1227 3058 1261 3088 a
1284 3042 1523 3106 discipulis
1548 3052 1619 3089 est
1642 3041 1902 3089 absolutus.

629 3128 1027 3191 Oremusitaque,
1051 3125 1238 3181 fratres,
1256 3121 1541 3180 Dominum,
1566 3131 1617 3168 ut
1635 3121 1768 3185 quod
1783 3132 1897 3169 tunc
1909 3122 1959 3168 in
1975 3138 2177 3187 corpore
2193 3130 2386 3168 mortuo
2401 3128 2471 3166 est
2489 3129 2665 3176 actum,

566 3208 665 3269 ipse
689 3206 922 3271 compleat
940 3206 1120 3253 felicius
1137 3205 1200 3250 inv
1212 3202 1385 3251 nostnis
1410 3201 1608 3248 mortuis
1627 3195 1891 3249 animabus.
1921 3205 2025 3267 lpse
2046 3218 2135 3268 per
2153 3201 2388 3248 internam
2409 3198 2672 3263 inspiratio-

613 3352 619 3367 ¹
644 3352 761 3384 Psalm.
783 3362 888 3390 cxmv,
904 3362 933 3384 v.
951 3352 981 3382 9.
994 3350 1045 3373 -’
1063 3351 1179 3383 Psalm.
1198 3360 1293 3387 xxxi,
1309 3359 1341 3380 v.
1357 3348 1430 3381 5.-
1449 3348 1461 3365 ³
1477 3348 1590 3385 Prov.,
1646 3358 1719 3390 cap.
1739 3358 1782 3388 iv,
1805 3358 1837 3380 v.
1862 3348 1881 3379 3
1896 3372 1906 3388 ,
1923 3347 1956 3379 4.
1969 3363 2012 3371 -—
2026 3345 2038 3364 ⁶
2054 3347 2181 3385 Eccle„
2198 3355 2271 3388 cap.
2290 3356 2320 3383 1,
2341 3355 2369 3376 v.
2397 3346 2446 3377 15.
2461 3361 2501 3366 —-
2523 3342 2534 3359 ‘¹
2555 3343 2670 3380 Prov„

567 3420 638 3451 cap.
665 3419 781 3446 xxvnl,
798 3418 829 3439 v.
852 3408 902 3439 14.
921 3406 989 3439 —.⁴
1010 3419 1024 3436 σι
1038 3407 1097 3448 Qui
1118 3418 1153 3440 se
1172 3406 1333 3439 existimat
1358 3412 1464 3447 stare,
1485 3404 1593 3438 videat
1647 3413 1721 3446 cap.
1741 3414 1808 3444 xx,
1824 3415 1853 3437 v.
1871 3405 1903 3436 9.

568 3476 606 3496 nc
625 3463 731 3497 cadat.
748 3463 934 3505 »(Cor1'›‘21'c.
956 3464 994 3501 I,
1015 3473 1088 3505 cap.
1109 3474 1150 3502 x,
1171 3473 1200 3493 v.
1225 3461 1291 3503 12.)
1308 3480 1346 3486 ——
1364 3461 1377 3479 ⁸
1395 3461 1536 3495 Corinth.
1557 3462 1592 3498 1,
