2970 4152
547 382 644 427 424
1346 364 1517 427 PETm
1553 381 1867 428 ABAELARm

547 475 684 521 nobis
710 475 818 520 vitia
830 511 841 533 ,
872 490 959 520 nos
980 474 1108 538 ipsos
1128 489 1448 537 praeparemus
1465 485 1691 539 tanquam
1709 474 1916 522 hostiam
1935 474 2172 520 viventem
2191 482 2238 519 et
2256 475 2356 520 Deo
2377 472 2656 538 placentem.

548 556 697 600 Nemo
720 555 844 599 enim
873 552 933 598 ad
956 552 1056 615 ejus
1078 552 1309 612 hostiam,
1335 570 1440 617 quae
1464 570 1594 601 nunc
1611 554 1904 618 generaliter,
1927 551 2102 617 pascha
2116 552 2412 611 imminente,
2434 553 2664 600 universis

546 633 830 697 proponitur
854 632 1143 691 christianis,
1176 632 1318 696 digne
1349 630 1587 680 accedere*
1600 634 1799 698 poterit,
1828 633 1918 679 nisi
1949 649 1999 678 se
2023 631 2100 678 ille
2124 632 2256 696 prius
2281 632 2446 690 talem,
2476 643 2526 679 ut
2551 632 2665 678 dixi-

549 728 673 769 mus,
703 711 907 757 hostiam
937 713 1286 776 praeparaverit.
1315 712 1532 776 Alioquin
1558 713 1619 760 de
1643 729 1806 759 mensa
1824 712 1928 758 vitae
1949 721 2154 758 mortem
2178 727 2446 770 sumemus,
2469 722 2516 758 et
2530 714 2666 775 quasi

548 809 634 856 pro
661 791 767 838 cibo
800 809 1037 839 venenum
1061 792 1351 840 hauriemus.
1380 793 1518 840 Unde
1547 804 1593 840 et
1624 793 1876 858 Apostolus
1901 792 2155 839 Corinthiis
2186 793 2272 838 ait¹
2295 810 2304 837 :
2334 812 2355 836 «
2380 792 2665 856 Quicunque

548 871 902 918 manducaverit
926 889 1099 937 panem
1115 909 1127 932 ,
1153 873 1229 919 vel
1250 873 1422 920 biberit
1445 873 1638 920 calicem
1667 873 1860 919 Domini
1887 871 2079 935 indigne
2094 907 2106 930 ‚
2130 889 2238 918 reus
2261 872 2348 919 erit
2372 872 2585 936 corporis
2620 882 2666 918 et

545 953 784 1015 sanguinis
806 942 1024 999 Domini..
1041 952 1215 1000 Probet
1240 962 1399 1000 autem
1425 955 1632 1018 seipsum
1657 953 1805 999 homo
1822 989 1833 1011 ,
1862 961 1908 998 et
1933 954 1999 999 sic
2026 952 2086 998 de
2112 968 2236 1017 pane
2261 951 2343 998 illo
2371 952 2509 1012 edat,
2537 962 2583 999 et
2604 951 2666 998 de

546 1031 689 1077 calice
721 1031 864 1078 bibat.
905 1033 997 1089 Qui
1029 1033 1157 1078 enim
1183 1032 1439 1079 manducat
1473 1043 1519 1079 et
1549 1032 1669 1078 bibit
1702 1031 1923 1095 indigne,
1951 1031 2184 1094 judicium
2219 1031 2307 1078 sihi
2336 1031 2593 1079 manducat
2620 1040 2667 1078 et

547 1111 688 1170 bibit,
713 1128 810 1157 non
831 1111 1095 1175 dijudicans
1113 1128 1287 1176 corpus
1306 1113 1517 1159 Domini.
1540 1132 1557 1155 υ
1580 1111 1714 1158 Idem
1729 1111 1790 1158 ad
1813 1111 2063 1158 Hebraeos²
2084 1129 2093 1156 :
2123 1130 2147 1156 «
2162 1111 2424 1168 Habemus,
2447 1130 2469 1154 »
2489 1111 2662 1175 inquit,

551 1212 572 1236 «
597 1192 765 1251 altare,
795 1192 855 1239 de
879 1209 976 1256 quo
1003 1192 1145 1239 edere
1170 1209 1269 1238 non
1294 1192 1471 1239 habent
1487 1202 1794 1257 potestatem,
1814 1193 1895 1255 qui
1911 1191 2216 1238 tabernaculo
2233 1191 2520 1238 deserviunt.
2541 1193 2667 1248 Q'u'o-

548 1291 654 1320 rum
679 1274 806 1320 enim
834 1273 1106 1321 animalium
1128 1262 1546 1336 infertur'sanguis
1570 1290 1659 1338 pro
1686 1283 1880 1337 peccato
1906 1274 1955 1319 in
1980 1282 2139 1318 sancta
2163 1289 2248 1337 per
2274 1271 2551 1337 pontificem
2577 1270 2668 1319 vho·-

549 1370 654 1399 rum
679 1369 881 1418 corpora
902 1363 1176 1400 cremantur
1202 1363 1331 1399 extra
1355 1363 1521 1399 castra.
1554 1354 1750 1417 Propter
1777 1353 1910 1415 quod
1933 1363 1980 1400 et
2007 1357 2138 1400 Jesus
2162 1363 2212 1399 ut
2241 1350 2552 1399 sanctificaret
2582 1366 2669 1416 per

549 1452 686 1481 suum
724 1435 1002 1498 sanguinem
1037 1434 1271 1499 populum
1293 1470 1304 1492 ,
1341 1444 1472 1480 extra
1498 1443 1687 1498 portam
1712 1450 1877 1498 passus
1906 1445 1990 1481 est.
2028 1437 2259 1481 Exeamus
2290 1434 2430 1497 igitur
2462 1433 2524 1480 ad
2557 1427 2668 1480 eum

550 1525 677 1560 extra
702 1524 852 1561 castra
871 1551 882 1573 ,
917 1515 1261 1578 improperium
1291 1513 1391 1576 ejus
1424 1521 1685 1578 portantes.
1721 1516 1826 1560 Non
1866 1514 1992 1560 enim
2025 1514 2103 1560 hic
2128 1513 2362 1560 habemus
2395 1522 2670 1560 manentem

549 1595 815 1653 civitatem,
844 1593 927 1640 sed
952 1593 1155 1639 futuram
1183 1593 1479 1656 inquirimus.
1507 1611 1530 1635 »
1559 1592 1714 1638 Altare
1747 1602 1964 1638 nostrum
1995 1591 2139 1639 altare
2171 1592 2343 1639 Christi
2372 1602 2462 1651 est,
2492 1593 2539 1638 in
2571 1607 2669 1656 quo

550 1673 831 1720 sacrificium
858 1673 958 1736 ejus
983 1672 1304 1731 celebramus,
1334 1673 1432 1718 imo
1459 1672 1615 1737 ipsum
1650 1673 1697 1717 in
1728 1683 2023 1732 sacramento
2050 1673 2231 1738 proprii
2259 1673 2473 1738 corporis
2495 1678 2541 1720 e't
2568 1689 2671 1720 san-

550 1754 702 1816 guinis
720 1754 841 1818 patri
858 1753 1114 1799 offerimus.
1135 1755 1206 1799 De
1222 1768 1320 1816 quo
1339 1761 1502 1798 sancto
1520 1751 1653 1798 altari
1675 1751 1815 1799 edere
1842 1769 1940 1799 non
1957 1752 2136 1799 habent
2165 1754 2247 1817 qui
2272 1752 2575 1799 tabernaculo
2593 1750 2671 1799 de-

550 1834 787 1890 serviunt,
817 1834 927 1897 quia
946 1833 1006 1880 de
1023 1832 1117 1879 hoc
1142 1841 1273 1879 tanto
1298 1849 1354 1878 ac
1381 1831 1573 1896 spiritali
1600 1831 1829 1878 sacrificio
1849 1831 1980 1896 digni
2004 1848 2189 1879 sumere
2211 1848 2308 1879 non
2334 1842 2445 1879 sunt
2467 1832 2550 1896 qui
2567 1847 2670 1878 cat·-

552 1914 717 1960 naliter
746 1915 924 1960 vivunt.
951 1912 1325 1959 'sabernaculum
1354 1913 1531 1977 quippe
1559 1912 1675 1958 dicit
1699 1912 1840 1975 hujus
1867 1912 2078 1959 mortalis
2108 1912 2345 1977 corporis,
2377 1911 2510 1976 quod
2542 1927 2671 1960 nunc

551 1992 782 2039 habemus
814 1992 1157 2051 habitaculum,
1186 1991 1319 2055 quod
1344 1990 1620 2038 dissolubile
1647 2001 1715 2037 est
1742 2001 1883 2055 atque
1911 1991 2180 2049 infirmum,
2210 1992 2330 2037 sicut
2347 1990 2667 2050 tabernacula,

554 2072 602 2119 id
621 2083 690 2119 est
709 2073 985 2120 umbracula
1008 2082 1256 2137 pastorum
1287 2071 1361 2118 vel
1387 2073 1821 2136 peregrinantium,
1847 2090 1953 2136 quae
1983 2089 2083 2119 non
2117 2082 2228 2119 sunt
2255 2071 2402 2118 firmae
2426 2071 2599 2118 domus
2617 2085 2672 2118 ac

553 2153 761 2212 stabiles,
794 2153 877 2199 sed
903 2152 1129 2212 mobiles,
1152 2162 1197 2198 et
1220 2152 1282 2198 ad
1303 2152 1550 2198 modicum
1568 2152 1887 2199 inhabitandae
1908 2151 2539 2218 mansiones-Tabernaculo
2559 2159 2671 2215 ergo

557 2233 786 2291 deservit,
815 2233 897 2297 qui
919 2232 1130 2279 mortalis
1155 2233 1308 2278 carnis
1339 2232 1732 2297 concupiscentiis
1762 2232 1943 2279 obedit.
1980 2231 2256 2296 Regendum
2293 2241 2362 2278 est
2395 2247 2592 2295 corpus,
2627 2240 2675 2278 et

558 2322 667 2359 caro
713 2314 893 2378 spiritui
936 2312 1226 2375 subjicienda
1249 2349 1260 2370 ,
1307 2313 1481 2358 servire
1522 2312 1680 2377 potius
1719 2329 1863 2376 quam
1904 2312 2142 2358 dominari
2186 2311 2344 2375 digna.
2393 2330 2414 2355 «
2454 2314 2675 2368 Quorum

559 2394 685 2439 enim
703 2430 715 2451 ,
748 2404 821 2440 etc
863 2413 885 2437 n
917 2398 979 2439 Ac
1010 2394 1047 2439 si
1080 2402 1240 2457 aperte
1278 2392 1406 2438 dicat
1438 2410 1446 2437 :
1481 2395 1606 2438 Bene
1648 2391 1744 2438 dixi
1776 2408 1857 2439 eos
1893 2408 2195 2455 nequaquam
2233 2390 2463 2438 sacrificio
2502 2390 2675 2438 Christi

559 2473 727 2537 dignos
743 2510 754 2532 ,
777 2474 859 2537 qui
883 2473 1188 2520 tabernaculo
1215 2473 1510 2530 deserviunt,
1534 2471 1628 2518 hoc
1653 2482 1744 2528 est,
1772 2471 2039 2519 carnalibus
2069 2471 2316 2534 indulgent
2338 2471 2676 2535 concupiscen-

559 2554 647 2599 tiis.
676 2557 777 2599 Hoc
797 2553 924 2599 enim
944 2562 990 2599 et
1007 2552 1056 2598 in
1080 2551 1309 2599 sacrificio
1329 2551 1499 2610 veteri,
1527 2550 1660 2614 quod
1678 2550 1827 2614 figura
1846 2551 1997 2597 nostri
2013 2550 2123 2610 fuit,
2147 2551 2380 2596 Dominus
2395 2548 2676 2614 praesignare

559 2634 788 2692 decrevit,
817 2649 967 2697 quum
990 2631 1265 2679 animalium
1291 2630 1572 2695 corporibus
1602 2640 1731 2677 extra
1762 2641 1912 2677 castra
1943 2631 1991 2676 in
2025 2630 2223 2676 heremo
2256 2629 2498 2688 crematis,
2530 2642 2693 2693 purus.

562 2730 728 2760 eorum
754 2713 941 2776 sanguis
960 2713 1208 2759 offerretur
1226 2727 1253 2757 a
1270 2710 1497 2775 pontifice
1517 2711 1566 2757 in
1587 2720 1748 2757 sancta
1763 2720 2053 2757 sanctorum.
2076 2710 2273 2773 Sanguis
2289 2709 2488 2773 quippe,
2511 2708 2559 2753 in
2579 2723 2676 2772 quo

564 2795 765 2840 maxime
789 2794 882 2839 vita
911 2793 1064 2839 carnis
1088 2791 1329 2851 consistit,
1350 2791 1483 2854 juxta
1507 2790 1625 2836 illud
1654 2791 1851 2853 Moysi³,
1877 2792 2030 2854 «quia
2061 2790 2217 2836 anima
2254 2789 2410 2835 omnis
2445 2788 2599 2835 carnis
2627 2788 2676 2834 in

526 2894 531 2900 ·
564 2875 790 2937 sanguine
814 2883 906 2932 est,
932 2892 955 2918 ))
981 2872 1109 2919 bona
1134 2871 1347 2918 fidelium
1379 2871 1475 2917 vita
1505 2871 1579 2917 vel
1603 2871 1761 2936 anima
1789 2880 1873 2917 est.
1906 2870 2049 2928 Quod
2073 2869 2267 2934 quidem
2291 2887 2386 2934 per>
2402 2868 2679 2934 pontificem

565 2954 823 3014 Christum,
851 2955 932 3018 qui
958 2970 1045 3018 pro
1071 2952 1211 2999 nobis
1238 2951 1531 3016 interpellat,
1564 2952 1699 3015 quasi
1726 2950 2007 2998 sacrificium
2034 2950 2231 2997 offertur
2251 2951 2299 2996 in
2318 2948 2479 2997 sancta
2497 2958 2682 2995 sancto-

567 3053 671 3082 rum
690 3073 701 3095 ,
727 3036 859 3100 quod
883 3045 952 3082 est
975 3033 1239 3082 secundum
1272 3031 1653 3090 tabernaculum,
1680 3032 1797 3078 dum
1825 3031 2068 3096 dignando
2093 3030 2395 3098 efficiturfut
2427 3029 2488 3076 ad
2517 3045 2682 3094 super—

568 3131 679 3161 nam
701 3116 1001 3161 mansionem
1027 3122 1306 3170 assumatur,
1339 3111 1422 3157 ubi
1449 3127 1568 3176 pura
1593 3121 1640 3157 et
1665 3111 1873 3175 perfecta
1903 3121 1973 3157 est
1999 3110 2244 3168 sanctitas,
2280 3111 2365 3174 per
2391 3118 2551 3155 sancta
2579 3112 2684 3154 san·

569 3203 754 3239 ctorum
774 3194 1046 3257 significata.
1067 3192 1228 3240 Sed'ut
1244 3192 1339 3238 hoc
1357 3189 1463 3248 fiat,
1487 3205 1679 3236 necesse
1698 3200 1769 3236 est
1784 3190 1913 3254 prius
1931 3190 1979 3235 in
1999 3189 2090 3236 hac
2107 3190 2200 3236 vita
2217 3186 2685 3234 horum'animalium

571 3287 773 3335 corpora
804 3274 1000 3319 cremari
1027 3283 1155 3319 extra
1180 3280 1329 3318 castra
1352 3289 1361 3316 ε
1383 3269 1477 3316 1100
1504 3279 1574 3315 est
1598 3284 1790 3315 carnem
1816 3269 1957 3332 affligi
1981 3280 2122 3332 atque
2150 3266 2376 3313 macerari
2408 3265 2510 3312 zelo
2538 3266 2685 3312 divini

619 3449 627 3465 ¹
657 3449 798 3482 Corinth.
818 3451 851 3488 I,
870 3461 941 3494 cap.
963 3463 994 3483 xx
1009 3475 1016 3488 ,
1035 3461 1065 3483 v.
1084 3451 1137 3483 27.
1156 3468 1190 3474 -κ
1209 3449 1221 3466 ’
1239 3451 1351 3487 Ηεὸν.,
1372 3459 1445 3492 cap.
1463 3459 1538 3489 xm,
1558 3459 1588 3481 v.
1611 3449 1661 3480 10.
1675 3447 1741 3473 --³
1757 3448 1868 3486 Levia,
1882 3456 1955 3489 cap.
1970 3457 2036 3479 xvn
2049 3471 2058 3487 ,
2076 3456 2105 3477 v.
2126 3448 2177 3478 11.
