2970 4152
586 359 681 406 484
1381 363 1553 411 PETRI
1588 366 1897 413 ABAELARDI

1230 631 1307 688 IN
1356 631 1482 689 DIE
1528 631 2056 691 P'ENTECOSTES.

1483 814 1631 844 SERMO
1665 814 1780 843 XVIII
1787 834 1796 842 .

645 935 760 979 Duae
790 943 901 980 sunt
931 933 1254 982 solemnitates
1290 935 1543 983 dominicae
1576 947 1675 984 tam
1709 937 1990 984 auctoritate
2023 937 2282 1002 praeclarae,
2320 954 2466 1002 quam
2500 935 2699 986 utilitate

579 1004 841 1079 praecipuae.
877 1018 957 1062 Hae
990 1033 1105 1063 vero
1135 1026 1248 1067 sunt
1280 1017 1459 1064 Pascha
1488 1028 1534 1064 et
1570 1021 1875 1077 Pentecoste,
1913 1035 2018 1082 quae
2050 1028 2150 1066 tam
2189 1019 2239 1064 in
2274 1019 2433 1066 Veteri
2466 1035 2612 1083 quam
2648 1019 2697 1065 in

580 1099 714 1143 Novo
738 1098 926 1144 sancitae
954 1104 1064 1145 su'nt
1082 1101 1399 1145 Testamento.
1423 1100 1521 1145 Etsi
1537 1100 1667 1145 enim
1683 1100 1815 1164 prior
1834 1099 2041 1164 populus
2059 1099 2298 1147 Abraham
2314 1101 2462 1164 magis
2476 1100 2699 1148 umbram

577 1194 737 1224 rerum
760 1195 906 1243 quam
938 1180 1186 1227 veritatem
1214 1179 1438 1239 haberet,
1473 1197 1563 1227 nec
1597 1181 1775 1228 Pascha
1807 1191 1992 1240 tamen,
2031 1198 2119 1228 nec
2148 1185 2460 1229 Pentecosten
2491 1183 2699 1246 mysticis

578 1258 677 1321 ejus
702 1257 862 1322 figuris
882 1259 1085 1306 defuisse
1110 1269 1293 1306 certum
1312 1270 1397 1307 est.
1430 1260 1501 1306 Illi
1524 1261 1719 1325 quippe,
1739 1271 1793 1308 ut
1815 1261 1875 1308 de
1894 1261 2119 1308 servitute
2135 1261 2453 1309 liberarentur
2472 1263 2669 1327 aegyptia
2683 1301 2695 1322 ,

576 1339 786 1403 primum
811 1339 990 1387 Pascha
1006 1340 1055 1385 in
1074 1343 1277 1404 AEgypto
1304 1340 1665 1387 celebraverunt
1680 1379 1690 1399 ,
1714 1357 1841 1388 assas
1859 1342 1957 1405 igni
1977 1358 2144 1388 carnes
2163 1359 2273 1389 cum
2298 1342 2493 1390 lactucis
2513 1344 2701 1407 agresti-

575 1419 665 1467 bus
704 1421 1023 1467 immolantes.
1066 1421 1182 1467 Inde
1216 1421 1582 1485 quadragesimo
1619 1421 1721 1480 die,
1762 1423 1811 1468 in
1846 1432 2011 1468 monte
2052 1422 2180 1469 Sinai
2211 1422 2314 1485 lege
2337 1432 2577 1486 suscepta,
2603 1423 2698 1470 ritu

575 1501 887 1564 postmodum
912 1511 1145 1565 perpetuo
1166 1501 1296 1548 diem
1322 1505 1622 1548 Pentecostes
1636 1539 1647 1560 ,
1674 1502 1724 1548 id
1748 1511 1819 1548 est
1839 1502 2243 1566 quinquagesimae
2266 1501 2460 1564 singulis
2483 1502 2620 1549 annis
2642 1519 2698 1549 ex

576 1580 822 1627 dominico
837 1581 1197 1628 celebraverunt
1209 1592 1465 1647 praecepto.
1495 1584 1531 1627 A
1551 1582 1730 1629 Pascha
1745 1582 1923 1647 quippe
1937 1591 2120 1646 septem
2135 1581 2466 1628 hebdomadas
2481 1581 2668 1629 dierum
2683 1620 2694 1641 ,

575 1660 625 1707 id
638 1671 709 1707 est
723 1662 1071 1726 quinquaginta
1085 1662 1185 1708 dies
1199 1662 1318 1725 jussi
1330 1672 1441 1708 sunt
1454 1672 1752 1726 computare,
1770 1672 1817 1709 et
1829 1679 1884 1708 ex
1898 1672 2014 1708 tunc
2028 1661 2379 1708 solemnitatem
2398 1664 2698 1710 Pentecostes

574 1737 836 1800 celebrare,
863 1742 1060 1806 quando
1080 1743 1129 1788 in
1146 1743 1448 1806 susceptione
1467 1742 1582 1805 legis
1602 1742 1752 1806 digito
1775 1743 1862 1789 Dei
1881 1743 2083 1807 scriptae,
2105 1751 2424 1807 perceperunt
2440 1759 2468 1789 a
2486 1743 2697 1790 Domino

572 1822 772 1886 potioris
789 1822 975 1869 donum
999 1823 1173 1886 gratiae.
1201 1823 1345 1886 Cujus
1365 1823 1562 1887 quidem
1578 1824 1736 1887 gratiae
1752 1824 2115 1888 praerogativam
2139 1816 2258 1869 nulli
2279 1833 2395 1869 tunc
2414 1822 2491 1869 alii
2514 1822 2697 1887 populo

573 1920 850 1951 concessam
875 1904 1121 1952 Psalmista
1142 1905 1477 1963 considerans,
1505 1915 1552 1952 et
1575 1905 1690 1952 hinc
1714 1906 1918 1952 maxime
1940 1904 2175 1970 populum
2197 1904 2332 1951 illum
2355 1904 2417 1951 ad
2441 1905 2697 1967 gratiarum

573 1983 812 2031 actionem
832 1985 1113 2044 exhortans,
1136 2002 1286 2049 quum
1303 1985 1620 2050 praemisisset1
1646 2004 1655 2031 :
1686 2004 1708 2029 «
1729 1984 1917 2044 Lauda,
1938 1983 2216 2043 Jerusalem,
2242 1983 2502 2030 Dominum
2518 2020 2529 2042 ,
2555 1983 2698 2032 lauda

573 2067 729 2112 Deum
744 2075 899 2124 tuum,
921 2067 1053 2125 Sion,
1070 2084 1093 2110 »
1111 2065 1241 2112 unde
1258 2066 1307 2112 id
1324 2066 1560 2131 praecipue
1580 2065 1753 2113 debeat
1771 2065 2031 2129 subjunxit,
2051 2075 2192 2129 atque
2211 2065 2277 2111 ita
2293 2064 2664 2111 consummavit²³
2683 2083 2693 2111 :
2713 2051 2716 2056 ¹

574 2148 708 2204 «Qui
737 2147 989 2194 annuntiat
1018 2146 1221 2193 verbum
1250 2163 1391 2192 suum
1413 2146 1588 2204 Jacob,
1625 2147 1828 2209 justitias
1863 2156 1909 2192 et
1939 2146 2120 2209 judicia
2135 2162 2236 2210 ‚sua
2260 2144 2417 2192 Israel.
2453 2147 2558 2191 Non
2589 2145 2698 2192 fecit

568 2228 723 2275 taliter
748 2229 882 2275 omni
904 2228 1111 2286 nationi,
1129 2237 1176 2274 et
1186 2227 1368 2290 judicia
1384 2244 1470 2273 sua
1488 2244 1589 2273 non
1609 2226 1926 2274 manifestavit
1945 2227 2028 2273 eis.
2048 2245 2071 2270 »
2092 2214 2234 2273 Hanc
2243 2236 2289 2273 et
2309 2225 2480 2273 Paulus
2498 2226 2697 2288 gratiam

570 2309 711 2373 longe
737 2310 914 2356 caeteris
939 2309 1192 2374 praeferens
1216 2303 1376 2355 donis3
1400 2327 1409 2355 ε
1441 2309 1636 2373 «Quid,
1659 2328 1681 2353 »
1706 2310 1879 2373 inquit,
1911 2309 2156 2374 «amplius
2185 2319 2256 2356 est
2277 2309 2459 2368 Judaeo,
2487 2319 2568 2355 aut
2592 2325 2697 2373 quae

570 2389 746 2436 utilitas
770 2389 1172 2435 circumcisionis?
1191 2388 1395 2435 Multum
1420 2406 1506 2453 per
1532 2405 1729 2435 omnem
1751 2388 1969 2435 modum.
1998 2389 2213 2435 Primum
2235 2389 2430 2453 quidem
2453 2389 2566 2452 quia
2593 2405 2696 2435 cre—

572 2468 670 2516 dita
691 2480 803 2516 sunt
824 2469 915 2516 illis
939 2469 1130 2533 eloquia
1152 2470 1298 2516 Dei.»
1323 2472 1387 2515 Ac
1407 2470 1445 2516 si
1462 2479 1624 2534 aperte
1651 2469 1779 2516 dicat
1807 2488 1816 2515 :
1844 2472 1947 2516 Hoc
1973 2469 2177 2534 amplius
2203 2479 2250 2516 et
2276 2469 2372 2516 hoc
2394 2469 2627 2534 primum,
2647 2468 2697 2515 id

570 2559 642 2595 est
670 2550 932 2596 maximum
957 2549 1166 2608 donum,
1190 2549 1410 2613 judaicus
1436 2549 1644 2614 populus
1667 2566 1763 2614 prae
1786 2550 1965 2596 caeteris
1989 2566 2017 2596 a
2034 2550 2245 2595 Domino
2272 2548 2467 2608 habuit,
2497 2548 2630 2612 quod
2654 2549 2698 2595 ei

567 2631 749 2678 credita
778 2641 911 2690 sunt,
944 2631 994 2678 id
1020 2641 1090 2678 est
1113 2631 1370 2678 commissa
1401 2631 1578 2696 scripta
1606 2630 1786 2677 divina.
1822 2630 1961 2677 Unde
1989 2640 2037 2676 et
2066 2630 2194 2676 idem
2224 2629 2491 2695 apostolus,
2520 2629 2697 2675 horum

566 2713 854 2777 scriptorum
880 2712 1083 2777 amplius
1106 2712 1354 2759 scientiam
1381 2712 1582 2776 adeptus
1599 2749 1610 2770 ,
1646 2711 1707 2758 ad
1733 2711 1859 2758 hanc
1888 2710 2239 2757 solemnitatem
2263 2713 2566 2756 Pentecostes
2588 2709 2696 2774 plu-

568 2793 744 2839 rimum
767 2793 1025 2851 anhelans,
1053 2810 1164 2839 cum
1189 2810 1379 2839 summo
1403 2809 1598 2856 quoque
1619 2791 1834 2857 periculo
1858 2792 1965 2838 vitae
1988 2807 2094 2837 eam
2111 2790 2417 2854 Jerosolymis
2446 2790 2697 2837 festinabat

565 2873 832 2932 celebrare,
869 2875 990 2920 sicut
1027 2873 1074 2918 in
1114 2872 1306 2919 Actibus
1336 2872 1672 2936 Apostolorum
1703 2872 1777 2919 his
1806 2871 2081 2918 continetur
2112 2870 2290 2917 verbis*
2317 2888 2326 2916 ε
2364 2889 2388 2914 «
2414 2870 2697 2933 Navigantes

565 2955 782 3018 sequenti
807 2954 885 3001 die
905 2954 1124 3001 venimus
1147 2963 1316 3000 contra
1337 2953 1529 3011 Chium,
1551 2962 1597 2999 et
1622 2952 1714 3000 alia
1734 2952 1830 3011 die,
1852 2951 2167 3016 applicuimus
2186 2952 2399 3008 Samum,
2421 2960 2467 2996 et
2480 2950 2693 3013 sequenti

566 3034 659 3093 die,
679 3035 897 3082 venimus
914 3035 1180 3081 Miletum.»
1206 3037 1525 3098 Proposuerat
1542 3034 1671 3079 enim
1696 3033 1864 3080 Paulus
1883 3032 2240 3095 transnavigare
2258 3030 2518 3096 Ephesum,
2538 3046 2695 3093 neque

567 3129 703 3160 mora
726 3114 793 3160 illi
823 3114 956 3161 fieret
988 3114 1037 3160 in
1062 3114 1185 3161 Asia.
1215 3113 1487 3160 Festinabat
1511 3113 1640 3158 enim
1655 3150 1666 3169 ,
1693 3113 1731 3159 si
1760 3111 1987 3177 possibile
2008 3111 2098 3158 sibi
2122 3121 2268 3169 esset,
2291 3120 2343 3156 ut
2365 3110 2495 3156 diem
2523 3112 2694 3155 Pente-

568 3203 721 3239 costes
745 3194 919 3241 faceret
938 3194 1261 3258 Jerosolymis.
1295 3197 1331 3239 Α
1354 3193 1515 3239 Mileto
1540 3203 1700 3239 autem
1723 3194 1963 3239 mittentes
1985 3191 2250 3256 Ephesum,
2277 3190 2466 3236 vocavit
2491 3189 2695 3251 majores

572 3282 687 3319 natu
713 3274 947 3320 Ecclesiae.
979 3276 1072 3331 Qui
1101 3291 1251 3338 quum
1276 3274 1519 3320 venissent
1547 3273 1608 3320 ad
1637 3290 1771 3332 eum,
1803 3283 1850 3319 et
1881 3272 2022 3319 simul
2050 3281 2228 3329 essent,
2261 3270 2377 3317 dixit
2405 3269 2491 3315 eis5
2519 3287 2528 3314 :
2554 3272 2694 3315 «Vos

610 3448 619 3465 ⁴
647 3449 765 3482 Psalm.
784 3460 906 3491 cxtvu,
922 3461 952 3483 v.
972 3451 1069 3483 12-
1083 3450 1095 3467 ’
1114 3451 1213 3493 lbid.,
1230 3463 1260 3485 v.
1282 3455 1378 3485 19.—
1391 3452 1404 3469 ³
1417 3453 1525 3490 Rom„
1542 3461 1616 3495 cap.
1635 3462 1668 3484 ιιι
1680 3476 1689 3490 ,
1703 3462 1733 3484 v.
1757 3453 1786 3482 1.
1798 3470 1836 3475 --
1851 3450 1866 3468 ⁴
1880 3452 1949 3484 Act.
1965 3453 2092 3492 Apoxt„
2111 3460 2184 3493 cap.
2206 3460 2249 3482 xx
2263 3474 2272 3489 ,
2288 3459 2318 3481 v.
2340 3449 2389 3481 15.
2403 3466 2441 3471 -
2453 3447 2578 3489 ¹⁵1bid.‚
2590 3458 2621 3479 v.
2639 3448 2687 3478 18.
