<?xml version="1.0" encoding="UTF-8"?>
<!DOCTYPE html PUBLIC "-//W3C//DTD XHTML 1.0 Transitional//EN"
    "http://www.w3.org/TR/xhtml1/DTD/xhtml1-transitional.dtd">
<html xmlns="http://www.w3.org/1999/xhtml" xml:lang="en" lang="en">
 <head>
  <title>
</title>
<meta http-equiv="Content-Type" content="text/html;charset=utf-8" />
  <meta name='ocr-system' content='tesseract 3.04.00' />
  <meta name='ocr-capabilities' content='ocr_page ocr_carea ocr_par ocr_line ocrx_word'/>
</head>
<body>
  <div class='ocr_page' id='page_1' title='image "./operahactenusseo01abeluoft_0623.png"; bbox 0 0 2970 4152; ppageno 0'>
   <div class='ocr_carea' id='block_1_1' title="bbox 1070 405 2444 461">
    <p class='ocr_par' dir='ltr' id='par_1_1' title="bbox 1070 405 2444 461">
     <span class='ocr_line' id='line_1_1' title="bbox 1070 405 2444 461; baseline 0.007 -9"><span class='ocrx_word' id='word_1_1' title='bbox 1070 405 1381 454; x_wconf 88' lang='lat' dir='ltr'>EXPOSlTlO</span> <span class='ocrx_word' id='word_1_2' title='bbox 1415 406 1683 454; x_wconf 86' lang='lat' dir='ltr'>SYMBOLI.</span> <span class='ocrx_word' id='word_1_3' title='bbox 2350 412 2444 461; x_wconf 83' lang='lat'>609</span> 
     </span>
    </p>
   </div>
   <div class='ocr_carea' id='block_1_2' title="bbox 320 490 2454 3383">
    <p class='ocr_par' dir='ltr' id='par_1_2' title="bbox 320 490 2454 3383">
     <span class='ocr_line' id='line_1_2' title="bbox 329 490 2445 567; baseline 0.002 -18"><span class='ocrx_word' id='word_1_4' title='bbox 329 499 450 549; x_wconf 80' lang='lat' dir='ltr'>N‘am</span> <span class='ocrx_word' id='word_1_5' title='bbox 477 492 524 548; x_wconf 82' lang='lat' dir='ltr'>et</span> <span class='ocrx_word' id='word_1_6' title='bbox 551 517 702 565; x_wconf 91' lang='lat' dir='ltr'>quum</span> <span class='ocrx_word' id='word_1_7' title='bbox 734 490 905 565; x_wconf 87' lang='lat' dir='ltr'>singuli</span> <span class='ocrx_word' id='word_1_8' title='bbox 932 500 1154 557; x_wconf 88' lang='lat' dir='ltr'>homines</span> <span class='ocrx_word' id='word_1_9' title='bbox 1177 500 1235 548; x_wconf 84' lang='lat' dir='ltr'>ex</span> <span class='ocrx_word' id='word_1_10' title='bbox 1251 493 1411 549; x_wconf 86' lang='lat' dir='ltr'>anima</span> <span class='ocrx_word' id='word_1_11' title='bbox 1433 512 1654 549; x_wconf 90' lang='lat' dir='ltr'>constent</span> <span class='ocrx_word' id='word_1_12' title='bbox 1677 511 1725 549; x_wconf 92' lang='lat' dir='ltr'>et</span> <span class='ocrx_word' id='word_1_13' title='bbox 1750 518 1972 567; x_wconf 89' lang='lat' dir='ltr'>corpore,</span> <span class='ocrx_word' id='word_1_14' title='bbox 1994 503 2263 551; x_wconf 89' lang='lat' dir='ltr'>secundum</span> <span class='ocrx_word' id='word_1_15' title='bbox 2284 515 2445 554; x_wconf 90' lang='lat' dir='ltr'>tamen</span> 
     </span>
     <span class='ocr_line' id='line_1_3' title="bbox 327 577 2443 650; baseline 0.002 -21"><span class='ocrx_word' id='word_1_16' title='bbox 327 581 480 629; x_wconf 84' lang='lat' dir='ltr'>solam</span> <span class='ocrx_word' id='word_1_17' title='bbox 501 577 719 647; x_wconf 79' lang='lat' dir='ltr'>&#39;corporis</span> <span class='ocrx_word' id='word_1_18' title='bbox 734 591 955 650; x_wconf 90' lang='lat' dir='ltr'>naturam</span> <span class='ocrx_word' id='word_1_19' title='bbox 967 619 979 642; x_wconf 92' lang='lat'>,</span> <span class='ocrx_word' id='word_1_20' title='bbox 1001 599 1106 646; x_wconf 88' lang='lat' dir='ltr'>quae</span> <span class='ocrx_word' id='word_1_21' title='bbox 1120 582 1405 641; x_wconf 82' lang='lat' dir='ltr'>traducitur,</span> <span class='ocrx_word' id='word_1_22' title='bbox 1422 584 1613 648; x_wconf 88' lang='lat' dir='ltr'>concipi</span> <span class='ocrx_word' id='word_1_23' title='bbox 1636 600 1665 630; x_wconf 90' lang='lat' dir='ltr'>a</span> <span class='ocrx_word' id='word_1_24' title='bbox 1685 583 1937 643; x_wconf 89' lang='lat' dir='ltr'>matribus,</span> <span class='ocrx_word' id='word_1_25' title='bbox 1954 584 2031 631; x_wconf 81' lang='lat' dir='ltr'>vel</span> <span class='ocrx_word' id='word_1_26' title='bbox 2044 586 2177 635; x_wconf 87' lang='lat' dir='ltr'>nasci</span> <span class='ocrx_word' id='word_1_27' title='bbox 2200 585 2443 634; x_wconf 88' lang='lat' dir='ltr'>dicuntur.</span> 
     </span>
     <span class='ocr_line' id='line_1_4' title="bbox 326 660 2445 729; baseline 0.002 -20"><span class='ocrx_word' id='word_1_28' title='bbox 326 660 453 709; x_wconf 80' lang='lat' dir='ltr'>Bene</span> <span class='ocrx_word' id='word_1_29' title='bbox 473 672 633 709; x_wconf 86' lang='lat' dir='ltr'>autem</span> <span class='ocrx_word' id='word_1_30' title='bbox 655 662 867 710; x_wconf 82' lang='lat' dir='ltr'>dicturus</span> <span class='ocrx_word' id='word_1_31' title='bbox 889 680 1000 711; x_wconf 89' lang='lat' dir='ltr'>eum</span> <span class='ocrx_word' id='word_1_32' title='bbox 1022 663 1083 710; x_wconf 89' lang='lat' dir='ltr'>de</span> <span class='ocrx_word' id='word_1_33' title='bbox 1105 663 1298 727; x_wconf 81' lang='lat' dir='ltr'>Virgine</span> <span class='ocrx_word' id='word_1_34' title='bbox 1320 673 1512 722; x_wconf 89' lang='lat' dir='ltr'>natum,</span> <span class='ocrx_word' id='word_1_35' title='bbox 1539 680 1601 709; x_wconf 89' lang='lat' dir='ltr'>ne</span> <span class='ocrx_word' id='word_1_36' title='bbox 1619 665 1726 727; x_wconf 92' lang='lat' dir='ltr'>quis</span> <span class='ocrx_word' id='word_1_37' title='bbox 1747 675 1978 729; x_wconf 87' lang='lat' dir='ltr'>quaereret</span> <span class='ocrx_word' id='word_1_38' title='bbox 1999 665 2202 729; x_wconf 86' lang='lat' dir='ltr'><strong>qualiter</strong></span> <span class='ocrx_word' id='word_1_39' title='bbox 2222 667 2273 713; x_wconf 95' lang='lat' dir='ltr'>id</span> <span class='ocrx_word' id='word_1_40' title='bbox 2290 666 2445 727; x_wconf 82' lang='lat' dir='ltr'>fieret,</span> 
     </span>
     <span class='ocr_line' id='line_1_5' title="bbox 325 742 2451 809; baseline 0.004 -21"><span class='ocrx_word' id='word_1_41' title='bbox 325 742 551 805; x_wconf 84' lang='lat' dir='ltr'>praemisit</span> <span class='ocrx_word' id='word_1_42' title='bbox 578 753 868 807; x_wconf 86' lang='lat' dir='ltr'>conceptum</span> <span class='ocrx_word' id='word_1_43' title='bbox 898 759 985 808; x_wconf 91' lang='lat' dir='ltr'>per</span> <span class='ocrx_word' id='word_1_44' title='bbox 1012 744 1242 808; x_wconf 90' lang='lat' dir='ltr'>Spiritum</span> <span class='ocrx_word' id='word_1_45' title='bbox 1273 753 1494 790; x_wconf 91' lang='lat' dir='ltr'>sanctum</span> <span class='ocrx_word' id='word_1_46' title='bbox 1522 762 1532 789; x_wconf 91' lang='lat'>:</span> <span class='ocrx_word' id='word_1_47' title='bbox 1559 743 1681 791; x_wconf 91' lang='lat' dir='ltr'>sicut</span> <span class='ocrx_word' id='word_1_48' title='bbox 1711 755 1760 791; x_wconf 92' lang='lat' dir='ltr'>et</span> <span class='ocrx_word' id='word_1_49' title='bbox 1784 746 1925 792; x_wconf 87' lang='lat' dir='ltr'>matri</span> <span class='ocrx_word' id='word_1_50' title='bbox 1949 747 2203 809; x_wconf 86' lang='lat' dir='ltr'>quaerenti¹</span> <span class='ocrx_word' id='word_1_51' title='bbox 2227 765 2238 794; x_wconf 91' lang='lat'>:</span> <span class='ocrx_word' id='word_1_52' title='bbox 2269 766 2294 792; x_wconf 89' lang='lat'>«</span> <span class='ocrx_word' id='word_1_53' title='bbox 2320 750 2451 806; x_wconf 92' lang='lat' dir='ltr'>Quo—</span> 
     </span>
     <span class='ocr_line' id='line_1_6' title="bbox 326 820 2451 891; baseline 0.004 -25"><span class='ocrx_word' id='word_1_54' title='bbox 326 820 476 868; x_wconf 78' lang='lat' dir='ltr'>mOdo</span> <span class='ocrx_word' id='word_1_55' title='bbox 511 821 592 869; x_wconf 89' lang='lat' dir='ltr'>fiet</span> <span class='ocrx_word' id='word_1_56' title='bbox 634 822 788 868; x_wconf 81' lang='lat' dir='ltr'>istud?</span> <span class='ocrx_word' id='word_1_57' title='bbox 823 841 846 867; x_wconf 75' lang='lat' dir='ltr'>n</span> <span class='ocrx_word' id='word_1_58' title='bbox 895 822 1079 870; x_wconf 90' lang='lat' dir='ltr'>dictum</span> <span class='ocrx_word' id='word_1_59' title='bbox 1115 833 1186 870; x_wconf 92' lang='lat' dir='ltr'>est</span> <span class='ocrx_word' id='word_1_60' title='bbox 1233 822 1295 870; x_wconf 89' lang='lat' dir='ltr'>ab</span> <span class='ocrx_word' id='word_1_61' title='bbox 1334 822 1515 886; x_wconf 89' lang='lat' dir='ltr'>Angelo</span> <span class='ocrx_word' id='word_1_62' title='bbox 1556 841 1566 868; x_wconf 91' lang='lat'><strong>:</strong></span> <span class='ocrx_word' id='word_1_63' title='bbox 1609 842 1631 868; x_wconf 88' lang='lat'>«</span> <span class='ocrx_word' id='word_1_64' title='bbox 1658 824 1860 888; x_wconf 83' lang='lat' dir='ltr'>Spiritus</span> <span class='ocrx_word' id='word_1_65' title='bbox 1909 835 2099 872; x_wconf 90' lang='lat' dir='ltr'>sanctus</span> <span class='ocrx_word' id='word_1_66' title='bbox 2148 829 2451 891; x_wconf 78' lang='lat' dir='ltr'>superveniet.</span> 
     </span>
     <span class='ocr_line' id='line_1_7' title="bbox 325 900 2448 970; baseline 0.004 -24"><span class='ocrx_word' id='word_1_67' title='bbox 325 900 375 947; x_wconf 90' lang='lat' dir='ltr'>in</span> <span class='ocrx_word' id='word_1_68' title='bbox 395 909 472 963; x_wconf 14' lang='lat' dir='ltr'>Ate,</span> <span class='ocrx_word' id='word_1_69' title='bbox 497 911 589 948; x_wconf 88' lang='lat' dir='ltr'>etc.</span> <span class='ocrx_word' id='word_1_70' title='bbox 613 920 637 946; x_wconf 90' lang='lat'>»</span> <span class='ocrx_word' id='word_1_71' title='bbox 661 905 729 948; x_wconf 88' lang='lat' dir='ltr'>Ex</span> <span class='ocrx_word' id='word_1_72' title='bbox 751 919 848 966; x_wconf 93' lang='lat' dir='ltr'>quo</span> <span class='ocrx_word' id='word_1_73' title='bbox 883 903 1081 966; x_wconf 91' lang='lat' dir='ltr'>quidem</span> <span class='ocrx_word' id='word_1_74' title='bbox 1104 920 1204 950; x_wconf 87' lang='lat' dir='ltr'>non</span> <span class='ocrx_word' id='word_1_75' title='bbox 1228 902 1534 950; x_wconf 88' lang='lat' dir='ltr'>mediocriter</span> <span class='ocrx_word' id='word_1_76' title='bbox 1556 904 1711 968; x_wconf 85' lang='lat' dir='ltr'>ipsam</span> <span class='ocrx_word' id='word_1_77' title='bbox 1732 920 1927 967; x_wconf 84' lang='lat' dir='ltr'>quoque</span> <span class='ocrx_word' id='word_1_78' title='bbox 1961 905 2162 969; x_wconf 84' lang='lat' dir='ltr'>Spiritus</span> <span class='ocrx_word' id='word_1_79' title='bbox 2193 923 2448 970; x_wconf 83' lang='lat' dir='ltr'>personam</span> 
     </span>
     <span class='ocr_line' id='line_1_8' title="bbox 325 979 2448 1051; baseline 0.003 -24"><span class='ocrx_word' id='word_1_80' title='bbox 325 979 468 1027; x_wconf 89' lang='lat' dir='ltr'>nobis</span> <span class='ocrx_word' id='word_1_81' title='bbox 504 982 837 1042; x_wconf 81' lang='lat' dir='ltr'>commendat,</span> <span class='ocrx_word' id='word_1_82' title='bbox 875 982 1083 1030; x_wconf 91' lang='lat' dir='ltr'>dicendo</span> <span class='ocrx_word' id='word_1_83' title='bbox 1118 982 1341 1031; x_wconf 87' lang='lat' dir='ltr'>videlicet</span> <span class='ocrx_word' id='word_1_84' title='bbox 1369 1000 1454 1048; x_wconf 91' lang='lat' dir='ltr'>per</span> <span class='ocrx_word' id='word_1_85' title='bbox 1487 984 1822 1048; x_wconf 80' lang='lat' dir='ltr'>operationem</span> <span class='ocrx_word' id='word_1_86' title='bbox 1857 985 1957 1048; x_wconf 91' lang='lat' dir='ltr'>ejus</span> <span class='ocrx_word' id='word_1_87' title='bbox 1988 985 2107 1032; x_wconf 92' lang='lat' dir='ltr'>illud</span> <span class='ocrx_word' id='word_1_88' title='bbox 2135 1003 2310 1051; x_wconf 90' lang='lat' dir='ltr'>corpus</span> <span class='ocrx_word' id='word_1_89' title='bbox 2347 1005 2448 1035; x_wconf 91' lang='lat' dir='ltr'>esse</span> 
     </span>
     <span class='ocr_line' id='line_1_9' title="bbox 325 1062 2448 1129; baseline 0.004 -23"><span class='ocrx_word' id='word_1_90' title='bbox 325 1063 640 1125; x_wconf 84' lang='lat' dir='ltr'>conceptum,</span> <span class='ocrx_word' id='word_1_91' title='bbox 668 1062 718 1108; x_wconf 92' lang='lat' dir='ltr'>in</span> <span class='ocrx_word' id='word_1_92' title='bbox 753 1062 887 1125; x_wconf 90' lang='lat' dir='ltr'>cujus</span> <span class='ocrx_word' id='word_1_93' title='bbox 920 1062 1079 1110; x_wconf 92' lang='lat' dir='ltr'>hostia</span> <span class='ocrx_word' id='word_1_94' title='bbox 1113 1063 1333 1110; x_wconf 91' lang='lat' dir='ltr'>omnium</span> <span class='ocrx_word' id='word_1_95' title='bbox 1367 1063 1638 1129; x_wconf 90' lang='lat' dir='ltr'>redemptio</span> <span class='ocrx_word' id='word_1_96' title='bbox 1674 1073 1744 1110; x_wconf 91' lang='lat' dir='ltr'>est</span> <span class='ocrx_word' id='word_1_97' title='bbox 1786 1075 2137 1112; x_wconf 88' lang='lat' dir='ltr'>consummata.</span> <span class='ocrx_word' id='word_1_98' title='bbox 2174 1067 2319 1124; x_wconf 90' lang='lat' dir='ltr'>Quod</span> <span class='ocrx_word' id='word_1_99' title='bbox 2359 1085 2448 1114; x_wconf 90' lang='lat' dir='ltr'>nec</span> 
     </span>
     <span class='ocr_line' id='line_1_10' title="bbox 325 1142 2443 1213; baseline 0.003 -25"><span class='ocrx_word' id='word_1_100' title='bbox 325 1142 486 1189; x_wconf 84' lang='lat' dir='ltr'>minus</span> <span class='ocrx_word' id='word_1_101' title='bbox 501 1159 588 1208; x_wconf 91' lang='lat' dir='ltr'>per</span> <span class='ocrx_word' id='word_1_102' title='bbox 599 1144 758 1208; x_wconf 91' lang='lat' dir='ltr'>ipsum</span> <span class='ocrx_word' id='word_1_103' title='bbox 776 1144 996 1209; x_wconf 89' lang='lat' dir='ltr'>spiritum</span> <span class='ocrx_word' id='word_1_104' title='bbox 1010 1144 1266 1209; x_wconf 89' lang='lat' dir='ltr'>Apostolus</span> <span class='ocrx_word' id='word_1_105' title='bbox 1279 1144 1394 1192; x_wconf 89' lang='lat' dir='ltr'>dicit</span> <span class='ocrx_word' id='word_1_106' title='bbox 1409 1161 1499 1210; x_wconf 91' lang='lat' dir='ltr'>pro</span> <span class='ocrx_word' id='word_1_107' title='bbox 1513 1144 1655 1192; x_wconf 90' lang='lat' dir='ltr'>nobis</span> <span class='ocrx_word' id='word_1_108' title='bbox 1678 1144 1895 1192; x_wconf 89' lang='lat' dir='ltr'>oblatum</span> <span class='ocrx_word' id='word_1_109' title='bbox 1917 1146 2039 1192; x_wconf 90' lang='lat' dir='ltr'>sicut</span> <span class='ocrx_word' id='word_1_110' title='bbox 2062 1156 2109 1193; x_wconf 88' lang='lat' dir='ltr'>et</span> <span class='ocrx_word' id='word_1_111' title='bbox 2131 1158 2443 1213; x_wconf 89' lang='lat' dir='ltr'>conceptum.</span> 
     </span>
     <span class='ocr_line' id='line_1_11' title="bbox 329 1221 2450 1284; baseline 0.003 -15"><span class='ocrx_word' id='word_1_112' title='bbox 329 1221 453 1269; x_wconf 91' lang='lat' dir='ltr'>Hinc</span> <span class='ocrx_word' id='word_1_113' title='bbox 476 1233 547 1270; x_wconf 90' lang='lat' dir='ltr'>est</span> <span class='ocrx_word' id='word_1_114' title='bbox 568 1223 686 1270; x_wconf 94' lang='lat' dir='ltr'>illud</span> <span class='ocrx_word' id='word_1_115' title='bbox 708 1224 771 1271; x_wconf 91' lang='lat' dir='ltr'>ad</span> <span class='ocrx_word' id='word_1_116' title='bbox 790 1224 1033 1284; x_wconf 81' lang='lat' dir='ltr'>Hebraeos,</span> <span class='ocrx_word' id='word_1_117' title='bbox 1058 1224 1143 1272; x_wconf 89' lang='lat' dir='ltr'>ubi</span> <span class='ocrx_word' id='word_1_118' title='bbox 1164 1226 1214 1272; x_wconf 91' lang='lat' dir='ltr'>in</span> <span class='ocrx_word' id='word_1_119' title='bbox 1239 1225 1331 1273; x_wconf 92' lang='lat' dir='ltr'>hac</span> <span class='ocrx_word' id='word_1_120' title='bbox 1354 1235 1528 1273; x_wconf 88' lang='lat' dir='ltr'>nostrae</span> <span class='ocrx_word' id='word_1_121' title='bbox 1550 1225 1712 1273; x_wconf 90' lang='lat' dir='ltr'>salutis</span> <span class='ocrx_word' id='word_1_122' title='bbox 1735 1227 2153 1274; x_wconf 89' lang='lat' dir='ltr'>consummatione</span> <span class='ocrx_word' id='word_1_123' title='bbox 2183 1229 2331 1275; x_wconf 91' lang='lat' dir='ltr'>totius</span> <span class='ocrx_word' id='word_1_124' title='bbox 2354 1230 2450 1275; x_wconf 91' lang='lat' dir='ltr'>Tri-</span> 
     </span>
     <span class='ocr_line' id='line_1_12' title="bbox 324 1301 2447 1370; baseline 0.003 -22"><span class='ocrx_word' id='word_1_125' title='bbox 324 1301 485 1350; x_wconf 80' lang='lat' dir='ltr'>nitatis</span> <span class='ocrx_word' id='word_1_126' title='bbox 512 1304 844 1368; x_wconf 85' lang='lat' dir='ltr'>operationem</span> <span class='ocrx_word' id='word_1_127' title='bbox 876 1321 1281 1364; x_wconf 90' lang='lat' dir='ltr'>commemorans,</span> <span class='ocrx_word' id='word_1_128' title='bbox 1308 1306 1399 1353; x_wconf 83' lang='lat' dir='ltr'>ait²</span> <span class='ocrx_word' id='word_1_129' title='bbox 1426 1325 1435 1352; x_wconf 90' lang='lat'>:</span> <span class='ocrx_word' id='word_1_130' title='bbox 1462 1325 1485 1351; x_wconf 88' lang='lat'><strong><em>«</em></strong></span> <span class='ocrx_word' id='word_1_131' title='bbox 1508 1307 1557 1353; x_wconf 92' lang='lat' dir='ltr'>Si</span> <span class='ocrx_word' id='word_1_132' title='bbox 1578 1306 1709 1353; x_wconf 92' lang='lat' dir='ltr'>enim</span> <span class='ocrx_word' id='word_1_133' title='bbox 1731 1307 1923 1370; x_wconf 88' lang='lat' dir='ltr'>sanguis</span> <span class='ocrx_word' id='word_1_134' title='bbox 1945 1306 2194 1354; x_wconf 89' lang='lat' dir='ltr'>hircorum</span> <span class='ocrx_word' id='word_1_135' title='bbox 2215 1318 2262 1356; x_wconf 90' lang='lat' dir='ltr'>et</span> <span class='ocrx_word' id='word_1_136' title='bbox 2284 1318 2447 1356; x_wconf 92' lang='lat' dir='ltr'>tauro-</span> 
     </span>
     <span class='ocr_line' id='line_1_13' title="bbox 323 1380 2443 1450; baseline 0.003 -21"><span class='ocrx_word' id='word_1_137' title='bbox 323 1380 456 1443; x_wconf 85' lang='lat' dir='ltr'>rum,</span> <span class='ocrx_word' id='word_1_138' title='bbox 476 1392 524 1429; x_wconf 89' lang='lat' dir='ltr'>et</span> <span class='ocrx_word' id='word_1_139' title='bbox 545 1383 664 1430; x_wconf 91' lang='lat' dir='ltr'>cinis</span> <span class='ocrx_word' id='word_1_140' title='bbox 685 1383 844 1431; x_wconf 83' lang='lat' dir='ltr'>vitulae</span> <span class='ocrx_word' id='word_1_141' title='bbox 874 1400 1093 1449; x_wconf 90' lang='lat' dir='ltr'>aspersus</span> <span class='ocrx_word' id='word_1_142' title='bbox 1121 1385 1397 1450; x_wconf 93' lang='lat' dir='ltr'>inquinatos</span> <span class='ocrx_word' id='word_1_143' title='bbox 1432 1385 1698 1433; x_wconf 87' lang='lat' dir='ltr'>sanctificat</span> <span class='ocrx_word' id='word_1_144' title='bbox 1731 1386 1793 1433; x_wconf 91' lang='lat' dir='ltr'>ad</span> <span class='ocrx_word' id='word_1_145' title='bbox 1828 1386 2222 1433; x_wconf 89' lang='lat' dir='ltr'>emundationem</span> <span class='ocrx_word' id='word_1_146' title='bbox 2243 1388 2400 1435; x_wconf 91' lang='lat' dir='ltr'>carnis</span> <span class='ocrx_word' id='word_1_147' title='bbox 2434 1407 2443 1434; x_wconf 92' lang='lat'>:</span> 
     </span>
     <span class='ocr_line' id='line_1_14' title="bbox 321 1464 2448 1531; baseline 0.002 -22"><span class='ocrx_word' id='word_1_148' title='bbox 321 1472 504 1526; x_wconf 88' lang='lat' dir='ltr'>quanto</span> <span class='ocrx_word' id='word_1_149' title='bbox 527 1464 676 1527; x_wconf 90' lang='lat' dir='ltr'>magis</span> <span class='ocrx_word' id='word_1_150' title='bbox 698 1465 890 1528; x_wconf 88' lang='lat' dir='ltr'>sanguis</span> <span class='ocrx_word' id='word_1_151' title='bbox 908 1464 1106 1524; x_wconf 86' lang='lat' dir='ltr'>Christi,</span> <span class='ocrx_word' id='word_1_152' title='bbox 1126 1466 1210 1530; x_wconf 88' lang='lat' dir='ltr'>qui</span> <span class='ocrx_word' id='word_1_153' title='bbox 1232 1482 1318 1530; x_wconf 90' lang='lat' dir='ltr'>per</span> <span class='ocrx_word' id='word_1_154' title='bbox 1334 1466 1564 1531; x_wconf 90' lang='lat' dir='ltr'>Spiritum</span> <span class='ocrx_word' id='word_1_155' title='bbox 1585 1476 1807 1513; x_wconf 89' lang='lat' dir='ltr'>sanctum</span> <span class='ocrx_word' id='word_1_156' title='bbox 1830 1466 2140 1531; x_wconf 88' lang='lat' dir='ltr'>semetipsum</span> <span class='ocrx_word' id='word_1_157' title='bbox 2165 1465 2339 1513; x_wconf 90' lang='lat' dir='ltr'>obtulit</span> <span class='ocrx_word' id='word_1_158' title='bbox 2362 1467 2448 1513; x_wconf 92' lang='lat' dir='ltr'>im-</span> 
     </span>
     <span class='ocr_line' id='line_1_15' title="bbox 322 1542 2446 1612; baseline 0.002 -23"><span class='ocrx_word' id='word_1_159' title='bbox 322 1542 615 1603; x_wconf 87' lang='lat' dir='ltr'>maculatum</span> <span class='ocrx_word' id='word_1_160' title='bbox 633 1547 755 1604; x_wconf 90' lang='lat' dir='ltr'>Deo,</span> <span class='ocrx_word' id='word_1_161' title='bbox 775 1545 1058 1593; x_wconf 89' lang='lat' dir='ltr'>emundabit</span> <span class='ocrx_word' id='word_1_162' title='bbox 1080 1546 1427 1594; x_wconf 90' lang='lat' dir='ltr'>conscientiam</span> <span class='ocrx_word' id='word_1_163' title='bbox 1443 1557 1659 1594; x_wconf 90' lang='lat' dir='ltr'>nostram</span> <span class='ocrx_word' id='word_1_164' title='bbox 1675 1546 1737 1594; x_wconf 87' lang='lat' dir='ltr'>ab</span> <span class='ocrx_word' id='word_1_165' title='bbox 1751 1546 1980 1612; x_wconf 89' lang='lat' dir='ltr'>operibus</span> <span class='ocrx_word' id='word_1_166' title='bbox 1994 1548 2224 1594; x_wconf 78' lang='lat' dir='ltr'>mortuis?</span> <span class='ocrx_word' id='word_1_167' title='bbox 2242 1566 2265 1592; x_wconf 85' lang='lat'>&gt;›</span> <span class='ocrx_word' id='word_1_168' title='bbox 2285 1550 2446 1605; x_wconf 88' lang='lat' dir='ltr'>Quum</span> 
     </span>
     <span class='ocr_line' id='line_1_16' title="bbox 322 1624 2447 1692; baseline 0.002 -23"><span class='ocrx_word' id='word_1_169' title='bbox 322 1624 482 1671; x_wconf 79' lang='lat' dir='ltr'>autem</span> <span class='ocrx_word' id='word_1_170' title='bbox 519 1624 677 1688; x_wconf 89' lang='lat' dir='ltr'>ipsum</span> <span class='ocrx_word' id='word_1_171' title='bbox 713 1625 788 1672; x_wconf 85' lang='lat' dir='ltr'>vel</span> <span class='ocrx_word' id='word_1_172' title='bbox 823 1636 1114 1691; x_wconf 92' lang='lat' dir='ltr'>conceptum</span> <span class='ocrx_word' id='word_1_173' title='bbox 1135 1626 1212 1674; x_wconf 88' lang='lat' dir='ltr'>vel</span> <span class='ocrx_word' id='word_1_174' title='bbox 1241 1637 1409 1675; x_wconf 90' lang='lat' dir='ltr'>natum</span> <span class='ocrx_word' id='word_1_175' title='bbox 1444 1627 1505 1674; x_wconf 93' lang='lat' dir='ltr'>de</span> <span class='ocrx_word' id='word_1_176' title='bbox 1533 1627 1718 1692; x_wconf 53' lang='lat' dir='ltr'>‘Spiritu</span> <span class='ocrx_word' id='word_1_177' title='bbox 1752 1637 1919 1675; x_wconf 91' lang='lat' dir='ltr'>sancto</span> <span class='ocrx_word' id='word_1_178' title='bbox 1961 1627 2213 1687; x_wconf 88' lang='lat' dir='ltr'>audimus,</span> <span class='ocrx_word' id='word_1_179' title='bbox 2250 1627 2385 1674; x_wconf 88' lang='lat' dir='ltr'>aliter</span> <span class='ocrx_word' id='word_1_180' title='bbox 2420 1644 2447 1674; x_wconf 89' lang='lat' dir='ltr'>a</span> 
     </span>
     <span class='ocr_line' id='line_1_17' title="bbox 321 1702 2446 1772; baseline 0.003 -24"><span class='ocrx_word' id='word_1_181' title='bbox 321 1702 516 1765; x_wconf 87' lang='lat' dir='ltr'>Virgine</span> <span class='ocrx_word' id='word_1_182' title='bbox 532 1714 852 1769; x_wconf 82' lang='lat' dir='ltr'>conceptum,</span> <span class='ocrx_word' id='word_1_183' title='bbox 879 1705 1015 1753; x_wconf 89' lang='lat' dir='ltr'>aliter</span> <span class='ocrx_word' id='word_1_184' title='bbox 1036 1723 1148 1753; x_wconf 92' lang='lat' dir='ltr'>eum</span> <span class='ocrx_word' id='word_1_185' title='bbox 1172 1706 1233 1755; x_wconf 92' lang='lat' dir='ltr'>de</span> <span class='ocrx_word' id='word_1_186' title='bbox 1250 1707 1434 1771; x_wconf 82' lang='lat' dir='ltr'>:Spiritu</span> <span class='ocrx_word' id='word_1_187' title='bbox 1457 1706 1874 1772; x_wconf 76' lang='lat' dir='ltr'>conceptum3-vel</span> <span class='ocrx_word' id='word_1_188' title='bbox 1891 1706 2027 1754; x_wconf 87' lang='lat' dir='ltr'>aliter</span> <span class='ocrx_word' id='word_1_189' title='bbox 2049 1723 2161 1753; x_wconf 91' lang='lat' dir='ltr'>eum</span> <span class='ocrx_word' id='word_1_190' title='bbox 2184 1706 2245 1753; x_wconf 92' lang='lat' dir='ltr'>de</span> <span class='ocrx_word' id='word_1_191' title='bbox 2269 1707 2446 1771; x_wconf 90' lang='lat' dir='ltr'>Spiritu</span> 
     </span>
     <span class='ocr_line' id='line_1_18' title="bbox 322 1782 2443 1851; baseline 0.002 -23"><span class='ocrx_word' id='word_1_192' title='bbox 322 1791 513 1842; x_wconf 88' lang='lat' dir='ltr'>natum,</span> <span class='ocrx_word' id='word_1_193' title='bbox 534 1782 668 1831; x_wconf 88' lang='lat' dir='ltr'>aliter</span> <span class='ocrx_word' id='word_1_194' title='bbox 684 1784 746 1831; x_wconf 93' lang='lat' dir='ltr'>de</span> <span class='ocrx_word' id='word_1_195' title='bbox 767 1786 1156 1850; x_wconf 83' lang='lat' dir='ltr'>Virgine-natum</span> <span class='ocrx_word' id='word_1_196' title='bbox 1178 1787 1498 1851; x_wconf 85' lang='lat' dir='ltr'>intelligamus</span> <span class='ocrx_word' id='word_1_197' title='bbox 1522 1806 1533 1834; x_wconf 74' lang='grc' dir='ltr'>ε</span> <span class='ocrx_word' id='word_1_198' title='bbox 1556 1804 1584 1835; x_wconf 93' lang='lat' dir='ltr'>a</span> <span class='ocrx_word' id='word_1_199' title='bbox 1605 1787 1800 1851; x_wconf 87' lang='lat' dir='ltr'>Virgine</span> <span class='ocrx_word' id='word_1_200' title='bbox 1812 1786 2034 1851; x_wconf 88' lang='lat' dir='ltr'>quidem,</span> <span class='ocrx_word' id='word_1_201' title='bbox 2050 1786 2126 1834; x_wconf 89' lang='lat' dir='ltr'>vel</span> <span class='ocrx_word' id='word_1_202' title='bbox 2149 1786 2210 1833; x_wconf 90' lang='lat' dir='ltr'>de</span> <span class='ocrx_word' id='word_1_203' title='bbox 2231 1787 2443 1850; x_wconf 88' lang='lat' dir='ltr'>Virgine,</span> 
     </span>
     <span class='ocr_line' id='line_1_19' title="bbox 321 1850 2447 1932; baseline 0.002 -24"><span class='ocrx_word' id='word_1_204' title='bbox 321 1861 589 1931; x_wconf 86' lang='lat' dir='ltr'>secundum</span> <span class='ocrx_word' id='word_1_205' title='bbox 601 1865 736 1928; x_wconf 91' lang='lat' dir='ltr'>quod</span> <span class='ocrx_word' id='word_1_206' title='bbox 755 1865 817 1913; x_wconf 89' lang='lat' dir='ltr'>de</span> <span class='ocrx_word' id='word_1_207' title='bbox 838 1866 1104 1915; x_wconf 88' lang='lat' dir='ltr'>substantia</span> <span class='ocrx_word' id='word_1_208' title='bbox 1128 1868 1228 1931; x_wconf 92' lang='lat' dir='ltr'>ejus</span> <span class='ocrx_word' id='word_1_209' title='bbox 1251 1878 1482 1932; x_wconf 89' lang='lat' dir='ltr'>tanquam</span> <span class='ocrx_word' id='word_1_210' title='bbox 1498 1868 1663 1915; x_wconf 87' lang='lat' dir='ltr'>matris</span> <span class='ocrx_word' id='word_1_211' title='bbox 1679 1884 1874 1915; x_wconf 90' lang='lat' dir='ltr'>carnem</span> <span class='ocrx_word' id='word_1_212' title='bbox 1896 1850 2133 1932; x_wconf 73' lang='lat' dir='ltr'>acceperit</span> <span class='ocrx_word' id='word_1_213' title='bbox 2153 1885 2163 1913; x_wconf 81' lang='lat' dir='ltr'>z</span> <span class='ocrx_word' id='word_1_214' title='bbox 2187 1866 2248 1913; x_wconf 93' lang='lat' dir='ltr'>de</span> <span class='ocrx_word' id='word_1_215' title='bbox 2271 1867 2447 1931; x_wconf 89' lang='lat' dir='ltr'>Spiritu</span> 
     </span>
     <span class='ocr_line' id='line_1_20' title="bbox 322 1940 2447 2013; baseline 0.002 -25"><span class='ocrx_word' id='word_1_216' title='bbox 322 1940 456 2001; x_wconf 83' lang='lat' dir='ltr'>vero,</span> <span class='ocrx_word' id='word_1_217' title='bbox 482 1945 750 1992; x_wconf 87' lang='lat' dir='ltr'>secundum</span> <span class='ocrx_word' id='word_1_218' title='bbox 772 1945 868 1993; x_wconf 93' lang='lat' dir='ltr'>hoc</span> <span class='ocrx_word' id='word_1_219' title='bbox 890 1947 1023 2011; x_wconf 91' lang='lat' dir='ltr'>quod</span> <span class='ocrx_word' id='word_1_220' title='bbox 1043 1964 1130 2013; x_wconf 93' lang='lat' dir='ltr'>per</span> <span class='ocrx_word' id='word_1_221' title='bbox 1148 1947 1339 2008; x_wconf 88' lang='lat' dir='ltr'>divinae,</span> <span class='ocrx_word' id='word_1_222' title='bbox 1355 1958 1410 1995; x_wconf 94' lang='lat' dir='ltr'>ut</span> <span class='ocrx_word' id='word_1_223' title='bbox 1426 1948 1608 1997; x_wconf 91' lang='lat' dir='ltr'>dictum</span> <span class='ocrx_word' id='word_1_224' title='bbox 1623 1958 1710 2007; x_wconf 91' lang='lat' dir='ltr'>est,</span> <span class='ocrx_word' id='word_1_225' title='bbox 1731 1948 1889 2011; x_wconf 87' lang='lat' dir='ltr'>gratiae</span> <span class='ocrx_word' id='word_1_226' title='bbox 1905 1963 2083 1994; x_wconf 87' lang='lat' dir='ltr'>novam</span> <span class='ocrx_word' id='word_1_227' title='bbox 2099 1963 2155 1994; x_wconf 89' lang='lat' dir='ltr'>ac</span> <span class='ocrx_word' id='word_1_228' title='bbox 2178 1946 2447 1994; x_wconf 89' lang='lat' dir='ltr'>mirandam</span> 
     </span>
     <span class='ocr_line' id='line_1_21' title="bbox 322 2022 2445 2092; baseline 0.002 -24"><span class='ocrx_word' id='word_1_229' title='bbox 322 2022 656 2087; x_wconf 88' lang='lat' dir='ltr'>operationem</span> <span class='ocrx_word' id='word_1_230' title='bbox 674 2024 851 2072; x_wconf 89' lang='lat' dir='ltr'>factum</span> <span class='ocrx_word' id='word_1_231' title='bbox 875 2036 945 2073; x_wconf 88' lang='lat' dir='ltr'>est</span> <span class='ocrx_word' id='word_1_232' title='bbox 966 2045 976 2073; x_wconf 73' lang='grc' dir='ltr'><strong>ε</strong></span> <span class='ocrx_word' id='word_1_233' title='bbox 1001 2027 1063 2074; x_wconf 88' lang='lat' dir='ltr'>ad</span> <span class='ocrx_word' id='word_1_234' title='bbox 1085 2044 1232 2092; x_wconf 91' lang='lat' dir='ltr'>quam</span> <span class='ocrx_word' id='word_1_235' title='bbox 1255 2027 1386 2075; x_wconf 88' lang='lat' dir='ltr'>nulla</span> <span class='ocrx_word' id='word_1_236' title='bbox 1408 2028 1643 2075; x_wconf 92' lang='lat' dir='ltr'>institutio</span> <span class='ocrx_word' id='word_1_237' title='bbox 1664 2037 1844 2075; x_wconf 84' lang='lat' dir='ltr'>naturae</span> <span class='ocrx_word' id='word_1_238' title='bbox 1866 2026 2084 2074; x_wconf 85' lang='lat' dir='ltr'>sufficere</span> <span class='ocrx_word' id='word_1_239' title='bbox 2106 2035 2312 2091; x_wconf 91' lang='lat' dir='ltr'>poterat.</span> <span class='ocrx_word' id='word_1_240' title='bbox 2341 2029 2445 2073; x_wconf 90' lang='lat' dir='ltr'>Non</span> 
     </span>
     <span class='ocr_line' id='line_1_22' title="bbox 322 2104 2447 2172; baseline 0.002 -22"><span class='ocrx_word' id='word_1_241' title='bbox 322 2119 436 2167; x_wconf 88' lang='lat' dir='ltr'>ergo</span> <span class='ocrx_word' id='word_1_242' title='bbox 459 2105 525 2152; x_wconf 90' lang='lat' dir='ltr'>ita</span> <span class='ocrx_word' id='word_1_243' title='bbox 546 2106 594 2152; x_wconf 93' lang='lat' dir='ltr'>in</span> <span class='ocrx_word' id='word_1_244' title='bbox 618 2104 709 2153; x_wconf 89' lang='lat' dir='ltr'>hac</span> <span class='ocrx_word' id='word_1_245' title='bbox 732 2107 979 2155; x_wconf 87' lang='lat' dir='ltr'>nativitate</span> <span class='ocrx_word' id='word_1_246' title='bbox 1006 2107 1083 2155; x_wconf 86' lang='lat' dir='ltr'>vel</span> <span class='ocrx_word' id='word_1_247' title='bbox 1110 2108 1442 2156; x_wconf 86' lang='lat' dir='ltr'>incarnatione</span> <span class='ocrx_word' id='word_1_248' title='bbox 1465 2109 1663 2155; x_wconf 91' lang='lat' dir='ltr'>Domini</span> <span class='ocrx_word' id='word_1_249' title='bbox 1684 2118 1871 2172; x_wconf 85' lang='lat' dir='ltr'>patrem</span> <span class='ocrx_word' id='word_1_250' title='bbox 1893 2108 1994 2170; x_wconf 89' lang='lat' dir='ltr'>ejus</span> <span class='ocrx_word' id='word_1_251' title='bbox 2017 2106 2278 2170; x_wconf 90' lang='lat' dir='ltr'>intelligere</span> <span class='ocrx_word' id='word_1_252' title='bbox 2301 2106 2447 2154; x_wconf 90' lang='lat' dir='ltr'>debe-</span> 
     </span>
     <span class='ocr_line' id='line_1_23' title="bbox 322 2185 2448 2253; baseline 0.002 -23"><span class='ocrx_word' id='word_1_253' title='bbox 322 2200 429 2231; x_wconf 91' lang='lat' dir='ltr'>mus</span> <span class='ocrx_word' id='word_1_254' title='bbox 455 2185 686 2249; x_wconf 87' lang='lat' dir='ltr'>Spiritum</span> <span class='ocrx_word' id='word_1_255' title='bbox 709 2197 952 2246; x_wconf 87' lang='lat' dir='ltr'>sanctum,</span> <span class='ocrx_word' id='word_1_256' title='bbox 977 2188 1100 2235; x_wconf 89' lang='lat' dir='ltr'>sicut</span> <span class='ocrx_word' id='word_1_257' title='bbox 1116 2188 1216 2251; x_wconf 89' lang='lat' dir='ltr'>ejus</span> <span class='ocrx_word' id='word_1_258' title='bbox 1238 2198 1443 2236; x_wconf 91' lang='lat' dir='ltr'>matrem</span> <span class='ocrx_word' id='word_1_259' title='bbox 1465 2188 1751 2253; x_wconf 83' lang='lat' dir='ltr'>profitemur</span> <span class='ocrx_word' id='word_1_260' title='bbox 1773 2188 2026 2252; x_wconf 81' lang='lat' dir='ltr'>virginem.</span> <span class='ocrx_word' id='word_1_261' title='bbox 2053 2187 2185 2234; x_wconf 90' lang='lat' dir='ltr'>Sicut</span> <span class='ocrx_word' id='word_1_262' title='bbox 2216 2188 2346 2235; x_wconf 90' lang='lat' dir='ltr'>enim</span> <span class='ocrx_word' id='word_1_263' title='bbox 2370 2188 2448 2236; x_wconf 89' lang='lat' dir='ltr'>illa</span> 
     </span>
     <span class='ocr_line' id='line_1_24' title="bbox 321 2263 2449 2332; baseline 0.003 -23"><span class='ocrx_word' id='word_1_264' title='bbox 321 2263 422 2327; x_wconf 88' lang='lat' dir='ltr'>ejus</span> <span class='ocrx_word' id='word_1_265' title='bbox 443 2274 620 2313; x_wconf 86' lang='lat' dir='ltr'>aeterna</span> <span class='ocrx_word' id='word_1_266' title='bbox 651 2267 894 2330; x_wconf 87' lang='lat' dir='ltr'>generatio</span> <span class='ocrx_word' id='word_1_267' title='bbox 922 2266 983 2314; x_wconf 91' lang='lat' dir='ltr'>de</span> <span class='ocrx_word' id='word_1_268' title='bbox 1017 2267 1283 2316; x_wconf 88' lang='lat' dir='ltr'>substantia</span> <span class='ocrx_word' id='word_1_269' title='bbox 1314 2268 1462 2315; x_wconf 90' lang='lat' dir='ltr'>Patris</span> <span class='ocrx_word' id='word_1_270' title='bbox 1490 2268 1594 2316; x_wconf 91' lang='lat' dir='ltr'>sine</span> <span class='ocrx_word' id='word_1_271' title='bbox 1628 2278 1779 2316; x_wconf 90' lang='lat' dir='ltr'>matre</span> <span class='ocrx_word' id='word_1_272' title='bbox 1802 2277 1897 2327; x_wconf 87' lang='lat' dir='ltr'>est,</span> <span class='ocrx_word' id='word_1_273' title='bbox 1923 2268 1990 2315; x_wconf 91' lang='lat' dir='ltr'>sic</span> <span class='ocrx_word' id='word_1_274' title='bbox 2012 2267 2102 2315; x_wconf 90' lang='lat' dir='ltr'>ista</span> <span class='ocrx_word' id='word_1_275' title='bbox 2120 2267 2449 2332; x_wconf 87' lang='lat' dir='ltr'>temporaliter</span> 
     </span>
     <span class='ocr_line' id='line_1_25' title="bbox 323 2342 2449 2415; baseline 0.003 -24"><span class='ocrx_word' id='word_1_276' title='bbox 323 2342 384 2391; x_wconf 90' lang='lat' dir='ltr'>de</span> <span class='ocrx_word' id='word_1_277' title='bbox 405 2356 558 2394; x_wconf 90' lang='lat' dir='ltr'>matre</span> <span class='ocrx_word' id='word_1_278' title='bbox 587 2347 690 2395; x_wconf 89' lang='lat' dir='ltr'>sine</span> <span class='ocrx_word' id='word_1_279' title='bbox 717 2358 854 2412; x_wconf 89' lang='lat' dir='ltr'>patre</span> <span class='ocrx_word' id='word_1_280' title='bbox 889 2359 976 2396; x_wconf 91' lang='lat' dir='ltr'>est.</span> <span class='ocrx_word' id='word_1_281' title='bbox 1004 2351 1321 2415; x_wconf 87' lang='lat' dir='ltr'>Operatorem</span> <span class='ocrx_word' id='word_1_282' title='bbox 1355 2351 1532 2415; x_wconf 90' lang='lat' dir='ltr'>itaque,</span> <span class='ocrx_word' id='word_1_283' title='bbox 1570 2360 1621 2397; x_wconf 90' lang='lat' dir='ltr'>ut</span> <span class='ocrx_word' id='word_1_284' title='bbox 1657 2350 1842 2397; x_wconf 90' lang='lat' dir='ltr'>dictum</span> <span class='ocrx_word' id='word_1_285' title='bbox 1864 2359 1958 2408; x_wconf 89' lang='lat' dir='ltr'>est,</span> <span class='ocrx_word' id='word_1_286' title='bbox 1985 2349 2146 2414; x_wconf 86' lang='lat' dir='ltr'>potius</span> <span class='ocrx_word' id='word_1_287' title='bbox 2181 2365 2327 2412; x_wconf 90' lang='lat' dir='ltr'>quam</span> <span class='ocrx_word' id='word_1_288' title='bbox 2362 2366 2449 2414; x_wconf 88' lang='lat' dir='ltr'>pa-</span> 
     </span>
     <span class='ocr_line' id='line_1_26' title="bbox 320 2426 2447 2493; baseline 0.002 -23"><span class='ocrx_word' id='word_1_289' title='bbox 320 2433 443 2471; x_wconf 90' lang='lat' dir='ltr'>trem</span> <span class='ocrx_word' id='word_1_290' title='bbox 457 2426 686 2491; x_wconf 91' lang='lat' dir='ltr'>Spiritum</span> <span class='ocrx_word' id='word_1_291' title='bbox 698 2438 918 2475; x_wconf 90' lang='lat' dir='ltr'>sanctum</span> <span class='ocrx_word' id='word_1_292' title='bbox 930 2428 1044 2475; x_wconf 89' lang='lat' dir='ltr'>hinc</span> <span class='ocrx_word' id='word_1_293' title='bbox 1058 2429 1284 2493; x_wconf 87' lang='lat' dir='ltr'>intellige,</span> <span class='ocrx_word' id='word_1_294' title='bbox 1305 2430 1427 2476; x_wconf 88' lang='lat' dir='ltr'>sicut</span> <span class='ocrx_word' id='word_1_295' title='bbox 1449 2440 1496 2477; x_wconf 90' lang='lat' dir='ltr'>et</span> <span class='ocrx_word' id='word_1_296' title='bbox 1518 2431 1567 2476; x_wconf 91' lang='lat' dir='ltr'>in</span> <span class='ocrx_word' id='word_1_297' title='bbox 1591 2429 1787 2492; x_wconf 88' lang='lat' dir='ltr'>singulis</span> <span class='ocrx_word' id='word_1_298' title='bbox 1803 2445 1909 2493; x_wconf 87' lang='lat' dir='ltr'>quae</span> <span class='ocrx_word' id='word_1_299' title='bbox 1938 2428 2050 2475; x_wconf 85' lang='lat' dir='ltr'>facit</span> <span class='ocrx_word' id='word_1_300' title='bbox 2071 2431 2199 2474; x_wconf 93' lang='lat' dir='ltr'>Deus</span> <span class='ocrx_word' id='word_1_301' title='bbox 2222 2438 2447 2492; x_wconf 90' lang='lat' dir='ltr'>operator</span> 
     </span>
     <span class='ocr_line' id='line_1_27' title="bbox 321 2504 2446 2576; baseline 0.001 -24"><span class='ocrx_word' id='word_1_302' title='bbox 321 2504 512 2566; x_wconf 91' lang='lat' dir='ltr'>dicitur,</span> <span class='ocrx_word' id='word_1_303' title='bbox 538 2508 613 2554; x_wconf 85' lang='lat' dir='ltr'>vel</span> <span class='ocrx_word' id='word_1_304' title='bbox 635 2519 823 2556; x_wconf 90' lang='lat' dir='ltr'>creator</span> <span class='ocrx_word' id='word_1_305' title='bbox 844 2511 1005 2575; x_wconf 90' lang='lat' dir='ltr'>potius</span> <span class='ocrx_word' id='word_1_306' title='bbox 1035 2527 1183 2575; x_wconf 89' lang='lat' dir='ltr'>quam</span> <span class='ocrx_word' id='word_1_307' title='bbox 1218 2521 1353 2576; x_wconf 92' lang='lat' dir='ltr'>pater</span> <span class='ocrx_word' id='word_1_308' title='bbox 1385 2512 1582 2576; x_wconf 89' lang='lat' dir='ltr'>proprie</span> <span class='ocrx_word' id='word_1_309' title='bbox 1617 2510 1851 2557; x_wconf 89' lang='lat' dir='ltr'>dicendus</span> <span class='ocrx_word' id='word_1_310' title='bbox 1878 2519 1966 2556; x_wconf 91' lang='lat' dir='ltr'>est.</span> <span class='ocrx_word' id='word_1_311' title='bbox 2004 2512 2061 2556; x_wconf 89' lang='lat' dir='ltr'>Et</span> <span class='ocrx_word' id='word_1_312' title='bbox 2095 2509 2289 2571; x_wconf 75' lang='lat' dir='ltr'>attende</span> <span class='ocrx_word' id='word_1_313' title='bbox 2314 2510 2446 2573; x_wconf 90' lang='lat' dir='ltr'>quod</span> 
     </span>
     <span class='ocr_line' id='line_1_28' title="bbox 322 2585 2447 2654; baseline 0.002 -24"><span class='ocrx_word' id='word_1_314' title='bbox 322 2600 473 2648; x_wconf 91' lang='lat' dir='ltr'>quum</span> <span class='ocrx_word' id='word_1_315' title='bbox 497 2585 612 2634; x_wconf 93' lang='lat' dir='ltr'>dicit</span> <span class='ocrx_word' id='word_1_316' title='bbox 635 2587 785 2636; x_wconf 83' lang='lat' dir='ltr'>filium</span> <span class='ocrx_word' id='word_1_317' title='bbox 814 2590 902 2636; x_wconf 90' lang='lat' dir='ltr'>Dei</span> <span class='ocrx_word' id='word_1_318' title='bbox 930 2589 992 2637; x_wconf 90' lang='lat' dir='ltr'>de</span> <span class='ocrx_word' id='word_1_319' title='bbox 1015 2590 1209 2654; x_wconf 86' lang='lat' dir='ltr'>Virgine</span> <span class='ocrx_word' id='word_1_320' title='bbox 1238 2600 1430 2650; x_wconf 89' lang='lat' dir='ltr'>natum,</span> <span class='ocrx_word' id='word_1_321' title='bbox 1457 2590 1779 2654; x_wconf 87' lang='lat' dir='ltr'>eumdemque</span> <span class='ocrx_word' id='word_1_322' title='bbox 1809 2599 1909 2636; x_wconf 89' lang='lat' dir='ltr'>tam</span> <span class='ocrx_word' id='word_1_323' title='bbox 1942 2589 2031 2635; x_wconf 91' lang='lat' dir='ltr'>Dei</span> <span class='ocrx_word' id='word_1_324' title='bbox 2060 2605 2207 2652; x_wconf 91' lang='lat' dir='ltr'>quam</span> <span class='ocrx_word' id='word_1_325' title='bbox 2235 2587 2447 2635; x_wconf 91' lang='lat' dir='ltr'>hominis</span> 
     </span>
     <span class='ocr_line' id='line_1_29' title="bbox 320 2662 2447 2735; baseline 0.002 -25"><span class='ocrx_word' id='word_1_326' title='bbox 320 2662 474 2731; x_wconf 87' lang='lat' dir='ltr'>filium</span> <span class='ocrx_word' id='word_1_327' title='bbox 507 2682 609 2713; x_wconf 89' lang='lat' dir='ltr'>esse</span> <span class='ocrx_word' id='word_1_328' title='bbox 639 2669 831 2728; x_wconf 90' lang='lat' dir='ltr'>astruit,</span> <span class='ocrx_word' id='word_1_329' title='bbox 856 2671 1091 2717; x_wconf 90' lang='lat' dir='ltr'>unitatem</span> <span class='ocrx_word' id='word_1_330' title='bbox 1122 2686 1339 2735; x_wconf 88' lang='lat' dir='ltr'>personae</span> <span class='ocrx_word' id='word_1_331' title='bbox 1373 2671 1421 2717; x_wconf 92' lang='lat' dir='ltr'>in</span> <span class='ocrx_word' id='word_1_332' title='bbox 1453 2670 1642 2718; x_wconf 86' lang='lat' dir='ltr'>duabus</span> <span class='ocrx_word' id='word_1_333' title='bbox 1665 2669 1872 2728; x_wconf 84' lang='lat' dir='ltr'>naturiS‚</span> <span class='ocrx_word' id='word_1_334' title='bbox 1901 2667 2065 2715; x_wconf 88' lang='lat' dir='ltr'>divina</span> <span class='ocrx_word' id='word_1_335' title='bbox 2098 2666 2277 2714; x_wconf 82' lang='lat' dir='ltr'>scilicet</span> <span class='ocrx_word' id='word_1_336' title='bbox 2304 2677 2447 2732; x_wconf 89' lang='lat' dir='ltr'>atque</span> 
     </span>
     <span class='ocr_line' id='line_1_30' title="bbox 320 2743 2446 2811; baseline 0.001 -20"><span class='ocrx_word' id='word_1_337' title='bbox 320 2743 556 2805; x_wconf 87' lang='lat' dir='ltr'>humana,</span> <span class='ocrx_word' id='word_1_338' title='bbox 582 2747 854 2796; x_wconf 84' lang='lat' dir='ltr'>confirmat.</span> <span class='ocrx_word' id='word_1_339' title='bbox 882 2750 1112 2808; x_wconf 88' lang='lat' dir='ltr'>Quamvis</span> <span class='ocrx_word' id='word_1_340' title='bbox 1133 2752 1264 2798; x_wconf 89' lang='lat' dir='ltr'>enim</span> <span class='ocrx_word' id='word_1_341' title='bbox 1286 2751 1554 2800; x_wconf 92' lang='lat' dir='ltr'>secundum</span> <span class='ocrx_word' id='word_1_342' title='bbox 1585 2751 1887 2799; x_wconf 82' lang='lat' dir='ltr'>divinitatem</span> <span class='ocrx_word' id='word_1_343' title='bbox 1914 2765 1973 2796; x_wconf 83' lang='lat' dir='ltr'>ex</span> <span class='ocrx_word' id='word_1_344' title='bbox 1995 2748 2100 2796; x_wconf 91' lang='lat' dir='ltr'>solo</span> <span class='ocrx_word' id='word_1_345' title='bbox 2126 2751 2263 2795; x_wconf 91' lang='lat' dir='ltr'>Patre</span> <span class='ocrx_word' id='word_1_346' title='bbox 2284 2748 2344 2795; x_wconf 91' lang='lat' dir='ltr'>sit</span> <span class='ocrx_word' id='word_1_347' title='bbox 2366 2764 2446 2811; x_wconf 89' lang='lat' dir='ltr'>ge—</span> 
     </span>
     <span class='ocr_line' id='line_1_31' title="bbox 320 2826 2450 2894; baseline 0.002 -22"><span class='ocrx_word' id='word_1_348' title='bbox 320 2826 467 2886; x_wconf 83' lang='lat' dir='ltr'>nituS,</span> <span class='ocrx_word' id='word_1_349' title='bbox 511 2838 558 2875; x_wconf 90' lang='lat' dir='ltr'>et</span> <span class='ocrx_word' id='word_1_350' title='bbox 591 2831 859 2879; x_wconf 88' lang='lat' dir='ltr'>secundum</span> <span class='ocrx_word' id='word_1_351' title='bbox 887 2831 1237 2881; x_wconf 90' lang='lat' dir='ltr'>humanitatem</span> <span class='ocrx_word' id='word_1_352' title='bbox 1279 2850 1336 2881; x_wconf 84' lang='lat' dir='ltr'>ex</span> <span class='ocrx_word' id='word_1_353' title='bbox 1369 2834 1471 2882; x_wconf 88' lang='lat' dir='ltr'>sola</span> <span class='ocrx_word' id='word_1_354' title='bbox 1505 2844 1658 2881; x_wconf 90' lang='lat' dir='ltr'>matre</span> <span class='ocrx_word' id='word_1_355' title='bbox 1685 2833 1746 2880; x_wconf 88' lang='lat' dir='ltr'>sit</span> <span class='ocrx_word' id='word_1_356' title='bbox 1768 2842 1931 2891; x_wconf 88' lang='lat' dir='ltr'>natus,</span> <span class='ocrx_word' id='word_1_357' title='bbox 1965 2830 2151 2894; x_wconf 88' lang='lat' dir='ltr'>aliaque</span> <span class='ocrx_word' id='word_1_358' title='bbox 2177 2830 2246 2876; x_wconf 84' lang='lat' dir='ltr'>sit</span> <span class='ocrx_word' id='word_1_359' title='bbox 2280 2839 2450 2877; x_wconf 89' lang='lat' dir='ltr'>natura</span> 
     </span>
     <span class='ocr_line' id='line_1_32' title="bbox 322 2907 2450 2974; baseline 0.002 -22"><span class='ocrx_word' id='word_1_360' title='bbox 322 2907 437 2967; x_wconf 90' lang='lat' dir='ltr'>Dei,</span> <span class='ocrx_word' id='word_1_361' title='bbox 461 2907 553 2956; x_wconf 88' lang='lat' dir='ltr'>alia</span> <span class='ocrx_word' id='word_1_362' title='bbox 570 2908 804 2971; x_wconf 91' lang='lat' dir='ltr'>hominis;</span> <span class='ocrx_word' id='word_1_363' title='bbox 832 2912 962 2960; x_wconf 86' lang='lat' dir='ltr'>aliud</span> <span class='ocrx_word' id='word_1_364' title='bbox 983 2914 1044 2961; x_wconf 91' lang='lat' dir='ltr'>sit</span> <span class='ocrx_word' id='word_1_365' title='bbox 1059 2914 1308 2974; x_wconf 81' lang='lat' dir='ltr'>divinitas,</span> <span class='ocrx_word' id='word_1_366' title='bbox 1334 2914 1464 2962; x_wconf 92' lang='lat' dir='ltr'>aliud</span> <span class='ocrx_word' id='word_1_367' title='bbox 1480 2915 1753 2962; x_wconf 91' lang='lat' dir='ltr'>humanitas</span> <span class='ocrx_word' id='word_1_368' title='bbox 1771 2932 1781 2960; x_wconf 90' lang='lat'><strong>:</strong></span> <span class='ocrx_word' id='word_1_369' title='bbox 1799 2928 1897 2960; x_wconf 89' lang='lat' dir='ltr'>una</span> <span class='ocrx_word' id='word_1_370' title='bbox 1911 2921 2073 2959; x_wconf 90' lang='lat' dir='ltr'>tamen</span> <span class='ocrx_word' id='word_1_371' title='bbox 2097 2920 2168 2957; x_wconf 89' lang='lat' dir='ltr'>est</span> <span class='ocrx_word' id='word_1_372' title='bbox 2189 2911 2238 2956; x_wconf 90' lang='lat' dir='ltr'>in</span> <span class='ocrx_word' id='word_1_373' title='bbox 2262 2910 2450 2958; x_wconf 84' lang='lat' dir='ltr'>Christo</span> 
     </span>
     <span class='ocr_line' id='line_1_33' title="bbox 324 2990 2453 3059; baseline 0.002 -26"><span class='ocrx_word' id='word_1_374' title='bbox 324 3003 557 3052; x_wconf 89' lang='lat' dir='ltr'>persona,</span> <span class='ocrx_word' id='word_1_375' title='bbox 582 2990 634 3037; x_wconf 92' lang='lat' dir='ltr'>in</span> <span class='ocrx_word' id='word_1_376' title='bbox 658 2991 846 3040; x_wconf 89' lang='lat' dir='ltr'>duabus</span> <span class='ocrx_word' id='word_1_377' title='bbox 869 2994 1051 3042; x_wconf 89' lang='lat' dir='ltr'>naturis</span> <span class='ocrx_word' id='word_1_378' title='bbox 1072 2995 1356 3055; x_wconf 91' lang='lat' dir='ltr'>consistens,</span> <span class='ocrx_word' id='word_1_379' title='bbox 1385 3013 1475 3043; x_wconf 89' lang='lat' dir='ltr'>nec</span> <span class='ocrx_word' id='word_1_380' title='bbox 1497 3005 1569 3043; x_wconf 90' lang='lat' dir='ltr'>est</span> <span class='ocrx_word' id='word_1_381' title='bbox 1591 2995 1721 3043; x_wconf 85' lang='lat' dir='ltr'>aliud</span> <span class='ocrx_word' id='word_1_382' title='bbox 1751 2995 1801 3041; x_wconf 90' lang='lat' dir='ltr'>in</span> <span class='ocrx_word' id='word_1_383' title='bbox 1821 3007 2030 3059; x_wconf 87' lang='lat' dir='ltr'>persona</span> <span class='ocrx_word' id='word_1_384' title='bbox 2053 2991 2176 3037; x_wconf 83' lang='lat' dir='ltr'>filius</span> <span class='ocrx_word' id='word_1_385' title='bbox 2198 2991 2286 3037; x_wconf 91' lang='lat' dir='ltr'>Dei</span> <span class='ocrx_word' id='word_1_386' title='bbox 2304 3007 2453 3054; x_wconf 90' lang='lat' dir='ltr'>quam</span> 
     </span>
     <span class='ocr_line' id='line_1_34' title="bbox 328 3065 2448 3140; baseline 0.002 -27"><span class='ocrx_word' id='word_1_387' title='bbox 328 3065 454 3129; x_wconf 85' lang='lat' dir='ltr'>filius</span> <span class='ocrx_word' id='word_1_388' title='bbox 475 3067 708 3119; x_wconf 87' lang='lat' dir='ltr'>hominis.</span> <span class='ocrx_word' id='word_1_389' title='bbox 735 3074 965 3130; x_wconf 81' lang='lat' dir='ltr'>Quamvis</span> <span class='ocrx_word' id='word_1_390' title='bbox 988 3075 1118 3123; x_wconf 91' lang='lat' dir='ltr'>aliud</span> <span class='ocrx_word' id='word_1_391' title='bbox 1140 3076 1200 3124; x_wconf 87' lang='lat' dir='ltr'>sit</span> <span class='ocrx_word' id='word_1_392' title='bbox 1227 3077 1277 3123; x_wconf 91' lang='lat' dir='ltr'>in</span> <span class='ocrx_word' id='word_1_393' title='bbox 1300 3086 1472 3124; x_wconf 92' lang='lat' dir='ltr'>natura</span> <span class='ocrx_word' id='word_1_394' title='bbox 1493 3076 1708 3124; x_wconf 87' lang='lat' dir='ltr'>Verbum</span> <span class='ocrx_word' id='word_1_395' title='bbox 1733 3074 1866 3140; x_wconf 92' lang='lat' dir='ltr'>quod</span> <span class='ocrx_word' id='word_1_396' title='bbox 1893 3073 2145 3120; x_wconf 89' lang='lat' dir='ltr'>hominem</span> <span class='ocrx_word' id='word_1_397' title='bbox 2177 3072 2448 3136; x_wconf 88' lang='lat' dir='ltr'>assumpsit,</span> 
     </span>
     <span class='ocr_line' id='line_1_35' title="bbox 324 3150 2453 3222; baseline 0.003 -28"><span class='ocrx_word' id='word_1_398' title='bbox 324 3151 473 3213; x_wconf 85' lang='lat' dir='ltr'>quam</span> <span class='ocrx_word' id='word_1_399' title='bbox 494 3150 648 3199; x_wconf 91' lang='lat' dir='ltr'>homo</span> <span class='ocrx_word' id='word_1_400' title='bbox 667 3154 769 3219; x_wconf 86' lang='lat' dir='ltr'>ipse</span> <span class='ocrx_word' id='word_1_401' title='bbox 791 3166 1062 3222; x_wconf 88' lang='lat' dir='ltr'>assumptus</span> <span class='ocrx_word' id='word_1_402' title='bbox 1080 3176 1092 3216; x_wconf 91' lang='lat'>;</span> <span class='ocrx_word' id='word_1_403' title='bbox 1117 3174 1207 3205; x_wconf 87' lang='lat' dir='ltr'>nec</span> <span class='ocrx_word' id='word_1_404' title='bbox 1229 3158 1328 3206; x_wconf 93' lang='lat' dir='ltr'>duo</span> <span class='ocrx_word' id='word_1_405' title='bbox 1352 3169 1464 3206; x_wconf 91' lang='lat' dir='ltr'>sunt</span> <span class='ocrx_word' id='word_1_406' title='bbox 1485 3159 1681 3219; x_wconf 89' lang='lat' dir='ltr'>Christi,</span> <span class='ocrx_word' id='word_1_407' title='bbox 1709 3172 1956 3204; x_wconf 87' lang='lat' dir='ltr'>assumens</span> <span class='ocrx_word' id='word_1_408' title='bbox 1979 3164 2026 3201; x_wconf 89' lang='lat' dir='ltr'>et</span> <span class='ocrx_word' id='word_1_409' title='bbox 2048 3163 2344 3218; x_wconf 89' lang='lat' dir='ltr'>assumptus,</span> <span class='ocrx_word' id='word_1_410' title='bbox 2370 3155 2453 3201; x_wconf 91' lang='lat' dir='ltr'>sed</span> 
     </span>
     <span class='ocr_line' id='line_1_36' title="bbox 327 3230 2454 3302; baseline 0.002 -28"><span class='ocrx_word' id='word_1_411' title='bbox 327 3244 451 3276; x_wconf 91' lang='lat' dir='ltr'>unus</span> <span class='ocrx_word' id='word_1_412' title='bbox 482 3230 701 3281; x_wconf 88' lang='lat' dir='ltr'>Christus</span> <span class='ocrx_word' id='word_1_413' title='bbox 732 3252 741 3281; x_wconf 92' lang='lat'>:</span> <span class='ocrx_word' id='word_1_414' title='bbox 774 3235 842 3282; x_wconf 86' lang='lat' dir='ltr'>sie</span> <span class='ocrx_word' id='word_1_415' title='bbox 869 3253 959 3284; x_wconf 91' lang='lat' dir='ltr'>nec</span> <span class='ocrx_word' id='word_1_416' title='bbox 993 3236 1092 3285; x_wconf 90' lang='lat' dir='ltr'>duo</span> <span class='ocrx_word' id='word_1_417' title='bbox 1120 3248 1233 3285; x_wconf 91' lang='lat' dir='ltr'>sunt</span> <span class='ocrx_word' id='word_1_418' title='bbox 1261 3238 1484 3287; x_wconf 88' lang='lat' dir='ltr'>homines</span> <span class='ocrx_word' id='word_1_419' title='bbox 1511 3239 1587 3286; x_wconf 87' lang='lat' dir='ltr'>vel</span> <span class='ocrx_word' id='word_1_420' title='bbox 1615 3238 1721 3285; x_wconf 86' lang='lat' dir='ltr'>duae</span> <span class='ocrx_word' id='word_1_421' title='bbox 1751 3252 1968 3302; x_wconf 87' lang='lat' dir='ltr'>personae</span> <span class='ocrx_word' id='word_1_422' title='bbox 1990 3234 2152 3282; x_wconf 90' lang='lat' dir='ltr'>anima</span> <span class='ocrx_word' id='word_1_423' title='bbox 2173 3233 2385 3280; x_wconf 90' lang='lat' dir='ltr'>hominis</span> <span class='ocrx_word' id='word_1_424' title='bbox 2408 3243 2454 3279; x_wconf 89' lang='lat' dir='ltr'>et</span> 
     </span>
     <span class='ocr_line' id='line_1_37' title="bbox 325 3308 2453 3383; baseline 0.002 -28"><span class='ocrx_word' id='word_1_425' title='bbox 325 3308 427 3372; x_wconf 88' lang='lat' dir='ltr'>ejus</span> <span class='ocrx_word' id='word_1_426' title='bbox 447 3326 579 3372; x_wconf 90' lang='lat' dir='ltr'>caro,</span> <span class='ocrx_word' id='word_1_427' title='bbox 599 3313 711 3362; x_wconf 88' lang='lat' dir='ltr'>licet</span> <span class='ocrx_word' id='word_1_428' title='bbox 734 3316 864 3364; x_wconf 86' lang='lat' dir='ltr'>aliud</span> <span class='ocrx_word' id='word_1_429' title='bbox 887 3318 1153 3366; x_wconf 89' lang='lat' dir='ltr'>secundum</span> <span class='ocrx_word' id='word_1_430' title='bbox 1175 3329 1398 3369; x_wconf 85' lang='lat' dir='ltr'>naturam</span> <span class='ocrx_word' id='word_1_431' title='bbox 1420 3321 1480 3368; x_wconf 91' lang='lat' dir='ltr'>sit</span> <span class='ocrx_word' id='word_1_432' title='bbox 1501 3321 1662 3368; x_wconf 90' lang='lat' dir='ltr'>anima</span> <span class='ocrx_word' id='word_1_433' title='bbox 1683 3334 1830 3383; x_wconf 89' lang='lat' dir='ltr'>quam</span> <span class='ocrx_word' id='word_1_434' title='bbox 1852 3333 1984 3375; x_wconf 87' lang='lat' dir='ltr'>caro,</span> <span class='ocrx_word' id='word_1_435' title='bbox 2010 3331 2163 3380; x_wconf 90' lang='lat' dir='ltr'>quum</span> <span class='ocrx_word' id='word_1_436' title='bbox 2185 3314 2265 3362; x_wconf 91' lang='lat' dir='ltr'>illa</span> <span class='ocrx_word' id='word_1_437' title='bbox 2285 3313 2453 3360; x_wconf 91' lang='lat' dir='ltr'>videli-</span> 
     </span>
    </p>
   </div>
   <div class='ocr_carea' id='block_1_3' title="bbox 363 3482 1267 3536">
    <p class='ocr_par' dir='ltr' id='par_1_3' title="bbox 363 3482 1267 3536">
     <span class='ocr_line' id='line_1_38' title="bbox 363 3482 1267 3536; baseline 0.011 -20"><span class='ocrx_word' id='word_1_438' title='bbox 363 3482 376 3511; x_wconf 55' lang='grc' dir='ltr'>π’</span> <span class='ocrx_word' id='word_1_439' title='bbox 401 3482 501 3525; x_wconf 73' lang='lat' dir='ltr'>Luc„</span> <span class='ocrx_word' id='word_1_440' title='bbox 521 3496 596 3530; x_wconf 78' lang='lat' dir='ltr'>cap.</span> <span class='ocrx_word' id='word_1_441' title='bbox 613 3499 647 3529; x_wconf 88' lang='lat'>1,</span> <span class='ocrx_word' id='word_1_442' title='bbox 666 3499 696 3523; x_wconf 85' lang='lat' dir='ltr'>v.</span> <span class='ocrx_word' id='word_1_443' title='bbox 723 3490 777 3524; x_wconf 76' lang='lat'>34.</span> <span class='ocrx_word' id='word_1_444' title='bbox 792 3507 836 3516; x_wconf 90' lang='lat'>--</span> <span class='ocrx_word' id='word_1_445' title='bbox 848 3490 861 3508; x_wconf 79' lang='lat'>²</span> <span class='ocrx_word' id='word_1_446' title='bbox 877 3492 990 3531; x_wconf 74' lang='lat' dir='ltr'>Hebr„</span> <span class='ocrx_word' id='word_1_447' title='bbox 1005 3502 1078 3536; x_wconf 83' lang='lat' dir='ltr'>cap.</span> <span class='ocrx_word' id='word_1_448' title='bbox 1097 3504 1149 3533; x_wconf 76' lang='lat' dir='ltr'>ix,</span> <span class='ocrx_word' id='word_1_449' title='bbox 1164 3504 1195 3528; x_wconf 86' lang='lat' dir='ltr'>v.</span> <span class='ocrx_word' id='word_1_450' title='bbox 1216 3495 1267 3526; x_wconf 82' lang='lat'>13.</span> 
     </span>
    </p>
   </div>
   <div class='ocr_carea' id='block_1_4' title="bbox 506 3542 2263 3585">
    <p class='ocr_par' dir='ltr' id='par_1_4' title="bbox 506 3542 2263 3585">
     <span class='ocr_line' id='line_1_39' title="bbox 506 3542 2263 3585; baseline 0.006 -11"><span class='ocrx_word' id='word_1_451' title='bbox 506 3557 520 3585; x_wconf 81' lang='lat'>1</span> <span class='ocrx_word' id='word_1_452' title='bbox 2212 3542 2263 3584; x_wconf 81' lang='lat'>7⁷</span> 
     </span>
    </p>
   </div>
  </div>
 </body>
</html>
