2970 4152
895 384 955 433 ΙΝ
989 381 1306 430 ΕΡΙΡΗΑΝΙΑ
1341 381 1550 432 DOMINI
1586 383 1800 452 SERMO.
2312 383 2406 429 385

287 478 380 525 Sed
405 494 494 525 nec
517 477 631 526 illud
652 495 679 526 a
698 489 914 545 tempore
933 480 1090 545 gratiae
1113 489 1160 525 et
1184 495 1304 525 verae
1328 478 1556 526 libertatis
1578 480 1786 527 alienum
1808 487 1901 538 est,
1925 475 2058 543 quod
2083 493 2227 524 omne
2253 494 2410 525 servo-

288 576 392 607 rum
420 572 568 624 genus
592 577 619 608 a
644 577 731 608 suo
758 561 945 626 penitus
979 560 1194 608 dominio
1214 560 1438 619 removit,
1467 577 1557 607 nec
1581 577 1608 608 a
1633 577 1683 607 se
1709 560 1915 624 aliquem
1935 558 2179 605 servitute¹
2204 560 2411 623 opprimi

287 640 454 701 ferret,
482 642 567 690 sed
592 642 810 689 omnium
834 642 1049 690 libertate
1083 640 1332 706 gauderet,
1362 640 1536 706 quibus
1561 652 1789 706 tanquam
1818 640 1981 688 amicis
2009 639 2235 705 prodesse
2266 640 2413 703 magis

289 738 436 786 quam
458 733 685 788 tanquam
720 725 865 771 servis
897 741 1097 789 praeesse
1129 723 1341 787 eligeret,
1372 733 1419 770 et
1442 723 1592 771 amari
1615 724 1776 788 potius
1798 739 1942 787 quam
1967 722 2123 769 timeri
2150 731 2408 788 appeteret.

291 803 385 860 Qui
402 804 544 851 etiam
562 806 610 851 in
628 804 811 852 tantum
834 806 1109 853 servitutem
1128 821 1155 852 a
1174 821 1321 868 regno
1341 821 1428 851 suo
1454 804 1634 851 studuit
1653 805 1911 868 extirpare,
1936 813 2005 863 ut,
2029 804 2148 850 sieut
2165 803 2415 868 praedictus

291 883 700 952 historiographus
720 888 954 948 meminit,
977 904 1145 934 omnes
1165 902 1344 943 servos,
1367 903 1576 950 quorum
1593 885 1818 933 dominos
1834 885 2024 950 reperit,
2043 886 2107 932 eis
2122 886 2412 943 1=estituerit²,

293 975 486 1013 caeteros
496 983 611 1013 vero
622 983 784 1014 servos
799 984 967 1014 omnes
979 967 1140 1014 necari
1149 967 1256 1014 fecit
1271 984 1281 1012 :
1298 982 1360 1014 ne
1374 966 1592 1014 videlicet
1607 983 1774 1013 eorum
1790 966 2038 1030 posteritas
2051 966 2098 1012 in
2110 982 2256 1029 regno
2267 981 2418 1013 rema-

291 1055 442 1092 neret.
463 1048 515 1092 In
531 1063 627 1111 quo
642 1046 758 1110 quid
773 1046 903 1093 aliud
915 1046 1249 1111 praesignabat,
1272 1063 1418 1110 quam
1433 1046 1739 1093 christianam
1749 1045 2012 1093 libertatem
2024 1046 2247 1105 futuram,
2263 1056 2308 1092 et
2326 1061 2420 1091 ser-

291 1126 490 1174 vitutem
503 1136 597 1174 tam
608 1127 722 1191 legis
730 1144 874 1191 quam
883 1127 1159 1192 peccatiper
1169 1127 1409 1175 Christum
1420 1127 1781 1187 removendam,
1796 1128 1879 1192 qui
1889 1128 1965 1174 ait⁸
1978 1146 1987 1174 :
2006 1147 2030 1173 «
2044 1131 2066 1175 J
2070 1144 2146 1175 am
2154 1118 2252 1174 non
2265 1127 2419 1174 dicam

292 1221 378 1253 vos
396 1222 575 1267 servos,
595 1206 679 1254 sed
696 1207 889 1253 amicos.
903 1225 925 1251 »
949 1208 1004 1253 Et
1021 1206 1180 1272 alibif:
1205 1207 1289 1253 «Si
1304 1223 1407 1267 vos,
1424 1225 1447 1251 »
1467 1207 1644 1271 inquit,
1669 1227 1692 1252 «
1708 1208 1831 1254 filius
1851 1207 2141 1267 liberaverit,
2161 1224 2271 1254 vere
2287 1206 2422 1254 liberi

293 1288 436 1335 eritis.
447 1288 600 1334 »Hinc
609 1297 655 1334 et
663 1287 916 1353 Apostolus
927 1297 1115 1353 tempus
1128 1288 1313 1335 timoris
1327 1287 1417 1334 sub
1431 1287 1532 1352 lege
1547 1305 1574 1335 a
1588 1298 1804 1354 tempore
1816 1290 1973 1352 gratiae
1984 1288 2293 1353 distinguens,
2310 1305 2423 1335 con-

294 1368 440 1414 versis
449 1368 573 1414 inter
583 1370 824 1415 Romanos
831 1371 855 1414 J
859 1367 1002 1415 udaeis
1014 1368 1197 1415 scribit⁵
1214 1386 1224 1414 ε
1245 1386 1269 1413 «
1283 1370 1389 1415 Non
1404 1368 1532 1415 enim
1543 1367 1719 1415 subditi
1734 1369 1842 1415 estis
1853 1368 2023 1415 iterum
2036 1369 2084 1415 in
2097 1369 2285 1429 timore,
2296 1378 2385 1415 etc.
2398 1387 2420 1410 »

295 1446 429 1495 Idem
447 1446 509 1493 ad
527 1446 743 1495 Galatas⁶
767 1466 776 1494 ε
811 1466 836 1492 «
860 1450 973 1509 Vos,
997 1467 1020 1493 >2
1045 1448 1223 1512 inquit,
1254 1466 1278 1493 «
1298 1447 1347 1495 in
1372 1447 1641 1495 libertatem
1675 1447 1828 1494 vocati
1858 1447 1967 1494 estis
1995 1447 2159 1495 fratres
2195 1466 2204 1493 z
2240 1457 2422 1495 tantum

295 1545 357 1575 ne
385 1528 652 1576 libertatem
679 1529 727 1575 in
758 1530 1062 1577 occasionem
1080 1529 1201 1577 detis
1225 1529 1402 1586 carniS‚
1431 1529 1516 1577 sed
1540 1546 1627 1595 per
1651 1529 1893 1576 caritatem
1921 1530 2091 1576 servite
2115 1529 2334 1577 invicem.
2362 1550 2384 1573 »

361 1611 481 1657 Sunt
505 1610 588 1674 qui
610 1609 860 1675 praedictos
886 1627 1050 1675 magos
1072 1627 1170 1658 non
1202 1610 1268 1658 sic
1296 1610 1524 1676 appellari
1546 1620 1816 1670 autumant,
1847 1610 1958 1674 quia
1988 1601 2162 1657 fuerin't
2192 1610 2421 1672 malefici,

297 1688 381 1737 sed
406 1687 540 1753 quod
564 1699 801 1737 astrorum
832 1691 995 1755 periti,
1024 1691 1158 1755 quasi
1189 1690 1523 1750 astronomici,
1553 1689 1629 1737 vel
1655 1689 2061 1754 quacunque·alia
2090 1688 2150 1736 de
2184 1706 2325 1736 causa
2361 1692 2425 1737 sic

296 1770 468 1817 vocati.
495 1773 567 1817 De
589 1771 762 1835 quibus
785 1772 902 1836 quid
925 1773 1184 1837 antiquitus
1207 1773 1436 1838 scriptum
1462 1772 1604 1819 fuisse
1623 1771 1989 1835 Chrysostomus
2012 1772 2204 1833 referat,
2234 1789 2333 1819 non
2359 1781 2427 1819 est

297 1849 614 1914 incongruum
644 1850 870 1898 hocloco
896 1851 1144 1916 subjicere.
1178 1853 1250 1900 Ait
1284 1853 1463 1918 quippe
1501 1852 1568 1898 sic
1601 1851 1852 1917 praedictus
1893 1851 2087 1913 doctor,
2131 1868 2280 1917 quum
2310 1854 2426 1898 Mat·

298 1928 475 1976 thaeum
497 1933 781 1995 exponeret⁷
809 1949 819 1978 t
859 1951 879 1975 «
905 1932 1015 1996 Legi
1047 1932 1176 1998 apud
1205 1932 1413 1997 aliquem
1443 1948 1607 1996 magos
1632 1932 1771 1991 istos,
1799 1948 1855 1978 ex
1878 1930 2009 1978 libris
2034 1931 2221 1979 Balaam
2248 1931 2429 1978 divina-

297 2009 413 2056 toris
436 2010 720 2074 appariturae
741 2009 864 2058 illius
889 2011 1032 2059 stellae
1056 2012 1302 2060 scientiam
1325 2013 1586 2078 accepisse,
1615 2011 1749 2075 cujus
1776 2010 2004 2058 divinatio
2039 2012 2191 2076 posita
2216 2020 2286 2058 est
2308 2019 2354 2057 et
2379 2010 2425 2056 in

302 2088 457 2136 Veteri
480 2091 833 2138 Testamento³z
855 2111 878 2136 «
901 2093 1092 2140 Orietur
1113 2092 1246 2140 stella
1270 2110 1325 2140 ex
1344 2092 1514 2153 Jacob,
1542 2103 1633 2140 etc.
1652 2110 1675 2137 »
1704 2095 1760 2138 Et
1785 2091 1944 2138 audivi
1968 2091 2151 2156 aliquos
2175 2091 2428 2139 referentes

300 2168 361 2216 de
384 2169 593 2234 quadam
617 2172 873 2238 scriptura,
902 2173 989 2221 etsi
1014 2191 1113 2221 non
1140 2184 1294 2235 certa,
1335 2191 1436 2222 non
1475 2184 1634 2222 tamen
1669 2173 1943 2221 destruente
1969 2173 2137 2234 fidem,
2165 2173 2248 2220 scd
2270 2173 2429 2238 potius

300 2250 565 2299 delectante
583 2272 593 2300 :
614 2254 843 2318 quoniam
863 2265 964 2303 erat
982 2255 1201 2320 quaedam
1221 2273 1336 2320 gens
1353 2257 1439 2303 sita
1458 2257 1507 2302 in
1526 2256 1631 2322 ipso
1649 2255 1886 2321 principio
1906 2255 2113 2302 Orientis
2123 2254 2256 2319 juxta
2276 2257 2427 2303 Ocea-

301 2349 443 2394 num,
472 2333 601 2398 apud
625 2351 748 2399 quos
774 2336 1011 2384 ferebatur
1035 2337 1253 2401 quaedam
1281 2338 1512 2403 scriptura
1535 2337 1760 2401 inscripta
1785 2337 1982 2384 nomine
2002 2337 2129 2395 seth,
2161 2336 2221 2384 de
2245 2337 2430 2402 appari-

303 2422 408 2460 tura
434 2412 526 2460 hac
552 2414 708 2475 stella,
738 2425 785 2462 et
809 2416 1088 2464 muneribus
1113 2417 1348 2480 ejusmodi
1373 2417 1651 2478 offerendis,
1679 2433 1784 2481 quae
1799 2433 1884 2481 per
1904 2416 2232 2481 generationes
2250 2415 2430 2463 studio-

304 2508 468 2539 sorum
483 2492 737 2541 hominum
755 2495 970 2560 patribus
989 2495 1301 2543 referentibus
1321 2496 1427 2543 filiis
1449 2498 1544 2543 suis
1562 2495 1829 2543 habebatur
1848 2495 2069 2542 deducta.
2095 2499 2258 2560 ltaque
2277 2495 2428 2559 elege-

304 2581 414 2618 runt
430 2572 554 2618 inter
572 2573 752 2637 seipsos
772 2574 1028 2623 duodecim
1043 2575 1300 2640 quosdam⁹
1319 2593 1373 2623 ex
1391 2577 1503 2642 ipsis
1519 2575 1828 2623 studiosiores
1842 2611 1854 2635 ,
1876 2585 1919 2622 et
1935 2585 2171 2622 amatores
2187 2576 2430 2639 mysterio-

303 2668 412 2699 rum
436 2652 720 2716 coelestium,
766 2665 812 2702 et
843 2667 1110 2722 posuerunt
1136 2658 1316 2722 seipsos
1345 2657 1407 2704 ad
1430 2657 1809 2723 expectationem
1838 2656 1981 2703 stellae
2003 2657 2127 2703 illius
2151 2675 2160 2703 :
2191 2667 2237 2704 et
2262 2657 2300 2703 si
2324 2657 2429 2721 quis

306 2733 599 2781 moriebatur
630 2752 686 2782 ex
713 2736 801 2797 eis,
844 2736 968 2785 filius
992 2738 1118 2802 ejus,
1157 2748 1239 2785 aut
1273 2738 1441 2803 aliquis
1470 2739 1879 2804 propinquorum,
1909 2738 1990 2803 qui
2015 2737 2226 2802 ejusdem
2252 2737 2430 2784 volun-

305 2814 412 2861 tatis
435 2814 790 2878 inveniebatur,
827 2818 877 2865 in
910 2818 1019 2867 loco
1053 2819 1430 2867 constituebatur
1468 2819 1695 2868 defuncti.
1738 2819 2030 2866 Dicebantur
2066 2829 2223 2866 autem
2261 2819 2429 2883 magici

304 2893 464 2958 lingua
486 2911 680 2957 eorum,
719 2898 831 2962 quia
860 2899 909 2944 in
944 2898 1129 2947 silentio
1153 2909 1199 2947 et
1226 2916 1343 2947 voce
1368 2899 1508 2947 tacita
1533 2902 1690 2946 Deum
1722 2898 2065 2963 glorificabant.
2106 2899 2164 2945 Hi
2199 2915 2311 2962 ergo
2344 2914 2431 2962 per

306 2974 516 3039 singulos
533 2992 686 3024 annos
709 2988 820 3043 post
841 2995 1045 3027 messem
1057 2982 1083 3005 ¹⁰
1100 2980 1439 3028 trituratoriam
1458 2979 1780 3028 ascendebant
1805 2981 1853 3027 in
1881 2989 2096 3026 montem
2118 2978 2324 3043 aliquem
2344 2993 2429 3043 po-

307 3054 450 3102 situm
473 3055 560 3116 ibi,
591 3057 674 3123 qui
698 3058 960 3107 vocabatur
978 3059 1137 3125 lingua
1158 3077 1327 3109 eorum
1347 3064 1488 3108 Mons
1509 3063 1557 3107 V
1553 3060 1802 3117 e'ctorialz's,
1832 3059 2014 3107 habens
2034 3059 2080 3106 in
2101 3075 2150 3106 se
2170 3057 2429 3124 quamdam

1184 3171 1210 3190 §

353 3194 362 3211 “
388 3197 455 3231 Nec
469 3200 508 3231 de
524 3201 634 3240 aliqua
650 3205 798 3245 serviente
813 3203 880 3237 MS.
898 3203 1038 3237 Eins.—
1050 3202 1063 3220 ³
1078 3203 1238 3238 Libertate
1254 3208 1343 3240 rem'-
1396 3210 1513 3239 vocant
1530 3214 1608 3246 opus
1626 3206 1844 3247 imperfectum
1855 3229 1866 3243 ‚
1887 3213 1964 3237 vero
1977 3202 2198 3247 Chrysostomi
2214 3202 2275 3244 sit,
2295 3211 2356 3235 nec
2375 3210 2430 3241 ne,

310 3254 368 3285 tuit
394 3252 461 3287 MS.
489 3255 578 3289 Eius.
603 3275 646 3282 -
663 3257 675 3275 ³
693 3258 804 3299 Joan„
832 3270 906 3304 cap.
936 3271 991 3299 xv,
1015 3270 1046 3293 v·
1080 3260 1131 3292 15.
1147 3277 1192 3286 —-
1204 3259 1218 3277 ⁴
1231 3260 1341 3301 Joau„
1396 3268 1429 3295 et
1440 3268 1548 3294 utrum
1562 3261 1627 3301 hic,
1642 3261 1785 3305 quisquis
1799 3260 1895 3294 suerit
1910 3260 2085 3304 interpres,
2100 3259 2342 3299 catholicus,an
2358 3258 2430 3291 hae-

310 3318 383 3352 cap.
395 3319 468 3352 vui,
479 3312 632 3345 v.36.—⁸
648 3325 662 3343 ι
675 3314 744 3347 Non
761 3315 845 3349 enim
859 3316 1034 3359 accepistis
1045 3315 1192 3359 spiritum
1207 3316 1343 3350 servitu·
1394 3318 1534 3359 reticus,
1563 3318 1731 3351 arianusve
1761 3317 1815 3351 sit.
1830 3335 1871 3341 -
1887 3316 1900 3334 ⁸
1914 3317 2025 3356 Num„
2049 3327 2123 3359 cap.
2147 3327 2238 3356 xxiv,
2265 3326 2297 3349 v.
2321 3316 2373 3347 17.
2388 3330 2432 3339 —-

310 3365 349 3397 tis
366 3364 482 3399 iterum
495 3365 528 3399 in
545 3368 694 3403 timore.»
707 3371 828 3413 (Rom,
841 3382 916 3416 cap.
933 3382 1043 3411 vni,v.
1062 3371 1130 3415 15.)
1142 3391 1179 3397 -
1191 3363 1340 3412 ‘Gata‘e.,
1396 3372 1409 3390 ⁹
1422 3374 1488 3407 MS.
1522 3374 1613 3407 Eius.
1627 3391 1649 3399 —
1661 3374 1744 3407 Male
1777 3373 1968 3407 Amboesius
1986 3387 1993 3406 ι
2010 3374 2186 3415 Ezeqerum
2212 3382 2246 3406 se
2274 3375 2358 3414 ipsos
2386 3382 2431 3404 ιιι

309 3431 384 3465 cap.
404 3432 438 3464 v,
455 3433 488 3455 v.
508 3425 560 3457 13.
577 3441 620 3449 -
641 3425 653 3444 ‘¹
671 3426 767 3461 Hom.
791 3428 821 3462 11
848 3431 880 3462 in
905 3428 1116 3467 matthaeum,
1140 3430 1221 3471 Opp.
1240 3436 1263 3462 t.
1282 3429 1344 3471 Vl,
1400 3433 1542 3472 quidam.
1556 3448 1599 3455 —-
1614 3429 1644 3448 ¹⁰
1661 3431 1800 3464 Mensem
1818 3429 1885 3463 MS.
1906 3430 1998 3463 Eine.

310 3487 345 3519 p.
354 3478 431 3511 759.
439 3477 640 3542 Disputattjm
650 3489 700 3516 est
708 3484 802 3518 valde
810 3491 916 3519 utrum
923 3484 976 3519 hic
989 3485 1240 3520 commentarius
1247 3497 1343 3530 quem

471 3550 487 3578 1
2221 3544 2273 3585 49
