2970 4152
833 382 912 427 DE
945 380 1177 432 SANCTQ-
1203 380 1429 429 JOANNE
1463 381 1742 431 BAPTISTA
1776 381 1992 428 SERMO.
2378 381 2471 427 575

360 484 553 535 vocata,
589 474 758 523 beatus
790 476 1108 540 Hieronymus
1135 474 1198 522 ad
1229 474 1451 521 Edibiam
1484 475 1545 522 de
1583 475 1780 523 diversis
1807 474 2019 522 scribens
2053 473 2394 538 quaestionibus
2415 477 2426 498 ¹
2459 493 2468 520 :

360 573 385 600 «
415 558 508 602 Fac
539 554 628 602 tibi
655 556 835 603 amicos
857 555 918 603 de
940 569 1218 604 mammona
1235 555 1495 618 iniquitatis
1516 558 1545 601 ².
1577 573 1600 599 »
1630 555 1830 617 Pulchre
1862 555 1978 602 dixit
2001 554 2061 601 de
2082 555 2266 618 iniquo.
2294 555 2473 601 Omnes

358 635 489 682 enim
510 635 685 685 divitiae
705 635 767 683 de
791 636 1039 701 iniquitate
1061 635 1383 693 descendunt,
1411 623 1570 681 et⁴nisi
1591 634 1710 682 alter
1731 635 2016 700 perdiderit,
2048 635 2166 682 alter
2194 647 2294 682 non
2318 644 2475 699 potest

356 714 589 762 invenire.
607 715 746 762 Unde
771 716 851 763 illa
871 716 1062 779 vulgata
1082 715 1317 762 sententia
1336 714 1455 760 mihi
1476 712 1666 760 videtur
1686 731 1789 761 esse
1810 716 2053 762 verissima
2071 734 2080 761 :
2105 735 2128 760 «
2153 715 2296 762 Dives
2315 725 2473 762 autem

357 793 573 859 iniquus,
604 805 686 842 aut
717 795 870 858 iniqui
894 794 1061 843 haeres.
1090 813 1114 839 »
1140 796 1320 841 Seneca
1344 793 1393 840 in
1417 792 1681 839 Proverbiis
1705 811 1719 838 .·
1746 811 1770 837 «
1798 796 2004 839 Lucrum
2028 794 2129 840 sine
2152 794 2331 841 damno
2354 793 2469 840 alte-

357 873 455 920 rius
482 873 586 921 fieri
618 890 720 921 non
751 882 927 938 potest.
956 892 980 919 >³
1012 877 1133 921 Item
1164 872 1416 938 praedictus
1443 872 1616 919 doctor
1643 872 1693 918 in
1721 873 1838 920 isaia
1859 874 1873 896 ³
1899 890 1910 918 ε
1941 890 1964 916 «
1993 872 2234 937 Principes
2261 874 2331 919 tui
2358 873 2475 920 socii

352 951 515 1000 finum
536 954 566 1000 ⁵.
593 971 616 999 n
638 953 882 1018 Principes
905 952 1245 1001 scribas-vocat
1267 962 1315 1000 et
1335 951 1615 1018 pharisaeos,
1641 952 1723 1016 qui
1745 968 1774 999 a
1793 946 2005 998 Domino
2031 952 2332 1010 recedentes,
2358 953 2474 999 socii

353 1030 546 1079 fuerunt
567 1032 830 1097 proditoris
851 1033 1063 1097 furisque
1085 1032 1233 1079 Judae.
1260 1032 1405 1090 Quod
1427 1032 1623 1097 quidem
1646 1041 1693 1078 et
1714 1048 1805 1078 nos
1823 1047 1990 1078 cavere
2004 1031 2256 1089 debemus,
2276 1049 2338 1078 ne
2359 1033 2476 1079 acci-

353 1111 538 1176 pientes
559 1112 621 1160 ah
645 1111 924 1161 hominibus
946 1129 1169 1172 munera,
1196 1114 1278 1177 qui
1299 1131 1386 1178 per
1405 1114 1596 1178 rapinas
1624 1113 2003 1176 miserorumque
2029 1111 2261 1176 lacrymas
2289 1112 2474 1172 diyitias

352 1203 645 1256 congregant
659 1230 671 1253 ‚
708 1194 826 1242 socii
854 1193 1014 1240 surum
1043 1193 1355 1258 appellemur,
1384 1193 1665 1258 dicaturque
1693 1192 1834 1240 nobis
1855 1194 1868 1218 ⁶
1894 1211 1904 1239 :
1936 1211 1960 1237 «
1983 1191 2191 1240 Videbas
2220 1192 2396 1249 furem,
2428 1204 2472 1239 et

348 1271 575 1321 cumbas
599 1288 712 1322 cum
733 1290 811 1333 eo,
827 1283 918 1321 etc.
937 1292 960 1318 n
978 1276 1198 1321 «Omnes
1219 1273 1424 1338 diligunt
1446 1291 1662 1322 munera.
1681 1276 1826 1320 »Non
1850 1273 1968 1320 dixit
1988 1273 2071 1337 qui
2094 1272 2352 1336 accipiunt,
2377 1273 2473 1319 hoc

346 1352 479 1400 enim
498 1369 623 1417 saepe
645 1354 925 1402 necessitate
954 1353 1031 1414 fit,
1062 1354 1148 1402 sed
1177 1365 1290 1403 sunt
1311 1355 1394 1419 qui
1416 1368 1517 1402 non
1540 1364 1712 1420 putant
1745 1354 1948 1413 amicos,
1980 1353 2072 1400 nisi
2095 1369 2124 1400 a
2145 1352 2319 1417 quibus
2342 1352 2472 1400 dona

345 1434 674 1499 perceperint3
700 1451 790 1483 neo
813 1452 868 1483 os
885 1435 1194 1484 considerant
1215 1436 1504 1494 amicorum,
1531 1435 1616 1483 sed
1638 1452 1808 1483 manus
1824 1454 1837 1495 3
1856 1444 1903 1482 et
1924 1450 2006 1482 eos
2028 1443 2218 1481 sanctos
2235 1433 2470 1496 judicant,

348 1527 557 1578 quorum
578 1515 864 1563 exhauriunt
885 1517 1198 1580 marsupium.
1224 1519 1295 1563 De
1317 1516 1491 1581 quibus
1514 1526 1562 1564 et
1582 1516 1888 1564 Ecclesiastes
1917 1514 2131 1580 loquitur
2150 1515 2164 1539 ⁸
2190 1532 2201 1561 ε
2230 1534 2254 1558 «
2284 1514 2377 1571 Qui
2399 1514 2470 1560 lo·

347 1593 510 1657 quitur
537 1596 817 1659 pecuniam,
854 1612 956 1643 non
990 1595 1283 1660 implebitur.
1318 1598 1593 1661 Sequuntur
1625 1595 1986 1655 retributiones,
2022 1604 2076 1641 ut
2108 1593 2305 1642 laudent
2335 1610 2417 1640 eos
2446 1610 2470 1640 a

346 1674 522 1738 quibus
546 1674 727 1740 aliquid
759 1677 1055 1742 acceperint,
1088 1676 1165 1724 vel
1195 1687 1323 1724 certe
1351 1677 1470 1724 nulli
1492 1677 1740 1742 quippiam
1768 1675 2004 1735 tribuant,
2036 1675 2128 1722 nisi
2149 1691 2177 1722 a
2202 1691 2300 1739 quo
2323 1692 2373 1722 se
2394 1691 2469 1721 re-

347 1744 570 1818 cepturos
594 1757 883 1820 putaverint.
914 1775 938 1800 »

409 1833 458 1880 Si
479 1834 586 1899 quis
608 1843 768 1883 autem
789 1835 1041 1899 diligenter
1061 1835 1334 1883 consideret
1360 1835 1494 1901 quod
1516 1837 1583 1884 ait
1603 1836 1839 1883 Dominus
1863 1853 1875 1882 :
1903 1853 1928 1880 «
1948 1835 2105 1883 Facite
2127 1834 2266 1881 vobis
2290 1833 2470 1881 amicos

344 1914 407 1962 de
428 1930 708 1964 mammona
730 1917 1017 1982 iniquitatis,
1046 1937 1070 1962 »
1096 1916 1195 1965 hoc
1215 1927 1285 1965 est
1307 1934 1336 1965 a
1350 1917 1489 1965 vobis
1510 1917 1587 1965 vel
1609 1917 1711 1965 aliis
1734 1916 1857 1964 male
1880 1915 2134 1980 acquisita,
2167 1924 2215 1961 et
2233 1914 2293 1961 de
2313 1913 2469 1960 alieno

345 1993 526 2042 damno
549 1995 599 2041 in
622 1995 809 2043 lucrum
830 2005 1052 2044 nostrum
1074 2007 1292 2061 suscepta
1305 2034 1316 2056 ,
1339 2007 1387 2044 et
1408 1997 1662 2044 consilium
1686 1996 1881 2044 Domini
1903 1994 2110 2042 voluerit
2131 1993 2388 2058 propositae
2409 1992 2470 2039 de

343 2073 502 2122 villico
535 2076 776 2139 parabolae
809 2078 1159 2142 competentius
1195 2089 1383 2143 aptare,
1417 2078 1591 2126 viderit
1623 2078 1719 2124 hoc
1754 2078 1819 2124 ita
1849 2075 2046 2139 intelligi
2074 2074 2277 2133 debere,
2320 2083 2373 2120 ut
2403 2074 2470 2120 eis

342 2153 517 2218 quibus
539 2153 819 2203 abstulimus
841 2172 948 2215 sua,
975 2157 1277 2205 restituamus
1299 2173 1470 2204 eorum
1491 2157 1693 2216 damna,
1716 2166 1764 2204 et
1781 2157 1848 2203 sic
1871 2172 1954 2203 eos
1976 2154 2117 2202 nobis
2140 2154 2189 2200 in
2213 2153 2469 2200 amicitiam

343 2232 676 2294 conciliemus,
713 2252 835 2299 quos
870 2236 920 2282 in
955 2235 1124 2283 odium
1162 2238 1307 2285 vestri
1340 2237 1766 2285 concitaveramus.
1809 2238 1915 2282 Non
1957 2234 2087 2282 enim
2124 2250 2264 2280 veros
2296 2232 2469 2280 Christi

341 2314 575 2378 pauperes
598 2315 739 2362 donis
758 2316 935 2363 nostris
954 2318 1134 2365 amicos
1156 2318 1388 2366 efficimus
1410 2328 1620 2378 nostros,
1637 2318 1721 2382 qui
1743 2333 1855 2364 suos
1880 2330 2074 2380 quoque
2088 2314 2293 2377 diligunt
2308 2313 2467 2361 inimi-

341 2408 447 2452 cos,
473 2393 557 2440 sed
579 2395 739 2458 potius
761 2411 845 2442 eos
866 2413 989 2459 quos
1010 2396 1240 2456 diximus,
1264 2408 1312 2445 et
1333 2415 1392 2445 eo
1414 2398 1564 2446 modo
1586 2415 1685 2462 quo
1708 2397 1929 2444 diximus.
1950 2394 2094 2452 Quod
2115 2393 2312 2458 quidem
2333 2409 2469 2458 para—

340 2469 454 2518 bola
469 2509 480 2530 ,
507 2487 654 2536 quam
675 2471 735 2518 de
757 2473 916 2520 villico
938 2476 1175 2522 Dominus
1196 2477 1509 2539 praemiserat,
1535 2476 1786 2539 diligenter
1809 2474 2051 2538 exprimit,
2078 2486 2228 2537 quum
2249 2472 2323 2518 his
2346 2489 2467 2536 quos

340 2548 418 2597 ille
440 2561 748 2614 generaverat
769 2550 948 2599 damna
969 2569 1055 2599 sua
1076 2553 1302 2612 restituit,
1328 2570 1429 2600 non
1451 2571 1556 2618 quae
1578 2554 1638 2602 ab
1668 2554 1781 2619 ipsis
1805 2562 2053 2617 acceperat
2074 2552 2175 2599 aliis
2205 2550 2461 2598 distribuit.

339 2631 377 2676 Α
399 2630 573 2695 quibus
595 2633 739 2679 etiam
761 2631 811 2678 in
834 2641 1010 2679 aeterna
1037 2632 1348 2680 tabernacula
1376 2633 1679 2697 recipiendus
1709 2633 1900 2691 dicitur,
1938 2646 2087 2696 quum
2115 2631 2166 2677 id
2188 2631 2255 2677 eis
2277 2631 2461 2689 fecerit,

339 2710 471 2758 unde
498 2711 646 2775 recipi
675 2720 913 2758 mereatur
941 2726 1041 2759 non
1064 2721 1164 2760 tam
1191 2713 1240 2759 in
1270 2729 1356 2760 sua
1383 2729 1529 2777 quam
1555 2714 1606 2760 in
1636 2713 1725 2760 Dei
1753 2727 1961 2776 superna
1992 2709 2315 2757 tabernacula.
2347 2709 2464 2766 Quis

339 2789 547 2855 denique
561 2792 741 2838 nesciat
753 2801 987 2856 quantum
1002 2802 1166 2840 nostra
1182 2792 1345 2856 religio
1364 2792 1439 2840 his
1457 2809 1652 2857 quoque
1662 2791 1873 2850 vilescat,
1896 2807 1925 2838 a
1941 2789 2116 2855 quibus
2127 2789 2286 2836 vocati
2299 2789 2463 2835 venire

339 2884 439 2916 non
463 2885 759 2932 recusamus,
785 2881 832 2918 et
855 2887 955 2918 non
978 2870 1136 2919 solum
1165 2888 1334 2919 eorum
1362 2871 1493 2923 dona
1514 2872 1819 2937 suscipimus,
1846 2869 2159 2917 verumetiam
2181 2867 2463 2915 inordinatis

338 2964 508 2998 eorum
541 2951 718 2999 mensis
740 2961 788 2998 et
809 2951 996 2999 familiis
1018 2951 1353 3000 admiscemur.
1382 2951 1527 3011 Quod
1549 2954 1588 3000 si
1611 2970 1711 3000 non
1738 2969 1829 3018 pro
1857 2950 2122 2999 reverentia
2150 2950 2263 3008 Dei,
2294 2947 2462 2995 saltem

337 3045 428 3096 pro
452 3031 652 3079 vitando
674 3042 849 3080 nostrae
870 3032 1007 3081 famae
1028 3033 1318 3082 detrimento
1345 3034 1506 3098 fugere
1528 3034 1829 3083 deberemus.
1856 3034 2096 3098 Scriptum
2116 3032 2295 3097 quippe
2319 3041 2390 3078 est
2410 3031 2459 3078 in

336 3111 663 3160 Ecclesicwtico
682 3115 696 3138 '¹
724 3130 734 3160 :
764 3132 788 3157 α
815 3113 1084 3162 Advocatus
1112 3130 1142 3162 a
1167 3115 1440 3180 potentiore
1465 3115 1681 3174 discede,
1713 3132 1770 3163 ex
1791 3114 1887 3162 hoc
1915 3114 2044 3161 enim
2067 3123 2114 3160 te
2136 3112 2286 3176 magis
2308 3111 2458 3158 advo-

338 3191 481 3239 cabit.
515 3211 538 3237 »
564 3196 622 3241 Et
648 3194 968 3258 Hieronymus
994 3194 1062 3241 ad
1088 3197 1408 3260 Nepotianum
1430 3198 1445 3222 ⁸
1470 3215 1481 3243 z
1512 3215 1536 3241 «
1561 3196 1714 3270 Faqile
1747 3195 2073 3262 contemnitur
2112 3193 2311 3240 clericus
2326 3229 2338 3252 ‚
2375 3192 2458 3256 qui

382 3342 392 3359 ⁶
417 3343 498 3384 Opp-
521 3350 546 3376 t.
570 3344 626 3385 IV,
651 3351 736 3388 part.
765 3345 801 3385 1,
824 3346 888 3379 col.
909 3347 982 3379 170.
998 3363 1037 3373 -
1055 3344 1068 3362 ⁸
1084 3345 1176 3385 Luc..
1203 3356 1276 3390 cap.
1296 3358 1368 3388 xvi,
1423 3347 1610 3392 implebitur
1625 3322 1777 3391 ficuum.
1793 3359 1809 3377 ι
1829 3345 1991 3388 (Eoo-les„
2006 3355 2081 3388 cap.
2098 3356 2130 3386 v,
2146 3355 2176 3377 v.
2195 3343 2293 3387 9.)-
2311 3343 2322 3360 “’
2337 3332 2458 3382 Ereti„

336 3409 367 3431 v.
389 3401 423 3432 9.
445 3416 481 3422 -
504 3398 517 3416 ⁸
539 3400 619 3441 Opp.
642 3406 665 3433 t.
684 3401 752 3441 111,
770 3401 835 3434 col.
856 3403 907 3434 18.
922 3416 966 3426 —-
979 3401 994 3420 ⁴
1007 3401 1096 3435 Isaiae
1117 3412 1192 3446 cap.
1210 3414 1238 3441 ι,
1252 3414 1285 3436 v.
1312 3405 1368 3436 23.
1424 3413 1499 3447 cap.
1519 3414 1599 3445 xm,
1618 3414 1651 3437 v.
1670 3404 1722 3436 12.
1740 3419 1774 3427 --
1792 3401 1805 3419 ⁸
1825 3402 1929 3446 Epist.
1947 3412 2067 3441 xxxiv,
2087 3401 2168 3443 Opp.
2186 3406 2209 3433 t.
2228 3398 2284 3440 lv,
2303 3405 2387 3442 part.
2405 3396 2456 3437 11,

337 3473 378 3479 -
393 3452 405 3472 ⁵
423 3455 538 3489 Psalm.
558 3467 648 3498 xux,
663 3468 695 3490 V.
722 3459 772 3490 18.
795 3475 818 3482 -
837 3458 928 3491 lsaiae
944 3457 1024 3492 ibid.
1038 3475 1082 3483 —
1097 3458 1110 3477 '
1126 3471 1142 3488 ι
1161 3459 1283 3493 Avarus
1305 3470 1370 3493 uon
1424 3471 1461 3503 p.
1479 3461 1556 3493 265.
