2970 4152
1254 367 1568 418 EPlSTOLAE.
1752 412 1754 416 ,
2383 368 2463 426 ⁴61

369 461 566 509 Romam
583 499 596 522 ,
624 478 723 509 non
745 461 969 528 permitto
988 461 1193 525 aliquem
1214 462 1379 511 ,venire
1402 461 1514 508 huc.
1535 461 1628 508 Sed
1645 477 1728 508 ora
1744 477 1833 526 pro
1856 477 1930 507 me
1950 497 1962 519 ‚
1990 471 2036 508 et
2059 477 2244 508 memor
2263 471 2362 507 esto
2382 464 2472 509 mei

366 557 568 608 semper.
598 561 620 586 »
649 542 731 589 Ille
763 553 919 590 autem
954 541 1278 607 respondens,
1307 541 1424 589 dixit
1445 542 1490 588 ei
1520 560 1530 587 ε
1570 561 1592 586 «
1617 544 1716 589 Oro
1741 544 1895 588 Deum
1929 552 1979 589 ut
2009 541 2162 589 deleat
2195 543 2475 589 memoriam

367 623 433 668 tui
456 622 517 669 de
539 622 684 670 corde
707 639 833 669 meo.
863 642 885 666 »
913 626 1029 680 Quae
1050 622 1248 669 audiens
1269 621 1396 680 haee,
1423 638 1607 685 egressa
1631 631 1701 668 est
1719 621 1922 668 turbata.
1948 641 1972 666 »
1998 623 2084 669 Hic
2107 638 2300 686 quoque
2316 658 2328 682 ‚
2356 623 2475 669 sicut

364 701 590 765 scriptum
615 712 707 761 est,
734 718 762 748 a
784 704 943 748 Marco
965 700 1135 748 abbate
1158 700 1409 764 requisitus
1430 717 1516 748 cur
1538 699 1716 765 fugeret
1733 700 1953 755 homines
1969 737 1981 760 ,
2008 701 2278 765 respondit¹
2301 720 2310 747 z
2335 721 2358 746 «
2381 703 2476 759 Scit

365 782 493 827 Deus
511 782 626 845 quia
651 781 795 845 diligo
814 781 1061 839 homineS‚
1082 780 1165 827 sed
1182 797 1296 827 cum
1311 783 1413 827 Deo
1433 781 1607 844 pariter
1626 789 1671 827 et
1689 779 1962 826 hominibus
1980 797 2078 827 esse
2098 797 2198 828 non
2213 797 2425 844 possum.
2449 801 2470 824 υ

365 862 424 906 11]·
441 870 625 907 tantum
649 878 762 908 vero
785 861 931 907 sancti
955 868 1114 925 patres
1137 860 1549 911 conversationem
1572 859 1825 906 hominum
1855 860 2235 923 atquenotitiam
2253 860 2473 907 abhorre-

363 939 505 999 bant,
533 951 584 988 ut
607 940 828 988 nonnulli
849 957 1018 987 eorum
1041 950 1094 987 ut
1117 940 1224 987 illos
1245 957 1273 987 a
1294 957 1344 988 se
1366 940 1555 1005 penitus
1577 945 1894 998 removerem
1923 940 2118 999 insanos·
2134 957 2183 987 se
2206 939 2437 1004 fingerent
2457 978 2467 1000 ‚

362 1030 434 1079 et,
460 1020 592 1085 quod
614 1020 742 1067 dictu
766 1020 981 1067 mirabile
1012 1030 1108 1080 est,
1145 1020 1388 1068 haereticos
1410 1021 1556 1068 etiam
1581 1037 1632 1067 se
1653 1019 2005 1084 profiterentur.
2033 1019 2178 1077 Quod
2198 1020 2235 1066 si
2257 1021 2362 1083 quis
2387 1037 2470 1068 vo-

361 1098 528 1160 luerit,
563 1100 686 1165 legat
717 1101 766 1147 in
789 1104 836 1148 V
832 1102 910 1147 itzir
931 1104 1134 1148 Patr-um
1157 1101 1217 1148 de
1239 1100 1409 1148 abbate
1432 1101 1625 1148 Simone
1639 1103 1678 1159 ²,
1713 1100 1913 1165 qualiter
1947 1117 1996 1148 se
2018 1101 2295 1165 praeparavit
2322 1101 2470 1164 judici

362 1181 618 1244 provinciae
637 1180 699 1228 ad
721 1197 772 1228 se
794 1181 1002 1229 venienti
1025 1199 1036 1228 :
1063 1181 1147 1246 qui
1171 1197 1222 1228 se
1246 1180 1463 1229 videlicet
1485 1197 1624 1228 sacco
1646 1181 1926 1245 cooperiens
1939 1216 1952 1239 ‚
1994 1190 2041 1227 et
2063 1180 2232 1228 tollens
2253 1181 2302 1227 in
2326 1197 2468 1228 manu

361 1275 445 1306 sua
465 1276 640 1325 panem
664 1270 711 1307 et
731 1277 948 1320 caseum,
975 1260 1095 1308 sedit
1118 1261 1165 1306 in
1193 1261 1403 1323 ingressu
1427 1260 1555 1308 cellae
1587 1277 1713 1319 suae,
1751 1270 1800 1307 et
1829 1261 1971 1324 coepit
1999 1259 2303 1307 manducare.
2332 1263 2472 1323 Legat

359 1349 403 1386 et
423 1339 484 1387 de
506 1339 888 1389 illoanachoreta
905 1343 919 1366 ³
934 1377 946 1400 ‚
975 1341 1057 1404 qui
1074 1357 1222 1405 quum
1242 1340 1478 1404 quosdam
1499 1340 1718 1387 sensisset
1734 1339 1923 1387 obviam
1943 1339 2033 1386 sibi
2050 1356 2160 1386 cum
2176 1339 2475 1404 lampadibus

287 1464 296 1470 ,
358 1435 632 1479 occurrere,
656 1440 678 1465 α
700 1419 967 1485 exspolians
985 1437 1034 1467 se
1047 1421 1326 1468 vestimenta
1341 1437 1450 1476 sua,
1474 1420 1597 1467 misit
1621 1420 1670 1467 in
1694 1419 1899 1480 flumen3
1927 1430 1973 1466 et
1997 1429 2125 1466 stans
2150 1419 2308 1467 nudus
2333 1421 2475 1484 coepit

358 1515 414 1546 ea
434 1498 605 1547 lavare¹
635 1499 717 1547 Ille
740 1509 900 1547 autem
924 1501 1008 1564 qui
1031 1497 1326 1548 ministrabat
1350 1500 1394 1546 ei
1418 1499 1520 1547 haec
1546 1499 1710 1547 videns
1730 1535 1741 1558 ‚
1778 1500 1967 1547 erubuit
1984 1535 1996 1558 ‚
2036 1510 2082 1547 et
2111 1501 2292 1564 rogavit
2315 1500 2470 1547 homi-

359 1595 442 1626 nes
459 1615 471 1639 ,
500 1580 665 1627 dicens
691 1598 700 1626 :
732 1600 755 1626 «
781 1580 1083 1639 Revertimini
1100 1616 1114 1639 ,
1142 1580 1253 1645 quia
1278 1597 1420 1628 senex
1436 1590 1600 1627 noster
1621 1597 1814 1628 sensum
1831 1580 2053 1646 perdidit.
2080 1599 2102 1624 υ
2127 1583 2179 1627 Et
2199 1582 2392 1628 veniens
2410 1582 2470 1628 ad

357 1676 468 1708 eum
493 1661 610 1709 dixit
632 1664 675 1709 ei
700 1680 710 1708 ι
742 1682 766 1708 «
791 1662 919 1720 Quid
945 1661 1023 1708 hic
1049 1662 1194 1710 fecisti
1215 1698 1227 1721 ‚
1257 1661 1413 1709 abba?
1439 1664 1620 1710 Omnes
1644 1663 1771 1710 enim
1798 1663 1881 1727 qui
1917 1672 1963 1714 te
1997 1661 2217 1709 viderunt
2249 1663 2469 1711 dixerunt

356 1741 467 1804 quia
503 1740 792 1788 daemonium
815 1741 960 1788 habet
984 1758 1142 1788 senex.
1179 1761 1212 1787 »·
1247 1741 1328 1788 Ille
1362 1751 1522 1788 autem
1546 1741 1792 1807 respondit
1825 1760 1833 1788 ε
1873 1762 1896 1786 «
1923 1745 1978 1788 Et
2000 1758 2089 1806 ego
2120 1741 2214 1789 hoc
2251 1743 2468 1790 volebam

356 1819 535 1868 audire.
565 1839 587 1864 υ
628 1824 767 1885 Legat
805 1821 996 1885 insuper
1032 1831 1080 1868 et
1115 1821 1176 1869 de
1218 1821 1388 1868 abbate
1412 1824 1633 1885 Moyse‘,
1670 1823 1839 1886 quiuut
1878 1839 1906 1869 a
1949 1840 1997 1870 se
2029 1823 2216 1887 penitus
2251 1824 2462 1886 judicem

355 1900 608 1965 provinciae
631 1911 914 1960 removeret,
932 1887 1138 1948 surrexit
1153 1911 1203 1948 ut
1221 1901 1399 1965 fugeret
1414 1902 1462 1947 iu
1485 1901 1724 1965 paludem.
1740 1904 1798 1948 Et
1814 1903 2020 1949 occurrit
2037 1903 2080 1949 ei
2101 1901 2177 1948 ille
2192 1902 2339 1965 judex
2355 1920 2464 1950 cum

354 1981 479 2037 suis,
515 1991 562 2028 et
583 1981 887 2045 interrogavit
924 1998 1032 2029 eum
1051 2017 1063 2041 ,
1103 1981 1299 2029 dicens:
1332 2000 1356 2025 «
1375 1981 1462 2028 Dic
1503 1981 1666 2042 nobis,
1696 1965 1842 2029 ¹slenex
1860 2017 1872 2039 ‚
1913 1982 1993 2029 ubi
2021 1992 2091 2029 est
2128 1981 2245 2029 cella
2287 1982 2467 2030 abbatis

354 2061 558 2124 Moysis?
580 2079 603 2104 υ
630 2063 685 2107 Et
707 2060 822 2108 dixit
843 2062 909 2108 eis
930 2081 939 2108 ε
973 2081 997 2106 «
1020 2061 1147 2119 Quid
1167 2061 1307 2109 vultis
1332 2078 1443 2108 eum
1467 2062 1737 2126 inquirere?
1764 2065 1922 2110 Homo
1942 2063 2097 2110 fatuus
2121 2073 2190 2110 est
2219 2073 2262 2111 et
2290 2063 2467 2111 haereti-

352 2157 450 2188 cus.
476 2158 499 2184 >›
533 2141 661 2199 Quid
683 2142 822 2189 etiam
849 2141 909 2189 de
934 2141 1106 2190 abbate
1134 2145 1326 2190 Pastore
1343 2146 1382 2201 ⁵,
1412 2144 1494 2207 qui
1518 2159 1608 2190 nec
1627 2159 1676 2190 se
1695 2159 1721 2190 a
1736 2143 1897 2207 judice
1917 2143 2172 2209 provinciae
2195 2144 2343 2191 videri
2363 2162 2467 2210 per-

354 2220 506 2280 misit,
535 2230 585 2268 ut
609 2221 785 2268 sororis
807 2237 901 2268 suae
925 2221 1233 2287 supplicantis
1257 2221 1407 2271 filium
1433 2221 1493 2268 de
1518 2238 1709 2269 carcere
1733 2221 1988 2270 liberaret?
2013 2225 2132 2270 Ecce
2151 2232 2368 2287 potentes
2392 2241 2464 2271 se-

351 2300 444 2347 culi
469 2318 580 2349 cum
602 2317 771 2365 magna
799 2302 1102 2349 veneratione
1127 2312 1174 2349 et
1195 2287 1451 2349 devotione
1478 2311 1751 2349 sanctorum
1789 2303 2082 2367 praesentiam
2109 2303 2380 2368 postulant,
2419 2315 2465 2351 et

352 2380 416 2428 illi
449 2382 587 2429 etiam
620 2398 731 2428 cum
763 2398 951 2428 summo
983 2382 1056 2428 sui
1090 2381 1327 2429 dedecore
1361 2398 1443 2429 eos
1469 2382 1657 2445 penitus
1677 2398 1704 2428 a
1729 2399 1778 2429 se
1804 2381 2032 2447 repellere
2056 2382 2263 2429 student.
2287 2386 2346 2429 Ut
2384 2400 2464 2430 au—

351 2469 447 2506 tem
470 2477 608 2507 sexus
627 2461 766 2507 etiam
787 2461 926 2507 vestri
950 2461 999 2507 in
1024 2460 1115 2508 hac
1136 2477 1187 2508 re
1204 2463 1427 2508 virtutem
1453 2461 1749 2524 cognoscatis
1766 2496 1778 2520 ,
1808 2461 1913 2524 quis
1931 2461 2071 2525 digne
2093 2461 2348 2526 praedicare
2372 2463 2464 2510 sus-

350 2537 482 2586 ficiat*
507 2540 739 2604 virginem
769 2539 894 2586 illam
914 2575 926 2598 ‚
963 2556 1068 2603 quae
1101 2539 1358 2591 beatissimi
1379 2556 1575 2604 quoque
1600 2540 1786 2586 Martini
1816 2540 2129 2587 visitationem
2166 2542 2371 2605 respuit,
2414 2554 2460 2590 ut

350 2630 538 2667 vacaret
563 2619 988 2685 contemplationi?
1020 2619 1157 2666 Unde
1183 2619 1242 2667 ad
1264 2622 1510 2667 Oceanum
1533 2619 1823 2667 monachum
1840 2621 2158 2683 Hieronymus
2181 2620 2390 2669 scribens
2405 2625 2418 2646 ⁶
2445 2643 2457 2670 :

353 2720 375 2745 «
403 2703 454 2747 In
482 2699 630 2755 beati,
661 2719 684 2744 »
720 2700 899 2764 inquit,
930 2719 952 2744 «
986 2701 1192 2746 Martini
1217 2703 1265 2746 V
1262 2702 1328 2747 ita
1361 2700 1561 2764 legimus
1585 2716 1985 2748 commemorasse
2012 2700 2263 2766 Sulpitium
2285 2738 2296 2760 ‚
2331 2704 2459 2767 quod

349 2781 579 2828 transiens
604 2790 790 2827 sanctus
819 2781 1047 2827 Martinus
1080 2776 1308 2843 irirginem
1341 2779 1601 2844 quamdam
1635 2779 1850 2827 moribus
1881 2790 1927 2827 et
1959 2781 2169 2829 castitate
2194 2783 2459 2847 praecelsam

348 2860 543 2925 cupiens
564 2859 764 2907 salutare
781 2895 792 2916 ‚
820 2860 898 2907 illa
920 2859 1101 2920 noluit,
1127 2860 1211 2907 sed
1236 2861 1485 2908 exenium⁷
1511 2861 1662 2920 misit,
1700 2870 1746 2907 et
1780 2877 1865 2926 per
1899 2860 2151 2908 fenestram
2176 2863 2429 2927 respiciens
2445 2901 2458 2924 ,

348 2939 411 2985 ait
443 2949 606 2986 sancto
642 2939 744 2986 viro
779 2957 788 2984 ε
831 2939 969 2998 «lbi,
999 2949 1157 3004 pater,
1190 2955 1303 3000 ora,
1333 2940 1443 3008 quia
1482 2956 1727 3004 nunquam
1755 2956 1782 2986 a
1808 2941 1908 2987 viro
1936 2957 2040 2986 sum
2066 2941 2265 2988 visitata.
2290 2962 2312 2985 »
2352 2947 2460 3000 Quo

347 3020 509 3067 audito
527 3057 539 3080 ‚
571 3022 742 3084 gratias
763 3020 856 3084 egit
875 3023 977 3067 Deo
1003 3031 1192 3068 sanctus
1219 3022 1446 3070 Martinus
1463 3057 1475 3080 ,
1507 3021 1640 3085 quod
1665 3020 1834 3068 talibus
1853 3021 2035 3076 imbuta
2056 3022 2268 3069 moribus
2285 3034 2459 3071 castam

346 3100 620 3148 custodierit
655 3100 962 3148 voluntatem.
995 3100 1237 3148 Benedixit
1261 3118 1365 3149 eam
1401 3111 1449 3149 et
1481 3101 1596 3149 abiit
1620 3101 1777 3148 laetitia
1808 3100 1992 3166 plenus.
2020 3121 2041 3144 υ
2077 3105 2184 3150 Haec
2216 3120 2376 3151 revera
2401 3105 2461 3152 de

347 3180 761 3245 contemplationis
793 3197 888 3228 suae
919 3179 1093 3227 lectulo
1127 3197 1318 3245 surgere
1345 3180 1599 3246 dedignata
1635 3180 1711 3228 vel
1740 3182 1886 3228 verita
1905 3215 1918 3240 ,
1954 3181 2159 3247 pulsanti
2193 3183 2254 3229 ad
2284 3185 2459 3231 ostium

391 3392 400 3408 ⁴
427 3393 461 3425 ln
486 3393 563 3425 Vitis
593 3394 727 3425 Petrum
779 3392 834 3425 lib.
865 3393 902 3430 V,
929 3396 968 3425 de
995 3394 1175 3431 charitate,
1193 3403 1226 3436 p.
1244 3395 1321 3425 682.
1344 3411 1380 3416 -
1427 3411 1465 3416 ψ-
1488 3392 1500 3409 ⁴
1517 3392 1615 3432 ibid..
1637 3391 1694 3424 lib.
1715 3391 1754 3432 V,
1774 3394 1812 3424 de
1838 3393 2011 3431 Ostentum,
2027 3403 2061 3435 p.
2080 3394 2142 3424 593
2174 3411 2207 3415 --
2232 3392 2245 3410 ⁰
2263 3393 2359 3433 thid„
2378 3393 2456 3426 ibid.

349 3447 359 3463 ¹
382 3448 449 3481 lbid
469 3474 477 3487 ‚
495 3451 534 3481 de
554 3449 726 3488 Ostentum,
798 3449 1064 3487 59⁴.-³1bid.,
1084 3449 1138 3481 tib.
1159 3448 1215 3483 Vll
1243 3459 1288 3491 .p.
1302 3450 1378 3481 670.
1426 3466 1468 3474 -
1521 3449 1601 3490 Opp.
1620 3454 1645 3481 t.
1659 3447 1700 3489 V,
1719 3448 1783 3480 col.
1799 3448 1874 3482 ⁴1⁴.
1896 3466 1926 3471 u
1948 3447 1959 3460 '
1976 3449 2107 3482 xenium
2127 3448 2192 3481 MS.
2207 3448 2306 3483 Amb.

507 3517 517 3546 Ι
2247 3510 2293 3546 21
