2970 4152
516 417 610 467 256
1202 412 1504 460 HELOISSAE
1535 413 1927 464 PROBLEMATA

511 512 672 569 refert,
703 525 851 573 quum
876 507 1223 555 daemoniacum
1246 505 1502 569 quemdam
1528 507 1763 575 Dominus
1793 518 2031 570 curasset,
2060 519 2107 556 et
2131 510 2278 557 invidi
2311 512 2527 576 pharisaei
2551 515 2619 561 di·
2661 518 2663 524 ⁴

511 600 672 638 cerent
717 605 827 635 eum
864 586 914 634 id
947 586 1098 633 facere
1144 602 1229 650 per
1269 585 1488 650 spiritum
1537 603 1773 651 nequam,
1829 604 1928 635 non
1990 605 2077 653 per
2111 589 2335 654 Spiritum
2372 603 2614 653 sanctum,

511 671 746 718 Dominus
769 669 833 715 ait
848 669 860 692 ¹
904 685 915 713 ε
963 685 987 711 α
1006 667 1054 712 Si
1074 682 1187 730 ergo
1208 666 1258 712 in
1283 665 1547 713 Beelzebub
1571 652 1707 730 ejicio
1733 666 2000 729 daemones,
2039 667 2123 715 filii
2158 670 2300 718 vestri
2332 671 2382 717 in
2407 688 2505 736 quo
2536 674 2617 737 eji-

509 751 677 799 ciunt?
701 751 749 796 Si
773 759 933 796 autem
960 745 1010 795 in
1035 747 1212 813 Spiritu
1228 747 1317 795 Dei
1342 747 1478 811 ejicio
1504 747 1769 808 daemones,
1797 749 1938 812 igitur
1967 750 2183 814 pervenit
2216 750 2266 798 in
2297 767 2384 799 vos
2417 769 2617 816 regnum

508 834 610 880 Dei.
639 850 662 875 »
691 834 748 877 Et
772 839 881 895 post
904 829 1060 893 aliqua
1076 830 1090 853 ²
1112 845 1122 875 ε
1157 847 1178 872 α
1207 827 1320 875 Ideo
1339 827 1448 875 dico
1468 827 1603 875 vobis
1620 863 1632 887 ,
1653 845 1797 876 omne
1812 839 2060 894 peccatum
2079 839 2125 877 et
2148 829 2442 895 blasphemia
2460 819 2618 881 remit-

506 922 631 960 tetur
649 909 924 958 hominibus
944 927 954 956 ι
980 908 1179 973 Spiritus
1202 917 1360 954 autem
1385 906 1678 973 blasphemia
1699 925 1798 954 non
1827 909 2105 957 remittetur.
2127 912 2184 957 Et
2199 912 2473 976 quicunque
2490 912 2619 961 dixe—

505 994 565 1039 rit
588 990 789 1038 verbum
812 998 978 1037 contra
1003 987 1154 1035 filium
1183 987 1392 1034 hom-inis
1411 1023 1423 1046 ‚
1451 988 1714 1036 remittetur
1731 989 1775 1035 ei
1796 1007 1805 1034 ε
1835 989 1918 1053 qui
1942 999 2102 1036 autem
2129 990 2298 1039 dixerit
2322 1002 2489 1040 contra
2513 995 2617 1059 Spi-

504 1075 648 1120 ritum
682 1080 927 1130 sanctum,
967 1085 1067 1116 non
1098 1069 1360 1115 remittetur
1394 1068 1437 1115 ei
1471 1085 1626 1132 neque
1659 1068 1708 1114 in
1748 1068 1842 1116 hoc
1880 1069 2077 1130 saeculo,
2114 1087 2270 1135 neque
2304 1072 2351 1118 in
2390 1071 2614 1120 futuro.»

503 1156 688 1200 Marcus
710 1167 825 1198 vero
853 1149 919 1197 sic
945 1149 1082 1214 ponit
1103 1150 1118 1173 ³
1148 1167 1157 1194 :
1191 1168 1214 1193 «
1240 1150 1388 1194 Amen
1419 1147 1527 1195 dico
1555 1146 1687 1195 vobis
1703 1183 1715 1207 ,
1746 1149 1975 1212 quoniam
1999 1150 2163 1197 omnia
2192 1150 2488 1198 dimittentur
2512 1151 2618 1200 filiis

502 1233 756 1280 hominum
781 1240 974 1296 peccata
1000 1239 1047 1276 et
1069 1228 1400 1294 blasphemiae,
1428 1228 1601 1292 quibus
1625 1228 2070 1294 blasphemaverant
2090 1248 2099 1275 :
2123 1231 2207 1294 qui
2224 1241 2383 1279 autem
2400 1232 2618 1299 blasphe-

503 1313 702 1360 maverit
725 1312 775 1358 in
800 1310 1026 1375 Spiritum
1050 1318 1266 1356 sanctum
1283 1344 1295 1368 ,
1324 1325 1423 1355 non
1447 1308 1643 1355 habebit
1670 1309 1996 1356 remissionem
2028 1310 2075 1356 in
2102 1320 2364 1372 aeternum3
2401 1313 2485 1360 sed
2510 1330 2618 1362 reus

504 1403 574 1439 est
599 1391 761 1439 aeterni
788 1389 972 1449 delicti3
1001 1388 1230 1452 quoniam
1259 1387 1480 1445 dicebant
1501 1387 1838 1434 :Immundum
1864 1389 2080 1454 spiritum
2105 1389 2264 1438 habet.
2290 1394 2484 1440 »Lucas
2503 1410 2616 1441 vero

502 1474 569 1519 sic
593 1471 756 1518 scribit
777 1469 1039 1516 Dominum
1063 1467 1219 1513 dicere
1234 1469 1247 1491 ¹*
1273 1484 1283 1512 :
1317 1486 1337 1511 «
1361 1467 1646 1530 Quicunque
1672 1467 1915 1514 confessus
1949 1468 2088 1515 fuerit
2118 1486 2203 1516 me.
2228 1486 2390 1517 coram
2412 1471 2618 1521 homini-

500 1552 618 1610 bus,
653 1560 700 1597 et
726 1548 850 1595 filius
884 1547 1092 1594 hominis
1117 1544 1422 1591 confitebitur
1457 1544 1591 1591 illum
1623 1561 1786 1591 coram
1816 1546 1993 1608 angelis
2017 1547 2121 1593 Dei.
2164 1548 2258 1604 Qui
2291 1558 2452 1596 autem
2474 1567 2616 1615 nega-

501 1632 621 1678 verit
658 1646 736 1677 me
764 1643 927 1675 coram
962 1624 1268 1683 hominibus,
1306 1623 1553 1687 negabitur
1581 1640 1746 1670 coram
1783 1625 1961 1688 angelis
1988 1626 2092 1672 Dei.
2130 1629 2187 1673 Et
2216 1629 2372 1675 omnis
2396 1630 2478 1693 qui
2505 1630 2618 1680 dicit

501 1710 700 1758 verbum
737 1709 786 1755 in
810 1707 961 1754 filium
985 1705 1219 1762 hominis,
1256 1704 1519 1751 remittetur
1551 1703 1642 1763 illi;
1673 1704 1716 1751 ei
1741 1714 1925 1764 autem,
1957 1705 2110 1770 quiin
2139 1706 2366 1772 Spiritum
2400 1716 2615 1759 sanctum

498 1788 918 1856 blasphemaverit,
948 1802 1047 1834 non
1075 1786 1354 1837 remittetur.
1395 1798 1420 1828 »'
1445 1784 1527 1830 His
1550 1784 1710 1849 itaque
1736 1785 2007 1850 praemissis,
2045 1786 2202 1851 primo
2227 1787 2616 1853 distinguendum

499 1881 594 1930 est,
625 1869 741 1935 quid
765 1869 823 1916 sit
842 1877 1091 1933 peccatum
1118 1864 1422 1930 blasphemiae
1449 1864 1499 1911 in
1530 1863 1681 1911 filium
1705 1864 1914 1912 hominis
1930 1901 1943 1925 ,
1972 1875 2018 1912 et
2042 1865 2159 1930 quid
2185 1865 2235 1913 iri
2257 1868 2485 1932 Spiritum
2511 1887 2617 1919 san—

497 1960 646 1998 ctum.
674 1952 919 2007 Quantum
942 1962 1057 1993 vero
1082 1945 1263 1992 aestimo
1279 1980 1291 2003 ,
1321 1944 1396 1991 ille
1418 1954 1584 2008 peccat
1608 1943 1989 2009 blasphemando
2014 1945 2064 1992 in
2087 1944 2237 1992 filium
2261 1945 2470 1994 hominis
2486 1984 2498 2007 ,
2532 1951 2614 2013 qui

498 2030 684 2077 Christo
712 2026 938 2086 detrahit,
962 2042 1074 2073 eum
1091 2024 1374 2088 denegando
1396 2026 1569 2082 Deum,
1598 2041 1697 2070 non
1724 2033 1820 2070 tam
1845 2041 1931 2089 per
1954 2024 2181 2072 malitiam
2206 2042 2349 2090 quam
2374 2044 2461 2092 per
2483 2044 2614 2076 erro·

497 2127 628 2168 rem,
657 2126 714 2156 ex
747 2115 987 2171 assumpta
1011 2115 1183 2152 nostrae
1208 2103 1492 2151 infirmitatis
1517 2114 1711 2160 natura,
1740 2121 1885 2168 quam
1913 2105 1961 2151 in
1991 2122 2050 2153 eo
2075 2107 2324 2172 conspicit.
2354 2110 2456 2154 Hoc
2487 2109 2613 2157 enim

495 2189 667 2249 innuit,
690 2204 840 2252 quum
859 2186 972 2234 dicit
990 2203 1000 2233 ε
1024 2185 1192 2232 Filium
1208 2184 1434 2244 hominis,
1454 2185 1613 2248 potius
1632 2200 1777 2248 quam
1795 2203 1804 2231 :
1826 2185 1994 2232 Filium
2014 2187 2127 2246 Dei3
2149 2196 2199 2233 ut
2215 2188 2615 2252 propterinfirmi·

496 2281 641 2318 tatem
658 2267 868 2316 hominis
884 2302 896 2326 ,
923 2282 1069 2330 quam
1094 2282 1149 2312 ex
1180 2274 1330 2311 matre
1353 2264 1593 2311 nascendo
1616 2265 1845 2330 suscepit,
1874 2281 1975 2312 non
1998 2266 2218 2314 credatur
2236 2268 2285 2314 in
2304 2271 2372 2314 eox
2382 2268 2613 2317 fortitudo

495 2351 597 2397 Dei.
627 2347 772 2407 Quod
795 2345 991 2411 quidem
1020 2354 1268 2410 peccatum
1293 2361 1350 2391 ex
1374 2344 1641 2408 ignorantia
1665 2353 1892 2408 tanquam
1922 2345 2209 2406 invincibili,
2238 2346 2500 2412 plurimum
2529 2366 2610 2396 ex·-

495 2428 701 2476 cusabile
727 2426 915 2474 videtur
945 2443 955 2471 :
983 2441 1133 2488 quum
1155 2423 1249 2470 hoc
1274 2439 1579 2487 nequaquam
1607 2423 1818 2470 humana
1843 2424 2026 2471 ratione
2046 2461 2058 2484 ,
2089 2425 2172 2472 sed
2195 2429 2298 2473 Deo
2325 2436 2512 2475 tantum
2545 2429 2614 2475 in-

493 2510 699 2574 spirante
720 2506 899 2571 percipi
924 2514 1109 2569 posset,
1130 2514 1191 2550 'ut
1218 2503 1439 2550 videlicet
1459 2506 1587 2551 Deus
1605 2503 1754 2550 homo
1783 2502 1934 2551 fieret.
1956 2504 2094 2552 Unde
2112 2515 2158 2552 et
2185 2506 2385 2571 ipsemet
2403 2507 2616 2556 Christus

492 2587 742 2653 profitetur
757 2588 770 2611 ‘⁵
792 2604 802 2632 z
829 2605 852 2630 «
877 2588 1028 2631 Nemo
1047 2584 1178 2632 venit
1202 2583 1263 2630 ad
1286 2599 1386 2642 me,
1419 2583 1511 2629 nisi
1532 2592 1667 2647 pater
1691 2599 1826 2630 meus
1847 2583 2040 2631 traxerit
2056 2583 2216 2644 illum3
2241 2600 2266 2629 »
2298 2586 2410 2649 quia
2428 2603 2526 2634 non
2546 2598 2616 2635 est
2683 2611 2686 2615 ·
2742 2596 2745 2597 ’

491 2668 711 2714 humanae
730 2664 925 2712 rationis
949 2663 1111 2710 hocin
1140 2662 1328 2709 Christo
1351 2663 1622 2727 percipere,
1652 2662 1785 2726 quod
1809 2662 2116 2710 solummodo
2137 2664 2189 2710 fit
2212 2668 2315 2712 Deo
2334 2665 2608 2730 inspirante.

496 2746 824 2815 Blasphemare
850 2760 963 2791 vero
990 2743 1038 2789 in
1067 2743 1295 2807 Spiritum
1321 2752 1537 2790 sanctum
1557 2778 1570 2801 ,
1599 2752 1670 2789 est
1685 2742 1930 2790 manifeste
1948 2742 2149 2791 bonitati
2167 2746 2284 2804 Dei,
2313 2746 2396 2809 qui
2414 2747 2614 2811 Spiritus

493 2836 682 2874 sanctus
714 2824 1015 2888 intelligitur,
1060 2823 1124 2869 ita
1160 2822 1362 2869 scienter
1396 2838 1453 2868 ex
1478 2822 1657 2868 invidia
1685 2821 1935 2869 detrahere
1952 2858 1965 2881 ,
1998 2833 2051 2870 ut
2090 2823 2350 2883 beneficia,
2386 2843 2492 2890 quae
2529 2843 2615 2891 per

493 2907 719 2971 Spiritum
743 2915 986 2962 sanctum,
1014 2902 1110 2949 hoc
1134 2911 1205 2948 est
1225 2901 1396 2948 divinae
1418 2900 1644 2948 bonitatis
1669 2902 1885 2965 gratiam,
1909 2919 2006 2949 non
2033 2903 2254 2955 dubitant
2278 2905 2403 2965 fieri,
2427 2923 2511 2971 per
2533 2907 2612 2954 in-

492 2986 668 3033 vidiam
702 2985 912 3032 tribuant
942 2982 1150 3046 maligno
1186 2981 1408 3046 Spiritui,
1442 2981 1561 3028 sicut
1590 2980 1807 3028 Pharisaei
1848 2982 2107 3042 faciebant,
2150 2984 2266 3041 dum
2295 2985 2483 3032 turbam
2513 3003 2611 3034 cre-

494 3065 685 3112 dentem
706 3066 797 3125 his,
823 3081 929 3129 quae
945 3062 1187 3121 videbant,
1209 3061 1447 3109 miraculis
1463 3098 1476 3121 ,
1498 3078 1526 3108 a
1542 3061 1728 3108 Christo
1748 3078 1834 3126 per
1851 3063 2076 3110 invidiam
2095 3075 2304 3112 avertere
2328 3067 2603 3113 niterentur.

494 3148 711 3202 Quorum
732 3155 979 3210 peccatum
1005 3144 1044 3192 si
1067 3142 1336 3207 diligentius
1354 3141 1731 3211 consideremus,
1753 3144 1939 3206 gravius
1957 3160 2058 3191 esse
2078 3144 2264 3191 videtur
2278 3162 2376 3209 quo
2392 3145 2610 3194 diabolus

494 3225 686 3271 corruit.
721 3225 818 3272 Etsi
844 3225 973 3272 enim
1013 3223 1229 3288 pharisaei
1256 3221 1496 3269 Christum
1524 3238 1623 3268 non
1658 3221 1918 3288 credebant
1944 3225 2098 3270 Deum
2116 3258 2128 3281 ,
2165 3222 2412 3271 hominem
2450 3234 2607 3273 tamen

540 3431 548 3447 “
575 3430 703 3471 Μειῑὼ,,
719 3441 792 3474 cap.
810 3441 875 3469 xu,
894 3439 925 3462 v.
942 3431 997 3462 27.
1015 3447 1056 3452 --
1070 3428 1198 3467 ⁸1bid„
1215 3439 1243 3463 v.
1266 3431 1374 3461 31.--
1388 3428 1401 3446 ³
1418 3428 1533 3467 Marc„
1551 3437 1624 3470 cap.
1645 3439 1697 3468 ιιι,
1721 3438 1753 3460 v.
1777 3429 1839 3469 28,
1857 3429 1909 3460 29.
1929 3445 1969 3451 -
1986 3427 1999 3445 ⁴
2017 3428 2113 3469 Luc.,
2132 3438 2207 3471 cap.
2228 3438 2272 3462 ιιι
2285 3453 2294 3468 ,
2313 3439 2345 3461 v.
2366 3430 2398 3461 8.
2413 3447 2455 3454 -
2471 3429 2485 3447 ⁸
2498 3430 2606 3470 Joan„

494 3498 566 3530 cap.
582 3500 612 3521 v¹
624 3514 632 3524 .
648 3500 678 3521 v.
698 3488 753 3520 44.
