2970 4152
546 408 641 454 366
1348 406 1518 452 PETRI
1555 405 1863 454 ABAELARDI
1879 400 1881 402 ¹

548 504 790 550 Psalmista
813 512 922 549 ante
939 501 1215 547 cecinerat¹:
1241 520 1264 545 «
1281 501 1507 565 Lapidem
1528 517 1672 565 quem
1697 503 2074 567 reprobaverunt
2090 503 2397 566 aedificantes,
2416 506 2495 553 hic
2515 506 2663 555 factus

544 595 613 630 est
642 584 689 629 in
727 592 869 647 caput
901 580 1077 644 anguli.
1107 583 1142 627 A
1168 581 1377 628 Domino
1403 582 1843 658 factumxestjstud,
1873 593 2008 630 etc.»
2043 584 2191 647 Hujus
2225 585 2393 650 lapidis
2414 586 2474 634 de
2499 597 2663 637 monte

544 665 643 710 sine
662 662 879 709 manibus
897 661 1096 708 abscisio
1117 661 1259 721 facta,
1287 662 1388 726 ipsa
1408 671 1474 709 est
1492 663 1754 710 incarnatio
1774 663 1955 722 divina,
1978 664 2025 710 in
2049 680 2193 727 quam
2206 664 2283 711 illa
2301 682 2406 729 quae
2425 667 2663 731 Virginem

544 743 763 806 replevit,
793 741 893 788 sola
918 751 1111 805 operata
1137 751 1207 788 est
1231 741 1429 806 Spiritus
1451 743 1599 789 sancti
1619 743 1780 805 gratia.
1814 746 1916 807 Ipse
1941 743 2118 808 quippe
2149 760 2233 791 sua
2265 747 2541 810 operatione
2564 763 2665 794 car-

545 839 651 868 nem
674 822 824 881 illam,
846 838 940 886 qua
963 821 1240 868 indueretur
1265 821 1386 869 filius
1405 824 1519 880 Dei,
1551 823 1611 869 de
1635 839 1775 870 carne
1795 823 1998 887 Virginis
2026 826 2283 890 separavit,
2307 836 2354 873 et
2373 827 2423 873 in
2449 828 2665 886 membra

545 903 777 949 formavit.
807 902 935 960 Quid
960 913 1120 950 autem
1139 920 1328 962 manus,
1356 904 1446 951 nisi
1468 904 1728 950 humanam
1750 905 2077 969 operationem
2102 905 2402 969 significant?
2434 908 2545 954 Sine
2564 925 2665 956 ma-

545 982 683 1029 nibus
699 984 840 1047 igitur
857 983 901 1029 id
919 993 1077 1030 actum
1089 994 1175 1042 est,
1192 983 1272 1030 ubi
1289 984 1417 1031 nulla
1433 984 1631 1031 humani
1651 985 1802 1030 coitus
1818 985 2031 1049 operatio
2049 985 2149 1032 fuit.
2173 989 2333 1046 Mons,
2357 987 2418 1034 de
2436 1004 2535 1052 quo
2547 987 2667 1053 lapis

544 1063 620 1110 hic
640 1073 710 1110 est
733 1062 966 1121 abscisus,
988 1064 1226 1127 virginalis
1250 1065 1504 1111 eminentia
1525 1074 1595 1110 est
1618 1064 1880 1127 dignitatis,
1909 1081 2014 1129 quae
2034 1065 2272 1112 coelestem
2297 1067 2346 1113 in
2363 1067 2497 1114 terris
2525 1066 2667 1114 duce-

543 1143 622 1190 bat
643 1145 805 1191 vitam.
825 1147 895 1191 De
908 1144 1042 1207 cujus
1062 1144 1257 1208 quidem
1274 1144 1535 1190 substantia
1550 1144 1815 1191 secundum
1826 1162 2019 1192 carnem
2033 1145 2184 1193 homo
2197 1146 2275 1193 ille
2291 1157 2361 1194 est
2377 1157 2663 1212 assumptus,

543 1225 625 1288 qui
650 1225 698 1270 in
727 1241 872 1271 unam
891 1241 1146 1289 personam
1166 1224 1325 1275 Verbo
1350 1224 1438 1270 Dei
1462 1234 1530 1271 est
1550 1225 1709 1271 unitus
1723 1261 1735 1284 ,
1757 1225 1890 1289 quod
1908 1235 2062 1272 totum
2081 1236 2152 1273 est
2176 1229 2307 1274 Jesus
2329 1226 2557 1274 Christus.
2581 1227 2669 1274 Hic

544 1303 772 1366 grandem
800 1314 846 1350 et
871 1303 1125 1366 sublimem
1144 1314 1345 1359 statuam
1370 1304 1743 1362 comminuens²,
1767 1305 2006 1351 dilatatam
2032 1306 2081 1352 in
2107 1306 2324 1370 gentibus
2348 1305 2667 1353 idololatriam

544 1383 795 1442 destruxit,
827 1384 947 1430 sicut
973 1393 1018 1430 et
1047 1385 1148 1446 ipse
1172 1399 1258 1447 per
1290 1382 1458 1428 Isaiam
1485 1392 1623 1429 antea
1647 1384 1954 1447 promiserat,
1983 1385 2173 1431 dicens³
2196 1404 2205 1431 :
2241 1405 2263 1429 «
2285 1389 2407 1432 Ecce
2432 1386 2669 1432 Dominus

542 1464 765 1511 ascendet
789 1481 932 1528 super
950 1463 1129 1510 nubem
1149 1463 1301 1509 levem
1315 1499 1327 1522 ,
1348 1473 1393 1509 et
1406 1463 1696 1526 ingredietur
1712 1466 1967 1528 AEgyptum
1987 1483 1996 1510 z
2022 1474 2067 1510 et
2086 1465 2408 1512 movebuntur
2420 1465 2670 1512 simulacra

544 1546 730 1610 AEgypti
751 1561 778 1591 a
803 1545 921 1591 facie
941 1544 1057 1607 ejus.
1088 1563 1110 1587 »
1139 1546 1365 1608 AEgyptus
1387 1544 1588 1608 quippe,
1623 1561 1728 1607 quae
1751 1544 1958 1591 tenebrae
1986 1545 2334 1609 interpretatur,
2364 1545 2574 1592 mundus
2599 1556 2668 1593 est

544 1641 730 1672 summa
761 1624 989 1671 idolatriae
1016 1624 1220 1672 caecitate
1251 1623 1535 1688 percussus?
1562 1627 1615 1670 111
1642 1641 1783 1687 quem
1818 1625 2053 1670 Dominus
2086 1641 2173 1688 per
2196 1641 2390 1671 carnem
2423 1625 2671 1672 manifeste

544 1706 739 1751 veniens
753 1741 764 1763 ,
781 1705 893 1751 huic
911 1705 1000 1770 ipsi
1019 1705 1151 1751 carni
1167 1704 1303 1768 quasi
1320 1703 1412 1751 levi
1431 1703 1547 1750 nubi
1560 1704 1729 1751 insedit
1742 1740 1754 1761 ‚
1776 1706 1888 1768 quia
1905 1705 2055 1752 homo
2069 1705 2147 1752 ille
2166 1722 2192 1752 a
2203 1705 2362 1752 Verbo
2379 1703 2666 1770 assumptus,

496 1814 499 1817 -
545 1785 604 1831 de
623 1802 719 1849 quo
739 1785 967 1850 scriptum
985 1795 1076 1832 est:
1105 1785 1355 1831 «Verbum
1370 1784 1674 1832 carosactum
1693 1795 1784 1844 est,
1805 1804 1827 1829 »
1850 1785 2037 1832 nullum
2056 1803 2110 1832 ex
2131 1786 2426 1850 corruptibili
2445 1803 2664 1852 corpore,

544 1866 676 1929 quod
699 1876 918 1930 aggravat
944 1866 1149 1913 animam
1166 1902 1178 1925 ,
1202 1865 1394 1930 pondus
1412 1865 1550 1912 traxit
1567 1867 1765 1930 peccati.
1792 1865 1873 1912 Sol
1898 1882 2075 1930 vapore
2095 1883 2182 1912 suo
2200 1866 2521 1913 exhalationes
2535 1876 2669 1915 terrae

545 1963 799 2009 generans,
826 1946 1005 1994 nubem
1031 1946 1242 2005 attrahit,
1273 1946 1334 1993 de
1353 1963 1445 2010 qua
1467 1955 1632 2011 postea
1654 1963 1853 1993 manans
1882 1946 2041 2011 pluvia
2064 1956 2240 1993 terram
2264 1945 2467 1993 inebriat
2491 1957 2542 1993 ut
2567 1947 2668 1994 fru—

544 2027 729 2073 ctificet.
755 2030 916 2092 Vapor
934 2028 1094 2091 itaque
1121 2028 1217 2074 sive
1250 2027 1379 2074 calor
1407 2027 1558 2087 solus,
1587 2028 1786 2091 Spiritus
1810 2028 1912 2092 ipse
1936 2037 2006 2074 est
2029 2044 2056 2073 a
2081 2030 2184 2074 Deo
2203 2027 2492 2092 procedens,
2520 2029 2668 2092 quiet

545 2108 689 2171 ipsius
715 2124 850 2154 amor
875 2108 1062 2155 dicitur.
1097 2109 1183 2154 Hic
1211 2107 1294 2154 ubi
1318 2108 1417 2155 vult
1437 2109 1641 2173 spirans,
1665 2118 1711 2155 et
1736 2118 1923 2155 terrena
1947 2108 2094 2155 corda
2121 2109 2168 2154 in
2190 2111 2345 2155 Deum
2369 2108 2635 2155 accendens
2650 2147 2662 2168 ,

545 2187 679 2250 quasi
702 2187 933 2251 quasdam
958 2187 1280 2235 exhalationes
1307 2198 1438 2235 terrae
1461 2198 1676 2252 generat,
1700 2187 1818 2234 dum
1842 2189 2055 2253 ipsorum
2080 2189 2280 2252 gemitus
2305 2198 2448 2252 atque
2467 2189 2668 2252 suspiria

545 2269 589 2315 in
619 2272 774 2316 Deum
800 2270 984 2316 excitat.
1015 2269 1152 2316 Unde
1178 2280 1224 2316 et
1255 2269 1529 2334 Apostolus⁴
1552 2288 1561 2315 :
1595 2290 1617 2315 «
1641 2273 1771 2334 Ipse,
1798 2289 1822 2314 υ
1858 2270 2034 2334 inquit,
2073 2289 2095 2314 «
2120 2270 2318 2334 Spiritus
2341 2269 2550 2334 postulat
2575 2287 2665 2335 pro

545 2348 683 2395 nobis
702 2349 950 2413 gemitibus
970 2348 1388 2409 inenarrabilibus,
1414 2368 1436 2393 »
1457 2349 1572 2396 dum
1593 2366 1682 2396 nos
1700 2349 1918 2396 videlicet
1941 2349 2236 2415 postulantes
2256 2349 2388 2407 facit,
2409 2359 2455 2396 et
2474 2359 2666 2396 orantes

544 2446 648 2492 quae
672 2431 891 2493 suggerit.
916 2431 1112 2476 Summa
1132 2446 1243 2494 ergo
1269 2431 1319 2476 in
1344 2430 1548 2494 antiquis
1566 2430 1779 2495 patribus
1804 2430 1903 2476 haec
1918 2430 1979 2476 ad
1995 2433 2151 2476 Deum
2171 2430 2323 2476 oratio
2342 2429 2429 2476 fuit
2448 2439 2494 2475 et
2508 2446 2668 2493 exspe—

544 2507 725 2567 ctatio⁸,
754 2517 803 2554 ut
827 2507 1116 2571 promissum
1145 2507 1211 2554 eis
1237 2507 1442 2554 mitteret
1464 2507 1764 2569 ⁴Salvatorem
1785 2525 1795 2552 ε
1820 2508 1939 2554 sicut
1961 2517 2008 2553 et
2036 2506 2097 2553 de
2122 2505 2265 2553 beato
2287 2505 2368 2552 illo
2393 2506 2563 2570 legitur
2589 2506 2667 2551 Si-

544 2588 749 2633 meone⁶.
781 2587 925 2644 Quod
959 2598 1006 2634 et
1037 2586 1202 2634 beatus
1237 2603 1624 2634 commemorans
1659 2587 2000 2650 Augustinus⁷:
2048 2605 2069 2630 «
2104 2585 2380 2649 Intelligite,
2425 2585 2615 2644 fratres,
2639 2603 2663 2628 »

544 2667 725 2731 inquit,
764 2679 1041 2732 «quantum
1072 2668 1362 2715 desiderium
1391 2667 1634 2715 habebant
1669 2668 1851 2732 antiqui
1875 2667 2023 2714 sancti
2047 2666 2207 2713 videre
2233 2663 2504 2713 Christum!
2541 2665 2667 2716 Scie-

545 2747 659 2794 bant
699 2748 832 2795 illum
876 2765 977 2795 esse
1019 2759 1303 2807 venturum,
1342 2758 1389 2795 et
1425 2765 1595 2795 omnes
1637 2749 1719 2812 qui
1755 2746 2011 2812 cupiebant
2032 2783 2043 2807 ,
2076 2745 2298 2793 dicebant
2328 2764 2337 2791 :
2377 2765 2400 2790 «
2425 2747 2468 2791 O
2511 2745 2549 2791 si
2588 2760 2666 2791 me

549 2846 572 2871 «
599 2828 678 2875 illa
720 2829 928 2875 inveniat
969 2826 1211 2875 nativitas!
1266 2845 1296 2875 o
1328 2829 1366 2874 si
1410 2828 1543 2892 quod
1580 2827 1725 2874 credo
1770 2828 1818 2873 in
1858 2827 2100 2892 scripturis
2134 2826 2245 2883 Dei,
2280 2825 2469 2895 videam
2516 2823 2668 2870 oculis
2729 2828 2732 2831 ⁴

547 2927 567 2951 «
597 2908 740 2956 meis!
769 2928 790 2954 η
817 2909 951 2956 Idem
975 2919 1084 2974 post
1109 2908 1265 2973 aliqua
1299 2908 1360 2955 de
1392 2908 1533 2955 beato
1575 2907 1657 2954 illo
1697 2907 1922 2973 praedicto
1961 2924 2074 2954 sene
2114 2907 2250 2971 quasi
2291 2905 2591 2953 desiderante
2621 2913 2668 2951 et

547 2990 829 3053 suspirante,
856 3001 903 3037 et
933 2989 1146 3054 quotidie
1174 2990 1222 3036 in
1248 2988 1545 3036 orationibus
1570 2989 1665 3035 suis
1696 2988 1889 3036 dicente
1913 3007 1924 3034 :
1964 3008 1986 3032 «
2004 2987 2211 3045 Quando
2249 2987 2434 3043 veniet,
2471 2984 2666 3048 quando

551 3089 572 3111 «
597 3079 837 3130 nascetur,
878 3070 1074 3135 quando
1122 3069 1295 3117 videbo
1320 3069 1339 3115 Ρ
1386 3072 1526 3116 Putas
1568 3068 1787 3116 durabo?
1827 3079 1965 3133 putas
2007 3068 2085 3115 hic
2119 3084 2198 3114 me
2245 3065 2487 3114 inveniet?
2529 3074 2667 3129 putas

554 3167 576 3191 «
604 3148 679 3194 isti
707 3150 832 3196 oculi
862 3150 1116 3211 videbunt,
1153 3166 1239 3215 per
1269 3166 1414 3214 quem
1433 3148 1607 3196 ”cordis
1638 3148 1765 3195 oculi
1799 3147 2170 3196 revelabuntur?
2189 3166 2213 3191 »
2258 3145 2456 3207 Dicebat
2490 3145 2578 3191 ista
2616 3144 2666 3191 in

550 3228 843 3277 orationibus
876 3231 994 3290 suis,
1022 3241 1069 3278 et
1101 3247 1190 3295 pro
1223 3229 1459 3277 desiderio
1490 3246 1576 3276 suo
1607 3229 1788 3294 accepit
1813 3244 2125 3293 responsum,
2168 3226 2300 3291 quod
2334 3241 2433 3272 non
2464 3234 2668 3288 gustaret

597 3373 607 3389 ¹
634 3372 750 3405 Psalm.
780 3383 863 3407 cxvn
877 3399 886 3414 ‚
905 3385 935 3408 v.
963 3377 1019 3407 22.
1035 3394 1074 3400 —-
1091 3375 1104 3392 ’
1118 3375 1172 3408 Sic
1203 3375 1271 3409 MS.
1297 3375 1386 3408 Eius,
1399 3392 1421 3399 -
1433 3375 1583 3408 smmum
1637 3374 1734 3408 Amb.
1749 3374 1921 3412 —⁶Luc.,
1939 3383 2014 3418 cap.
2033 3384 2075 3414 n,
2091 3384 2122 3406 v.
2143 3373 2197 3406 2⁵.
2209 3389 2254 3398 —
2268 3371 2280 3389 '¹
2297 3372 2403 3406 Serm.
2423 3380 2565 3411 cccxxx,
2585 3369 2668 3410 Opp-

553 3432 756 3470 comminuit,
770 3433 844 3471 quia
859 3431 944 3464 Edit.
965 3432 1111 3466 Ambf-
1128 3432 1141 3450 ³
1158 3432 1250 3466 lsaiae
1266 3443 1340 3475 cap.
1354 3443 1411 3465 xix
1423 3456 1432 3472 ‚
1445 3442 1475 3464 v.
1496 3433 1526 3465 1.
1543 3449 1583 3455 —
1639 3438 1663 3465 t.
1680 3430 1720 3470 V,
1736 3431 1799 3464 col.
1821 3432 1903 3463 ¹458
1918 3437 1951 3463 et
1967 3429 2064 3462 1459.

554 3485 566 3501 ⁴
585 3487 693 3526 Rom„
712 3497 785 3530 cap.
803 3498 876 3526 vm,
897 3499 929 3521 v.
947 3489 1000 3522 26.
1020 3507 1055 3513 —
1076 3489 1090 3507 ⁸
1103 3489 1169 3522 MS.
1187 3490 1278 3527 Eine.
1291 3507 1316 3514 —
1329 3490 1375 3524 Et
1401 3490 1495 3522 deest
1521 3488 1583 3522 Ed.
