2970 4152
1291 430 1486 482 NOTAE.
2377 426 2439 472 69

334 537 456 573 adhuc
474 535 665 583 religionis
692 541 782 577 tuae,
805 531 867 568 sed
887 532 1130 567 honestorum
1149 536 1273 565 tamen
1294 535 1332 563 et
1351 525 1594 562 laudabilium
1608 523 1829 559 >studiorum
1854 528 2002 558 tuorum
2025 520 2119 556 mihi
2151 521 2244 556 fama
2264 522 2439 557 innotuit.

333 597 540 634 Audiebam
564 603 654 632 tunc
672 594 852 643 temporis
871 592 1065 629 mulierem
1079 620 1090 636 ,
1114 590 1201 627 licet
1223 589 1382 626 necdum
1403 587 1516 624 seculi
1542 586 1696 622 nexibus
1719 584 1949 633 expeditam,
1974 583 2202 620 litteratoriae
2225 584 2383 619 scientiae
2397 592 2443 619 et

333 659 458 696 studio
475 658 649 695 secularis
666 657 852 706 sapientiae
874 667 1057 691 summam
1078 665 1233 703 operam*
1249 652 1351 690 dare.
1375 648 1666 697 Quo‘*effe1·end0
1692 647 1816 684 Studio
1843 654 1910 684 tuo
1924 676 1934 692 ‚
1961 655 1999 684 et
2026 647 2201 684 mulieres
2218 660 2346 684 omnes
2367 649 2443 683 evi-

334 722 435 764 cisti,
453 728 491 758 et
504 733 598 770 pene
611 721 708 756 viros
720 719 912 755 universos
929 717 1124 766 superasti.
1142 716 1230 752 Mox
1247 726 1352 759 vero,
1369 713 1477 761 juxta
1491 711 1601 748 verba
1616 710 1793 759 apostoli,
1814 717 1856 746 ut
1876 709 2101 758 complacuit
2122 710 2158 746 ei
2178 710 2244 759 qui
2264 717 2301 746 te
2322 721 2442 758 segre-

335 785 434 833 gavit
457 783 504 819 ab
522 790 632 819 utero
659 781 788 817 matris
806 787 897 824 tuae,
923 792 990 828 per
1011 779 1166 828 gratiam
1188 789 1313 821 suam,
1339 776 1450 824 longe
1473 775 1513 810 in
1535 773 1668 810 melius
1689 772 1970 821 disciplinarum
1989 771 2109 808 studia
2126 774 2384 818 commutasti,
2409 782 2444 809 et

336 858 405 894 pro
433 845 552 894 logica
575 842 838 891 Evangelium‚
868 853 936 890 pro
961 841 1113 890 physica
1142 838 1371 888 apostolum,
1399 849 1467 886 pro
1488 836 1642 872 Platone
1664 835 1883 880 Christum,
1920 847 1987 882 pro
2015 835 2214 871 Academia
2242 836 2444 873 claustrum

338 914 413 944 tota
437 907 524 954 jam·
537 912 574 942 et
601 890 697 941 vere*
711 903 969 953 philosophica
992 902 1127 938 mulier
1155 901 1314 950 elegisti.
1330 915 1349 934 n
1371 899 1600 947 Religiosam
1617 908 1769 947 quoque
1785 896 1960 932 feminam
1979 903 2017 931 et
2036 903 2112 932 tam
2128 896 2313 934 hebraicis
2335 912 2445 947 quam

335 968 460 1005 latinis
484 967 622 1004 litteris
646 965 816 1014 adprime
838 964 1023 1001 eruditam
1047 964 1159 1000 fuisse
1176 969 1333 999 testatur
1355 959 1678 997 autissiodorensis
1699 959 1926 1002 monachus,
1952 971 2020 994 nec
2038 971 2112 995 non
2136 959 2259 1006 ipsum
2282 961 2440 1009 paracle-

336 1038 438 1066 tense
464 1028 716 1065 calendarium
746 1026 921 1076 gallicum
938 1027 998 1062 his
1019 1026 1166 1062 verbis:
1190 1040 1207 1058 «
1224 1024 1371 1061 Heloise
1389 1035 1493 1059 mere
1509 1029 1548 1058 et
1570 1021 1753 1071 premiere
1773 1020 1898 1057 abesse
1925 1020 1972 1057 de
1991 1031 2118 1066 ceam,
2147 1021 2194 1057 de
2219 1021 2387 1059 doctrine
2411 1032 2447 1059 et

337 1092 495 1140 religion
519 1098 594 1128 tres
624 1089 944 1138 resplendissante.
972 1104 989 1122 »ι
1028 1088 1141 1134 Quod
1174 1087 1338 1135 apertius
1359 1085 1484 1122 adhuc
1506 1084 1669 1121 declarat
1690 1083 1904 1120 Abaelardus
1932 1084 2011 1132 ipse
2035 1083 2111 1119 suis
2134 1082 2180 1118 ad
2202 1095 2284 1119 eam
2303 1088 2449 1134 scriptis

337 1153 514 1203 epistolis,
536 1154 581 1189 Et
602 1153 640 1188 in
661 1152 928 1189 Exhortatione
944 1151 992 1187 de
1007 1150 1218 1186 litterarum
1242 1148 1368 1185 studio
1389 1147 1436 1183 ad
1462 1148 1621 1195 virgines
1644 1146 1933 1196 paracletenses:
1951 1161 1968 1179 «
1988 1146 2261 1195 Magisterium,
2279 1162 2296 1180 n
2312 1149 2446 1197 inquit,

340 1233 357 1249 «ι
379 1217 521 1253 habetis
545 1216 584 1251 in
607 1222 749 1260 matre,
773 1213 876 1263 quod
895 1213 943 1250 ad
967 1214 1092 1250 omnia
1117 1212 1218 1249 vobis
1247 1210 1432 1256 sufficere,
1459 1217 1534 1246 tam
1559 1209 1606 1246 ad
1627 1209 1839 1258 exemplum
1865 1208 2004 1245 scilicet
2032 1209 2212 1245 virtutum
2227 1238 2236 1255 ,
2263 1223 2374 1259 quam
2405 1214 2449 1248 ad

338 1279 547 1315 doctrinam
569 1277 776 1314 litterarum
801 1283 922 1325 potest
946 1291 954 1312 :
979 1288 1059 1325 quae
1082 1287 1159 1311 non
1180 1274 1301 1310 solum
1321 1274 1461 1318 latinae,
1487 1285 1614 1309 verum
1637 1273 1748 1308 etiam
1778 1279 1853 1308 tam
1882 1272 2063 1309 hebraicae
2090 1285 2200 1321 quam
2233 1285 2353 1320 graecae
2378 1287 2449 1310 non

338 1352 467 1390 expers
484 1339 723 1385 litteraturae,
750 1339 824 1375 sola
842 1338 915 1374 hoc
935 1345 1103 1386 tempore
1124 1335 1224 1372 illam
1245 1336 1361 1372 trium
1382 1335 1598 1384 linguarum
1621 1334 1754 1383 adepta
1773 1334 1945 1383 peritiam
1969 1334 2137 1380 videtur,
2162 1347 2243 1384 quae
2264 1336 2310 1372 ab
2332 1338 2453 1372 omni-

339 1403 457 1439 busin
470 1403 579 1439 beato
592 1401 825 1449 Hieronymo
841 1407 1020 1449 tanquam
1039 1398 1238 1447 singularis
1264 1398 1381 1447 gratia
1403 1396 1637 1446 praedicatur.
1654 1412 1671 1430 »
1697 1396 1928 1443 [Elenchum
1946 1396 2216 1432 abbatissarum
2240 1400 2453 1434 monasterii

339 1464 599 1514 paracletensis
623 1475 735 1512 quem
762 1461 860 1500 And.
882 1462 1140 1508 Quercetanus
1166 1460 1228 1496 bic
1256 1460 1484 1504 inseruerat,
1515 1465 1666 1495 auctum
1692 1465 1731 1495 et
1754 1457 1993 1495 emendatum
2017 1458 2215 1495 retulimus
2242 1458 2289 1495 ad
2319 1460 2453 1496 calcem

341 1527 495 1574 hujusce
512 1524 752 1574 voluminis.]

389 1589 533 1627 Verum
550 1594 593 1624 ut
610 1588 688 1623 haec
705 1588 827 1632 Notae,
847 1599 928 1636 quae
945 1586 992 1622 ab
1012 1584 1203 1622 Abaelardo
1220 1592 1434 1633 coeperunt,
1457 1586 1494 1621 in
1517 1598 1604 1622 eum
1629 1585 1802 1623 similiter
1828 1585 2020 1631 desinant,
2056 1588 2179 1634 paucis
2210 1599 2309 1622 nunc
2335 1586 2456 1622 adhuc

342 1650 645 1700 subjungendum
669 1649 771 1699 quod
795 1650 871 1697 ipse
898 1649 936 1684 in
956 1648 1121 1684 Historia
1147 1647 1399 1684 calamitatum
1419 1660 1568 1683 suarum
1597 1649 1744 1696 omisit,
1775 1661 1908 1697 nempe
1930 1648 2278 1685 condemnationem
2305 1649 2456 1685 alteram

343 1712 427 1749 libri
443 1713 498 1749 sui
517 1712 563 1749 de
581 1712 769 1748 Trinitate
786 1711 941 1748 senonis
958 1711 1091 1746 factam
1102 1738 1112 1756 ,
1127 1709 1174 1747 de
1191 1723 1265 1759 qua
1282 1710 1334 1746 sic
1352 1710 1456 1747 Otho
1471 1710 1717 1759 Frisingensis
1733 1712 1831 1747 inter
1848 1718 2015 1756 caeteros,
2033 1711 2097 1747 lib.
2114 1711 2131 1746 1
2145 1711 2192 1747 de
2204 1711 2332 1748 Rebus
2346 1714 2459 1759 gestis

342 1774 535 1811 Fredert'ci
549 1774 590 1818 l,
611 1786 690 1822 cap.
707 1785 818 1809 xtvm
833 1789 840 1809 z
856 1788 872 1806 ε(
892 1772 1052 1809 Sedente
1070 1773 1108 1808 in
1128 1772 1220 1808 urbe
1237 1772 1358 1808 Roma
1375 1772 1607 1817 Innocentio,
1630 1776 1668 1808 in
1687 1773 1840 1809 Francia
1858 1785 1944 1809 vero
1959 1773 2144 1809 Ludovico
2161 1773 2316 1810 senioris
2336 1774 2460 1810 Ludo-

342 1836 411 1872 vici
429 1825 505 1871 filio
528 1841 728 1884 regnante,
750 1835 883 1871 Petrus
901 1834 1137 1879 Abaelardus,
1160 1835 1206 1871 ab
1230 1835 1412 1882 episcopis
1430 1834 1636 1883 abbateque
1664 1835 1854 1871 Bernardo
1880 1835 2004 1872 denuo
2030 1835 2076 1872 ad
2103 1836 2329 1873 audientiam
2363 1837 2462 1885 apud

342 1899 505 1936 Senonas
524 1905 709 1942 evocatur,
730 1897 972 1946 praesentibus
999 1897 1185 1933 Ludovico
1204 1909 1311 1945 rege,
1339 1896 1652 1946 Theobaldoque3
1671 1898 1836 1946 palatino
1862 1899 2018 1943 comite,
2037 1906 2075 1935 et
2090 1899 2171 1935 aliis
2188 1899 2375 1935 nobilibus
2387 1928 2397 1943 ‚
2417 1901 2463 1936 de

344 1961 554 2012 populoque
574 1960 791 1998 innumeris.
812 1960 886 1997 Ubi
907 1959 997 1996 dum
1018 1960 1064 1996 de
1084 1959 1156 1996 fide
1173 1972 1237 1996 sua
1257 1959 1521 2004 discuteretur,
1550 1960 1770 1997 seditionem
1796 1960 1924 2009 populi
1952 1962 2107 2006 timens,
2135 1961 2343 2010 apostolicae
2371 1962 2465 1999 sedis

344 2024 573 2073 praesentiam
592 2023 800 2072 appellavit.
818 2022 990 2071 Episcopi
1008 2034 1095 2059 vero
1112 2022 1224 2058 simul
1239 2029 1278 2058 et
1291 2022 1402 2058 abbas
1419 2023 1528 2058 missa
1547 2022 1594 2059 ad
1613 2035 1803 2059 romanam
1826 2023 2016 2060 ecclesiam
2044 2023 2247 2072 legatione,
2269 2037 2311 2061 ac
2329 2026 2380 2061 eis
2399 2038 2466 2073 pro

344 2085 480 2136 quibus
497 2085 745 2134 impetebatur
762 2084 956 2132 capitulis,
976 2083 1227 2121 damnationis
1243 2085 1324 2131 ejus
1341 2085 1561 2120 sententiam
1582 2085 1620 2120 in
1638 2084 1774 2122 litteris
1793 2093 2090 2134 reportaverunt.
2119 2102 2136 2119 n

392 2147 497 2184 Idem
524 2154 675 2184 narrant
701 2147 812 2183 etiam
843 2147 1084 2183 continuator
1108 2146 1315 2195 Sigeberti,
1337 2145 1526 2183 Robertus
1543 2146 1897 2193 Autissiodorensis,
1918 2147 2145 2186 Guillelmus
2163 2149 2346 2199 Nangius,
2371 2153 2464 2188 Vin-

345 2211 488 2248 centius
506 2209 752 2253 Belvacensis,
771 2208 933 2246 Joannes
949 2208 1075 2246 Sancti
1095 2209 1261 2246 Victoris
1279 2210 1479 2244 canonicus
1490 2237 1499 2253 ,
1518 2208 1687 2245 chronici
1704 2211 1917 2246 turonensis
1931 2210 2102 2259 scriptor,
2119 2219 2157 2248 et
2173 2213 2251 2249 alii.
2269 2213 2343 2251 Sed
2360 2215 2466 2251 aliter

345 2284 456 2322 quam
483 2283 629 2316 omnes,
666 2271 883 2320 acrioreque
907 2271 1032 2307 animo
1059 2270 1266 2308 Gausridus
1293 2270 1567 2307 claraevallensis
1594 2272 1799 2309 monachus
1821 2272 1887 2310 lib.
1907 2273 1965 2309 111
1996 2274 2093 2312 Vitae
2122 2277 2238 2312 sancti
2268 2277 2465 2318 Bernardi,

288 2366 290 2369 ,
345 2347 426 2383 cap.
446 2346 470 2370 v
491 2332 656 2382 [Script.
686 2346 756 2370 rer.
786 2331 931 2380 gallic„
957 2338 984 2368 t.
1007 2331 1117 2377 XIV,
1139 2345 1176 2381 p.
1196 2332 1311 2381 37⁴]‚
1334 2345 1451 2382 quum
1477 2334 1553 2370 ait:
1578 2349 1596 2368 «
1613 2335 1702 2371 Fuit
1728 2335 1767 2371 in
1802 2334 1935 2372 diebus
1961 2335 2034 2373 illis
2061 2337 2194 2374 Petrus
2227 2339 2465 2384 Abaihrdus,

349 2396 524 2445 magister
552 2395 728 2444 insignis,
765 2401 803 2431 et
835 2393 1102 2431 celeberrimus
1135 2395 1174 2431 in
1208 2394 1386 2443 opinione
1417 2396 1599 2440 scientiae,
1626 2396 1691 2434 sed
1719 2397 1766 2434 de
1795 2397 1868 2434 fide
1891 2398 2032 2447 perfide
2058 2400 2312 2450 dogmatizans
2351 2403 2468 2451 Cujus

347 2470 465 2508 quum
494 2457 734 2506 blasphemiis
759 2456 867 2505 plena
898 2456 1123 2506 gravissimis
1147 2456 1300 2494 volitare
1319 2457 1487 2508 undique
1518 2459 1655 2508 scripta
1685 2461 1901 2509 coepissent,
1923 2462 2097 2510 profanas
2125 2465 2305 2501 novitates
2336 2477 2467 2503 vocum

347 2526 384 2556 et
407 2531 582 2556 sensuum
601 2518 669 2554 viri
698 2517 839 2555 eruditi
867 2525 979 2567 atque
1007 2517 1134 2554 fideles
1156 2518 1204 2555 ad
1229 2519 1296 2555 Dei
1322 2520 1538 2566 hominem,
1556 2527 1726 2558 sanctum
1745 2522 1993 2568 Bernardum,
2014 2524 2253 2562 detulerunt:
2272 2528 2335 2575 qui
2356 2529 2469 2565 nimi-

348 2593 431 2617 rum
470 2579 576 2616 solita
609 2579 775 2617 bonitate
809 2587 848 2616 et
878 2579 1109 2628 benignitate
1150 2580 1364 2618 desiderans
1395 2595 1563 2620 errorem
1591 2585 1750 2633 corrigi,
1782 2584 1973 2622 hominem
2002 2599 2077 2623 non
2103 2589 2302 2634 confundi,
2331 2600 2469 2629 secreta

348 2642 454 2679 illum
483 2642 738 2679 admonitione
767 2643 949 2679 convenit.
971 2642 1068 2681 Cum
1085 2654 1160 2692 quo
1183 2644 1294 2680 etiam
1314 2651 1389 2680 tam
1413 2644 1581 2683 modeste
1606 2652 1758 2696 tamque
1775 2648 2045 2686 rationabiliter
2061 2652 2155 2699 egit,
2179 2659 2222 2689 ut
2238 2653 2300 2690 ille
2321 2666 2470 2704 quoque

348 2711 593 2755 compunctus
610 2704 657 2741 ad
675 2705 791 2754 ipsius
806 2705 1004 2741 arbitrium
1022 2713 1281 2743 correcturum
1298 2720 1335 2744 se
1353 2709 1592 2756 promitteret
1609 2711 1790 2747 universa.
1804 2712 2001 2759 Caeterum,
2013 2726 2130 2763 quum
2143 2717 2351 2755 recessisset
2361 2719 2409 2755 ab
2426 2732 2470 2757 eo

348 2767 481 2804 Petrus
499 2767 616 2812 idem,
638 2766 800 2803 consiliis
819 2766 1031 2804 stimulatus
1048 2768 1209 2817 iniquis,
1228 2776 1266 2805 et
1283 2770 1423 2818 ingenii
1446 2771 1503 2807 sui
1526 2771 1665 2808 viribus
1689 2772 1927 2824 plurimoque
1945 2777 2122 2813 exercitio
2140 2777 2355 2827 disputandi
2374 2780 2470 2818 inse-

349 2828 471 2865 liciter
487 2828 624 2874 fidens,
642 2827 774 2865 resiliit
791 2841 810 2865 a
827 2828 1022 2878 proposito
1039 2829 1193 2866 saniori.
1209 2830 1396 2879 Expetens
1413 2832 1576 2883 denique
1589 2845 1829 2872 senonensem
1848 2837 2176 2886 metropolitanum
2187 2868 2197 2883 ,
2216 2841 2318 2890 quod
2336 2842 2376 2878 in
2393 2843 2473 2891 ejus

350 2891 501 2928 ecclesia
527 2890 792 2928 celebrandum
819 2891 921 2928 soret
944 2891 984 2928 in
1009 2893 1180 2940 proximo
1201 2893 1341 2942 grande
1362 2895 1581 2943 concilium,
1612 2896 1913 2935 claraevallensem
1942 2908 2114 2938 causatur
2136 2902 2307 2940 abbatem
2333 2906 2409 2942 suis
2433 2907 2471 2942 in

351 2954 493 2991 occulto
521 2953 718 2990 detrahere
747 2953 865 2991 libris.
896 2953 1016 2991 Addit
1041 2967 1192 3005 quoque
1218 2965 1388 3006 paratum
1409 2971 1446 2996 se
1470 2972 1548 2996 esse
1571 2961 1609 2997 in
1627 2961 1777 3010 publico
1796 2974 1861 2998 sua
1878 2962 2078 3000 defendere
2095 2965 2253 3014 scripta,
2272 2980 2409 3016 rogans
2430 2977 2472 3005 ut

350 3016 548 3066 praedictus
567 3016 679 3052 abbas
691 3044 702 3062 ,
719 3015 889 3053 dicturus
908 3016 938 3052 si
956 3016 1049 3066 quid
1068 3017 1245 3063 haberet,
1269 3019 1315 3056 ad
1333 3021 1535 3058 concilium
1556 3031 1762 3061 vocaretur.
1779 3025 1934 3061 Factum
1950 3033 2007 3063 est
2023 3034 2066 3063 ut
2081 3029 2294 3076 postulavit.
2313 3030 2387 3069 Sed
2405 3044 2474 3068 vo·—

353 3085 454 3115 catus
469 3077 581 3114 abbas
598 3077 723 3114 venire
741 3077 890 3126 penitus
907 3079 1109 3124 recusavit,
1129 3092 1239 3117 suum
1255 3081 1328 3118 hoc
1343 3095 1417 3119 non
1435 3095 1512 3120 esse
1531 3087 1759 3122 renuntians.
1775 3087 1907 3124 Postea
1926 3094 2047 3125 tamen
2068 3102 2290 3139 magnorum
2307 3094 2471 3132 virorum

353 3140 506 3178 monitis
524 3139 659 3184 flexus,
680 3150 728 3175 ne
744 3138 916 3176 videlicet
932 3152 977 3177 ex
1000 3140 1117 3189 ipsius
1144 3141 1311 3180 absentia
1340 3145 1553 3182 scandalum
1583 3147 1741 3196 populo,
1772 3156 1811 3185 et
1838 3161 1977 3187 cornua
2004 3160 2213 3190 crescerent
2240 3154 2471 3202 adversario,

353 3202 505 3240 demum
525 3214 681 3251 pergere
700 3202 900 3251 acquievit,
920 3202 1038 3239 tristis
1055 3203 1229 3253 quidem,
1249 3218 1318 3242 nec
1335 3208 1415 3244 sine
1432 3208 1604 3257 lacrymis
1617 3221 1796 3256 annuens,
1817 3212 1914 3248 sicut
1931 3212 1970 3248 in
1988 3214 2143 3262 epistola
2155 3215 2202 3252 ad
2215 3229 2346 3266 papam
2364 3218 2474 3256 Inno-

353 3265 519 3302 centium
531 3265 611 3313 ipse
624 3270 796 3309 testatur,
811 3264 851 3300 in
863 3276 936 3314 qua
946 3264 1093 3313 plenius
1107 3265 1386 3318 ludicidiusque
1401 3272 1595 3319 negotium
1612 3284 1723 3309 omne
1743 3275 1996 3323 prosequitur.
2016 3275 2135 3314 Affuit
2154 3277 2251 3322 dies,
2269 3287 2308 3317 et
2323 3280 2474 3318 ecclesia

354 3327 501 3376 copiosa
524 3326 715 3372 convenit,
739 3326 805 3362 ubi
825 3339 845 3362 a
860 3326 930 3363 Dei
948 3326 1089 3364 famulo
1111 3328 1214 3366 Petri
1238 3329 1339 3367 illius
1363 3331 1403 3368 in
1429 3333 1597 3369 medium
1625 3334 1762 3382 scripta
1785 3334 1927 3383 prolata
1955 3345 2059 3384 sunt,
2088 3345 2126 3375 et
2150 3341 2288 3377 erroris
2315 3343 2475 3392 capitula

355 3389 557 3439 designata.
583 3389 747 3427 Demum
765 3389 821 3426 illi
840 3390 945 3439 optio
962 3390 1047 3427 data
1067 3397 1144 3437 est,
1170 3400 1235 3430 aut
1258 3406 1323 3431 sua
1341 3407 1420 3432 esse
1447 3396 1627 3445 negandi,
1659 3404 1724 3434 aut
1749 3410 1916 3436 errorem
1938 3399 2134 3438 humiliter
2150 3404 2382 3452 corrigendi,
2412 3415 2474 3443 aut

356 3450 625 3501 respondendi,
644 3452 673 3488 si
690 3458 826 3500 posset,
841 3452 1061 3500 objiciendis
1077 3453 1148 3490 sibi
1166 3455 1373 3493 rationibus
1388 3459 1528 3506 pariter
1542 3465 1581 3495 et
1598 3466 1809 3496 sanctorum
1826 3462 2049 3500 testimoniis
2066 3471 2228 3513 patrum.
2242 3466 2293 3503 At
2309 3465 2390 3513 ille,
2408 3480 2475 3505 nec

355 3515 480 3553 volens
499 3514 737 3564 resipiscere,
767 3527 836 3553 nec
859 3515 987 3553 valens
1010 3517 1180 3556 resistere
1199 3520 1386 3568 sapientiai
1410 3528 1450 3558 et
1477 3522 1627 3571 spiritui
1654 3524 1719 3573 qui
1745 3523 1989 3574 loquebatur;
2010 3534 2054 3564 ut
2080 3535 2227 3578 tempus
2254 3529 2473 3577 redimeret,
