2970 4152
551 363 612 412 42
1270 368 1528 416 ANDREAE
1562 368 1928 427 QUERCETANI

549 459 697 494 intuitu
717 458 946 494 servitiivssui·
958 480 971 502 .‚
1005 457 1154 494 donavit
1178 458 1340 495 domum
1372 470 1490 509 quami
1523 460 1687 499 lsabellis
1714 470 1752 499 et
1779 464 2006 500 Bel-[rannus
2036 462 2132 499 filius
2161 463 2240 510 ejus
2267 462 2510 499 vendiderant
2544 463 2658 500 Heliae

547 522 567 556 J
571 519 774 565 udeo‚2etc.
794 537 810 553 a
828 521 964 569 Sicque
981 519 1259 569 patetqualiter
1275 522 1493 560 Corboilum
1513 531 1675 561 castrum
1692 525 1796 573 regia
1812 537 1963 574 quoque
1989 524 2093 561 sedes
2116 524 2288 561 effectum
2312 524 2436 561 suerit.
2458 526 2538 562 Imo
2555 531 2594 563 et
2611 525 2657 563 ab

548 582 621 618 hoc
637 590 803 631 tempore
820 582 1052 618 vicecomites
1070 582 1183 619 etiam
1201 583 1254 620 ihi
1270 585 1376 629 sicut
1393 586 1575 623 Meliduni
1594 587 1788 623 constituti
1808 594 1895 623 sunt
1910 594 1931 623 a·
1951 587 2116 634 regibus.
2135 586 2229 624 Nam
2249 587 2380 626 tabulae
2398 587 2514 624 Beatae
2535 587 2656 624 Mariae

547 645 592 682 de
609 645 775 692 Gornajo
796 657 812 677 α
827 645 1016 692 Paganum
1036 644 1292 684 vicecomitem
1308 647 1355 684 de
1371 648 1548 685 Corholio
1567 664 1585 682 n
1602 657 1811 686 memorant
1831 661 1929 686 anno
1949 651 2057 687 4205.

803 785 805 790 Ι
900 783 902 785 ‚
1239 724 1242 727 .
1396 731 1492 773 Nota
1518 734 1613 783 XII,
1641 750 1725 786 pag.
1753 740 1788 775 5.

587 812 803 859 Praeceptor
822 824 924 848 meus
941 813 1005 849 ille
1027 812 1248 855 Guillelmus
1258 816 1478 862 parisiensis
1495 816 1792 861 archidiaconus,
1811 816 1941 852 habitu
1952 817 2110 862 pristino
2126 822 2348 852 commutato
2363 813 2418 851 ad
2427 813 2655 863 regularium

542 873 755 908 clericorum
772 873 940 909 ordinem
958 887 997 909 se
1016 877 1208 912 convertit.
1226 896 1275 904 —
1288 877 1395 912 Hanc
1414 878 1453 912 in
1471 877 1677 913 Guillelmo
1705 877 2037 924 commutationem
2062 877 2213 913 habitus
2241 877 2391 925 egregie
2421 872 2656 912 commendat

541 934 779 971 Hildebertus
797 937 1074 973 cenomanensis
1089 938 1282 986 episcopus
1299 939 1338 974 in
1354 939 1531 987 Epistola
1548 939 1590 985 I,
1606 951 1718 987 quam
1735 938 1781 974 ad
1800 951 1885 975 eum
1905 939 2052 986 scripsit
2070 954 2078 974 τ
2099 953 2117 971 «
2133 938 2186 974 De
2203 938 2454 982 conversione,
2470 951 2488 970 ι»
2506 937 2630 985 inquit
2644 965 2654 982 ,

541 1011 556 1027 «
572 1003 608 1031 et
625 998 901 1034 conversatione
919 1004 981 1034 tua
999 998 1143 1035 laetatur
1161 1005 1199 1035 et
1215 1000 1355 1036 exultat
1367 1001 1489 1036 anima
1504 1011 1602 1046 mea,
1619 1000 1726 1039 illum
1739 1012 1966 1049 prosequens
1984 1000 2130 1036 actione
2149 1001 2354 1048 gratiarum
2367 1027 2376 1043 ‚
2399 999 2504 1045 cujus
2522 1009 2655 1034 mune-

526 1059 588 1107 ris
606 1059 774 1108 estquod
789 1060 939 1097 tandem
952 1061 1211 1110 philosophaii
1230 1061 1449 1099 decreveris,
1470 1062 1647 1106 Nondum
1663 1063 1802 1112 quippe
1821 1062 2011 1098 redolebas
2029 1061 2314 1110 philosophum,
2331 1073 2447 1110 quum
2466 1073 2510 1096 ex
2527 1060 2655 1108 acqui-

536 1120 602 1155 sita
634 1121 946 1171 philosophorum
965 1124 1166 1169 sententia,
1186 1115 1346 1174 scientiae
1364 1136 1514 1160 morum
1539 1124 1606 1160 tibi
1633 1125 1789 1160 minime
1813 1123 2050 1173 depromeres
2067 1130 2315 1167 venustatem,
2335 1129 2407 1158 etc.
2426 1138 2443 1155 »
2462 1121 2655 1169 Ingressus

536 1190 590 1219 est
608 1190 733 1237 autem
756 1185 964 1238 regularem
984 1185 1183 1226 ordinem
1174 1199 1214 1222 m
1230 1186 1372 1242 capella
1399 1186 1560 1236 quadam
1585 1187 1711 1223 Sancti
1734 1187 1897 1224 Victoris
1925 1193 2028 1223 extra
2052 1186 2185 1222 urbem
2211 1185 2449 1234 palisiacam,
2478 1182 2542 1219 ubi
2569 1188 2653 1218 cum

534 1229 718 1292 aliquibus
736 1246 926 1294 discipulis
946 1247 1215 1294 monasterium
1230 1235 1327 1284 il'l'ud
1346 1249 1460 1296 coepit
1478 1255 1695 1285 construere
1707 1276 1718 1294 ,
1738 1248 1840 1297 quod
1856 1255 1983 1297 postea
2001 1247 2207 1284 Ludovicus
2224 1247 2387 1284 Grossus
2405 1258 2468 1282 rex
2482 1243 2655 1281 munifice

534 1308 821 1354 consummavit,
841 1321 882 1344 ac
900 1309 1047 1364 magnis
1064 1316 1102 1347 et
1118 1309 1337 1359 opulentis
1319 1310 1510 1347 reditibus
1528 1310 1682 1347 dotavit.
1702 1312 1784 1347 Hoc
1802 1311 1903 1347 enim
1934 1317 2091 1346 testatur
2117 1308 2303 1358 imprimis
2330 1319 2558 1357 anonymus,
2590 1306 2654 1358 sed

535 1376 640 1404 vetus
659 1377 800 1417 auctor,
826 1372 890 1420 qui
910 1371 1094 1425 variarum
1115 1371 1346 1408 abbatianum
1369 1373 1475 1409 initia
1499 1366 1670 1421 collegit,
1700 1379 1738 1409 et
1756 1373 1990 1409 institutores
2015 1371 2230 1408 earumdem
2255 1371 2462 1414 annotavit,
2490 1369 2550 1405 his
2573 1381 2653 1404 ver-

534 1430 617 1480 bis:
639 1446 654 1464 «
678 1418 814 1474 Eodem
838 1439 1006 1481 tempore
1033 1434 1210 1481 magister
1230 1429 1457 1470 Vuillelmus
1486 1434 1533 1470 de
1563 1433 1785 1483 Campellis,
1810 1435 1875 1484 qui
1893 1434 2016 1470 suerat
2035 1431 2318 1470 archidiaconus
2345 1431 2573 1480 parisiensiS,
2598 1429 2654 1465 vir

533 1491 735 1528 admodum
754 1493 855 1529 littei
858 1500 938 1530 atus
956 1501 994 1530 et
1011 1494 1229 1543 religiosus,
1249 1507 1437 1533 assumens
1454 1494 1626 1546 habitum
1652 1496 1820 1531 canonici
1840 1495 2038 1544 regularis,
2057 1507 2143 1530 cum
2165 1493 2351 1543 aliquibus
2368 1491 2560 1540 discipulis
2577 1491 2653 1527 suis

533 1560 613 1588 exti
615 1567 635 1589 a
651 1567 696 1590 ιιι
699 1554 783 1590 bem
801 1555 1010 1601 parisius,
1002 1568 1040 1591 ιιι
1059 1555 1141 1592 loco
1158 1557 1224 1592 ubi
1241 1564 1322 1593 erat
1340 1557 1478 1605 capella
1498 1544 1664 1606 quaedam
1683 1557 1806 1593 Sancti
1828 1555 1992 1594 Victoris
2014 1556 2211 1604 Martyris,
2232 1555 2345 1604 coepit
2366 1553 2545 1591 aedificare
2571 1566 2652 1590 mo·-

535 1617 739 1668 nasteiium
759 1616 992 1652 cleiicorum.
1002 1619 1214 1666 Assumpto
1244 1626 1367 1654 autem
1398 1618 1461 1654 illo
1488 1619 1536 1655 ad
1565 1619 1819 1667 episcopatum
1849 1617 2168 1664 catalaunensem,
2193 1616 2412 1653 venerabilis
2434 1615 2654 1663 Gilduinus,

535 1678 613 1725 ejus
632 1664 852 1737 discipulus,
874 1692 919 1727 pr
922 1680 1017 1715 imus
1035 1679 1146 1715 abbas
1164 1680 1216 1715 ibi
1233 1680 1350 1716 factus
1368 1687 1435 1716 est.
1455 1681 1541 1716 »Et
1557 1681 1609 1716 sic
1626 1678 1739 1716 etiam
1759 1678 2045 1729 intelligendum
2073 1646 2175 1728 quod
2205 1678 2314 1727 paulo
2342 1685 2424 1727 post
2440 1676 2655 1714 Abaelardus

535 1739 755 1788 subjungit:
779 1755 796 1773 «
812 1740 889 1776 Nec
910 1747 1052 1786 tamen,
1071 1756 1088 1774 »
1106 1742 1246 1799 inquit,
1265 1756 1281 1774 κ
1295 1742 1358 1778 hic
1375 1754 1446 1799 suae
1466 1743 1716 1778 conversionis
1732 1742 1883 1778 habitus
1900 1749 1965 1778 aut
1980 1740 2026 1778 ab
2039 1741 2131 1778 urhe
2148 1741 2338 1790 parisiaca,
2358 1747 2423 1776 aut
2439 1753 2459 1776 a
2478 1746 2653 1776 consueto

534 1802 777 1850 philosophiae
794 1802 918 1855 studio
939 1815 1026 1839 eum
1042 1805 1245 1849 revocavit;
1265 1799 1357 1840 sed
1348 1817 1388 1840 ιιι
1406 1796 1488 1853 ipso
1506 1817 1658 1855 quoque
1683 1804 1909 1841 monasterio
1931 1803 1978 1840 ad
1997 1803 2100 1853 quod
2117 1816 2155 1840 se
2173 1815 2280 1839 causa
2306 1802 2496 1852 ieligionis
2521 1808 2653 1838 contu-

532 1862 645 1909 lerat,
668 1865 792 1900 statim
811 1877 915 1902 mole
935 1864 1043 1901 solito
1062 1865 1230 1914 publicas
1245 1866 1412 1902 exercuit
1436 1866 1627 1902 scholas.»
1645 1866 1701 1903 De
1718 1879 1762 1903 eo
1780 1874 1903 1903 autem
1917 1865 1994 1913 jam
2012 1864 2259 1902 catalaunensi
2276 1865 2451 1913 episcopo
2469 1864 2565 1900 facto
2586 1876 2652 1899 nos

533 1924 620 1962 alibi
634 1925 760 1979 plura.
783 1922 865 1974 [Cf.
892 1928 1027 1975 Script.
1054 1940 1177 1963 rerum
1194 1927 1335 1976 gallic„
1355 1935 1385 1964 t.
1405 1925 1513 1975 XIV,
1530 1941 1570 1978 p.
1586 1927 1689 1977 279]

1383 2012 1480 2049 Nota
1503 2012 1618 2059 XIII,
1647 2025 1731 2061 pag.
1761 2015 1796 2049 6.

579 2080 707 2116 Extra
719 2083 901 2118 civitatem
916 2085 954 2118 in
966 2089 1088 2119 monte
1109 2084 1260 2119 Sanctoe
1282 2084 1497 2133 Genovefoe.
1507 2085 1673 2122 -Mons
1688 2085 1764 2130 hie,
1780 2085 1984 2122 Lecutitius
1996 2085 2070 2120 sive
2083 2082 2286 2120 Locotitius
2296 2082 2385 2118 olim
2398 2081 2532 2126 dictus,
2547 2087 2648 2117 extra

534 2153 659 2179 muros
680 2143 782 2180 urbis
799 2145 984 2193 parisiacae
999 2145 1072 2181 fuit
1096 2157 1214 2194 usque
1235 2146 1282 2182 ad
1300 2159 1438 2183 annum
1457 2148 1599 2184 Christi
1625 2150 1709 2187 4244
1728 2176 1738 2193 ,
1763 2159 1839 2197 quo
1862 2147 2060 2195 Philippus
2080 2147 2292 2194 Augustus,
2319 2145 2549 2181 Francorum
2573 2153 2649 2186 rex,

534 2219 550 2236 «
566 2204 707 2241 Urbem
725 2212 855 2252 totam,
871 2222 889 2240 »ι
905 2214 948 2243 ut
961 2207 1150 2255 Rigordus
1163 2207 1286 2252 refert,
1309 2223 1326 2241 α
1336 2210 1376 2245 in
1395 2210 1558 2246 circuitu
1575 2210 1833 2258 circumsepsit
1846 2221 1865 2244 a
1880 2216 1987 2257 parte
2002 2207 2154 2255 australi
2171 2219 2289 2256 usque
2305 2206 2351 2242 ad
2363 2206 2569 2254 Sequanam
2581 2203 2652 2240 flu-

533 2267 650 2310 vium,
668 2278 713 2303 ex
730 2275 887 2318 utraque
903 2276 1008 2317 parte
1027 2270 1225 2306 maximam
1244 2278 1349 2307 terrae
1367 2271 1651 2320 amplitudinem
1667 2271 1764 2307 infra
1782 2283 1976 2307 murorum
1994 2270 2178 2306 ambitum
2194 2268 2418 2305 concludens
2429 2295 2439 2311 ‚
2459 2274 2497 2303 et
2513 2277 2652 2314 posses-

533 2338 632 2364 sores
659 2334 834 2377 agrorum
858 2338 898 2366 et
922 2331 1114 2367 vinearum
1134 2332 1378 2380 compellem,
1398 2341 1443 2369 ut
1460 2341 1585 2370 terras
1603 2334 1683 2370 illas
1699 2341 1738 2371 et
1757 2335 1880 2370 vineas
1897 2332 1944 2369 ad
1961 2331 2217 2368 aedificandum
2243 2331 2284 2366 in
2307 2331 2360 2366 eis
2387 2340 2497 2365 novas
2522 2327 2652 2365 domos

534 2389 805 2428 habitatoribus
823 2393 1004 2438 locarent,
1027 2394 1088 2430 vel
1104 2395 1259 2443 ipsimet
1278 2407 1390 2431 novas
1411 2396 1553 2432 ibidem
1576 2396 1707 2433 domos
1726 2396 2016 2440 constituerent,
2036 2401 2079 2430 ut
2097 2400 2176 2430 tota
2189 2393 2315 2429 civitas
2330 2403 2449 2440 usque
2464 2391 2510 2427 ad
2526 2401 2653 2426 muros

532 2452 645 2500 plena·
658 2454 830 2492 domibus
848 2455 1049 2492 videretur.
1072 2471 1089 2490 n
1109 2456 1222 2493 Unde
1235 2464 1275 2493 et
1291 2456 1481 2506 Eugenius
1498 2459 1557 2494 III
1570 2487 1579 2504 ‚
1605 2460 1644 2495 in
1665 2458 1802 2495 litteris
1818 2458 1866 2495 ad
1885 2458 2060 2495 Odonem
2078 2456 2247 2492 abbatem
2277 2455 2416 2492 Sanctae
2433 2451 2650 2496 Genovesae,

532 2515 623 2551 dicit
639 2516 829 2553 ecclesiam
847 2517 948 2554 illam
959 2517 1085 2554 adhuc
1096 2526 1198 2555 extra
1217 2521 1434 2568 parisiacam
1451 2521 1582 2558 urbem
1603 2523 1711 2558 sitam
1729 2533 1826 2557 anno
1844 2523 1951 2558 4450.
1969 2534 1986 2552 α
2003 2519 2204 2567 Eugenius,
2217 2533 2235 2551 ιι
2254 2517 2395 2566 inquit,
2418 2530 2435 2548 κ
2446 2515 2652 2564 episcopus,

532 2585 654 2613 servus
670 2584 863 2616 servorum
880 2580 959 2625 Dei,
980 2579 1099 2617 odini
1118 2582 1241 2630 primo
1257 2582 1387 2618 abbati
1397 2583 1559 2619 ecclesias
1576 2583 1714 2620 Sanctae
1730 2583 1940 2628 Genovesae,
1953 2593 2034 2631 quae
2051 2593 2157 2617 secus
2174 2580 2337 2616 Parisius
2354 2585 2423 2615 est.
2436 2593 2453 2612 »
2471 2576 2652 2625 Idemque

534 2641 667 2687 repetit
682 2641 806 2677 adhuc
825 2641 1035 2678 Alexander
1050 2643 1127 2689 111,
1148 2644 1187 2680 in
1206 2644 1287 2680 aliis
1305 2644 1351 2680 ad
1369 2645 1586 2682 Albericum
1605 2645 1776 2682 abbatem
1793 2645 1928 2681 litteris
1946 2656 2043 2680 anno
2063 2645 2155 2680 4063
2174 2642 2282 2678 datis.
2303 2641 2430 2677 Fuisse
2458 2645 2583 2676 autem
2612 2638 2650 2673 in

531 2701 601 2736 hac
616 2703 777 2739 ecolesial
791 2702 1005 2739 litterarum
1021 2711 1059 2739 et
1071 2705 1280 2741 scholarum
1294 2706 1529 2753 publicarum
1547 2707 1672 2743 sedem
1685 2708 1814 2754 <etiam
1831 2713 2030 2754 antequam
2044 2704 2091 2740 de
2109 2710 2204 2740 statu
2226 2702 2489 2739 canonicorum
2507 2698 2650 2735 secula·-

531 2763 628 2798 rium
640 2764 695 2800 ‘ad
713 2765 924 2813 regularem
936 2765 1110 2802 ordinem
1137 2774 1348 2804 mutaretur
1364 2780 1435 2816 ope
1461 2776 1572 2817 atque
1591 2768 1774 2804 industria
1794 2768 1971 2815 Sug-gerii
1988 2767 2114 2803 Sancti
2133 2765 2302 2813 Dionysii
2330 2764 2493 2808 abbatis,
2524 2762 2650 2810 injun-

534 2826 641 2871 gentse
658 2826 778 2862 eidem
798 2827 953 2863 domino
971 2828 1140 2876 Eugenio
1168 2839 1263 2877 papa
1289 2829 1365 2875 ΙΙΙ,
1385 2837 1424 2866 et
1448 2830 1584 2866 illustri
1602 2831 1831 2867 Francorum
1858 2841 1945 2877 rege
1962 2827 2151 2864 Ludovico
2168 2827 2269 2874 VII,
2295 2825 2461 2874 Philippi
2489 2823 2650 2872 Augusti

533 2891 651 2934 patre)
669 2889 890 2935 significant,
900 2902 1026 2939 quum
1044 2891 1181 2927 Petrus
1193 2898 1318 2928 noster
1330 2891 1460 2928 dicens
1473 2903 1511 2928 se
1527 2892 1579 2928 ibi
1592 2892 1803 2929 scholarum
1813 2903 1968 2928 suarum
1981 2898 2098 2927 castra
2108 2891 2284 2938 posuisse,
2306 2896 2385 2925 tum
2401 2897 2446 2924 eo·
2460 2885 2652 2935 antiquior

535 2963 551 2980 α
567 2948 775 2996 Hulbodus,
792 2965 808 2984 »
822 2953 902 3000 qui,
915 2953 1012 2988 sicut
1027 2952 1101 2988 fert
1112 2953 1308 3002 inscriptio
1323 2961 1427 2990 vetus
1445 2955 1562 3002 posita
1571 2954 1610 2990 in
1622 2955 1774 2991 ecclesia
1791 2954 1916 2990 Sancti
1929 2955 1951 2990 J
1953 2954 2084 2990 oannis
2099 2952 2270 3001 Baptistae
2282 2949 2508 2993 Leodiensis,
2529 2963 2546 2982 α
2558 2947 2650 2994 (lum

534 3010 827 3048 adolescentulus
840 3015 1029 3050 escholari
1038 3014 1238 3064 disciplina
1258 3016 1486 3064 confugisset
1499 3017 1675 3063 Pan-isius,
1686 3017 1827 3053 Sanctae
1842 3016 2041 3053 Genovefae
2060 3014 2246 3051 canonicis
2264 3012 2431 3058 adhaesit,
2443 3026 2460 3044 υ
2478 3017 2649 3057 tempore

534 3072 690 3110 Roherti
708 3075 806 3122 regis
823 3077 1072 3123 Francorum,
1095 3093 1112 3112 «
1131 3085 1170 3114 et
1186 3079 1224 3114 in
1242 3079 1347 3115 brevi
1368 3079 1571 3115 multarum
1587 3079 1798 3115 scholarum
1817 3080 2023 3115 instructor
2043 3078 2134 3119 fuit,
2160 3077 2226 3112 ubi
2250 3087 2369 3125 quum
2394 3070 2614 3121 aliquandiu
2631 3083 2650 3106 a

533 3135 687 3172 domino
702 3137 881 3186 Notgero,
895 3154 911 3172 n
927 3139 1106 3177 leodiensi
1124 3141 1312 3190 episcopo,
1328 3143 1612 3190 *avignoraretmg
1626 3142 1778 3178 candem
1795 3143 1971 3178 canonica
1989 3140 2208 3190 episcopalis
2224 3137 2416 3174 sententiae
2431 3135 2650 3172 executione

531 3198 746 3246 compulsus
762 3207 818 3236 est
835 3200 979 3246 redire,
1000 3202 1170 3250 pluribus
1187 3203 1244 3247 ibi·
1257 3204 1396 3240 relictis
1412 3203 1623 3240 studiorum
1642 3216 1684 3240 ac
1703 3204 1924 3241 moralitatis
1941 3203 2166 3252 insignibus.
2183 3216 2200 3235 υ
2221 3200 2347 3246 Quare
2365 3203 2404 3234 et
2422 3197 2460 3233 in
2478 3195 2580 3232 illius
2595 3195 2649 3230 rei

525 3262 748 3298 memoriam
766 3275 807 3298 ac
825 3262 924 3299 velat
942 3264 1190 3302 honorificum
1217 3267 1477 3303 testimonium
1501 3266 1743 3303 cancellarius
1769 3266 2020 3303 universitatis
2047 3261 2259 3314 parisiensis
2277 3273 2321 3298 ex
2348 3259 2422 3296 sola
2452 3256 2649 3295 canonico-

529 3324 622 3358 -ιιιῑιιιῖ
638 3323 777 3360 Ξειιισιειι
792 3325 993 3362 Genovefae
1012 3328 1299 3376 congregatione
1323 3329 1439 3378 longo
1461 3331 1588 3376 punina
1615 3336 1784 3378 tempore
1804 3329 1971 3366 delectus
1998 3335 2075 3373 est,
2105 3333 2143 3362 et
2168 3335 2286 3374 usque
2316 3322 2360 3359 ad
2389 3320 2646 3370 pontificatum

530 3383 727 3421 Benedicti.
741 3386 797 3422 XI
820 3396 942 3436 papae,
971 3389 1036 3437 qui
1063 3389 1206 3437 primus
1223 3392 1494 3428 auctoritatem
1508 3404 1550 3428 ac
1574 3390 1789 3428 facultatem
1806 3403 1934 3440 parem
1950 3388 2169 3430 cancellario
2192 3385 2354 3423 ecclesiae
2378 3383 2497 3420 Beatae
2524 3381 2647 3420 Maciae

533 3446 701 3497 Virginis
731 3449 921 3486 concessit.
944 3450 1153 3498 [Hactenus
1178 3454 1448 3498 Quen-cetanus.
1473 3454 1572 3492 Dum
1596 3461 1720 3491 autem
1743 3461 1871 3491 noster
1893 3454 1941 3489 in.
1957 3459 2085 3490 monte
2111 3452 2251 3488 Sanctae
2278 3447 2477 3485 Genovesae
2505 3443 2645 3482 scholas
