2970 4152
1262 388 1544 437 CARMINA.

348 485 438 531 Quae
457 483 526 520 tibi
544 490 587 520 tu
604 495 680 519 non
696 484 750 519 vis
769 484 846 520 fieri
859 512 868 528 ‚
890 495 936 520 ne
953 484 1084 521 seceris
1101 484 1189 528 ulli;

396 544 487 591 Quae
503 543 584 580 fieri
601 543 670 580 tibi
688 545 760 589 vis,
781 544 857 580 haec
871 556 1020 593 quoque
1035 544 1092 581 fac
1105 544 1200 582 aliis.

348 603 535 652 Simplicis
546 610 601 640 est
611 604 776 640 hominis
786 604 946 641 similem
956 604 1028 640 sibi
1035 617 1222 655 quemque
1233 611 1378 653 putare,

395 664 444 699 Et
461 663 589 700 leviter
608 663 705 708 falli,
724 663 852 700 fallere
869 664 966 700 nolle
983 664 1150 713 quidem.

349 724 414 760 Est
430 730 556 760 autem
574 723 714 787 vitiuu
722 722 798 759 salli
809 751 819 768 ‚
839 723 903 760 sed
921 724 1048 760 fallere
1064 725 1228 770 crimen;

397 782 566 820 Crimine
579 811 588 829 ,
609 795 684 820 non
702 783 820 828 vitiis,
839 784 998 833 quisque
1013 796 1138 821 carere
1152 792 1286 834 potest.

351 845 405 881 Ut
422 845 568 893 sapiens
583 844 660 881 falli
676 873 688 892 ,
709 845 761 881 sic
776 857 882 881 mens
896 846 994 882 bona
1011 846 1138 883 fallere
1156 849 1290 892 nescit,

398 905 463 942 Est
479 904 560 940 vitii
576 904 673 948 salli,
692 904 819 942 fallere
838 906 1007 942 criminis
1022 913 1090 943 est.

351 964 515 1000 Credere
534 971 569 1000 te
586 976 779 1014 nunquam
798 964 874 1000 salli
892 965 1033 1001 fallacia
1052 978 1195 1002 summa
1215 973 1271 1004 est
1292 983 1298 1002 :

398 1024 495 1061 Rem
511 1024 620 1060 istam
635 1031 780 1061 constat
795 1024 910 1061 solius
927 1037 1006 1062 esse
1026 1026 1108 1063 Dei.

352 1083 448 1120 Nolo
464 1084 586 1120 Deum
604 1084 761 1129 similes,
780 1096 848 1121 nec
865 1092 902 1121 te
918 1097 1031 1134 super
1048 1086 1185 1122 aethera
1202 1098 1361 1135 quaeras,

400 1144 499 1180 Dum
516 1144 609 1180 situs
624 1145 688 1181 hic
703 1152 811 1182 terrae
827 1152 865 1181 te
882 1146 1100 1183 tenebrosus
1120 1146 1246 1183 habet.

353 1204 417 1240 Est
429 1203 521 1251 justi
538 1204 735 1252 proprium
754 1204 861 1241 reddi
881 1217 945 1241 sua
962 1205 1055 1242 velle
1071 1206 1302 1256 quibusque;

400 1264 525 1300 Fortis
543 1264 581 1300 in
598 1264 759 1301 adversis
776 1278 850 1301 non
868 1265 1056 1314 trepidare
1077 1267 1174 1311 suis;

355 1323 510 1360 Illicitos
525 1325 641 1360 animi
658 1331 783 1361 motus
802 1325 949 1362 frenare
966 1325 1124 1362 modesti
1139 1341 1149 1371 3

403 1384 511 1420 Tunc
527 1397 644 1434 quum
662 1385 867 1422 succedunt
883 1398 1059 1434 prospera
1077 1388 1272 1437 praecipue,

355 1445 460 1482 Sicut
474 1445 515 1481 in
531 1445 694 1482 adversis
710 1447 828 1483 virtus
844 1459 887 1483 ea
904 1459 1034 1483 murus
1051 1447 1225 1494 habetur,

403 1505 464 1543 Sic
483 1507 589 1543 istius
608 1515 720 1556 egent
738 1520 915 1558 prospera
933 1510 1133 1558 temperie,

357 1566 435 1603 Nec
453 1567 557 1616 prior
574 1567 636 1603 illa
657 1575 783 1605 manet
799 1570 934 1614 virtus,
956 1570 1028 1606 nisi
1048 1569 1142 1606 fulta
1160 1570 1208 1606 sit
1226 1570 1323 1616 istis,

405 1627 461 1663 Ne
478 1627 525 1664 sit
545 1627 659 1664 sracta
676 1628 801 1672 malis,
822 1629 897 1666 sive
912 1630 1065 1666 remissa
1082 1630 1205 1667 bonis.

359 1686 462 1734 Quid
481 1688 582 1732 vitii,
601 1688 694 1738 quid
713 1689 760 1725 sit
778 1690 924 1726 virtutis
940 1690 1086 1727 discute
1104 1690 1269 1739 prudens
1291 1708 1296 1726 :

406 1747 519 1794 Quod
539 1749 568 1784 si
587 1748 815 1797 perdideris,
837 1749 976 1788 desinis
992 1763 1070 1788 esse
1087 1751 1188 1801 quod
1205 1764 1256 1788 es.

359 1808 610 1857 Philosophus
625 1821 752 1846 causas
770 1822 897 1846 rerum
916 1811 1097 1849 discernit
1115 1824 1266 1859 opacas;

407 1867 568 1904 Effectus
585 1879 741 1916 operum
758 1870 945 1918 practicus
961 1873 1191 1921 exsequitur.

361 1927 541 1977 Quisquis
556 1929 658 1977 apud
673 1929 878 1967 Dominum
898 1942 936 1968 se
952 1933 1083 1981 quoerit
1096 1933 1291 1980 justificari
1302 1962 1311 1977 ‚

407 1989 617 2035 Justitiam,
639 1989 669 2026 si
687 2002 760 2039 qua
779 1998 852 2036 est,
872 1993 1012 2028 nesciat
1029 1993 1107 2042 ipse
1124 2005 1238 2030 suam.

361 2048 419 2085 Ne
436 2049 566 2085 timeas
584 2062 771 2099 unquam,
792 2051 964 2089 meliores
982 2053 1105 2101 aspice
1123 2066 1269 2103 semper

410 2110 455 2145 In
474 2108 612 2158 quibus
630 2110 799 2147 attendas
815 2111 909 2161 quid
927 2113 994 2149 tibi
1016 2113 1112 2150 desit
1129 2114 1264 2151 adhuc.

363 2170 462 2206 Ante
479 2171 699 2218 potestatem
717 2184 764 2208 ne
782 2184 923 2221 quaeras
940 2186 1098 2223 magnus
1114 2175 1244 2212 haberi
1261 2191 1270 2219 ;

410 2229 548 2266 Parvus
566 2230 640 2266 eris
660 2232 688 2267 si
706 2238 744 2267 te
761 2244 925 2281 quaerere
944 2236 1087 2271 noverit
1106 2235 1190 2272 hoc.

365 2291 451 2336 Quo
471 2289 602 2327 melior
614 2292 774 2341 quisque
785 2299 859 2338 est,
879 2293 1011 2341 majori
1027 2294 1164 2344 dignus
1181 2307 1306 2332 amore
1325 2301 1399 2339 est;

412 2350 540 2399 thue
558 2351 638 2386 Deo
657 2352 816 2401 quisque
833 2353 954 2390 carior
970 2361 1009 2390 et
1025 2355 1093 2391 tibi
1113 2355 1175 2391 sit.

366 2409 462 2446 Sunt
482 2410 591 2446 multi
610 2410 762 2457 fratres,
782 2413 845 2448 sed
864 2414 902 2450 in
920 2414 997 2451 illis
1013 2427 1118 2452 rarus
1135 2416 1276 2453 amicus
1296 2433 1302 2451 ·.

415 2469 491 2506 Nos
509 2477 640 2507 natura
658 2478 776 2516 creat,
800 2475 917 2520 gratia
934 2475 1073 2522 praebet
1085 2487 1186 2512 eum.

369 2530 509 2578 Turpia
529 2543 575 2567 ne
593 2531 721 2575 facias,
741 2532 806 2568 sed
821 2534 914 2570 vites
930 2541 1084 2583 propter
1099 2536 1281 2578 amicum,

415 2589 452 2626 Si
471 2591 576 2638 cupis
595 2598 636 2627 ut
652 2603 736 2628 vere
755 2592 803 2628 sis
821 2593 1006 2641 pretiosus
1023 2595 1070 2631 ei.

369 2650 550 2698 Turpiter
565 2659 714 2688 excusat
733 2665 866 2690 noxam
882 2666 994 2703 quam
1014 2662 1169 2703 propter
1184 2657 1345 2692 amicum

417 2710 450 2745 A
467 2721 503 2746 se
519 2712 704 2748 committi
725 2712 849 2750 dicere
867 2725 942 2750 non
962 2714 1079 2762 pudet
1096 2715 1204 2751 hanc.

369 2770 407 2806 Si
421 2777 528 2818 roget
538 2778 604 2807 aut
618 2772 728 2809 saciat
739 2773 935 2823 quisquam
950 2774 1053 2823 quod
1066 2774 1171 2812 laedat
1184 2775 1398 2820 honestum,

420 2831 534 2866 Metas
553 2838 591 2867 et
612 2831 730 2880 legem
750 2835 884 2870 transit
900 2835 1083 2872 amicitiae.

371 2890 555 2928 Exaudire
575 2905 702 2940 preces
721 2893 919 2931 inhonesta
935 2897 1102 2945 rogantis
1118 2898 1227 2933 amici

421 2951 483 2987 Est
503 2951 550 2988 ab
565 2953 736 2989 amicitiae
751 2954 843 2991 calle
861 2955 1000 2993 referre
1017 2957 1164 3006 pedem.

370 3011 530 3060 Propter
548 3013 751 3050 amicitiam
771 3015 800 3051 si
817 3015 911 3064 quid
928 3018 1150 3054 commisero
1166 3018 1236 3056 vile
1249 3046 1260 3065 ,

419 3071 474 3108 Re
491 3073 590 3121 turpi
610 3074 806 3121 pulchram
825 3075 936 3121 foedo,
960 3077 1129 3127 malaque
1146 3079 1294 3115 bonam.

371 3131 408 3168 si
428 3144 501 3168 non
521 3132 714 3170 subvenias
732 3134 851 3172 donec
868 3144 906 3173 te
921 3146 1048 3174 exoret
1063 3139 1222 3184 amicus,

419 3192 584 3229 Tradere
603 3200 641 3229 te
659 3195 802 3240 credis,
823 3197 981 3234 vendere
998 3197 1108 3234 crede
1125 3199 1258 3248 magis.

371 3251 456 3288 Non
473 3253 595 3300 pretio
607 3266 720 3302 parvo
732 3263 787 3293 est
803 3257 919 3294 rubor
938 3257 1000 3294 ille
1014 3259 1178 3306 rogantis
1191 3258 1400 3305 habendus,

420 3312 506 3359 Quo
522 3325 602 3362 quae
619 3321 660 3351 tu
677 3315 769 3352 dicis
787 3316 883 3354 dona
894 3346 903 3361 ‚
924 3325 1072 3355 coactus
1087 3318 1189 3355 emit.

373 3373 505 3410 Debita
524 3382 613 3411 sunt
628 3388 739 3425 quam
757 3377 854 3414 dona
871 3379 989 3428 magis
1004 3391 1084 3429 quae
1101 3379 1238 3416 dantur
1255 3382 1374 3417 amico
1393 3398 1398 3416 :

422 3433 483 3469 Nil
500 3441 644 3472 tantum
666 3444 721 3473 est
736 3450 811 3487 quo
829 3439 912 3487 plus
932 3452 1007 3476 non
1025 3448 1211 3477 mereatur
1228 3454 1344 3478 amor.

375 3493 480 3530 Alter
494 3507 564 3543 ego
582 3497 652 3533 nisi
674 3498 743 3545 sis,
765 3511 840 3536 uon
860 3512 899 3536 es
918 3500 1010 3537 mihi
1029 3513 1135 3538 verus
1152 3502 1313 3548 amicus;

538 3570 551 3598 1

2372 382 2483 430 345*

1482 483 1531 518 Ni
1550 482 1645 518 mihi
1664 483 1713 518 sis
1732 489 1775 518 ut
1793 494 1883 530 ego,
1904 494 1979 518 non
1998 483 2072 518 eris
2087 482 2179 518 alter
2193 492 2277 529 eg0.

1435 541 1541 586 Quos
1561 542 1598 577 in
1618 542 1780 578 amicitia
1799 553 1862 578 sua
1881 554 2046 591 quaerere
2062 542 2165 578 lucra
2186 540 2346 583 videbis,

1483 601 1597 648 Quod
1614 601 1688 638 dici
1709 603 1884 651 cupiunt,
1905 603 1978 639 hoc
1995 602 2170 639 simulare
2185 607 2306 651 putes.

1484 722 1650 759 Ultimus
1670 722 1758 759 hinc
1776 723 1934 772 propriae
1953 725 2023 760 scit
2037 724 2131 760 mala
2145 725 2303 773 quisque
2321 721 2465 758 domus.

1437 782 1522 818 Non
1539 783 1679 831 poterit
1697 784 1868 831 proprios
1885 796 2107 832 cognoscere
2121 784 2222 821 dives
2239 783 2395 827 amicos,

1485 846 1545 880 An
1563 844 1639 879 sint
1655 843 1813 880 sortunae
1830 844 1969 880 scilicet
1987 851 2052 880 aut
2070 845 2248 881 hominis.

1438 904 1585 952 Pauper
1606 904 1646 939 in
1665 904 1738 940 hoc
1762 904 1850 940 felix
1866 916 1993 941 errore
2009 911 2066 941 est
2082 911 2185 941 tutus
2203 904 2250 941 ab
2266 905 2337 940 isto
2355 920 2361 938 :

1488 965 1574 1011 Quo
1591 965 1639 1000 sit
1655 971 1854 1012 paupertas
1869 965 2005 1013 cuique
2018 964 2170 1000 ferenda
2186 964 2316 1012 magiS.

1441 1025 1546 1071 Quos
1563 1025 1602 1060 in
1619 1024 1782 1060 amicitia
1797 1024 1948 1060 fortuna
1967 1023 2127 1060 secunda
2144 1024 2312 1067 tenebat,

1489 1085 1618 1131 Quum
1638 1086 1736 1132 perit
1754 1085 1853 1129 haec,
1872 1091 2031 1133 pereunt
2048 1097 2142 1134 quos
2159 1084 2270 1120 dabat
2286 1084 2346 1120 illa
2368 1084 2447 1120 tibi.

1442 1145 1530 1181 Plus
1549 1145 1682 1193 recipit
1700 1158 1813 1195 quam
1830 1145 1894 1182 dat
1911 1157 1980 1194 pro
1998 1145 2107 1182 donis
2124 1145 2292 1194 quisquis
2309 1152 2471 1188 amatur3

1490 1205 1583 1241 Nam
1600 1205 1693 1254 quid
1709 1206 1873 1242 amicitia
1885 1206 2007 1242 carius
2024 1218 2102 1242 esse
2117 1212 2238 1253 potest
2253 1206 2269 1240 Ρ

1446 1265 1605 1313 Majores
1622 1273 1743 1313 grates
1759 1266 1859 1303 dono
1877 1266 2016 1314 majore
2035 1277 2224 1302 meremur

1493 1325 1627 1362 Dando
1645 1337 1682 1362 se
1700 1328 1818 1375 magis
1836 1338 1948 1376 quam
1968 1338 2033 1362 sua
2049 1326 2207 1375 quisque
2223 1325 2338 1362 dabit.

1448 1386 1656 1435 Antiquum
1675 1387 1816 1431 retine,
1839 1398 1956 1435 quum
1980 1386 2028 1422 sis
2048 1392 2238 1435 expertus,
2258 1386 2419 1422 amicum
2435 1413 2443 1429 ‚

1494 1445 1574 1482 Nec
1591 1445 1747 1482 similem
1766 1446 1894 1482 credas
1905 1474 1914 1491 ‚
1935 1446 1965 1482 si
1981 1445 2077 1495 sapis
2090 1473 2102 1493 ,
2117 1458 2195 1482 esse
2212 1458 2361 1483 novum.

1448 1506 1711 1555 Praecipueque
1731 1513 1819 1542 tuus
1842 1507 1892 1542 sit
1912 1506 1978 1555 qui
2002 1507 2120 1554 patris
2140 1506 2265 1542 extitit
2284 1514 2391 1550 ante,

1496 1570 1550 1606 Ut
1567 1570 1614 1606 sit
1633 1577 1672 1606 et
1694 1570 1784 1606 hinc
1800 1570 1914 1606 etiam
1932 1581 2038 1606 carus
2054 1581 2181 1606 amore
2198 1570 2324 1618 patris.

1448 1630 1534 1666 Non
1550 1636 1605 1666 est
1620 1630 1686 1679 qui
1706 1630 1814 1666 donis
1831 1630 2023 1678 corrumpi
2041 1629 2158 1678 possit
2173 1630 2314 1666 amicus
2334 1646 2341 1664 ε

1495 1689 1673 1727 Proditor
1689 1689 1842 1726 alterius
1863 1701 1938 1726 non
1957 1689 2027 1726 tibi
2050 1689 2146 1725 fidus
2163 1690 2248 1726 erit.

1450 1751 1571 1797 Quem
1589 1757 1840 1799 corruperunt
1859 1757 1922 1787 tua
1945 1762 2098 1786 munera
2121 1749 2275 1786 credere
2297 1748 2372 1785 noli
2392 1766 2398 1784 :

1498 1812 1602 1849 Alter
1619 1812 1692 1848 erit
1709 1811 1815 1859 cujus
1834 1812 1886 1848 sic
1903 1823 2053 1861 quoque
2073 1810 2172 1847 dona
2187 1810 2298 1847 volet.

1451 1874 1555 1920 Quos
1574 1872 1620 1908 ad
1640 1884 1859 1909 consensum
1876 1878 2069 1908 traxerunt
2083 1882 2239 1907 munera
2259 1877 2426 1919 turpem,

1499 1934 1646 1970 Horum
1668 1939 1705 1968 te
1730 1932 1815 1969 fidei
1838 1932 1991 1968 credere
2016 1938 2127 1979 turpe
2148 1938 2252 1979 puta.

1451 1994 1523 2031 Cui
1539 1993 1634 2030 male
1650 1993 1769 2029 fecisti
1785 2020 1795 2036 ,
1815 2005 1862 2029 ne
1879 1999 1916 2029 te
1933 1991 2163 2029 commiseris
2180 1991 2259 2035 illi;

1499 2054 1751 2090 Praetereunte
1768 2052 1882 2097 malo,
1902 2059 2096 2101 permanet
2112 2052 2166 2088 ira
2185 2051 2285 2087 mali.

1453 2115 1511 2152 Sit
1529 2114 1596 2152 tibi
1614 2114 1816 2163 praecipuos
1834 2124 1959 2149 servus
1977 2112 2097 2149 bonus
2116 2113 2214 2150 inter
2231 2113 2368 2149 amicos
2381 2142 2391 2158 ,

1502 2175 1580 2212 Nec
1604 2186 1747 2211 memor
1765 2174 1802 2210 in
1824 2173 1935 2210 talem
1956 2173 2182 2210 conditionis
2201 2173 2287 2210 eris.

1457 2237 1631 2273 Erectum
1656 2233 1816 2271 stimulis
1837 2240 1876 2270 et
1897 2233 2049 2270 verbere
2071 2233 2276 2282 comprime
2293 2244 2437 2270 servum
2454 2250 2462 2279 ;

1502 2296 1547 2333 In
1573 2303 1634 2332 tua
1656 2308 1703 2332 ne
1724 2295 1861 2332 calcem
1884 2294 2025 2343 dirigat
2047 2306 2110 2330 ora
2136 2305 2258 2330 suum.

1457 2357 1541 2393 Non
1563 2355 1708 2392 homiui
1730 2362 1789 2401 te,
1814 2355 1878 2392 sed
1901 2355 1990 2392 vitio
2011 2356 2147 2392 servire
2167 2355 2345 2404 pudebit:

1505 2417 1605 2452 Dum
1624 2417 1671 2452 sit
1687 2416 1802 2452 libera
1822 2427 1944 2461 mens,
1966 2415 2020 2452 nil
2037 2415 2104 2452 tibi
2121 2422 2232 2464 turpe
2249 2422 2368 2464 putes.

1457 2476 1553 2513 Nolo
1572 2477 1692 2512 virum
1710 2475 1841 2512 doceas
1865 2476 1991 2511 uxoris
2012 2476 2155 2512 crimen
2178 2482 2324 2520 amatae,

1506 2536 1617 2584 Quod
1633 2538 1718 2573 sciri
1739 2537 1865 2585 potius
1882 2548 1992 2585 quam
2013 2535 2093 2572 fieri
2113 2543 2238 2584 gravat
2252 2536 2368 2573 hunc.

1459 2596 1686 2646 Opprobriis
1709 2609 1836 2635 aurem
1862 2597 2024 2645 propriis
2047 2596 2111 2632 dat
2135 2608 2245 2633 nemo
2268 2596 2440 2649 libenter,

1507 2658 1585 2694 Nec
1606 2665 1644 2694 te
1669 2670 1737 2693 nec
1761 2669 1987 2706 quemquam
2012 2655 2097 2692 talia
2118 2655 2213 2692 scire
2236 2656 2345 2693 volet.

1458 2719 1661 2767 Quumque
1675 2719 1755 2753 viro
1769 2723 1868 2754 casto
1883 2717 2019 2764 conjux
2038 2729 2103 2753 sua
2122 2723 2219 2753 casta
2235 2716 2395 2760 videtur,

1505 2779 1660 2826 Semper
1679 2785 1716 2815 et
1733 2779 1894 2815 incestus
1913 2778 2136 2827 suspiciosus
2158 2778 2243 2814 erit.

1461 2839 1523 2875 Nil
1542 2839 1673 2875 melius
1691 2839 1847 2876 muliere
1866 2839 1982 2885 bona,
2004 2839 2057 2876 nil
2074 2851 2186 2888 quam
2205 2837 2297 2873 mala
2315 2837 2422 2886 pejus
2439 2854 2444 2872 z

1509 2899 1698 2937 Omnibus
1716 2899 1785 2935 ista
1802 2899 1910 2936 bonis
1929 2906 2075 2949 praestat
2090 2906 2127 2935 et
2143 2898 2204 2935 illa
2221 2897 2338 2933 malis.

1460 2959 1523 2996 Nil
1542 2960 1680 2998 teneris
1694 2966 1840 2996 constat
1856 2959 2103 2996 verecundius
2118 2970 2196 2995 esse
2213 2956 2345 3006 puellis
2356 2985 2365 3002 ,

1505 3021 1662 3070 Hocque
1679 3033 1805 3057 carere
1820 3020 1918 3057 bono
1936 3020 1989 3057 nil
2007 3021 2058 3056 ita
2074 3020 2171 3056 sicut
2187 3030 2292 3055 anus.

1459 3082 1642 3117 Incestam
1660 3087 1703 3117 ut
1718 3087 1855 3117 castam
1877 3081 2015 3128 pariter
2032 3091 2176 3116 servare
2195 3085 2320 3116 caveto
2331 3106 2342 3124 ,

1507 3143 1658 3191 Quippe
1677 3143 1753 3178 haec
1770 3154 1843 3179 non
1862 3141 1992 3186 debet,
2010 3142 2064 3178 sic
2076 3141 2188 3178 etiam
2206 3140 2268 3177 illa
2283 3140 2427 3189 nequit.

1459 3201 1561 3249 Quid
1579 3202 1668 3238 facit
1684 3203 1830 3238 incestae
1849 3201 2016 3238 custodia
2031 3203 2048 3237 Ρ
2067 3213 2192 3238 nonne
2209 3200 2383 3249 pudicam

1506 3264 1567 3301 Sic
1585 3264 1664 3299 fieri
1682 3262 1820 3308 credis,
1840 3275 1920 3313 quae
1935 3262 2030 3300 mala
2046 3275 2122 3300 non
2136 3262 2260 3298 minus
2276 3262 2358 3298 est?

1459 3323 1595 3360 Virtus
1602 3323 1741 3371 quippe
1752 3322 1879 3367 animi,
1891 3334 1965 3359 non
1974 3322 2154 3370 corporis,
2165 3333 2242 3357 esse
2250 3319 2413 3369 putanda
2422 3327 2491 3356 est:

1508 3383 1627 3419 Nemo
1648 3383 1682 3418 vi
1708 3382 1828 3419 bonus
1851 3389 1928 3426 est,
1956 3382 2021 3418 sed
2048 3382 2165 3418 malus
2182 3380 2269 3417 inde
2287 3381 2415 3429 magis.

1460 3444 1551 3490 Quae
1575 3442 1710 3479 mulier
1730 3443 1833 3479 samae
1857 3455 2090 3492 nequaquam
2115 3441 2250 3477 damna
2275 3447 2435 3485 veretur,

1514 3503 1567 3539 De
1584 3502 1673 3540 falso
1691 3515 1818 3540 verum
1836 3503 1994 3541 crimine
2012 3502 2154 3539 crimen
2172 3501 2262 3550 agit.

2282 3566 2335 3608 44
