2970 4152
475 410 569 459 226
1270 410 1438 457 PETRl
1477 412 1790 460 ABAELARDI

474 508 653 554 invitat.
673 510 854 554 Memor
879 506 1055 570 quippe
1081 507 1348 569 sententiae,
1374 523 1467 571 qua
1492 508 1733 556 Rusticum
1764 509 2000 555 instruens
2025 508 2111 554 ait¹
2137 527 2147 553 :
2174 527 2196 552 «
2220 510 2334 555 Arna
2354 509 2596 556 scientiam

476 589 849 653 Scripturarum,
882 596 929 633 et
951 586 1104 633 carnis
1129 586 1240 633 vitia
1273 603 1372 634 non
1404 588 1615 649 amabis3
1643 608 1665 639 υ
1695 598 1827 636 tanto
1859 589 2007 653 magis
2039 589 2355 635 necessarium
2383 605 2595 636 amorem

475 669 614 731 hujus
637 667 779 714 studii
809 667 994 714 feminis
1026 683 1124 713 esse
1159 668 1366 727 censuit,
1403 654 1583 732 quanto
1624 686 1702 716 eas
1743 669 2018 716 naturaliter
2054 667 2339 716 infirmiores
2378 679 2425 716 et
2457 685 2599 716 carne

475 747 727 795 debiliores
762 764 862 794 esse
903 747 1162 812 conspexit.
1205 750 1300 794 Nec
1338 748 1494 795 solum
1522 749 1582 796 ad
1620 749 1744 796 hanc
1781 750 2016 814 virginum
2048 749 2427 796 exhortationem
2461 766 2598 813 argu-

475 839 689 875 mentum
715 846 742 875 a
765 827 1071 875 similitudine
1086 831 1100 852 ²
1119 844 1146 875 a
1167 828 1427 892 virginibus
1452 839 1696 895 sumptum
1723 830 1929 889 inducit,
1950 829 2080 876 unde
2102 829 2164 877 ad
2192 830 2599 894 comparationem

475 909 695 968 minoris,
725 908 892 956 viduas
918 919 964 955 et
989 908 1264 972 conjugatas
1288 909 1337 955 in
1364 910 1634 975 exemplum
1660 911 1856 957 assumit
1878 929 1886 956 :
1917 927 2014 974 quo
2038 911 2186 974 magis
2209 926 2406 975 sponsas
2429 909 2601 956 Christi

471 990 531 1036 ad
556 989 650 1037 hoc
675 991 883 1037 studium
916 991 1078 1037 incitet
1107 1007 1192 1055 per
1224 1001 1466 1038 matronas
1503 991 1672 1052 seculi,
1713 1002 1760 1038 et
1791 1008 1847 1038 ex
1879 992 2050 1038 virtute
2087 991 2312 1038 laicarum
2354 1001 2594 1055 torporem

472 1071 673 1117 excutiat
701 1070 774 1117 vel
800 1070 1063 1118 confundat
1092 1070 1388 1117 monialium.
1435 1074 1492 1117 Et
1526 1072 1778 1135 quoniam,
1804 1072 1937 1135 juxta
1971 1071 2088 1117 illud
2117 1071 2474 1135 gregorianum,
2514 1090 2536 1114 «
2571 1087 2598 1117 a

470 1151 679 1197 minimis
719 1151 920 1215 quisque
959 1150 1179 1209 inchoat,
1218 1159 1270 1196 ut
1305 1150 1364 1197 ad
1401 1151 1581 1214 majora
1613 1152 1884 1216 perveniat3
1910 1170 1930 1195 »
1959 1151 2243 1216 praemittere
2263 1151 2396 1214 juvat
2421 1160 2597 1214 quanta

470 1231 708 1295 diligentia
729 1231 1031 1296 virgunculas
1054 1232 1101 1277 in
1126 1232 1267 1278 sacris
1287 1231 1501 1278 imbuere
1527 1232 1692 1278 litteris
1717 1232 1966 1279 studuerit.
1993 1232 2159 1292 Unde,
2187 1241 2240 1278 ut
2262 1232 2479 1278 omittam
2510 1220 2596 1277 cae-

472 1323 596 1372 tera,
621 1312 739 1359 illud
771 1329 899 1359 nunc
922 1312 971 1358 in
999 1311 1211 1358 medium
1231 1311 1489 1377 procedat,
1513 1313 1642 1376 quod
1670 1313 1728 1360 ad
1748 1316 1948 1373 Laetam,
1974 1313 2034 1359 de
2055 1312 2348 1359 institutione
2375 1311 2479 1358 filiae
2504 1328 2598 1358 suae

473 1393 646 1453 Paulae,
691 1403 887 1458 propter
925 1409 1116 1440 morum
1151 1392 1447 1453 doctrinam,
1491 1393 1633 1441 tradit
1663 1394 1788 1440 hanc
1818 1394 2079 1441 litterarum
2114 1393 2429 1457 disciplinam.
2476 1413 2498 1437 «
2523 1393 2599 1439 Sic

471 1473 732 1521 erudienda
764 1484 856 1533 est,
879 1493 901 1517 »
924 1473 1076 1537 inquit
1091 1475 1120 1533 ³,
1153 1493 1175 1518 «
1199 1474 1382 1533 anima,
1419 1491 1523 1538 quae
1549 1474 1704 1520 futura
1728 1484 1796 1521 est
1820 1474 2053 1540 templum
2073 1475 2176 1520 Dei.
2200 1474 2333 1520 Fiant
2364 1473 2405 1519 ei
2436 1473 2598 1520 littera?

472 1555 543 1602 vel
566 1555 756 1615 buxeae,
791 1555 862 1602 vel
883 1554 1124 1614 eburneae,
1150 1564 1195 1600 et
1210 1554 1304 1600 suis
1332 1554 1607 1601 nominibus
1628 1555 1942 1620 appellentur.
1973 1554 2127 1601 Ludat
2146 1555 2194 1600 in
2214 1554 2280 1602 eis
2296 1591 2309 1611 ,
2334 1563 2387 1601 ut
2405 1563 2451 1601 et
2469 1553 2599 1600 lusus

472 1637 570 1701 ipse
597 1636 800 1683 eruditio
821 1636 893 1682 sit.
921 1638 977 1682 Et
994 1651 1092 1681 non
1118 1634 1271 1681 solum
1296 1634 1517 1681 ordinem
1537 1645 1696 1682 teneat
1715 1635 2005 1693 litterarum,
2032 1645 2083 1681 ut
2099 1635 2330 1682 memoria
2346 1634 2599 1685 nominum

469 1718 516 1764 in
544 1718 782 1765 canticum
810 1727 1018 1764 transeat
1044 1735 1053 1762 :
1079 1716 1163 1763 sed
1189 1717 1356 1781 etipse
1388 1717 1510 1763 inter
1544 1734 1593 1763 se
1622 1716 1790 1764 crebro
1824 1717 1946 1764 ordo
1985 1716 2216 1777 turbetur,
2257 1726 2303 1764 et
2333 1716 2503 1763 mediis
2529 1715 2599 1763 ul-

471 1800 605 1858 tima,
642 1799 806 1863 primis
831 1797 989 1845 media
1013 1797 1318 1857 misceantur,
1350 1807 1400 1844 ut
1426 1814 1504 1844 eas
1527 1814 1625 1844 non
1657 1814 1777 1845 sono
1803 1808 2020 1858 tantum,
2057 1797 2140 1845 sed
2174 1808 2221 1844 et
2255 1787 2594 1844 visu'noverit.

470 1883 631 1937 Quum
669 1896 781 1926 vero
817 1879 1014 1945 coeperit
1037 1878 1259 1925 trementi
1287 1890 1434 1924 manu
1460 1878 1633 1942 stylum
1667 1879 1716 1924 in
1752 1895 1860 1925 cera
1885 1878 2090 1938 ducere,
2119 1878 2194 1926 vel
2225 1878 2414 1924 alterius
2439 1894 2600 1942 super-

420 2005 423 2008 ,
469 1962 622 2026 posita
645 1977 791 2008 manu
811 1961 990 2020 teneri,
1028 1970 1249 2025 regantur
1273 1960 1481 2020 articuli,
1504 1959 1580 2008 vel
1598 1960 1647 2006 in
1668 1959 1827 2007 tabula
1858 1960 2134 2025 sculpantur
2160 1960 2422 2019 elementa3
2447 1969 2497 2006 ut
2515 1975 2602 2024 per

471 2041 666 2089 eosdem
691 2041 847 2089 sulcos
876 2041 1057 2088 inclusa
1091 2040 1382 2105 marginibus
1408 2040 1656 2088 trahantur
1681 2041 1900 2104 vestigia,
1940 2050 1985 2087 et
2017 2040 2140 2087 foras
2167 2057 2265 2087 non
2292 2049 2469 2104 queant
2494 2057 2600 2088 eva-

471 2124 583 2187 gari.
612 2122 822 2186 Syllabas
847 2123 1015 2186 jungat
1040 2122 1102 2169 ad
1124 2122 1373 2187 praemium
1390 2157 1402 2181 ,
1430 2132 1476 2168 et
1495 2121 1669 2185 quibus
1690 2121 1767 2167 illa
1787 2131 1899 2168 aetas.
1915 2121 2102 2168 deliniri
2122 2131 2278 2186 potest
2304 2120 2600 2168 munusculis

471 2205 713 2251 invitetur.
749 2203 929 2251 Habeat
965 2204 1012 2250 in
1048 2202 1280 2249 discendo
1313 2203 1492 2262 socias,
1521 2202 1693 2267 quibus
1719 2202 1959 2262 invideat,
1989 2219 2191 2267 quarum
2218 2201 2438 2248 laudibus
2473 2218 2600 2248 mor-

471 2285 653 2331 deatur.
679 2287 783 2331 Non
818 2283 1116 2348 objurganda
1147 2294 1242 2342 est,
1279 2284 1317 2330 si
1356 2283 1536 2330 tardior
1561 2284 1650 2330 sit:
1673 2283 1757 2330 sed
1781 2282 2003 2330 laudibus
2027 2281 2329 2330 excitandum
2366 2292 2434 2329 est
2470 2283 2598 2347 inge-

470 2366 626 2425 nium,
666 2376 710 2412 et
744 2375 798 2412 ut
827 2365 990 2412 vicisse
1025 2364 1252 2428 gaudeat,
1287 2375 1331 2411 et
1370 2365 1494 2411 victa
1530 2364 1704 2411 doleat.
1744 2363 2023 2411 Cavendum
2058 2363 2313 2429 imprimis,
2353 2380 2413 2410 ne
2446 2363 2600 2411 oderit

469 2445 646 2503 studia,
681 2462 741 2492 ne
777 2444 1044 2492 amaritudo
1081 2462 1250 2491 eorum
1279 2455 1503 2510 percepta
1534 2445 1583 2490 in
1610 2445 1806 2492 infantia
1840 2445 1961 2491 ultra
2000 2444 2143 2491 rudes
2177 2460 2330 2490 annos
2373 2453 2594 2491 transeat.

469 2530 572 2591 Ipsa
598 2526 822 2583 nomina,
851 2542 937 2591 per
960 2542 1065 2590 quae
1091 2524 1612 2590 consuescit.paulatim
1635 2524 1780 2572 verba
1808 2535 2062 2572 contexere
2079 2563 2090 2584 ,
2128 2542 2225 2572 non
2257 2525 2351 2571 sint
2375 2525 2567 2574 fortuita
2584 2562 2597 2585 ,

471 2608 554 2655 sed
577 2619 726 2668 certa,
762 2617 808 2654 et
836 2617 1113 2654 coacervata
1136 2607 1196 2654 de
1232 2606 1490 2666 industria,
1528 2606 1870 2672 prophetarum
1916 2606 2132 2654 videlicet
2176 2615 2318 2670 atque
2361 2605 2602 2670 apostolo-

472 2706 602 2749 rum,
631 2698 678 2735 et
701 2687 858 2735 omnis
883 2687 943 2734 ab
971 2687 1120 2734 Adam
1145 2686 1522 2752 patriarcharum
1547 2687 1714 2747 series,
1737 2686 1798 2734 de
1820 2686 2040 2734 Matthaeo
2059 2690 2281 2750 Lucaque
2305 2685 2562 2733 descendat
2586 2706 2595 2732 :

475 2782 545 2830 ut,
575 2771 691 2817 dum
718 2769 847 2817 aliud
867 2770 982 2833 agit,
1014 2769 1180 2815 futurae
1203 2769 1445 2815 memoriae
1468 2778 1774 2833 praeparetur.
1803 2769 2021 2832 Magister
2043 2767 2207 2833 probae
2231 2768 2376 2814 aetatis
2401 2777 2448 2814 et
2471 2767 2596 2827 vitae,

474 2864 612 2917 atque
645 2851 925 2899 eruditionis
966 2860 1036 2897 est
1073 2850 1343 2914 eligendus3
1375 2867 1486 2908 nec,
1517 2860 1658 2914 puto,
1690 2849 1936 2896 erubescet
1970 2849 2042 2895 vir
2077 2848 2247 2895 doctus
2280 2847 2329 2893 id
2366 2847 2518 2894 facere
2551 2848 2600 2894 in

472 2935 763 2998 propinqua,
785 2932 862 2979 vel
881 2931 1031 2978 nobili
1050 2931 1256 2995 virgine,
1281 2930 1412 2995 quod
1441 2930 1707 2977 Aristoteles
1735 2930 1842 2977 fecit
1866 2931 1914 2976 in
1942 2929 2146 2994 Philippi
2172 2928 2297 2988 filio,
2333 2939 2381 2974 ut
2411 2929 2512 2993 ipse
2545 2928 2599 2973 li-

472 3015 738 3062 brariorum
760 3014 957 3073 vilitate,
978 3013 1110 3060 initia
1129 3012 1336 3059 traderet
1353 3011 1634 3058 litterarum.
1658 3014 1762 3058 Non
1788 3021 1899 3057 sunt
1917 3009 2270 3057 contemnenda
2285 3009 2420 3073 quasi
2435 3024 2596 3072 parva,

473 3098 572 3143 sine
597 3096 768 3159 quibus
792 3112 966 3160 magna
987 3094 1247 3142 consistere
1273 3111 1373 3140 non
1402 3104 1618 3158 possunt.
1658 3097 1761 3158 Ipse
1795 3093 2142 3140 elementorum
2171 3109 2349 3151 sonus,
2378 3101 2425 3137 et
2447 3091 2601 3155 prima

474 3177 703 3223 institutio
736 3187 1081 3242 praeceptorum
1120 3176 1255 3223 aliter
1285 3175 1345 3222 de
1381 3175 1595 3235 erudito,
1632 3174 1766 3222 aliter
1800 3175 1861 3221 de
1897 3174 2071 3222 rustico
2104 3190 2187 3220 ore
2216 3171 2469 3237 profertur.
2506 3174 2602 3218 Nec

475 3255 623 3302 discat
642 3256 688 3301 in
709 3265 891 3316 tenerO,
913 3255 1046 3320 quod
1063 3256 1107 3302 ei
1125 3265 1291 3320 postea
1310 3253 1655 3301 dediscendum
1671 3264 1756 3301 est.
1773 3254 2035 3301 Difficulter
2054 3252 2279 3311 eraditur,
2303 3250 2435 3315 quod
2456 3250 2598 3297 rudes

475 3336 620 3382 animi
639 3334 963 3400 perbiberunt.
991 3357 1012 3378 »
1039 3338 1201 3383 Graeca
1227 3345 1386 3383 narrat
1407 3334 1628 3395 historia,
1654 3334 1969 3381 Alexandrum
2000 3332 2381 3398 potentissimum
2408 3346 2594 3394 regem,

522 3517 531 3535 ¹
558 3518 661 3562 Epist.
677 3529 751 3561 xcv,
770 3520 851 3561 Opp.
867 3527 891 3554 t.
909 3520 962 3561 lv,
980 3520 1043 3554 eol.
1060 3521 1133 3554 773.
1149 3538 1186 3545 —-
1203 3520 1215 3537 ²
1231 3522 1454 3555 Similitudinis
1471 3520 1551 3554 Cod.
1572 3519 1695 3554 Victor.
1714 3519 1968 3562 397.-³Epist.
1988 3529 2047 3551 nvn
2059 3542 2068 3558 ‚
2093 3518 2176 3559 Opp.
2195 3524 2218 3550 t.
2235 3516 2290 3556 IV,
2306 3516 2370 3549 col.
2390 3516 2467 3547 592.
