2970 4152
518 410 579 455 20
1100 402 1269 447 PETRl
1306 401 1616 450 ABAELARDI
1651 403 1726 451 ET
1758 403 2058 450 HELolsSAE

519 501 696 548 ritualis
732 508 967 555 creatura,
1020 511 1108 542 nec
1152 494 1427 560 corporalis.
1477 496 1612 544 Nulla
1648 499 1775 545 enim
1812 498 2012 544 omnino
2045 513 2118 544 res
2161 506 2252 555 est,
2291 512 2394 560 quae
2431 497 2629 562 seipsam

517 582 690 645 gignat.
719 599 741 621 »
779 575 921 634 Quod
957 591 1106 639 quum
1140 574 1360 640 discipuli
1384 575 1484 638 ejus
1512 577 1595 641 qui
1631 577 1850 636 aderant,
1883 576 2146 636 audissent,
2188 575 2498 640 obstupefacti
2528 593 2632 623 eru-

517 659 787 707 bescebant.
819 660 922 721 Ipse
949 664 1136 715 autem,
1167 665 1219 701 ut
1249 672 1299 702 se
1323 657 1672 720 quoquomodo
1691 667 1989 722 pro-tegeret:
2020 660 2169 717 Bene,
2201 656 2376 721 inquit,
2406 667 2476 703 est
2493 657 2633 714 ,int-el-

518 738 774 803 ligendum.
805 739 905 799 Ego
935 746 1094 782 autern
1124 735 1302 799 subjeci
1316 738 1344 796 ¹,
1373 736 1467 783 hoc
1503 753 1602 784 non
1644 754 1745 784 esse
1770 737 2012 784 novellum
2025 740 2055 797 ²,
2084 738 2168 795 sed
2192 737 2254 784 ad
2281 752 2486 803 praesens
2515 735 2637 782 nihil.

518 820 737 875 attinere,
767 833 917 880 quum
942 817 1042 881 ipse
1069 815 1213 863 verba
1244 826 1452 877 tantum,
1475 834 1574 864 non
1600 834 1790 865 sensum
1810 818 2092 882 requisisset.
2117 818 2165 864 Si
2188 827 2347 864 autem
2373 832 2564 864 sensum
2587 825 2635 862 et

518 900 750 945 rationem
782 896 1049 944 attendere3
1075 896 1237 956 vellet,
1266 907 1484 962 paratum
1512 914 1590 944 me
1621 897 1713 944 dixi
1751 899 1794 944 ei
1819 898 2071 945 ostendere
2104 897 2368 945 secundum
2399 897 2500 961 ejus
2532 912 2636 942 sen-

519 981 741 1037 tentiam,
763 978 896 1042 quod
921 978 969 1023 in
998 994 1102 1024 eam
1129 977 1287 1043 lapsus
1325 988 1446 1025 esset
1469 978 1706 1037 haeresim,
1737 979 2002 1025 secundum
2026 995 2170 1043 quam
2187 979 2200 1002 ⁴
2229 979 2267 1025 is
2294 978 2376 1042 qui
2405 986 2539 1042 pater
2567 985 2638 1022 est

520 1062 590 1107 sui
617 1061 763 1125 ipsius
789 1058 913 1105 filius
938 1059 1011 1106 sit.
1040 1062 1148 1115 Quo
1177 1058 1254 1105 ille
1278 1058 1468 1119 audito,
1493 1060 1647 1106 statim
1680 1061 1812 1123 qnasi
1841 1059 2125 1107 furibundus
2153 1060 2371 1117 effectus,
2397 1058 2458 1104 ad
2486 1058 2638 1103 minas

521 1159 778 1188 conversus
804 1151 896 1199 est,
927 1157 1138 1192 asserens
1166 1157 1254 1186 nec
1285 1140 1492 1187 rationes
1521 1158 1673 1200 meaS,
1704 1158 1792 1188 nec
1818 1141 2119 1188 auctoritates
2154 1140 2270 1187 mihi
2300 1140 2350 1185 in
2383 1139 2473 1185 hac
2501 1154 2642 1184 causa

521 1222 851 1285 suffragaturas
876 1237 992 1283 esse.
1026 1224 1175 1284 Atque
1200 1220 1263 1266 ita
1288 1221 1492 1267 recessit.
1521 1224 1741 1268 Extrema
1759 1238 1873 1268 vero
1894 1221 1970 1268 die
1995 1220 2207 1280 concilii,
2235 1221 2513 1285 priusquam
2532 1218 2651 1264 resi-⁶

521 1303 712 1361 derent,
752 1302 833 1348 diu
869 1301 1047 1365 legatus
1078 1300 1154 1346 ille
1189 1310 1330 1364 atque
1356 1301 1739 1368 archiepiscopus
1779 1319 1890 1349 cum
1931 1302 2110 1349 aemulis
2133 1301 2250 1348 meis
2279 1311 2325 1347 et
2355 1288 2646 1364 quibusdam

522 1384 740 1447 personis
762 1381 1023 1429 deliberare
1053 1390 1328 1445 coeperunt,
1370 1381 1486 1445 quid
1517 1381 1577 1428 de
1611 1382 1794 1447 meipso
1827 1392 1873 1429 et
1903 1381 2026 1441 libro
2055 1398 2162 1428 meo
2181 1384 2194 1405 ⁵
2215 1390 2517 1437 statueretur,
2552 1394 2640 1443 pro

522 1480 618 1526 quo
638 1463 842 1509 maxime
862 1461 1040 1508 vocati⁶
1065 1461 1264 1507 fuerant.
1296 1464 1354 1507 Et
1380 1462 1610 1525 quoniam
1635 1479 1691 1509 ex
1716 1461 1872 1509 verbis
1899 1463 2041 1522 meis,
2075 1472 2156 1508 aut
2179 1462 2356 1526 scripto
2387 1459 2518 1523 quod
2546 1468 2645 1505 erat

524 1543 569 1589 in
602 1542 852 1607 praesenti,
887 1558 985 1587 non
1017 1539 1258 1586 habebant
1288 1540 1420 1603 quod
1448 1541 1497 1587 in
1524 1558 1600 1587 me
1632 1541 2007 1605 praetenderent,
2045 1541 2270 1587 omnibus
2297 1538 2642 1603 aliquantulum

522 1622 891 1680 conticentibuS,
921 1631 1002 1667 aut
1013 1621 1111 1682 jam
1139 1620 1252 1666 mihi
1280 1621 1435 1665 minus
1461 1630 1622 1683 aperte
1648 1620 2027 1679 detrahentibus,
2061 1619 2333 1678 Gaufridus,
2352 1617 2645 1665 carnotensis

522 1703 811 1766 episcopus⁷,
842 1700 924 1763 qui
957 1699 1122 1745 ceteris
1149 1699 1382 1762 episcopis
1411 1709 1457 1745 et
1487 1699 1727 1762 religionis
1757 1700 1953 1747 nomine
1981 1710 2027 1747 et
2060 1699 2184 1747 sedis
2203 1699 2431 1763 dignitate
2455 1697 2645 1762 praecel-

523 1782 669 1841 lebat,
693 1782 756 1827 ita
775 1796 968 1827 exorsus
988 1789 1084 1825 est:
1110 1779 1329 1837 «Nostis,
1353 1778 1537 1825 domini
1555 1796 1724 1826 omnes
1746 1781 1827 1843 qui
1847 1780 2041 1839 adestis,
2071 1780 2278 1826 hominis
2305 1779 2445 1842 hujus
2468 1778 2643 1824 doctri-

524 1880 660 1922 nam,
690 1861 1033 1925 qualiscunque
1061 1859 1145 1917 sit,
1175 1859 1369 1922 ejusque
1400 1859 1667 1922 ingenium,
1702 1860 1749 1905 in
1778 1859 2143 1925 quibuscunque
2180 1859 2434 1917 studuerit,
2469 1846 2645 1904 multos

526 1942 861 1990 assentatores⁸
886 1950 932 1986 et
956 1955 1180 2003 sequaces
1209 1938 1454 1999 habuisse,
1484 1950 1531 1986 et
1556 1940 1889 2003 magistrorum
1916 1951 2012 1988 tam
2047 1957 2244 1988 suorum
2277 1955 2423 2004 quam
2461 1948 2645 1984 nostro-

526 2039 632 2069 rum
658 2022 830 2068 famam
858 2020 1061 2065 maxime
1086 2020 1421 2083 compressisse
1437 2056 1448 2078 ‚
1485 2030 1530 2066 et
1555 2021 1689 2084 quasi
1715 2021 1814 2083 ejus
1841 2022 2030 2068 vineam
2055 2038 2081 2067 a
2111 2021 2228 2067 mari
2256 2036 2404 2084 usque
2426 2018 2486 2064 ad
2515 2034 2646 2064 mare
2706 2067 2709 2070 ,

526 2101 741 2166 palmites
760 2116 870 2146 suos
898 2098 1176 2145 extendisse.
1209 2098 1256 2144 Si
1285 2098 1415 2145 hunc
1442 2099 1739 2164 praejudicio,
1763 2100 1892 2164 quod
1923 2118 2020 2147 non
2046 2100 2294 2159 arbitror⁹,
2317 2099 2640 2163 gravaveritis,

526 2182 708 2229 etiamsi
726 2190 877 2238 recte,
908 2179 1083 2225 multos
1110 2195 1194 2225 vos
1220 2178 1485 2226 offensuros
1507 2181 1660 2227 sciatis
1689 2191 1734 2227 et
1761 2198 1859 2227 non
1882 2181 2044 2229 deesse
2071 2181 2303 2247 plurimos
2322 2181 2404 2245 qui
2430 2197 2541 2227 eum
2566 2179 2647 2225 de-

528 2264 719 2311 fendere
738 2262 910 2321 velint,
931 2261 1188 2325 praesertim
1215 2276 1362 2324 quum
1391 2260 1443 2320 inr
1465 2263 1681 2326 praesenti
1706 2263 1881 2328 scripto
1900 2263 2031 2310 nulla
2056 2263 2323 2322 videamuS‚
2347 2278 2451 2326 quae
2469 2261 2644 2324 aliquid

528 2345 773 2391 obtineant
797 2352 968 2408 apertae
1001 2341 1248 2387 calumniae
1270 2359 1282 2398 3
1313 2351 1358 2387 et
1392 2342 1502 2404 quia
1523 2342 1655 2404 juxta
1688 2343 1805 2389 illud
1832 2344 2110 2407 Hieronymi
2126 2346 2177 2389 ¹⁰:
2205 2364 2227 2388 «
2250 2345 2446 2407 Semper
2463 2343 2514 2388 in
2537 2358 2660 2406 pro-l

528 2424 691 2489 patulo
718 2421 946 2469 fortitudo
970 2420 1167 2468 aemulos
1191 2419 1359 2480 habet,
1394 2440 1415 2463 »

1283 2568 1289 2573 .
1326 2567 1333 2574 .
1370 2567 1378 2573 .
1417 2567 1424 2574 .
1462 2535 1692 2590 feriuntque
1711 2549 1894 2577 summos

1281 2604 1454 2656 Fulgura
1474 2610 1636 2645 montes
1650 2605 1688 2655 ¹¹,

532 2711 685 2758 videte
710 2727 771 2758 ne
795 2708 903 2775 plus
928 2709 970 2755 ei
996 2709 1205 2754 nominis
1220 2709 1482 2763 'conferatis
1507 2710 1740 2757 violenter
1764 2710 1974 2775 agendo,
2008 2720 2054 2756 et
2079 2710 2184 2774 plus
2212 2708 2351 2755 nobis
2369 2710 2578 2756 criminis
2597 2727 2652 2757 ex

532 2792 735 2851 invidia,
773 2805 918 2855 quam
948 2787 991 2836 ei
1023 2788 1279 2851 exjustitia
1303 2790 1660 2853 conquiramus.
1694 2810 1716 2834 «
1738 2789 1898 2836 Falsus
1921 2791 2048 2837 enim
2068 2806 2250 2848 rumor,
2277 2809 2299 2833 »
2330 2799 2380 2836 ut
2402 2789 2655 2855 praedictus

532 2872 700 2917 doctor
729 2870 945 2918 meminit
963 2870 1013 2929 ¹²⁴,
1055 2889 1076 2913 «
1111 2868 1205 2916 cito
1237 2869 1540 2934 opprimitur,
1575 2880 1619 2917 et
1649 2871 1744 2918 vita
1769 2871 2005 2936 posterior
2031 2871 2212 2934 judicat
2248 2871 2309 2918 de
2342 2872 2517 2937 priore.
2552 2891 2575 2915 »
2608 2872 2655 2918 Si

533 2961 691 2997 autem
720 2951 947 2997 canonice
977 2966 1114 3014 agere
1144 2950 1192 2996 in
1218 2966 1328 2996 eum
1361 2949 1636 3015 disponitis,
1670 2950 1843 3015 dogma
1880 2950 1980 3013 ejus
2008 2951 2083 2998 vel
2113 2951 2342 3016 scriptum
2366 2952 2414 2997 in
2443 2951 2654 2998 medium

533 3030 815 3095 proferatur,
849 3040 895 3075 et
924 3030 1213 3093 interrogato
1239 3028 1385 3076 libere
1419 3029 1709 3095 respondere
1728 3030 1887 3089 liceat,
1918 3041 1970 3077 ut
1997 3031 2243 3077 convictus
2270 3030 2344 3077 vel
2373 3030 2615 3077 confessus
2632 3033 2657 3055 ¹³

532 3111 720 3175 penitus
760 3109 1055 3156 obmutescat
1089 3093 1222 3173 juxta
1261 3109 1390 3156 illam
1424 3109 1590 3157 saltem
1625 3110 1750 3158 beati
1796 3110 2042 3158 Nicodemi
2083 3111 2363 3158 sententiam
2387 3146 2399 3168 ,
2434 3127 2528 3174 qua
2561 3110 2657 3156 do-

534 3191 718 3236 minum
739 3189 893 3253 ipsum
913 3188 1112 3235 liberare
1137 3189 1350 3254 cupiens,
1375 3189 1529 3236 aiebat
1544 3191 1570 3214 ¹²
1594 3208 1602 3235 :
1632 3210 1654 3234 «
1677 3190 1901 3254 Nunquid
1921 3190 1995 3237 lex
2015 3201 2174 3237 nostra
2186 3190 2366 3252 judicat
2383 3190 2653 3247 hominem,

584 3333 591 3349 ¹
615 3333 776 3373 Subjunxi
792 3331 885 3363 RMS.
901 3349 938 3353 -—
957 3329 969 3346 ⁸
990 3331 1152 3363 Nouellum
1170 3331 1289 3370 amn.
1302 3349 1323 3357 ·-
1335 3332 1455 3365 Novum
1478 3332 1572 3364 RMS.
1620 3331 1648 3348 ¹⁰
1672 3333 1793 3371 Quoest.
1809 3334 1905 3365 Hebr.
1924 3336 1956 3365 in
1974 3333 2102 3370 Genea„
2120 3343 2271 3376 prooem„
2293 3332 2371 3373 opp.
2388 3339 2413 3364 t.
2425 3332 2452 3365 11
2467 3357 2474 3371 ‚
2495 3333 2559 3365 col.
2579 3333 2655 3363 506.

538 3408 573 3412 -
588 3388 601 3405 ³
623 3387 796 3421 Observare
811 3387 906 3420 RMS.
920 3406 958 3410 --
972 3386 986 3403 ⁴
1000 3384 1356 3428 Πᾶηδὶκᾳμιὶεᾚ.
1374 3406 1415 3413 -
1433 3388 1446 3406 ¹⁸
1459 3389 1574 3422 Nostro
1618 3386 1814 3420 ·—-⁴¹Horat.
1832 3388 1925 3420 earm
1955 3388 2010 3420 lib.
2026 3387 2053 3420 ΙΙ
2065 3412 2073 3426 ,
2091 3398 2168 3420 x.-
2182 3386 2210 3404 ¹²
2223 3387 2328 3430 Epist.
2343 3397 2441 3425 xnvu,
2456 3389 2501 3419 ad
2513 3387 2657 3424 Furiam,
2726 3434 2735 3441 ἢ

540 3446 577 3477 t).
598 3463 635 3468 --
651 3444 663 3461 ⁸
682 3444 904 3477 Convocatil).
926 3460 953 3467 *-
978 3443 989 3460 ⁷
1007 3443 1087 3476 Vide
1106 3451 1175 3476 not.
1193 3456 1335 3477 xxxv.—
1354 3444 1366 3462 ⁸
1381 3445 1435 3478 Sic
1454 3445 1573 3478 ABCD.
1622 3443 1700 3484 Opp.
1724 3451 1747 3477 t.
1766 3443 1822 3484 lv,
1841 3444 1902 3477 col.
1922 3445 2041 3476 559.—
2059 3435 2088 3462 ¹³
2108 3445 2264 3485 Confusus
2279 3443 2345 3476 MS.
2360 3443 2452 3476 Amb.
2465 3462 2495 3468 —
2515 3443 2544 3461 ¹⁴
2562 3444 2655 3476 Joan.

538 3519 559 3524 —
577 3503 791 3533 Assectaeores
826 3499 913 3532 Edit.
945 3499 1040 3532 Amb.
1068 3518 1107 3523 —
1129 3499 1140 3516 ⁹
1174 3501 1264 3538 Quod
1300 3503 1439 3533 arbitror
1470 3501 1508 3533 Ι).
1549 3519 1571 3524 --
1619 3510 1691 3542 cap.
1710 3511 1769 3538 vu,
1792 3511 1820 3532 v.
1847 3501 1900 3532 51.
