2970 4152
311 679 378 701 CAl'.
402 681 434 701 Χ.

275 713 316 745 De
336 713 470 745 combu—

265 757 368 788 stione
380 756 479 798 ipsius

328 799 414 830 libri.

544 422 603 466 22
1117 417 1286 463 PETRI
1323 416 1634 463 ABAELARDI
1669 415 1743 463 ΕΤ
1777 417 2076 464 HELOISSAE

543 525 691 578 quum
717 513 829 560 hinc
855 511 1117 569 recesserit,
1148 526 1224 558 me
1249 511 1439 576 penitus
1457 498 1782 558 liberaturum.
1806 514 1864 558 Et
1889 512 1956 558 sic
1980 527 2056 557 me
2078 520 2129 557 ut
2151 511 2306 575 potuit
2325 512 2515 559 flentem
2535 513 2653 559 flens

484 579 519 651 tf*
541 604 587 641 et
605 595 705 658 ipse
725 591 996 640 consolat-us
1019 600 1104 638 est.

608 676 808 719 Vocatus
835 671 994 734 itaque
1025 670 1182 717 Statim
1213 671 1275 717 ad
1300 671 1557 719 concilium
1582 671 1735 732 adfui,
1763 682 1810 719 et
1835 672 1935 719 sine
1960 670 2059 717 ullo
2083 670 2413 718 discussionis¹
2439 673 2654 718 examine

540 754 771 816 meipsum
796 749 1131 815 compulerunt
1158 754 1353 815 propria
1376 762 1522 798 manu
1548 748 1723 798 librum
1748 760 2066 798 memoratum
2097 767 2258 798 meum
2285 751 2335 797 in
2360 751 2518 815 ignem
2541 767 2657 815 pro-

533 834 690 893 jicere.
715 833 773 877 Et
789 830 855 877 sic
882 829 1158 878 combustus
1177 841 1268 890 est,
1300 841 1351 878 ut
1379 841 1539 878 tamen
1558 846 1707 896 quum
1736 831 1854 878 nihil
1882 831 2040 878 dicere
2063 829 2353 890 viderentur,
2373 831 2569 896 quidam
2594 830 2654 879 de

536 909 813 957 adversariis
845 910 965 957 meis
1006 909 1055 956 id
1089 909 1546 970 submurmuravit,
1512 913 1525 935 ²
1585 911 1718 976 quod
1755 912 1804 958 in
1847 910 1970 958 libro
2009 912 2240 977 scriptum
2276 910 2654 977 deprehenderat

535 991 688 1037 solum
713 994 868 1039 Deum
887 993 1096 1056 patrem⁸
1111 992 1493 1057 omnipotentem
1526 1009 1641 1039 esse.
1675 991 1821 1050 Quod
1852 1006 2003 1056 quum
2030 992 2211 1056 legatus
2237 991 2649 1050 subintellexisset,

535 1071 673 1118 valde
714 1071 955 1119 admirans
993 1072 1036 1119 ei
1065 1072 1313 1138 respondit
1340 1072 1434 1119 hoc
1458 1089 1547 1120 nec
1578 1072 1638 1119 de
1664 1071 1894 1138 puerulo‘
1925 1071 2086 1137 aliquo
2120 1067 2256 1119 credi
2281 1071 2483 1131 debere,
2521 1071 2653 1135 quod
2718 1134 2720 1136 Ι

535 1152 656 1198 adeo
676 1163 854 1199 erraret
869 1189 881 1213 ,
904 1166 1055 1217 quum
1082 1154 1375 1212 communis,
1398 1154 1575 1217 inquit,
1603 1152 1722 1200 fides
1748 1163 1794 1200 et
1818 1162 1975 1200 teneat
2004 1163 2051 1200 et
2076 1151 2356 1218 profiteatur
2384 1161 2477 1198 tres
2501 1151 2656 1197 omni·

536 1242 752 1294 potentes
764 1246 880 1280 esse.
899 1235 1008 1291 Quo
1026 1233 1191 1280 audito
1209 1234 1423 1280 Terricus
1438 1233 1654 1298 quidam,
1680 1233 1951 1281 scholarum
1968 1233 2205 1298 magister,
2227 1232 2473 1279 irridendo
2490 1231 2655 1278 subin-

534 1311 637 1358 tulit
649 1312 767 1359 illud
785 1313 1076 1360 Athanasii⁵t
1105 1332 1128 1358 α
1149 1315 1207 1360 Et
1232 1324 1391 1361 tamen
1410 1326 1509 1361 non
1529 1324 1623 1361 tres
1642 1314 1995 1379 omnipotentes
2007 1350 2020 1374 ,
2046 1313 2131 1361 sed
2150 1329 2274 1360 unus
2293 1312 2650 1378 omnipotens.»

533 1394 686 1448 Quem
703 1407 853 1456 quum
880 1393 1132 1458 episcopus
1150 1408 1264 1440 suus
1281 1393 1527 1458 increpare
1546 1394 1785 1459 coepisset,
1809 1404 1854 1441 et
1874 1394 2132 1459 reprimere
2156 1393 2291 1457 quasi
2316 1407 2476 1451 reum,
2503 1393 2653 1456 quiin

531 1473 824 1535 majestatem
848 1473 1152 1537 loqueretur,
1176 1473 1402 1521 audacter
1419 1474 1497 1521 ille
1515 1474 1708 1534 restitit,
1733 1484 1780 1522 et
1797 1472 1932 1538 quasi
1957 1473 2165 1520 Danielis
2189 1472 2335 1520 verba
2361 1487 2655 1520 commemo-

530 1568 656 1611 rans,
690 1554 753 1600 ait
770 1555 783 1577 ⁶
806 1572 816 1598 :
839 1574 862 1597 «
885 1554 962 1600 Sic
981 1554 1095 1600 fatui
1119 1553 1204 1600 filii
1228 1554 1392 1613 Israel,
1426 1568 1525 1601 non
1546 1554 1833 1617 judicantes,
1860 1570 2017 1617 neque
2043 1553 2362 1617 quodrverum
2386 1564 2456 1600 est
2482 1569 2656 1616 cogno-

529 1644 733 1692 scentes,
762 1634 1116 1681 condemnastis
1149 1632 1298 1698 filium
1323 1633 1484 1679 lsrael.
1515 1634 1819 1680 Revertimini
1843 1633 1906 1679 ad
1925 1609 2255 1695 judiciumJ‘et
2278 1632 2341 1680 de
2365 1633 2469 1698 ipso
2494 1632 2657 1696 judice

524 1714 734 1775 judicate
750 1703 786 1772 ,³⁸
815 1715 899 1778 qui
944 1713 1087 1760 talem
1127 1713 1340 1776 judicem
1376 1713 1513 1776 quasi
1554 1713 1617 1759 ad
1655 1713 2017 1760 instructionem
2058 1713 2170 1761 fidei
2216 1724 2265 1761 et
2308 1714 2655 1761 correctionem

529 1793 701 1840 erroris
718 1796 730 1817 ⁷
756 1794 1019 1840 instituistis
1035 1829 1048 1854 ,
1078 1794 1166 1857 >qui
1197 1810 1349 1857 quum
1371 1792 1586 1855 judicare
1614 1793 1834 1852 deberet,
1870 1810 1954 1840 ore
1982 1810 2032 1840 se
2066 1794 2262 1859 proprio
2292 1793 2649 1842 condemnavit.

528 1874 697 1919 Divina
727 1873 873 1920 hodie
905 1852 1229 1920 misericordia
1260 1873 1568 1920 innocentem
1603 1883 1845 1938 patenter,
1867 1873 1995 1921 siout
2027 1873 2146 1920 olim
2173 1875 2439 1921 Susannam
2472 1890 2500 1920 a
2528 1873 2654 1921 falsis
2718 1885 2721 1888 ’

528 1952 899 2012 accusator-ibus,
914 1953 1128 2000 liberate.
1148 1955 1324 2000 *Tunc
1339 1953 1724 2019 archiepiscopus
1737 1967 2007 2018 assurgens,
2030 1953 2203 2013 verbis,
2220 1964 2367 2019 prout
2374 1953 2650 2019 oportebat,

530 2034 858 2092 commutatis,
886 2034 1174 2081 sententiam
1197 2033 1334 2097 legati
1366 2033 1690 2093 confirmavit,
1728 2034 1890 2082 dicens
1908 2053 1918 2080 :
1936 2053 1966 2079 α
1982 2037 2182 2094 Revera,
2215 2034 2411 2082 domine
2427 2070 2439 2094 ,
2469 2034 2648 2098 inquit,

531 2114 837 2178 omnipotens
857 2124 1009 2179 pater,
1034 2115 1341 2179 omnipotens
1363 2113 1511 2175 filius,
1542 2115 1848 2181 omnipotens
1866 2115 2057 2182 spiritus
2076 2125 2281 2163 sanctus.
2306 2118 2365 2162 Et
2381 2115 2465 2179 qui
2480 2114 2540 2161 ab
2559 2114 2653 2161 hoc

529 2194 764 2254 dissentit,
794 2205 954 2260 aperte
985 2195 1151 2242 devius
1180 2205 1276 2255 est,
1308 2212 1398 2243 nec
1422 2205 1492 2243 est
1516 2196 1800 2244 audiendus.
1830 2200 1887 2244 Et
1917 2196 2070 2244 modo
2102 2197 2142 2244 si
2165 2197 2342 2261 placet,
2373 2196 2558 2243 bonum
2582 2205 2654 2243 est

530 2285 581 2322 ut
599 2276 739 2322 frater
763 2275 840 2322 ille
864 2275 1010 2323 fidem
1041 2293 1176 2324 suam
1210 2293 1375 2324 coram
1407 2277 1633 2324 omnibus
1660 2288 1891 2343 exponat,
1921 2288 1973 2325 ut
2002 2279 2121 2343 ipsa,
2145 2287 2294 2343 prout
2323 2287 2536 2343 oportet,
2571 2275 2646 2324 vel

525 2355 834 2421 approbetur,
848 2357 922 2403 vel
940 2357 1255 2423 improbetur,
1277 2368 1419 2422 atque
1437 2358 1714 2423 corrigatur.
1733 2377 1756 2402 >1
1778 2361 1941 2416 Quum
1961 2369 2119 2406 autem
2138 2375 2227 2423 ego
2246 2358 2309 2405 ad
2323 2357 2644 2423 profitendam

525 2446 571 2481 et
604 2436 940 2501 exponendam
970 2435 1116 2484 fidem
1152 2454 1308 2484 meam
1345 2452 1664 2502 assurgerem,
1702 2449 1753 2485 ut
1782 2438 1917 2503 quod
1947 2438 2210 2486 sentiebam
2246 2438 2402 2485 verbis
2439 2437 2645 2502 propriis

524 2517 862 2581 exprimerem,
892 2517 1148 2564 adversarii
1174 2518 1398 2565 dixerunt
1419 2535 1522 2565 non
1541 2518 1671 2566 aliud
1691 2519 1808 2566 mihi
1832 2519 2170 2566 necessarium⁸
2188 2535 2307 2576 esse,
2335 2518 2427 2565 nisi
2445 2527 2498 2564 ut
2514 2533 2644 2580 vsym-

525 2597 689 2644 bolum
707 2598 945 2645 Athanasii
964 2599 1246 2658 recitarem⁹,
1268 2599 1403 2664 quod
1426 2586 1581 2664 quivis
1601 2614 1722 2665 puer
1745 2616 1879 2664 aeque
1903 2600 2055 2647 facere
2074 2609 2250 2665 posset.
2273 2602 2338 2646 Ac
2356 2615 2417 2645 ne
2432 2614 2489 2645 ex
2507 2598 2644 2662 igno-

522 2678 675 2724 rantia
707 2678 1052 2743 praetenderem
1084 2680 1464 2739 excusationem,
1496 2680 1632 2745 quasi
1655 2680 1740 2744 qui
1769 2679 1915 2727 verba
1938 2679 2017 2726 illa
2046 2681 2097 2726 in
2133 2696 2220 2726 usu
2256 2695 2356 2726 non
2388 2678 2639 2737 haberem,

525 2759 808 2823 scripturam
838 2758 900 2806 ad
925 2758 1182 2823 legendum
1207 2759 1364 2807 afferri
1387 2760 1616 2807 fecerunt.
1646 2761 1757 2823 Legi
1779 2760 1903 2806 inter
1926 2759 2148 2825 suspiria,
2177 2758 2408 2823 singultus
2428 2769 2475 2806 et
2499 2759 2646 2822 lacry-

525 2854 643 2897 mas,
660 2849 803 2903 prout
818 2840 971 2905 potui.
987 2839 1104 2887 Inde
1123 2840 1258 2904 quasi
1276 2856 1386 2887 reus
1403 2850 1452 2887 et
1469 2841 1716 2888 convictus
1735 2839 1894 2887 abbati
1906 2840 2066 2887 Sancti
2078 2836 2340 2900 Medardi¹⁰,
2363 2841 2446 2904 qui
2461 2840 2641 2900 aderat,

525 2918 745 2978 traditus,
774 2919 836 2967 ad
859 2920 1118 2967 claustrum
1143 2921 1244 2984 ejus
1275 2930 1504 2985 tanquam
1528 2920 1590 2967 ad
1623 2937 1864 2968 carcerem
1888 2919 2074 2980 trahor3
2112 2921 2366 2985 statimque
2389 2920 2645 2967 concilium

524 2998 736 3045 solvitur.
769 3000 922 3047 Abbas
947 3011 1106 3049 autem
1129 3010 1178 3048 et
1196 3000 1420 3048 monachi
1439 3000 1563 3048 illius
1588 3001 1862 3049 monasterii
1887 3017 1965 3048 me
1982 3000 2073 3048 sibi
2098 3017 2429 3049 remansurum
2453 3000 2661 3081 ulteriulsl

524 3077 826 3138 arbitrantes,
855 3096 1042 3128 summa
1065 3079 1355 3129 exultatione
1379 3092 1712 3146 susceperunt,
1742 3092 1789 3129 et
1811 3097 1924 3129 cum
1944 3082 2078 3128 omni
2096 3080 2339 3146 diligentia
2363 3091 2640 3140 tractantes,

524 3158 761 3205 consolari
791 3159 962 3206 frustra
991 3161 1282 3209 nitebantur.
1324 3164 1454 3209 Deus
1482 3161 1565 3226 qui
1597 3161 1783 3224 judicas
1818 3162 2111 3226 aequitatem,
2137 3170 2321 3226 ‘quanto
2351 3169 2466 3207 tunc
2497 3160 2644 3206 animi

524 3236 650 3295 felle,
680 3249 856 3301 quanta
895 3241 1064 3286 mentis
1104 3241 1420 3288 amaritudine
1456 3241 1661 3306 teipsum
1692 3242 1923 3288 insanus¹¹
1957 3241 2237 3305 arguebam,
2274 3249 2319 3287 te
2362 3239 2644 3288 furibundus

568 3399 576 3414 ⁶
599 3400 767 3433 Discursus
785 3400 879 3433 RMS.
895 3419 934 3424 --
947 3400 960 3417 ¹
975 3401 1161 3435 Susurravit
1175 3403 1268 3437 RMS.
1283 3421 1327 3428 —
1340 3403 1354 3421 ⁸
1369 3403 1481 3437 Solum
1502 3414 1564 3445 pa·
1606 3402 1618 3420 ⁸
1637 3403 1806 3438 Necessum
1832 3402 1899 3436 MS.
1930 3402 2025 3436 Amb.
2038 3401 2107 3427 —''
2124 3402 2310 3444 Proser-rem
2331 3399 2427 3434 RMS.
2451 3418 2487 3423 —
2511 3399 2540 3418 ¹⁰
2563 3399 2643 3433 Vide

522 3464 598 3487 trem
616 3456 711 3487 Deum
726 3456 869 3488 ΑΒΙ).-
883 3456 895 3473 ⁴
915 3458 1056 3490 Parvula
1072 3457 1139 3490 MS.
1156 3458 1325 3491 Amb.—⁸
1344 3460 1380 3492 In
1397 3460 1560 3501 symbolo.
1609 3468 1675 3494 not.
1695 3472 1806 3494 xxxvi.
1828 3479 1863 3483 —
1882 3459 1909 3477 ¹¹
1931 3459 1984 3493 Sic
1998 3455 2089 3492 ABD.
2102 3477 2123 3483 -
2135 3459 2269 3500 Infantis
2286 3456 2376 3491 Edit.
2395 3455 2489 3489 Amb.

521 3530 563 3543 —-
581 3513 593 3529 ⁰
611 3513 722 3547 Daniel
741 3524 814 3556 cap.
832 3524 889 3547 xm
903 3540 912 3555 ‚
941 3525 973 3546 v.
1001 3516 1053 3547 48.
1068 3533 1112 3539 —
1127 3515 1138 3533 '
1157 3518 1313 3550 Errorum
1326 3518 1394 3551 MS.
1411 3517 1507 3553 Amb.
1526 3536 1565 3541 --
