2970 4152
887 421 1198 472 EXPOSlTlO
1234 416 1548 472 ORA'l'lole
1580 423 1903 473 DoMlNlcAE.
2175 433 2188 435 “
2360 421 2454 468 603

1009 607 1259 638 CONGLUSIO
1291 607 1417 638 HARU
1421 603 1771 657 MfflmoNUM
1778 630 1787 639 .

348 742 438 794 ’με
458 737 628 779 Amen.
663 751 685 777 υ
727 735 1073 797 Interpretatur
1113 738 1271 790 *terega
1286 740 1335 777 et
1374 730 1620 778 concludit
1663 748 1832 779 omnes
1874 731 2184 797 praecedentis
2232 730 2462 777 orationis

299 803 598 882 affletitiones
686 832 709 858 «
741 811 916 872 Amen‘,
952 831 976 856 »
1005 812 1142 876 quasi
1170 810 1385 860 dica‘inus
1412 830 1423 857 ε
1450 813 1493 857 O
1527 815 1664 860 Pater
1685 823 1865 872 noster,
1891 813 1973 878 qui
2002 830 2051 860 es
2086 813 2133 859 in
2169 811 2320 872 coelis,
2354 818 2463 858 vere

344 893 666 941 sanctificetur
704 909 884 944 nomen
923 902 1085 953 tuum,
1124 909 1236 939 vere
1273 889 1499 946 adirenjat
1538 909 1741 955 regnum
1775 902 1935 951 tuum,
1972 909 2083 940 vere
2121 891 2204 939 fiat
2243 891 2464 938 voluntas

312 1026 329 1040 ·
346 984 430 1021 tua
457 974 579 1021 sicut
607 974 656 1019 in
686 972 808 1020 coelo
838 967 961 1019 e‘tain
999 981 1148 1031 terra,
1193 956 1312 1034 verel'
1348 988 1526 1037 panem
1573 982 1795 1019 nostrum
1837 973 2173 1037 quotidianum
2208 973 2292 1019 des
2324 971 2465 1019 nobis

348 1054 520 1112 hodie,
558 1070 670 1100 vere
699 1052 912 1100 dimittas
940 1051 1082 1099 nobis
1107 1051 1271 1099 debita
1299 1062 1482 1112 nostra,
1507 1053 1629 1099 sicut
1664 1062 1712 1099 et
1745 1052 2141 1100 nos‘dimittimus
2169 1051 2466 1100 debitoribus

350 1134 550 1192 nostris,
588 1149 700 1180 vere
735 1149 797 1179 ne
830 1148 920 1179 nos
954 1131 1154 1180 inducas
1189 1133 1238 1178 in
1276 1134 1618 1192 tentationem,
1643 1149 1755 1180 vere
1789 1131 1962 1180 liberes
1996 1151 2086 1181 nos
2122 1149 2150 1180 a
2192 1132 2338 1180 malo.
2377 1136 2467 1178 Ista

349 1223 444 1271 est,
470 1213 655 1272 fratres,
672 1213 847 1277 jugiter
865 1211 1142 1259 meditanda
1155 1249 1167 1272 ‚
1192 1213 1283 1260 ista
1304 1223 1374 1260 est
1386 1213 1562 1277 jugiter
1583 1213 1790 1260 dicenda
1811 1207 1984 1273 oratio‘,¹
2011 1223 2178 1278 utpote
2198 1230 2347 1278 quam
2368 1199 2468 1277 ipse

348 1292 566 1340 Salvator
587 1292 776 1351 docuit,
804 1302 851 1339 et
873 1309 968 1357 qua
993 1291 1134 1339 nobis
1164 1295 1352 1340 Patrem
1375 1310 1514 1341 orare
1544 1294 1785 1359 praecepit.
1812 1293 1950 1340 Nulla
1973 1303 2044 1340 est
2065 1295 2196 1340 enim
2213 1294 2302 1340 ista
2318 1291 2469 1339 subli-

350 1373 492 1430 mior,
506 1371 638 1419 nulla
646 1371 825 1419 utilior.
837 1373 958 1419 Sunt
966 1371 1166 1437 quidam
1178 1374 1280 1437 qui,
1295 1373 1417 1420 sicut
1431 1373 1628 1433 ethnici,
1645 1373 1910 1437 gloriantur
1926 1373 2077 1421 multa
2088 1372 2237 1420 verba
2250 1372 2467 1429 fundere⁷

349 1452 500 1500 multa
521 1452 745 1517 psalteria
763 1452 939 1516 legere,
966 1452 1177 1500 diversas
1197 1452 1343 1501 horas
1366 1454 1641 1515 decantare,
1660 1454 1868 1520 prolixas
1891 1455 2134 1502 orationes
2147 1454 2430 1508 continuare
2459 1471 2466 1497 :

350 1521 409 1579 et¹
432 1550 584 1598 quum
613 1550 697 1580 ore
720 1534 933 1580 Domino
962 1532 1246 1598 loquuntur,
1272 1551 1628 1600 nonnunquam
1655 1536 1705 1582 in
1736 1534 1912 1583 finibus
1934 1545 2070 1583 terrae
2092 1544 2342 1599 vagantur.
2375 1534 2472 1579 Me-

353 1613 580 1659 minerint
591 1612 707 1660 tales
721 1614 974 1679 Scripturae
987 1629 1082 1678 qua
1096 1613 1291 1661 dicitur¹
1309 1633 1319 1661 :
1346 1634 1370 1660 «
1385 1615 1596 1680 Populus
1611 1615 1692 1662 hic
1707 1613 1844 1663 labiis
1864 1632 1942 1663 me
1957 1615 2191 1674 honorat,
2211 1630 2296 1661 cor
2315 1623 2473 1661 autem

355 1709 523 1739 eorum
555 1692 697 1756 longe
727 1703 798 1740 est
825 1709 853 1741 a
881 1710 975 1741 me.
1008 1712 1032 1738 »
1077 1695 1240 1759 Neque
1274 1695 1364 1743 ista
1405 1695 1643 1754 dicentes,
1678 1705 1853 1744 sanctae
1886 1696 2116 1744 orationis
2151 1694 2394 1742 solertiam
2430 1702 2475 1738 et

356 1782 741 1836 perseverantem
775 1772 1086 1821 devotionem
1114 1774 1363 1839 culpamus
1377 1812 1388 1833 ‚
1415 1791 1564 1840 quam
1591 1774 1798 1823 multum
1833 1775 2109 1835 laudamus,
2142 1774 2259 1822 dum
2288 1772 2479 1838 prolixi-

357 1860 505 1900 tatem
528 1853 759 1900 orationis
777 1853 1033 1901 comitatur
1055 1853 1215 1907 fervor
1237 1856 1472 1904 maximus
1494 1855 1806 1904 devotionis’.

372 2376 398 2452 4
1073 2406 1430 2460 EXPOSITIO
1476 2408 1763 2461 snfflom

959 2573 1116 2622 QUOD
1153 2574 1399 2616 DICITUR
1431 2576 1876 2618 APOSTOLORUM.

384 2667 395 2679 ‚
411 2630 486 2698 μιῆς
508 2656 526 2679 3¹
548 2648 550 2651 ’

397 2695 462 2730 ,’έ,,-ι
495 2690 497 2694 '

396 2740 722 2827 ''institutum‚
754 2752 939 2813 fratres,
972 2769 1001 2802 a
1035 2754 1252 2820 patribus
1275 2757 1452 2804 sanctis
1481 2756 1739 2817 habemus,
1765 2768 1865 2806 tam
1886 2758 2160 2823 symbolum
2189 2758 2318 2817 fidei,
2349 2758 2482 2823 quod

357 2810 455 2893 (ἔσει
578 2830 935 2903 apostolorum,
976 2837 1434 2906 quam-orationem
1474 2838 1774 2887 dominicam
1809 2839 1871 2887 ab
1906 2839 2130 2888 omnibus
2164 2840 2484 2887 communiter

358 2911 632 2959 christianis
661 2912 838 2961 debere
867 2914 977 2962 sciri
994 2953 1008 2974 ‚
1033 2925 1082 2963 et
1108 2918 1388 2965 memoriter
1419 2918 1636 2978 retineri,
1663 2929 1715 2966 ut
1749 2921 2021 2986 promptius
2048 2930 2228 2985 queant
2261 2919 2482 2984 frequen-

362 2991 471 3039 tari.
499 2995 553 3038 In
578 2991 660 3040 illo
683 2994 862 3058 quippe
878 2993 996 3042 'fidei
1019 2996 1258 3044 confessio
1292 2997 1502 3046 breviter
1531 3008 1603 3046 est
1626 3015 1849 3065 expressa
1887 3019 1897 3048 z
1936 3001 1986 3047 in
2020 3001 2110 3048 ista
2145 3001 2426 3048 instruimur
2459 3017 2485 3047 a

361 3071 573 3132 Domino
607 3073 850 3137 postulare
872 3076 1152 3124 necessaria.
1188 3080 1254 3125 Ex
1289 3078 1496 3126 concilio
1529 3081 1768 3140 Remensi,
1806 3079 2016 3145 capitulo
2050 3097 2151 3128 vm.
2194 3099 2217 3125 «
2242 3084 2302 3128 Ut
2330 3080 2487 3128 omnis

363 3151 612 3217 presbyter
634 3154 860 3203 omnibus
882 3157 1186 3221 parochianis
1208 3160 1304 3207 suis
1325 3159 1601 3225 symbolum
1621 3171 1668 3209 et
1682 3162 1951 3211 orationem
1971 3161 2266 3209 dominicam
2285 3172 2368 3210 aut
2389 3163 2488 3227 ipse

367 3232 600 3294 insinuet,
625 3244 708 3283 aut
741 3235 1030 3286 insinuanda
1055 3238 1272 3304 injungat
1298 3259 1309 3288 ε
1335 3251 1388 3288 ut
1410 3251 1562 3306 quum
1584 3242 1647 3289 ad
1668 3242 2022 3289 confessionem
2043 3252 2261 3309 tempore
2282 3242 2489 3307 quadra-

372 3308 583 3374 gesimali
601 3315 846 3374 venerint,
867 3316 968 3364 baec
990 3317 1052 3365 ab
1068 3324 1364 3385 unoqmque
1392 3322 1672 3370 memoriter
1694 3322 1783 3370 sibi
1807 3322 2054 3370 decantari
2078 3321 2234 3372 faciat.
2262 3325 2357 3370 Nec
2381 3331 2490 3369 ante

416 3485 425 3503 ¹
456 3485 587 3530 nauh„
607 3498 681 3532 cap.
698 3500 754 3530 xv,
772 3501 805 3524 v.
823 3490 855 3524 8.
866 3491 917 3515 -'
930 3491 988 3526 Eat
1002 3499 1037 3526 et
1050 3493 1114 3528 alia
1129 3481 1398 3538 hujunffitionis
1416 3497 1587 3541 expositio.
1605 3496 1687 3531 vide
1699 3507 1816 3542 cupra,
1830 3509 1867 3542 p.
1882 3499 1959 3534 ⁴65.
1973 3497 2080 3534 Serm.
2099 3500 2131 3531 in
2147 3497 2262 3532 diebus
2278 3497 2493 3540 rogationum.
