2970 4152
1244 395 1559 441 EPISTOLAE.
2076 439 2079 442 Α
2405 395 2456 439 91

355 478 597 530 laudatum
623 485 865 533 vanitatis¹
890 502 1002 533 aura
1027 487 1236 534 ventilet.
1269 491 1417 535 Nemo
1454 489 1698 535 medicinae
1729 489 1905 553 peritus
1937 487 2209 534 interiorem
2242 487 2464 533 morbum
2516 502 2585 592 ,s

356 578 412 608 ex
444 565 683 612 exterioris
712 565 900 613 habitus
930 567 1222 632 inspectione
1254 567 1497 630 dijudicat.
1529 568 1663 614 Nulla
1699 567 1933 632 quidquid
1962 567 2117 613 meriti
2149 565 2277 631 apud
2310 569 2463 613 Deum
2519 556 2522 565 ἶ

356 642 597 703 obtinent,
627 662 731 709 quae
755 646 971 711 reprobis
995 664 1127 710 aeque
1163 658 1216 694 ut
1253 647 1413 694 electis
1445 649 1721 694 eommunia
1751 658 1876 694 sunt.
1907 650 2014 694 Haec
2048 656 2206 693 autem
2239 662 2294 693 ea
2325 657 2460 705 sunt,

354 740 457 786 quae
489 727 691 773 exterius
722 738 947 790 aguntur,
976 744 1080 791 quae
1109 727 1227 774 nulli
1260 738 1534 775 sanctorum
1569 738 1666 774 tam
1700 728 1909 774 studiose
1943 737 2199 792 peragunt,
2233 735 2465 790 quantum

353 801 625 867 hypocritae.
659 825 682 849 «
704 809 906 852 Pravum
938 817 1008 853 est
1038 823 1121 853 cor
1157 807 1394 866 hominis,
1435 818 1482 855 et
1514 807 1816 854 inscrutabile
1850 808 1989 853 etiam
2023 825 2032 852 :
2072 807 2177 870 quis
2213 817 2467 869 cognoscet

282 916 294 927 ,
353 882 520 929 illud²?
539 902 562 927 υ
585 886 666 931 Et:
689 904 712 929 «
725 887 845 932 Sunt
860 887 945 933 viae
963 887 1172 934 hominis
1185 904 1289 951 quae
1307 887 1529 934 videntur
1551 897 1688 934 rectae
1711 906 1720 933 :
1741 887 1996 933 novissima
2012 897 2170 933 autem
2183 885 2305 932 illius
2318 886 2466 933 dedu-

353 972 467 1008 cunt
496 963 558 1009 ad
585 974 788 1011 mortem
802 967 832 1010 ³.
858 985 880 1009 »
901 968 1223 1013 Temerarium
1249 977 1319 1014 est
1343 968 1389 1013 in
1417 983 1476 1013 eo
1491 967 1724 1030 judicium
1751 966 1986 1025 hominis,
2014 965 2146 1029 quod
2171 965 2334 1011 divino
2367 976 2465 1012 tan-

351 1049 452 1086 tum
490 1053 756 1090 reservatur
791 1045 1012 1091 examini.
1052 1046 1190 1093 Unde
1220 1057 1267 1093 et
1300 1047 1527 1112 scriptum
1552 1057 1622 1093 est
1637 1049 1674 1092 *ε
1703 1066 1724 1090 «
1748 1048 1814 1092 Ne
1847 1045 2111 1092 laudaveris
2144 1044 2389 1091 hominem
2414 1046 2462 1091 in

352 1120 462 1167 vita.
489 1140 511 1165 n
540 1125 608 1169 Ne
632 1132 746 1170 tunc
769 1124 988 1172 videlicet
1011 1125 1257 1172 hominem
1274 1126 1439 1174 laudes
1453 1162 1466 1186 ,
1487 1126 1604 1173 dum
1628 1125 1871 1172 laudando
1890 1126 2042 1171 facere
2059 1140 2159 1171 non
2178 1123 2463 1171 laudabilem

350 1211 501 1264 potes.
541 1205 689 1250 Tanto
727 1213 885 1251 autem
922 1204 1039 1251 mihi
1076 1216 1156 1252 tua
1189 1206 1291 1253 laus
1324 1208 1373 1253 in
1407 1223 1484 1254 me
1516 1205 1831 1272 periculosior
1867 1214 1960 1263 est,
1990 1214 2169 1269 quanto
2194 1205 2398 1268 gratior:
2420 1216 2465 1251 et

350 1291 484 1328 tanto
508 1283 709 1346 amplius
734 1300 789 1331 ea
814 1286 977 1349 capior
1000 1295 1047 1332 et
1070 1286 1299 1346 delector,
1322 1296 1502 1350 quanto
1526 1286 1729 1351 amplius
1756 1285 1840 1331 tibi
1865 1302 1950 1349 per
1968 1285 2130 1330 omnia
2152 1283 2338 1348 placere
2363 1295 2466 1330 stu-

351 1359 460 1432 deo.
490 1361 645 1422 Time,
669 1362 892 1423 obsecr-0,
921 1381 1109 1429 semper
1133 1365 1193 1411 de
1218 1382 1295 1412 me
1320 1367 1480 1430 potius
1510 1382 1655 1429 quam
1683 1363 1925 1422 confidas,
1951 1374 2001 1410 ut
2025 1374 2105 1410 tua
2129 1379 2318 1426 semper
2342 1363 2468 1409 solli-

349 1440 561 1488 citudine
584 1442 797 1505 adjuver.
828 1446 963 1490 Nunc
991 1460 1104 1490 vero
1130 1446 1367 1509 praecipue
1390 1445 1658 1491 timendum
1677 1455 1770 1503 est,
1794 1444 1875 1492 ubi
1902 1443 2087 1490 nullum
2118 1444 2469 1490 incontinentiae

350 1537 466 1568 meae
491 1533 704 1587 superest
728 1524 776 1570 in
802 1535 847 1572 te
873 1524 1154 1572 remedium.
1187 1524 1308 1572 Nolo
1339 1542 1416 1572 me
1445 1524 1507 1572 ad
1537 1525 1760 1572 virtutem
1786 1524 2068 1583 exhortans,
2099 1533 2145 1569 et
2169 1523 2230 1570 ad
2260 1540 2468 1588 pugnam

349 1618 641 1664 provocanS,
658 1603 788 1651 dicas
801 1607 815 1629 ⁸
837 1623 847 1650 :
869 1625 892 1649 «
914 1607 1031 1651 Nam
1050 1605 1199 1652 virtus
1215 1606 1263 1651 in
1283 1604 1556 1652 infirmitate
1573 1604 1834 1670 perficitur,
1857 1623 1878 1648 »ι
1901 1606 1971 1651 et⁸
1992 1623 2015 1649 «
2037 1607 2141 1650 Non
2162 1603 2470 1650 coronabitur

349 1683 438 1728 nisi
457 1684 539 1746 qui
557 1683 763 1747 legitime
781 1685 1044 1732 certaverit.
1067 1703 1089 1728 »
1112 1688 1218 1731 Non
1238 1701 1399 1749 quaero
1425 1700 1655 1732 coronam
1674 1686 1896 1732 victoriae.
1921 1685 2038 1731 Satis
2057 1693 2127 1730 est
2151 1683 2268 1729 mihi
2287 1685 2468 1748 pericu-

349 1761 448 1808 lum
475 1763 663 1809 evitare.
699 1764 860 1810 Tutius
891 1765 1092 1810 evitatur
1116 1758 1405 1829 periculum,
1434 1779 1579 1828 quam
1604 1764 1916 1810 committitur
1938 1763 2133 1809 bellum.
2168 1765 2467 1827 Quocunque

349 1858 426 1888 me
450 1842 624 1906 angulo
658 1842 764 1889 coeli
794 1846 922 1890 Deus
947 1843 1176 1903 collocet,
1213 1845 1322 1891 satis
1349 1844 1467 1891 mihi
1490 1844 1642 1891 faciet.
1668 1844 1832 1891 Nullus
1857 1843 1921 1890 ibi
1951 1843 2173 1906 cuiquam
2206 1842 2462 1902 invidebit,

349 1937 498 1984 quum
542 1922 734 1986 singulis
776 1922 907 1987 quod
950 1922 1197 1970 habebunt
1235 1923 1485 1971 suffecerit.
1532 1923 1619 1970 Cui
1657 1923 1852 1987 quidem
1889 1922 2087 1969 consilio
2125 1932 2290 1968 nostro
2326 1932 2378 1968 ut
2410 1940 2465 1969 ex

347 2003 625 2050 auctoritate
649 2019 841 2068 quoque
865 2003 1014 2050 robur
1037 2004 1292 2067 adjungam
1307 2040 1318 2062 ,
1341 2003 1534 2051 beatum
1553 2002 1802 2050 audiamus
1821 2002 2166 2065 Hieronymum
2181 2003 2193 2025 ⁷
2216 2019 2224 2046 :
2253 2020 2276 2044 «
2299 2004 2467 2048 Fateor

349 2083 715 2131 imbecillitatem
748 2100 904 2131 meam
922 2121 934 2144 ,
963 2085 1078 2132 nolo
1099 2102 1182 2150 spe
1207 2085 1417 2133 victoriae
1446 2100 1659 2149 pugnare
1676 2120 1688 2143 ‚
1719 2100 1780 2131 ne
1808 2083 2007 2149 perdam
2038 2082 2293 2147 aliquando
2318 2084 2465 2130 victo-

348 2164 483 2210 riam.
512 2182 535 2207 »
561 2164 689 2221 Quid
714 2181 903 2212 necesse
928 2174 998 2211 est
1023 2175 1149 2212 certa
1175 2165 1440 2226 dimittere,
1470 2175 1517 2214 et
1542 2167 1721 2212 incerta
1749 2163 1944 2211 sectari?

395 2323 404 2339 ⁸
432 2324 580 2357 temtans
610 2325 702 2358 Rus.
732 2345 769 2349 —
794 2326 806 2343 ⁸
834 2327 966 2363 larem,
1001 2337 1076 2371 cap.
1109 2339 1193 2368 xvii,
1223 2339 1252 2361 v.
1283 2330 1317 2361 9.
1341 2345 1382 2352 —
1428 2328 1441 2346 ⁸
1458 2327 1605 2362 Corinth.
1623 2327 1675 2364 ΙΙ,
1696 2335 1771 2369 cap.
1790 2336 1853 2363 ιιι,
1869 2335 1900 2358 v.
1918 2326 1951 2357 9.
1973 2343 2008 2348 ——
2027 2324 2041 2342 ⁸
2062 2324 2213 2362 Tin-och„
2229 2333 2301 2367 cap.
2320 2335 2361 2363 ιι,
2380 2334 2410 2354 v.
2427 2325 2459 2356 5.

350 2380 362 2396 ³
383 2382 495 2421 Prov„
513 2391 586 2425 cap.
608 2393 672 2423 xiv,
695 2393 724 2415 ν.
749 2385 799 2416 12.
820 2401 862 2408 -
884 2383 896 2400 ⁴
912 2385 1031 2423 Ecca„
1058 2394 1133 2428 cap.
1152 2396 1192 2428 ιι,
1218 2397 1250 2419 v.
1270 2387 1323 2420 30.
1340 2403 1384 2411 —
1431 2404 1467 2409 -
1485 2385 1497 2403 ⁷
1516 2386 1613 2427 opp„
1631 2390 1655 2417 t.
1673 2382 1729 2421 lv,
1743 2394 1776 2426 p.
1796 2383 1871 2415 288.
