2970 4152
1023 372 1336 422 Exposmo
1367 364 1431 424 ΊΝ
1462 371 1858 423 HEXAMERON.
2301 394 2304 396 v
2406 371 2501 421 673

382 467 456 516 vel
486 485 582 532 qua
608 467 922 534 dispositione
949 468 1041 516 sibi
1068 453 1364 535 aptarentur.
1389 469 1535 528 Quod
1555 483 1687 517 nunc
1708 468 1821 516 facit
1842 482 1994 532 quum
2014 465 2116 513 haec
2137 466 2188 513 in
2211 466 2398 527 medio,
2422 466 2502 515 illa

381 547 563 599 circum
585 548 741 612 posita
763 547 1004 596 describit.
1024 549 1228 613 Lignum
1248 549 1355 596 vitae
1377 548 1493 596 dicit
1510 548 1644 613 quod
1664 547 1728 596 ad
1749 548 1899 595 vitam
1919 545 2300 594 conservandam
2322 554 2370 593 et
2391 562 2500 594 cor·

379 629 511 692 poris
542 629 922 677 incolumitatem
956 630 1058 677 sine
1086 629 1275 686 defectu
1302 630 1422 677 senii
1450 630 1585 694 quasi
1613 645 1704 695 pro
1732 628 2084 676 medicamento
2105 626 2196 675 illis
2217 636 2432 675 creatum
2453 637 2501 674 et

379 723 661 756 concessum
696 709 865 757 Fuerat.
905 709 1044 757 Unde
1076 719 1124 757 et
1151 710 1201 757 in
1224 709 1539 774 sequentibus
1567 709 1628 756 de
1658 709 1771 774 ipsis
1799 718 1910 774 post
1941 717 2193 774 peccatum
2221 724 2250 756 a
2276 708 2500 774 paradiso

379 788 539 851 ejectis
564 790 802 855 scriptum
830 800 901 837 est
934 809 944 837 ε
983 809 1006 836 «
1030 793 1098 838 Ne
1130 790 1253 838 forte
1278 791 1523 838 >sumatde
1545 789 1676 854 ligno
1698 790 1806 837 vitae
1828 799 1876 837 et
1897 790 2026 837 vivat
2047 790 2096 836 in
2119 799 2366 837 aeternum.
2391 809 2415 834 »
2441 792 2500 836 Et

378 883 569 915 rursum
588 887 598 915 :
623 889 646 913 «
664 869 926 918 Collocavit
943 881 1054 918 ante
1071 871 1348 936 paradisum
1359 871 1593 918 cherubin
1605 870 1669 918 ad
1684 870 2052 918 custodiendam
2065 870 2192 918 viam
2205 870 2320 934 ligni
2337 872 2495 918 vitae.»

378 949 555 995 Caetera
576 965 692 996 vero
713 949 843 1013 ligna
863 951 912 997 in
936 938 1072 998 esum
1087 952 1424 1016 quotidianum
1437 951 1683 1000 habebant
1700 951 1762 999 ad
1783 951 2179 999 sustentationem
2189 952 2314 1011 vitae,
2334 963 2382 1000 et
2397 970 2500 1001 cor-

377 1026 508 1090 poris
530 1027 840 1076 refectionem
855 1066 866 1088 ‚
889 1046 991 1077 non
1020 1029 1082 1078 ad
1111 1030 1451 1080 medicamenti
1478 1031 1747 1079 sanitatem.
1774 1031 1977 1094 Lignum
2004 1047 2120 1077 vero
2147 1031 2353 1078 scientiae
2380 1031 2497 1079 boni

378 1114 426 1152 et
446 1106 559 1153 mali
581 1107 772 1168 dicitur,
795 1125 895 1156 non
919 1126 975 1157 ex
999 1127 1058 1158 eo
1081 1111 1215 1175 quod
1237 1112 1497 1177 accepisset
1517 1111 1566 1158 in
1589 1127 1676 1159 sua
1696 1111 1957 1170 creatione,
1979 1109 2063 1158 sed
2079 1127 2136 1158 ex
2153 1127 2212 1157 eo
2231 1111 2364 1175 quod
2386 1128 2498 1159 con—

375 1195 593 1232 secutum
615 1197 686 1234 est
708 1188 758 1234 in
781 1187 871 1236 illis
891 1190 1058 1255 primis
1085 1190 1364 1256 parentibus
1379 1207 1443 1239 -ex
1462 1207 1520 1239 ea
1541 1207 1687 1256 quam
1708 1191 1759 1237 in
1782 1207 1841 1238 eo
1865 1189 2080 1238 fecerunt
2102 1191 2492 1254 transgressione.

375 1266 464 1311 Per
479 1264 611 1313 hane
632 1267 763 1314 enim
784 1269 1110 1333 experimento
1134 1271 1239 1336 ipso
1262 1270 1534 1319 didicerunt
1555 1269 1673 1335 quid
1703 1270 1828 1317 inter
1861 1269 2048 1316 bonum
2077 1269 2185 1317 vitae
2206 1268 2498 1319 delectabilis

376 1361 521 1410 quam
543 1347 674 1410 prius
706 1347 951 1397 habebant
965 1387 977 1410 ,
1002 1360 1050 1398 et
1073 1351 1205 1399 inter
1226 1351 1408 1400 malum
1439 1367 1593 1417 poenae
1616 1367 1762 1416 quam
1794 1351 2122 1409 incurrerunt,
2146 1349 2344 1398 distaret
2364 1353 2499 1415 quasi

375 1426 501 1474 inter
521 1430 736 1494 requiem
758 1440 806 1478 et
826 1430 1061 1480 laborem.

444 1526 467 1553 (ι
495 1509 792 1576 Lignumque
825 1512 1050 1561 scientiae.
1078 1533 1101 1559 »
1134 1517 1188 1563 In
1217 1515 1379 1563 medio
1408 1515 1551 1564 simul
1578 1514 1787 1581 paradisi
1819 1531 1932 1563 cum
1956 1514 2090 1579 'ligno
2123 1515 2230 1562 vitae
2247 1552 2258 1574 ,
2297 1524 2349 1562 ut
2383 1513 2500 1562 dum

376 1584 470 1635 hoc
493 1587 675 1652 lignum
696 1591 831 1655 quod
853 1592 1023 1641 melius
1051 1603 1146 1654 est,
1173 1604 1220 1642 et
1242 1595 1393 1659 magis
1415 1594 1506 1643 sibi
1534 1595 1880 1653 necessarium,
1905 1593 2057 1642 homo
2085 1595 2384 1659 conspiceret
2411 1594 2502 1641 sibi

375 1683 681 1729 concessum,
707 1687 734 1718 a
762 1675 1139 1737 transgressione
1165 1675 1360 1723 alterius
1389 1676 1596 1724 maxime
1628 1684 1952 1735 revocaretur,
1984 1675 2024 1721 si
2052 1691 2153 1722 non
2188 1691 2353 1722 amore
2387 1676 2498 1733 Dei,

374 1747 541 1796 saltem
564 1751 800 1800 retinendi
818 1754 945 1802 tanti
968 1754 1191 1804 beneficii
1212 1757 1261 1804 in
1286 1756 1416 1821 ligno
1436 1758 1546 1804 vitae
1567 1757 1831 1804 constituti.
1854 1755 2006 1814 Quale
2024 1765 2186 1803 autem
2199 1755 2298 1803 ‘hoc
2319 1755 2503 1820 lignum

375 1827 516 1877 fuerit
537 1830 586 1876 in
610 1847 708 1896 quo
730 1835 1010 1898 transgressi
1033 1846 1145 1883 sunt
1163 1874 1174 1894 ‚
1201 1836 1332 1885 nulla
1364 1837 1617 1885 definitum
1651 1847 1723 1885 est
1750 1837 2003 1901 Scripturae
2036 1836 2335 1884 auctoritate.
2371 1838 2501 1882 Non·

374 1908 516 1957 nullis
540 1920 699 1959 tamen
722 1913 878 1961 visum
900 1925 971 1963 est
992 1916 1126 1981 quod
1148 1917 1266 1966 ficus
1289 1917 1453 1977 fuerit,
1475 1935 1531 1966 ex
1548 1935 1606 1965 eo
1628 1918 1867 1983 praecipue
1889 1916 2024 1982 quod
2045 1914 2358 1982 postmodum
2379 1917 2502 1964 refe·

374 1999 541 2037 rantur
563 1990 629 2038 illi
650 2003 873 2057 parentes
896 1995 958 2044 de
981 1996 1105 2046 foliis
1128 1997 1245 2047 ficus
1268 1999 1561 2064 perizomata
1582 1998 1675 2049 sibi
1696 1999 1957 2046 consuisse.
1986 1997 2125 2045 Unde
2147 2007 2195 2045 et
2218 1997 2335 2045 illud
2369 1998 2503 2063 quod
2554 2010 2566 2022 ’

373 2069 609 2118 Dominus
624 2073 876 2147 respondit
891 2075 1154 2125 Nathanael
1170 2080 1401 2143 quaerenti
1419 2079 1550 2126 unde
1565 2095 1679 2126 eum
1700 2088 1886 2137 nosset,
1909 2077 2073 2125 dicens
2085 2080 2098 2103 ¹
2119 2095 2130 2124 t
2153 2079 2358 2135 «Quum
2378 2094 2503 2126 esses

371 2146 462 2195 sub
479 2147 578 2196 ,ficu
600 2150 700 2198 vidi
716 2161 770 2200 vte
786 2190 797 2212 ,
822 2172 846 2197 »
867 2154 939 2202 -ita
960 2155 1158 2221 intelligi
1180 2157 1375 2218 volunt,
1400 2168 1633 2223 tanquam
1655 2158 1694 2205 si
1721 2158 1958 2204 Dominus
1981 2156 2190 2204 diceret:
2219 2160 2324 2204 Non
2354 2157 2503 2205 modo

372 2227 492 2276 mihi
512 2231 723 2295 primum
744 2243 890 2283 notus
911 2252 1014 2285 esse
1035 2238 1248 2304 coepisti,
1275 2255 1421 2304 quem
1443 2255 1472 2287 a
1493 2239 1733 2305 principio
1755 2239 1805 2286 in
1830 2238 1998 2303 primis
2021 2237 2300 2303 parentibus
2323 2254 2409 2303 per
2430 2256 2503 2285 se-

372 2307 632 2357 minarium
645 2312 948 2363 exsistentem
962 2333 1048 2382 per
1060 2319 1408 2383 praescientiam
1426 2319 1560 2366 novi.
1580 2319 1658 2367 Sic
1677 2318 1808 2366 enim
1824 2327 1878 2365 et
1900 2318 2013 2364 Levi
2034 2318 2084 2364 in
2108 2316 2282 2364 lumbis
2306 2317 2503 2366 Abrahae

374 2384 514 2435 fuisse
531 2390 786 2453 Apostolus
808 2393 941 2444 dicit.
965 2396 1151 2445 Hebraei
1174 2408 1336 2446 autem
1356 2398 1452 2446 hoc
1474 2398 1659 2463 lignum
1681 2398 1889 2445 scientiae
1910 2395 2029 2443 boni
2051 2406 2099 2443 et
2120 2396 2234 2443 mali
2252 2406 2503 2446 autumant

372 2467 518 2514 vitem
543 2469 704 2531 fuisse,
731 2482 779 2520 et
800 2474 869 2521 sic
891 2474 1022 2540 ligno
1043 2478 1151 2525 vitae
1174 2479 1223 2525 in
1247 2478 1409 2526 medio
1433 2478 1642 2543 paradisi
1664 2477 1956 2543 appositam,
1984 2475 2106 2523 sicut
2127 2493 2258 2523 nunc
2284 2493 2407 2542 saepe
2430 2480 2500 2525 vi-

371 2545 540 2594 demus
552 2585 564 2607 ,
583 2549 730 2599 vitem
748 2551 810 2600 ab
827 2553 959 2603 ulmo
980 2559 1235 2606 sustentari
1256 2568 1303 2606 et
1325 2559 1369 2606 ei
1391 2559 1528 2623 quasi
1550 2559 1599 2605 in
1619 2574 1719 2604 uno
1742 2573 1947 2622 corpore
1964 2555 2198 2620 colligari.
2218 2556 2339 2604 Hinc
2356 2558 2500 2605 etiam

370 2626 517 2674 vitem
539 2627 723 2693 lignum
745 2634 952 2683 scientiae
985 2636 1103 2686 boni
1138 2649 1185 2687 et
1214 2639 1326 2688 mali
1354 2639 1450 2687 dici
1479 2640 1744 2703 assignant,
1770 2637 1904 2702 quod
1933 2654 1990 2685 ex
2018 2637 2175 2684 fructu
2203 2638 2303 2701 ejus
2333 2638 2499 2688 vinum

371 2706 663 2771 productum
673 2712 921 2763 moderate
933 2716 1009 2764 vel
1022 2717 1337 2768 immoderate
1352 2729 1599 2785 sumptum
1615 2719 1865 2766 hominem
1880 2716 2051 2766 reddat
2069 2717 2298 2765 scientem
2310 2717 2497 2767 honum

370 2784 446 2832 vel
467 2787 649 2836 malum
667 2827 679 2850 ‚
694 2791 755 2839 ‘id
777 2803 848 2842 est
869 2794 1003 2844 bono
1025 2797 1101 2845 vel
1126 2799 1254 2847 malo
1276 2816 1419 2848 sensu
1441 2817 1553 2847 eum
1575 2816 1677 2847 esse
1699 2798 1838 2846 faciat
1861 2816 1871 2845 :
1894 2797 2029 2861 cujus
2050 2796 2229 2844 scilicet
2250 2797 2496 2862 ingenium

370 2864 446 2912 vel
467 2868 594 2915 acuit
615 2870 691 2917 vel
711 2875 957 2937 pervertit.
985 2877 1123 2926 Unde
1145 2889 1193 2927 et
1210 2896 1355 2927 uvam
1373 2896 1476 2928 esse
1493 2879 1700 2927 fructum
1719 2878 1855 2926 illum
1873 2876 2166 2941 intelligunt,
2185 2877 2235 2924 in
2253 2894 2350 2941 quo
2366 2880 2495 2943 prio-

368 2960 443 2993 res
464 2957 623 3012 patres
646 2954 938 3015 praeva-ricati
961 2967 1074 3006 sunt
1088 2996 1102 3019 ‚
1122 2959 1257 3023 juxta
1276 2959 1394 3008 illud
1416 2959 1689 3026 prophetae’
1721 2977 1731 3006 :
1761 2977 1785 3003 «
1805 2961 1964 3006 Patres
1995 2957 2158 3004 nostri¹
2176 2957 2492 3009 comederunt

369 3041 512 3073 uvam
533 3029 779 3092 acerbam,
803 3052 827 3079 »
853 3035 903 3083 id
924 3047 996 3086 est
1015 3038 1226 3089 fructum
1246 3057 1345 3106 quo
1368 3040 1677 3089 acerbitatem
1704 3055 1858 3106 poenae
1883 3037 2187 3086 incurrimus.
2215 3038 2358 3095 Quod
2392 3050 2491 3089 sta-

369 3103 456 3152 tim
477 3105 803 3161 determinans
825 3115 919 3163 ait:
940 3136 963 3163 «
984 3119 1042 3166 Et
1064 3118 1232 3169 dentes
1253 3119 1464 3168 filiorum
1486 3119 1862 3187 obstupuerunt,
1883 3137 1907 3163 »
1926 3117 1976 3165 id
1999 3127 2069 3165 est
2091 3133 2235 3183 poena
2257 3118 2306 3165 in
2329 3130 2488 3184 poste-

367 3198 448 3231 ros
471 3186 688 3238 traducta
707 3206 996 3256 perseverat.
1022 3198 1110 3246 Cui
1132 3199 1342 3248 fortassis
1363 3201 1583 3266 opinioni
1612 3199 1730 3247 illud
1751 3214 1945 3265 quoque
1978 3213 2080 3245 non
2114 3196 2379 3264 incongrue
2413 3211 2485 3249 at-

368 3266 528 3314 testari
551 3268 756 3332 videtur,
781 3275 915 3339 quod
938 3288 1047 3343 post
1067 3295 1203 3329 esum
1224 3280 1366 3347 hujus
1389 3280 1505 3346 ligni
1527 3282 1686 3330 statim
1707 3288 1957 3329 senserunt
1986 3277 2226 3327 incentiva
2250 3277 2477 3330 libidinis.

414 3420 425 3438 ’
442 3421 552 3481 Joan„
571 3436 645 3472 cap.
665 3439 694 3470 ι,
710 3441 739 3465 v.
761 3431 814 3466 48.
826 3450 870 3460 —
883 3433 896 3451 ¹
910 3434 1048 3478 serem„
1062 3447 1136 3482 cap.
1157 3450 1252 3482 xxxi,
1269 3450 1300 3473 v.
1317 3440 1373 3473 29·

553 3496 568 3525 1
2255 3499 2304 3537 85
2340 3531 2351 3539 .
