2970 4152
534 388 593 432 lli
1105 384 1274 430 PETRI
1313 383 1623 433 ABAELARDI
1659 388 1731 435 ET
1766 385 2063 433 HELOISSAE

530 483 747 538 Quorum
774 496 895 526 unus
915 488 961 525 et
981 477 1212 524 maximus
1227 479 1405 525 Seneca
1423 479 1655 527 Lucilium
1672 482 1907 529 instruens
1933 481 2018 527 ait¹
2037 498 2046 526 :
2072 483 2216 526 «Non
2235 497 2384 544 quum
2403 485 2639 530 vacaveris

528 558 968 626 philosophandum
993 567 1088 604 est:
1120 558 1282 604 omnia
1306 558 1586 624 negligenda
1615 572 1752 622 sunt,
1785 571 1838 609 ut
1862 562 1974 608 huic
2003 559 2318 621 assideamus,
2351 563 2427 609 cui
2453 563 2638 610 nullum

533 654 716 709 tempus
740 643 851 689 satis
876 657 1101 704 magnum
1135 650 1219 687 est.
1255 644 1360 688 Non
1391 643 1595 690 multum
1627 643 1766 691 refert
1790 654 1951 691 utrum
1982 643 2171 690 omittas
2198 642 2551 708 philosophiam
2578 660 2638 691 an

531 724 824 772 intermittas.
856 724 962 767 Non
993 721 1122 768 enim
1150 720 1234 768 ubi
1262 721 1526 788 interrupta
1557 734 1651 784 est,
1688 734 1864 772 manet.
1898 723 2255 771 Resistendum²
2273 733 2344 771 est
2367 724 2640 788 occupatio-

531 804 668 850 nibus
686 839 697 861 ,
737 818 826 850 nec
860 800 1148 866 explicandae
1176 812 1311 862 sunt,
1345 803 1429 850 sed
1459 794 1814 852 submovendae.
1838 824 1861 848 »
1892 803 2036 861 Quod
2067 820 2196 851 nunc
2230 805 2371 869 igitur
2399 805 2527 870 apud
2552 819 2642 851 nos

529 899 691 930 amore
728 882 815 929 Dei
851 882 1084 928 sustinent
1111 882 1194 946 qui
1224 899 1334 929 vere
1369 884 1593 931 monachi
1627 884 1879 944 dicuntur,
1918 883 2013 931 hoc
2050 884 2289 932 desiderio
2327 883 2641 951 philosophiae

529 964 610 1026 qui
646 961 829 1009 nobiles
861 962 909 1008 in
944 961 1161 1026 gentibus
1195 963 1451 1010 extiterunt
1488 963 1778 1030 philosophi.
1815 968 1869 1011 In
1905 965 2038 1012 omni
2070 982 2281 1029 namque
2320 965 2502 1031 populo
2544 974 2642 1011 tam

530 1042 690 1106 gentili
714 1042 888 1089 scilicet
912 1057 1058 1106 quam
1077 1042 1292 1106 judaico,
1321 1044 1418 1091 sive
1442 1043 1698 1092 christiano
1712 1066 1749 1105 ,x
1760 1045 1904 1110 aliqui
1937 1062 2124 1110 semper
2154 1046 2409 1093 extiterunt
2439 1044 2534 1092 fide
2559 1061 2641 1091 seu

529 1140 719 1170 morum
745 1123 994 1170 honestate
1030 1125 1206 1171 caeteris
1234 1125 1593 1190 praeeminentes
1612 1161 1624 1185 ,
1653 1135 1699 1173 et
1724 1143 1775 1173 se
1800 1142 1827 1173 a
1851 1126 2034 1192 populo
2060 1126 2218 1191 aliqua
2244 1125 2545 1173 continentiae
2570 1124 2645 1171 vel

528 1204 818 1250 abstinentiae
842 1203 1181 1267 singularitate³
1205 1214 1517 1269 segregantes.
1542 1205 1681 1271 Apud
1705 1205 1882 1254 Judeos
1909 1206 2105 1271 quidem
2135 1206 2394 1270 antiquitus
2421 1204 2640 1263 Nazaraei,

529 1285 609 1347 qui
634 1300 683 1331 se
708 1284 917 1331 Domino
941 1284 1206 1332 secundum
1237 1285 1391 1350 legem
1415 1286 1782 1351 consecrabant,
1814 1288 1911 1334 sive
1940 1286 2023 1334 filii
2047 1287 2391 1352 prophetarum
2425 1285 2536 1332 Eliae
2569 1285 2644 1331 vel

529 1364 677 1411 Elisaei
724 1374 976 1413 sectatores
995 1401 1008 1424 ‚
1051 1382 1173 1430 quos
1211 1366 1352 1414 beato
1393 1377 1640 1415 attestante
1688 1369 2011 1432 Hieronymo*
2048 1367 2311 1415 monachos
2353 1366 2552 1430 legimus
2595 1366 2643 1412 in

529 1445 682 1491 Veteri
699 1447 1027 1505 Testament03
1049 1435 1305 1493 novissime
1332 1456 1492 1494 autem
1519 1457 1614 1495 tres
1632 1447 1720 1494 illae
1747 1447 2059 1513 philosophiae
2084 1457 2219 1494 sectae
2234 1483 2247 1506 ,
2277 1462 2394 1510 quas
2412 1445 2646 1509 Josephus

527 1524 575 1570 in
597 1524 718 1571 libro
730 1527 1079 1589 Antiquitatum
1095 1528 1268 1573 XVIII'⁵
1295 1526 1590 1590 distinguens
1604 1563 1616 1586 ,
1644 1527 1762 1574 alios
1782 1527 2040 1573 Pharisaeos
2056 1562 2068 1585 ‚
2098 1526 2216 1572 alios
2234 1525 2502 1583 Saducaeos,
2531 1523 2647 1571 alios

526 1606 744 1651 nominat
778 1608 970 1651 Essaeos.
1003 1605 1140 1669 Apud
1171 1622 1261 1651 nos
1294 1622 1409 1652 vero
1449 1606 1699 1664 monachi,
1737 1606 1820 1668 qui
1860 1605 2080 1651 videlicet
2107 1613 2188 1650 aut
2203 1618 2514 1650 communem
2537 1617 2649 1666 apo-

526 1684 756 1730 stolorum
780 1685 943 1742 vitam,
963 1694 1045 1730 aut
1059 1684 1273 1747 priorem
1287 1683 1419 1730 illam
1435 1694 1480 1730 et
1499 1684 1758 1730 solitariam
1779 1685 1994 1731 Joannis⁶
2009 1684 2269 1730 imitantur.
2294 1682 2433 1747 Apud
2452 1681 2648 1745 gentiles

525 1774 684 1810 autem
703 1799 715 1823 ‚
756 1773 805 1810 ut
834 1763 1016 1810 dictum
1044 1773 1136 1822 est,
1165 1762 1456 1828 philosophi.
1488 1766 1595 1810 Non
1629 1765 1756 1810 enim
1783 1764 2022 1828 sapientiae
2042 1763 2116 1810 vel
2134 1761 2449 1828 philosophiae
2467 1777 2645 1808 nomen

526 1854 624 1891 tam
651 1844 713 1891 ad
746 1843 952 1891 scientiae
982 1843 1365 1908 perceptionem,
1400 1858 1547 1906 quam
1572 1842 1635 1889 ad
1663 1843 1768 1890 vitae
1803 1843 2084 1907 religionem
2115 1841 2382 1895 referebant
2399 1877 2412 1901 ,
2444 1842 2563 1888 sicut
2586 1840 2646 1887 ab

527 1925 629 1987 ipso
671 1924 814 1971 etiam
847 1923 989 1986 hujus
1027 1923 1235 1969 nominis
1279 1932 1388 1970 ortu
1428 1922 1704 1983 didicimus,
1744 1925 1958 1989 ipsorum
1995 1938 2189 1988 quoque
2227 1922 2504 1970 testimonio
2545 1937 2648 1968 san-

528 2015 731 2051 ctorum.
749 2002 887 2050 Unde
900 2013 948 2050 et
964 2002 1082 2050 illud
1100 2013 1168 2050 est
1183 2002 1309 2051 beati
1327 2004 1574 2068 Augustini
1586 2007 1689 2051 VIII
1702 2004 1759 2050 de
1778 2007 1972 2054 Ciuitate
1990 2007 2082 2051 Dei
2093 2003 2217 2051 libro
2229 2039 2242 2063 ,
2263 2019 2436 2068 genera
2451 2001 2646 2066 quidem

527 2083 929 2149 philosophorum
959 2083 1312 2147 distinguentis⁷
1342 2102 1351 2130 ι
1385 2104 1408 2129 «
1439 2084 1655 2132 Italicum
1711 2101 1829 2132 enus
1854 2095 2100 2132 auctorem
2128 2083 2295 2131 habuit
2330 2082 2645 2147 Pythagoram

529 2166 765 2226 Samium,
792 2182 821 2212 a
838 2181 935 2230 quo
956 2174 1002 2212 et
1023 2164 1170 2211 fertur
1199 2165 1355 2230 ipsum
1383 2165 1657 2230 philosophi
1678 2220 1687 2228 .
1706 2155 1900 2227 'jnomen
1926 2175 2162 2214 exortum.
2197 2168 2317 2212 Nam
2335 2180 2486 2228 quum
2510 2172 2647 2209 antea

530 2247 764 2310 sapientes
799 2244 1151 2310 appellarentur
1182 2246 1266 2309 qui
1293 2245 1441 2292 modo
1472 2231 1684 2310 quodam
1714 2229 1962 2294 laudabilis
1993 2247 2098 2293 vitae
2129 2245 2230 2292 aliis
2262 2254 2482 2310 praestare
2516 2242 2647 2289 vide-

530 2328 725 2386 bantur,
754 2327 841 2373 iste
869 2326 1184 2390 interrogatus
1212 2326 1329 2390 quid
1354 2326 1681 2392 profiteretur,
1708 2327 2051 2393 philosophum
2083 2343 2134 2374 se
2165 2342 2266 2373 esse
2291 2324 2538 2390 respondit
2558 2359 2571 2382 ,
2598 2323 2648 2370 id

531 2417 601 2454 est
628 2406 893 2454 studiosum
926 2405 1001 2453 vel
1035 2415 1300 2453 amatorem
1335 2407 1603 2472 sapientiae,
1632 2409 1863 2472 quoniam
1888 2407 2150 2472 sapientem
2180 2404 2396 2471 profiteri
2431 2419 2650 2467 arrogan-

530 2488 762 2535 tissimum
786 2486 1052 2534 videbatur.
1079 2505 1103 2531 »
1131 2490 1234 2533 Hoc
1258 2487 1419 2550 itaque
1430 2487 1540 2535 loco
1557 2504 1709 2552 quum
1734 2478 1928 2534 dicitur:
1948 2506 1971 2532 ι(
1994 2487 2077 2551 qui
2087 2485 2236 2533 modo
2257 2484 2470 2549 quodam
2488 2481 2650 2529 lauda·

530 2569 633 2616 bilis
659 2569 763 2615 vitae
790 2567 889 2614 aliis
918 2575 1138 2632 praestare
1162 2566 1470 2628 videbantur,
1503 2587 1527 2612 »
1557 2578 1719 2634 aperte
1743 2578 2035 2615 monstratur
2065 2567 2300 2632 sapientes
2329 2564 2540 2629 gentium
2558 2597 2571 2621 ‚
2600 2562 2650 2609 id

531 2658 600 2695 est
626 2646 966 2713 philosophOS‚
1002 2663 1060 2693 ex
1090 2645 1231 2693 laude
1259 2647 1366 2694 vitae
1390 2647 1550 2712 potius
1578 2663 1724 2712 quam
1749 2648 1959 2695 scientiae
1977 2648 2044 2694 sic
2063 2662 2163 2694 esse
2183 2644 2470 2692 nominatos.
2493 2644 2650 2699 Quam

531 2729 686 2776 sobrie
715 2738 875 2776 autem
905 2737 1046 2791 atque
1077 2727 1379 2775 continenter
1403 2728 1495 2792 ipsi
1518 2729 1722 2775 vixerint
1740 2765 1752 2787 ‚
1783 2745 1883 2775 non
1904 2738 1974 2775 est
1998 2737 2216 2774 nostrum
2248 2724 2397 2771 modo
2422 2722 2649 2787 exemplis

531 2809 748 2873 colligere
763 2845 775 2867 ‚
804 2825 864 2855 ne
883 2807 1144 2855 Minervam
1167 2807 1321 2871 ipsam
1343 2806 1507 2855 videar
1531 2807 1722 2855 docere.
1755 2808 1802 2854 Si
1820 2818 1981 2855 autem
2001 2808 2067 2854 sic'
2084 2806 2190 2854 laici
2209 2804 2502 2870 gentilesque
2518 2803 2648 2850 vixe-

532 2899 664 2947 runt,
697 2887 826 2935 nulla
849 2881 1025 2935 scilicet
1059 2887 1354 2952 professione
1363 2887 1621 2952 {religionis
1647 2887 1883 2947 adstricti,
1919 2887 2036 2952 quid
2064 2897 2109 2934 te
2139 2886 2366 2933 clericum
2401 2894 2543 2947 atque
2579 2898 2650 2930 ca-

535 2969 763 3015 nonicum
790 2967 943 3015 facere
978 2968 1209 3033 oportet⁸,
1243 2984 1306 3015 ne
1337 2956 1508 3034 divinis
1540 2967 1706 3015 officiis
1745 2979 1906 3033 turpes
1937 2967 2157 3033 praeferas
2187 2966 2452 3030 voluptates
2467 2999 2480 3019 ‚
2511 2979 2572 3009 ne
2603 2972 2648 3009 te

536 3048 824 3112 praecipitem
860 3047 961 3094 haec
1003 3047 1251 3096 Charibdis
1283 3047 1543 3111 vabsorbeat
1556 3086 1569 3108 ,
1605 3065 1667 3096 ne
1710 3047 2079 3096 obscenitatibus
2115 3047 2212 3094 istis
2247 3056 2293 3093 te
2326 3043 2651 3110 impudenter⁹

538 3140 678 3192 atque
707 3127 1073 3175 irrevocabiliter
1096 3129 1378 3193 immergas?
1415 3130 1509 3188 Qui
1538 3130 1577 3176 si
1606 3129 1764 3177 clerici
1803 3127 2151 3194 prerogativam
2177 3142 2277 3174 non
2296 3141 2433 3173 curas
2446 3159 2459 3183 ‚
2497 3121 2651 3189 philo·

539 3208 677 3272 sophi
712 3207 875 3255 saltem
909 3207 1109 3255 defende
1147 3209 1440 3274 dignitatem.
1476 3211 1524 3256 Si
1556 3210 1818 3257 reverentia
1847 3210 1932 3256 Dei
1962 3208 2283 3255 contemnitur
2297 3241 2311 3265 ,
2332 3220 2468 3252 amor
2486 3202 2650 3249 saltem

586 3368 596 3384 ⁴
619 3367 722 3410 Epist.
739 3378 891 3400 ixx11.—
904 3366 917 3384 ⁸
933 3367 1186 3410 Repuynandum
1203 3377 1249 3402 est
1263 3367 1420 3404 Rus—⁸
1434 3370 1573 3403 Ratz'one
1616 3370 1629 3388 ⁶
1648 3370 1804 3411 Baptistae
1820 3368 1913 3402 RMS.
1930 3383 1973 3392 —-
1990 3368 2001 3384 ⁷
2022 3368 2103 3412 Cap.
2122 3378 2157 3400 ιι.
2175 3385 2216 3391 -
2231 3365 2243 3383 ⁸
2265 3366 2396 3406 Qualem
2413 3365 2513 3396 ”imm
2536 3368 2566 3392 ἐ
2592 3362 2652 3391 ‘¹²¹‘

541 3427 695 3466 sinqulari
713 3422 806 3456 RMS.
820 3440 863 3447 —
880 3422 893 3440 ⁴
914 3423 1019 3468 Epist.
1044 3436 1120 3458 xux
1132 3451 1139 3463 ‚
1161 3429 1205 3459 ad
1223 3428 1420 3466 Paulinum;
1438 3437 1513 3467 xcv,
1530 3428 1575 3460 ad
1617 3436 1688 3460 cere
1708 3433 1830 3467 oportet
1843 3424 1936 3458 RMS.
1961 3424 2040 3457 Vide
2059 3430 2126 3457 not.
2142 3433 2212 3456 xxi.
2230 3439 2266 3445 -—
2283 3420 2296 3438 ⁹
2314 3420 2534 3461 imprudenter
2555 3413 2650 3448 RMS·

543 3482 719 3520 Rusticum,
734 3480 813 3520 Opp.
825 3486 848 3511 t.
864 3479 919 3519 IV,
932 3463 1074 3529 pariam
1091 3482 1155 3515 col.
1170 3482 1232 3514 565
1246 3489 1279 3515 et
1289 3483 1429 3515 772.-⁵
1443 3483 1521 3526 Cap.
1539 3494 1574 3516 ιι.

1122 3593 1126 3606 ι
1144 3573 1186 3602 l

1095 3600 1141 3622 Ka*
