2970 4152
906 434 1025 502 CUM
1060 432 1231 479 PETRI
1266 430 1582 479 ABAELARDI
1616 428 2048 477 SOLUTIONIBUS.
2437 428 2522 475 244

416 533 482 581 sic
505 542 576 580 est
599 529 933 596 accipiendum
954 566 966 590 ,
995 527 1128 594 quod
1151 527 1229 574 ille
1245 563 1258 587 ,
1284 527 1367 591 qui
1392 542 1451 582 eo
1476 535 1693 590 tempore
1717 524 1987 584 Christum,
2016 538 2164 588 quem·
2186 521 2408 582 videbat,
2434 540 2534 570 esse

415 612 569 659 filium
597 612 686 659 Dei
710 610 938 675 negabat,
970 610 1139 675 saepius
1163 607 1280 659 olim
1302 606 1460 671 legem
1476 621 1539 653 sac
1561 605 1818 671 prophetas
1843 604 2089 652 recitando
2108 604 2158 651 id
2179 603 2420 650 confessus
2440 603 2536 650 fue-

417 702 504 739 rat.
534 695 697 750 Quum
729 701 890 739 autem
911 690 1082 737 Judaeis
1110 686 1510 752 interrogantibus
1541 702 1602 732 an
1627 687 1686 732 sit
1719 685 1960 746 Christus,
1990 686 2065 733 vel
2086 702 2147 731 an
2172 685 2229 732 sit
2260 683 2383 731 filius
2413 685 2530 742 Dei,

418 771 665 837 respondit
688 789 698 818 ε
729 791 752 816 «
778 774 875 817 Vos
900 769 1081 829 dicitis,
1106 788 1129 814 »
1162 768 1311 816 verbo
1337 767 1514 814 scilicet
1535 766 1776 831 praesentis
1805 766 2032 830 temporis
2057 775 2195 812 utens
2216 764 2276 812 ad
2304 781 2386 812 eos
2418 764 2536 812 sicut

417 862 464 900 et
492 853 552 899 ad
586 852 816 911 Pilatum,
845 860 1126 916 praesentem
1151 849 1248 912 jam
1271 848 1435 896 adesse
1458 848 1586 894 diem
1612 845 1865 910 significat,
1894 846 1943 892 in
1971 862 2069 910 quo
2097 846 2146 892 id
2170 846 2418 893 fateantur.
2445 845 2535 891 Ubi

415 933 545 979 enim
565 931 828 979 illudentes
841 932 885 978 ei
903 929 1125 977 dicebant
1152 948 1161 976 ε
1193 949 1217 975 «
1242 929 1546 994 Prophetiza,
1569 928 1779 986 Christe,
1809 927 1914 991 quis
1934 936 2002 973 est
2019 927 2100 990 qui
2120 937 2165 973 te
2189 927 2418 990 percussit
2434 929 2445 951 ¹
2465 926 2484 971 Ρ
2510 945 2531 970 »

416 1010 522 1058 vel:
549 1030 572 1057 ι(
598 1014 693 1058 Ave
709 1046 721 1070 ,
748 1027 830 1058 rex
854 1009 1127 1057 Judaeorum
1144 1012 1182 1068 ²,
1208 1027 1232 1053 υ
1270 1025 1381 1055 eum
1409 1008 1621 1073 profecto
1651 1007 1888 1054 Christum
1917 1023 2015 1053 esse
2032 1043 2043 1065 ,
2085 1006 2180 1053 hoc
2211 1016 2279 1053 est
2312 1016 2529 1063 unctum,

416 1106 704 1155 quacunque
734 1090 1000 1137 intentione
1033 1088 1383 1147 testabantur³,
1424 1088 1474 1134 in
1509 1088 1604 1134 hoc
1635 1087 1843 1133 fortassis
1872 1086 2171 1152 prophetiam
2210 1086 2398 1150 Caiphae
2433 1087 2536 1133 imi-

418 1179 570 1218 tantes
596 1170 828 1218 dicentis*
863 1188 873 1216 :
920 1189 943 1214 «
968 1168 1169 1234 Expedit
1200 1168 1337 1215 vobis
1372 1177 1424 1215 ut
1462 1185 1586 1215 unus
1621 1167 1853 1214 moriatur
1887 1166 2063 1225 homo,
2096 1177 2143 1214 et
2169 1183 2268 1213 non
2294 1177 2393 1213 tota
2424 1184 2537 1231 gens

417 1260 594 1315 pereat.
630 1269 653 1295 »
682 1250 775 1298 Sed
801 1260 847 1298 et
872 1248 1021 1296 turbae
1048 1249 1323 1296 testimonio
1349 1265 1460 1296 eum
1487 1265 1597 1295 cum
1634 1247 1778 1294 ramis
1810 1246 2076 1312 palmarum
2114 1247 2410 1311 suscipientis
2437 1249 2537 1313 ipse

417 1341 464 1378 et
483 1331 606 1379 filius
633 1331 787 1379 David
806 1341 903 1391 est,
922 1331 1056 1394 juxta
1079 1329 1353 1378 Matthaeum
1369 1332 1382 1354 ¹⁵
1405 1347 1415 1376 :
1445 1340 1492 1376 et
1512 1330 1561 1376 in
1581 1330 1686 1394 ipso
1706 1345 1907 1392 regnum
1927 1328 2079 1375 David
2096 1329 2251 1387 venit,
2275 1328 2536 1376 secundum

415 1413 627 1459 Marcum
643 1415 657 1437 ⁶
678 1431 689 1460 z
717 1422 764 1460 et
785 1411 1065 1459 benedictus
1090 1420 1159 1458 est
1180 1427 1263 1458 rex
1287 1410 1369 1475 qui
1394 1411 1523 1457 venit
1539 1446 1550 1468 ,
1584 1409 1849 1457 secundum
1872 1412 2047 1456 Lucam
2062 1411 2104 1455 ⁷:
2132 1419 2179 1456 et
2196 1408 2427 1474 denique,
2463 1426 2535 1457 se-

415 1490 630 1539 cundum
659 1494 947 1552 Joannem⁸,
988 1491 1269 1539 benedictus
1293 1491 1376 1555 qui
1410 1491 1539 1538 venit
1574 1491 1622 1536 in
1663 1490 1860 1537 nomine
1884 1490 2079 1536 Domini
2100 1490 2364 1537 rexIsrael.
2395 1491 2538 1548 Quod

416 1581 719 1636 nequaquam
739 1573 842 1632 isti,
873 1590 959 1637 per
982 1573 1280 1632 illusionem,
1309 1573 1427 1619 sicut
1457 1571 1744 1636 supradicti,
1776 1571 1858 1618 sed
1882 1588 1938 1619 ex
1957 1570 2053 1618 fide
2078 1570 2315 1619 dicebant.
2344 1571 2453 1619 Tale
2471 1583 2539 1619 est

416 1666 529 1715 ergo
551 1652 685 1715 quod
710 1652 882 1700 Judaeis
906 1653 970 1700 ait
992 1672 1002 1699 :
1035 1673 1058 1698 «
1084 1655 1180 1700 Vos
1204 1653 1383 1712 dicitis,
1409 1671 1432 1696 »
1462 1668 1517 1699 ac
1541 1653 1580 1698 si
1604 1651 1781 1699 diceret
1801 1670 1810 1698 :
1836 1651 1973 1699 multi
1992 1651 2149 1699 adhuc
2167 1653 2289 1699 inter
2307 1670 2390 1699 vos
2409 1663 2535 1712 sunt,

416 1731 500 1795 qui
525 1730 620 1778 hoc
644 1748 744 1779 non
768 1732 924 1780 solum
954 1749 1039 1779 ore
1063 1733 1306 1798 proferant
1322 1769 1334 1793 ,
1364 1733 1446 1780 sed
1474 1742 1521 1779 et
1545 1732 1690 1780 corde
1728 1742 1934 1779 teneant.
1967 1732 2063 1779 Etsi
2089 1733 2217 1779 enim
2243 1732 2309 1779 illi
2336 1733 2419 1797 qui
2445 1732 2539 1779 hoc

416 1811 798 1876 interrogabant,
829 1829 1130 1878 nequaquam
1151 1813 1201 1860 id
1218 1813 1457 1875 dicerent,
1487 1814 1562 1861 vel
1578 1813 1848 1875 crederent,
1879 1830 2026 1878 quum
2049 1824 2206 1861 tamen
2227 1814 2343 1861 dixit
2363 1832 2371 1859 :
2401 1832 2424 1858 «
2443 1816 2539 1861 Vos

416 1888 595 1950 dicitis,
620 1908 644 1935 »
671 1908 772 1939 non
797 1892 859 1939 ad
883 1909 1111 1958 personas
1134 1893 1235 1940 illas
1253 1929 1265 1952 ,
1295 1910 1400 1958 quae
1425 1893 1643 1953 aderant,
1675 1893 1760 1941 sed
1787 1893 1847 1940 ad
1876 1893 2111 1958 populum
2134 1895 2291 1959 ipsum
2316 1895 2533 1958 respexit.

416 1969 492 2016 Sic
514 1979 561 2017 et
583 1969 694 2017 alibi
719 1987 871 2035 quum
896 1972 960 2019 ait
985 1972 1156 2020 Judaeis
1180 1973 1241 2021 de
1267 1973 1490 2020 Zacharia
1506 1976 1520 1999 ⁹
1554 1992 1563 2020 :
1594 1994 1617 2019 «
1642 1977 1796 2031 Quem
1821 1974 2058 2022 occidistis
2083 1975 2206 2022 inter
2236 1975 2468 2039 templum
2494 1985 2541 2022 et

417 2049 562 2097 altare
579 2086 591 2110 ,
627 2069 649 2096 υ
681 2066 984 2116 nequaquam
1010 2053 1072 2100 de
1096 2053 1187 2100 illis
1204 2089 1216 2113 ,
1259 2054 1341 2118 qui
1370 2063 1484 2100 tunc
1507 2064 1666 2113 erant,
1695 2053 1896 2114 Judaeis,
1929 2055 2009 2102 sed
2033 2055 2094 2103 de
2110 2055 2292 2120 populo
2318 2056 2450 2121 ipso,
2480 2057 2539 2104 de

415 2145 512 2193 quo
550 2141 709 2191 erant,
754 2133 1082 2198 accipiendum
1113 2143 1198 2180 est.
1229 2134 1305 2180 Sic
1334 2142 1381 2180 et
1404 2136 1547 2180 Josue
1565 2135 1590 2159 ¹⁰
1611 2150 1759 2197 quum
1789 2134 1963 2180 dicitur
1997 2134 2119 2181 filios
2154 2135 2295 2182 Israel
2329 2135 2539 2182 secundo

414 2210 766 2260 circumcidisse
785 2248 797 2272 ,
829 2230 928 2261 non
956 2213 1049 2261 hoc
1074 2215 1123 2261 in
1150 2214 1330 2261 eisdem
1355 2214 1601 2279 personiS,
1636 2214 1720 2261 sed
1745 2216 1792 2261 in
1817 2215 1989 2262 eodem
2012 2215 2195 2280 populo
2220 2225 2405 2263 constat
2430 2233 2537 2263 eum

415 2289 594 2339 fecisse.
626 2293 844 2357 Legimus
877 2310 1071 2358 quoque
1108 2295 1155 2342 in
1193 2293 1288 2341 hoc
1312 2294 1390 2341 die
1415 2294 1649 2359 passionis
1669 2332 1681 2354 ,
1710 2294 1843 2359 quod
1869 2297 2087 2343 centurio
2105 2332 2117 2355 ,
2151 2305 2197 2343 et
2231 2297 2313 2360 qui
2347 2312 2458 2343 cum
2480 2312 2538 2344 eo

414 2380 550 2418 erant
574 2372 893 2420 custodientes
916 2375 1179 2422 Dominum
1207 2374 1512 2434 crucifixum,
1536 2391 1686 2439 quum
1709 2376 1994 2441 expirasset,
2028 2386 2075 2423 et
2099 2377 2316 2423 viderent
2333 2378 2356 2401 ¹¹
2379 2376 2537 2424 velum

415 2452 580 2517 templi
596 2453 791 2500 scissum
806 2489 818 2513 ,
839 2464 884 2501 et
911 2465 1044 2503 terrae
1062 2466 1246 2503 motum
1264 2491 1276 2515 ,
1302 2466 1349 2503 et
1368 2466 1681 2504 monumenta
1703 2468 1891 2522 aperta,
1918 2458 2177 2505 dixerunt¹²
2200 2477 2209 2504 :
2234 2478 2256 2503 ι(
2278 2460 2400 2505 Vere
2416 2457 2538 2505 filius

415 2532 502 2578 Dei
524 2543 623 2580 erat
643 2534 746 2581 iste.
776 2554 799 2580 υ
827 2539 884 2583 Et
900 2537 1057 2583 omnis
1080 2537 1218 2584 turba
1242 2553 1409 2584 eorum
1429 2574 1441 2597 ,
1469 2539 1551 2602 qui
1567 2539 1706 2586 simul
1728 2539 1927 2586 aderant
1948 2541 2008 2587 ad
2031 2541 2354 2606 spectaculum
2378 2543 2501 2590 istud
2522 2580 2534 2603 ,

414 2621 461 2658 et
483 2612 711 2661 videbant
741 2631 845 2679 quae
873 2615 1051 2663 fiebant
1067 2652 1079 2675 ,
1108 2617 1426 2681 percutientes
1443 2628 1636 2682 pectora
1656 2636 1739 2666 sua
1761 2620 2135 2668 revertebantur.
2157 2622 2265 2669 Tale
2295 2633 2364 2670 est
2391 2641 2502 2688 ergo
2521 2661 2532 2682 ‚

417 2701 468 2738 ut
489 2692 718 2755 diximus,
747 2695 880 2759 quod
905 2696 1075 2744 Judaeis
1099 2697 1440 2761 quaerentibuS,
1468 2714 1529 2745 an
1554 2709 1676 2746 esset
1698 2699 1820 2747 filius
1849 2701 1958 2760 Dei,
1988 2702 2233 2767 respondit
2255 2722 2265 2748 :
2298 2722 2320 2747 «
2344 2706 2440 2751 Vos
2464 2705 2535 2751 di-

415 2773 544 2832 citis;
570 2792 593 2818 »
620 2773 715 2822 hoc
740 2785 827 2836 est,
849 2776 949 2839 jam
975 2793 1179 2841 praesens
1202 2777 1302 2824 dies
1325 2778 1399 2825 vel
1413 2780 1439 2803 ¹³
1465 2788 1651 2845 tempus
1671 2780 1825 2840 adest,
1858 2781 1906 2827 in
1932 2798 2029 2846 quo
2053 2782 2102 2829 id
2124 2782 2184 2830 de
2207 2800 2284 2831 me
2309 2784 2535 2832 confitea-

418 2853 549 2901 mini.
580 2854 802 2903 Similiter
830 2856 979 2904 Pilato
1005 2858 1258 2921 quaerenti,
1288 2874 1348 2905 an
1375 2859 1433 2905 sit
1455 2875 1537 2906 rex
1559 2859 1858 2919 Judaeorum,
1887 2862 2163 2928 respondit:
2198 2866 2306 2910 «Tu
2334 2863 2478 2924 dicis,
2510 2885 2532 2910 »

417 2935 574 2999 potius
598 2952 742 3000 quam
763 2954 772 2983 :
798 2956 821 2982 «
843 2940 911 2984 Tu
937 2938 1109 2985 dixisti.
1136 2957 1159 2982 »
1187 2942 1345 2987 Homo
1367 2940 1545 3006 quippe
1565 2941 1749 3006 gentilis
1772 2943 2045 3008 prophetias
2067 2944 2335 3009 ignorabat,
2356 2962 2455 2994 non
2482 2963 2535 2994 ea

416 3013 590 3079 legerat
606 3015 747 3063 verba
763 3052 776 3077 ,
806 3016 887 3064 ubi
907 3018 1118 3066 Christus
1140 3019 1288 3067 fuerat
1304 3020 1583 3085 promissus,
1613 3032 1659 3069 et
1676 3039 1876 3087 regnum
1895 3025 1920 3048 ¹⁴
1938 3024 2038 3088 ejus
2056 3024 2392 3090 prophetatum
2404 3026 2535 3090 juxta

417 3094 533 3143 illud
549 3098 575 3122 ¹⁶
597 3114 606 3143 :
635 3116 657 3142 «
683 3100 739 3144 Et
762 3099 893 3163 regni
920 3100 1020 3163 ejus
1044 3116 1143 3148 non
1174 3102 1262 3148 erit
1285 3100 1416 3162 finis,
1442 3122 1464 3148 »
1492 3103 1565 3151 vel
1591 3090 1708 3151 illud
1723 3106 1771 3151 ¹⁶:
1808 3123 1831 3149 α
1852 3106 2001 3152 Dicite
2027 3105 2131 3153 filiae
2149 3107 2263 3154 Sion
2280 3143 2292 3167 ,
2323 3124 2432 3155 ecce
2455 3126 2532 3156 rex

465 3291 473 3308 ¹
494 3291 589 3335 Luc.‚
606 3303 680 3338 cap.
697 3305 783 3337 nn,
800 3306 832 3329 v.
849 3296 905 3330 64.
920 3295 985 3321 —'
1002 3296 1130 3338 Matth„
1144 3307 1218 3342 cap.
1235 3309 1340 3341 xxvn,
1354 3310 1386 3333 v.
1400 3301 1455 3334 29.
1504 3300 1533 3318 ¹⁰
1549 3301 1659 3340 Jeme,
1691 3311 1765 3345 cap.
1788 3312 1821 3342 v,
1843 3312 1874 3335 v,
1891 3303 1910 3334 2
1929 3308 1962 3335 et
1978 3313 2030 3347 sq.
2055 3319 2099 3327 —-
2117 3303 2144 3320 ¹¹
2168 3305 2248 3344 Quia
2280 3307 2427 3338 viderant
2451 3305 2532 3339 Cod.

418 3364 462 3371 —
474 3347 488 3366 ¹
506 3347 560 3382 Sic
575 3349 658 3384 eod.
673 3367 697 3375 -
708 3350 959 3386 Detestabantur
975 3352 1063 3386 Edit.
1082 3352 1175 3387 Amb.
1206 3363 1394 3399 perperam.
1415 3374 1456 3380 —
1500 3356 1586 3391 vict.
1599 3373 1644 3383 -
1659 3355 1689 3375 ¹⁸
1703 3357 1831 3398 Matth„
1849 3367 1923 3403 cap.
1938 3369 2027 3393 xxvn
2037 3384 2046 3402 ‚
2060 3369 2092 3393 ν.
2110 3360 2162 3392 54.
2177 3377 2221 3385 -
2236 3360 2265 3378 ¹⁸
2283 3361 2358 3395 Dies
2373 3369 2403 3394 ec
2415 3369 2534 3404 tempus

422 3401 435 3418 ⁴
449 3402 559 3447 Joan„
577 3415 651 3449 cap.
667 3417 763 3447 xvm,
781 3418 812 3441 v.
835 3408 967 3442 14.—·
980 3408 1109 3450 Matth„
1129 3419 1203 3454 cap.
1223 3421 1300 3453 ιιι,
1315 3422 1346 3445 v.
1364 3412 1397 3445 9.
1416 3429 1454 3436 -
1500 3413 1582 3447 Cod.
1600 3432 1638 3438 -
1656 3412 1687 3432 ¹⁴
1713 3414 1834 3448 Nomen
1858 3414 1939 3449 Cod.
1959 3434 1999 3440 —
2023 3416 2052 3435 ‘⁸
2074 3416 2168 3457 Luc..
2198 3427 2270 3462 cap.
2301 3429 2328 3458 ι,
2359 3429 2392 3451 v.
2423 3419 2476 3451 33.
2491 3434 2535 3443 -

422 3459 434 3476 “
454 3458 567 3501 Marc„
590 3471 664 3506 cap.
690 3474 743 3505 ιι,
767 3474 801 3498 v.
828 3466 879 3500 10.
895 3483 939 3491 —
953 3465 965 3484 ⁷
980 3465 1073 3500 Luc..
1095 3476 1169 3509 cap.
1195 3475 1275 3507 ιιι’.’
1291 3478 1322 3503 v.
1342 3469 1397 3502 38.
1413 3486 1455 3493 -
1503 3471 1531 3489 ··
1546 3470 1673 3512 Μειιὶι.,
1693 3482 1765 3515 cap.
1781 3482 1836 3504 ιιι
1850 3496 1859 3512 ,
1877 3482 1908 3504 v.
1923 3473 1955 3504 5.

422 3515 434 3533 ⁸
452 3515 562 3560 Joan.,
578 3528 651 3562 cap.
667 3530 732 3562 ιιι,
750 3532 782 3556 v.
801 3523 853 3556 13.
869 3541 907 3548 —
919 3522 933 3540 '
950 3523 1078 3564 Matth„
1097 3534 1172 3568 cap.
1188 3535 1289 3567 ιιιιι,
1305 3536 1334 3559 ν.
1354 3527 1453 3559 35.-

581 3585 594 3616 1
2324 3589 2370 3629 31
