2970 4152
510 377 606 425 746
1417 352 1733 424 APPENDIX.

1524 641 1626 700 VI.

1339 811 1813 882 EPISTOLA

985 977 1211 1030 PETRI
1263 975 1808 1031 GLUNIAGENSIS
1852 977 2162 1032 ABBATIS

1354 1124 1429 1168 AD
1460 1123 1782 1169 HELOISSAM.

1296 1249 1400 1300 [Pag.
1429 1253 1589 1288 344-345
1614 1252 1701 1287 edit.
1723 1250 1852 1301 Amb.]

1480 1431 1659 1438 ——-.

507 1590 738 1634 Venerabili
761 1593 802 1631 et
829 1592 1049 1630 carissimae
1075 1592 1207 1630 sorori
1224 1594 1396 1639 nostrae,
1417 1590 1574 1642 Deique
1600 1589 1760 1630 anciliae
1787 1590 1980 1630 Heloissae
2004 1590 2253 1630 ancillarum
2281 1590 2360 1630 Dei
2389 1590 2568 1632 ductrici
2585 1604 2635 1633 ae

551 1664 780 1715 maqistrae,
793 1660 934 1713 frater
957 1662 1109 1701 Petrus
1134 1660 1303 1701 humilis
1328 1660 1665 1701 Cluniaeensium
1690 1660 1837 1709 abbas,
1864 1661 2015 1701 salutis
2038 1673 2064 1701 a
2087 1661 2196 1710 Deo,
2224 1663 2375 1702 amoris
2398 1673 2424 1702 a
2449 1661 2565 1702 nobis
2588 1664 2634 1703 in

554 1731 718 1773 Christo
733 1729 1047 1783 plenitudinem.

564 1862 753 1909 Gavisus
773 1878 888 1921 sum,
913 1871 957 1907 et
980 1862 1068 1906 hoc
1092 1877 1185 1906 non
1204 1877 1384 1923 parum,
1407 1859 1557 1924 legens
1577 1850 1826 1906 sanctitatis
1841 1869 1999 1906 vestrae
2016 1858 2204 1924 litteras,
2225 1861 2273 1906 in
2289 1859 2452 1923 quibus
2472 1861 2634 1924 agnovi

498 1941 742 1989 adventum
766 1959 917 1987 meum
940 1941 996 1987 ad
1019 1958 1100 1987 vos
1132 1958 1226 1987 non
1256 1942 1390 1988 fuisse
1419 1941 1757 2000 transitorium,
1795 1958 1849 1987 ex
1873 1941 2037 2004 quibus
2068 1941 2240 1988 adverti
2271 1959 2364 1987 non
2393 1941 2538 1988 solum
2563 1959 2635 1990 me

499 2024 618 2087 apud
642 2041 721 2070 vos
747 2040 841 2069 non
865 2023 1026 2082 fuisse,
1060 2022 1137 2068 sed
1161 2033 1206 2068 et
1234 2040 1258 2068 a
1282 2023 1411 2070 vobis
1438 2040 1671 2086 nunquam
1704 2022 1995 2086 postmodum
2021 2022 2264 2069 recessisse.
2301 2024 2407 2070 Non
2438 2023 2550 2084 fuit,
2584 2033 2638 2070 ut

496 2103 654 2164 video,
685 2103 797 2149 illud
827 2104 1077 2166 hospitium
1105 2121 1256 2150 meum
1275 2103 1397 2150 velut
1419 2104 1638 2149 memoria
1660 2104 1850 2166 hospitis
1869 2104 2003 2149 unius
2023 2104 2169 2150 noctis
2194 2104 2529 2167 praetereuntiS,
2552 2120 2636 2151 nec

496 2184 639 2231 factus
657 2201 755 2236 sum
780 2183 952 2230 advena
983 2193 1028 2228 et
1050 2184 1314 2246 peregrinus
1338 2184 1459 2246 apud
1482 2201 1578 2242 vos,
1609 2183 1686 2228 sed
1711 2178 1819 2229 civis
1844 2193 2124 2243 sanctarum,
2157 2193 2202 2229 et
2224 2183 2520 2241 domesticus,
2546 2183 2636 2228 uti-

498 2282 629 2323 nam,
656 2264 760 2309 Dei.
799 2263 873 2309 Sic
903 2280 1038 2309 sacrae
1069 2264 1210 2308 menti
1239 2273 1397 2309 vestrae
1428 2273 1590 2309 cuncta
1621 2262 1924 2322 inhaeserunt,
1954 2263 2017 2309 sic
2047 2263 2246 2326 benigno
2277 2262 2458 2326 spiritui
2485 2273 2635 2310 vestro

498 2345 650 2391 omnia
676 2345 891 2407 impressa
917 2354 1047 2403 sunt,
1068 2361 1168 2406 quae
1191 2345 1239 2389 in
1259 2344 1336 2390 illo
1354 2336 1499 2408 fugaci
1525 2361 1604 2390 seu
1626 2343 1820 2390 volatico
1847 2344 2045 2390 adventu
2064 2361 2165 2389 meo
2185 2344 2304 2403 dixi,
2331 2361 2431 2407 quae
2456 2344 2559 2404 feci,
2584 2355 2637 2392 ut

499 2443 592 2472 non
618 2425 764 2471 dicam
788 2441 841 2470 ea
865 2441 964 2487 quae
993 2424 1191 2470 studiose
1221 2442 1248 2470 a
1274 2442 1346 2470 me
1371 2436 1481 2471 tunc
1504 2425 1772 2484 dictasunt,
1794 2424 1871 2471 sed
1896 2441 1979 2471 nec
1995 2425 2187 2471 verbum
2211 2424 2329 2470 forte
2357 2423 2637 2488 negligenter

496 2505 742 2570 prolatum,
772 2493 830 2550 ad
853 2514 1020 2550 terram
1045 2505 1241 2550 cederet.
1269 2507 1339 2550 Ita
1364 2505 1552 2551 notastis
1575 2505 1752 2564 omnia,
1783 2505 1845 2550 ita
1868 2505 2016 2551 tenaci
2038 2505 2267 2550 memoriae
2291 2521 2344 2550 ex
2368 2504 2636 2553 sinceritatis

497 2587 661 2633 affectu
679 2586 890 2631 derivatae
914 2586 1277 2645 commendastis,
1299 2586 1426 2648 quasi
1448 2603 1627 2649 magna,
1650 2586 1776 2648 quasi
1794 2584 2007 2645 coelestia,
2035 2585 2161 2648 quasi
2181 2596 2479 2645 sacrosancta,
2507 2587 2635 2649 quasi

495 2668 634 2730 ipsius
657 2667 795 2713 verba
817 2665 886 2712 vel
914 2683 1053 2728 opera
1074 2669 1178 2712 Jesu
1202 2666 1387 2712 Christi.
1416 2669 1552 2711 Forte
1579 2675 1819 2711 moverunt
1842 2682 1923 2711 vos
1946 2665 2003 2711 ad
2030 2664 2105 2711 illa
2129 2665 2193 2711 sic
2216 2665 2476 2724 retinenda,
2498 2665 2635 2711 verba

495 2747 747 2793 communis
776 2745 982 2809 regulae¹‚
1013 2746 1199 2822 hoctest
1227 2755 1318 2791 tam
1352 2755 1517 2791 nostrae
1544 2762 1680 2808 quam
1702 2755 1885 2805 vestrae,
1914 2761 2014 2807 quae
2037 2740 2093 2790 de
2122 2744 2376 2808 hospitibus
2402 2744 2630 2808 praecipit,

494 2829 699 2875 Christus
730 2828 778 2873 in
808 2828 870 2873 eis
899 2827 1142 2886 adoretur,
1173 2827 1251 2890 qui
1275 2837 1320 2873 et
1342 2827 1601 2890 suscipitur.
1634 2827 1841 2873 Forsitan
1865 2835 1909 2872 et
1937 2824 2012 2871 illa
2037 2825 2093 2872 de
2115 2825 2390 2889 praepositis,
2423 2824 2527 2872 licet
2550 2841 2633 2888 ego

496 2909 769 2973 praepositus
782 2908 910 2954 vobis
938 2925 1031 2953 non
1054 2908 1139 2953 sim
1167 2925 1176 2953 :
1209 2908 1339 2966 «Qui
1364 2925 1443 2953 vos
1470 2907 1613 2966 audit,
1638 2924 1710 2954 me
1732 2906 1901 2953 audit2.
1924 2924 1947 2950 n
1981 2906 2169 2952 Utinam
2192 2906 2288 2952 haec
2314 2906 2426 2951 mihi
2457 2921 2634 2969 semper

497 2991 640 3054 gratia
663 2990 801 3035 detur
817 2989 935 3052 apud
958 3007 1056 3049 vos,
1075 2999 1127 3035 ut
1151 2990 1240 3035 mei
1262 3006 1437 3035 memor
1461 3006 1556 3035 esse
1579 2988 1848 3052 dignemini,
1872 2998 1924 3034 ut
1940 3005 2025 3052 pro
2048 3005 2120 3034 me
2139 2988 2478 3051 Omnipotentis
2497 2988 2631 3055 mise:

500 3070 745 3116 ricordiam
762 3087 865 3116 cum
883 3086 1009 3116 sacro
1028 3070 1174 3133 gregis
1190 3069 1319 3116 vobis
1335 3069 1560 3117 commissi
1580 3068 1769 3132 collegio
1789 3069 2111 3132 deprecemini.
2144 3068 2365 3132 Rependo
2395 3078 2440 3114 et
2471 3083 2554 3130 ego
2583 3067 2631 3113 in

497 3150 584 3196 hoc
608 3151 736 3197 vohis
758 3151 902 3197 vicem
931 3167 1067 3213 quam
1095 3168 1303 3213 possum3
1339 3151 1445 3213 quia
1463 3160 1509 3196 et
1531 3150 1664 3213 longe
1689 3160 1931 3213 antequam
1953 3167 2033 3197 vos
2055 3149 2274 3209 viderem,
2303 3159 2349 3195 et
2372 3147 2561 3194 maxime
2577 3163 2631 3192 ex

499 3247 590 3294 quo
606 3232 743 3278 vestri
769 3232 976 3278 notitiam
999 3231 1164 3292 habui,
1189 3230 1462 3295 singularem
1484 3231 1613 3278 vobis
1633 3231 1681 3276 in
1704 3231 1876 3277 intimis
1899 3230 2064 3277 mentis
2090 3247 2200 3276 meae
2220 3229 2465 3276 recessibus
2490 3244 2624 3287 verae,

502 3329 595 3359 non
616 3312 730 3360 fictae
748 3313 945 3359 caritatis
972 3312 1123 3359 locum
1148 3314 1337 3360 servavi.
1363 3315 1550 3360 Donum
1568 3313 1692 3377 quod
1708 3313 1764 3359 de
1788 3312 2050 3360 Tricenario
2065 3312 2194 3359 vobis
2210 3327 2406 3374 praesens
2426 3308 2529 3369 feci,
2550 3307 2629 3354 ab·

546 3458 555 3476 ¹
581 3459 712 3501 Reque„
728 3470 800 3504 cap>
818 3470 885 3493 mu.
897 3460 1062 3502 -Reyuh,
1076 3471 1150 3504 cap.
1175 3471 1205 3493 v.
1224 3479 1263 3484 —
1277 3459 1290 3476 '
1312 3460 1407 3500 Luc.‚
1423 3471 1497 3504 cap.
1514 3471 1535 3493 x
1548 3486 1556 3500 ,
1576 3471 1610 3494 v.
1630 3461 1681 3494 16.
