<?xml version="1.0" encoding="UTF-8"?>
<!DOCTYPE html PUBLIC "-//W3C//DTD XHTML 1.0 Transitional//EN"
    "http://www.w3.org/TR/xhtml1/DTD/xhtml1-transitional.dtd">
<html xmlns="http://www.w3.org/1999/xhtml" xml:lang="en" lang="en">
 <head>
  <title>
</title>
<meta http-equiv="Content-Type" content="text/html;charset=utf-8" />
  <meta name='ocr-system' content='tesseract 3.04.00' />
  <meta name='ocr-capabilities' content='ocr_page ocr_carea ocr_par ocr_line ocrx_word'/>
</head>
<body>
  <div class='ocr_page' id='page_1' title='image "./operahactenusseo01abeluoft_0459.png"; bbox 0 0 2970 4152; ppageno 0'>
   <div class='ocr_carea' id='block_1_1' title="bbox 964 437 2454 490">
    <p class='ocr_par' dir='ltr' id='par_1_1' title="bbox 964 437 2454 490">
     <span class='ocr_line' id='line_1_1' title="bbox 964 437 2454 490; baseline -0.005 -2"><span class='ocrx_word' id='word_1_1' title='bbox 964 442 1023 490; x_wconf 87' lang='grc' dir='ltr'>ΙΝ</span> <span class='ocrx_word' id='word_1_2' title='bbox 1058 440 1337 488; x_wconf 88' lang='lat' dir='ltr'>PASSlONE</span> <span class='ocrx_word' id='word_1_3' title='bbox 1371 438 1579 485; x_wconf 90' lang='lat' dir='ltr'>DOMlNl</span> <span class='ocrx_word' id='word_1_4' title='bbox 1616 438 1832 484; x_wconf 86' lang='lat' dir='ltr'>SERMO.</span> <span class='ocrx_word' id='word_1_5' title='bbox 2361 437 2454 482; x_wconf 75' lang='lat'>445</span> 
     </span>
    </p>
   </div>
   <div class='ocr_carea' id='block_1_2' title="bbox 297 535 2459 3414">
    <p class='ocr_par' dir='ltr' id='par_1_2' title="bbox 297 535 2459 3414">
     <span class='ocr_line' id='line_1_2' title="bbox 339 535 2456 598; baseline -0.002 -13"><span class='ocrx_word' id='word_1_6' title='bbox 339 539 525 585; x_wconf 87' lang='lat' dir='ltr'>scientis</span> <span class='ocrx_word' id='word_1_7' title='bbox 546 548 644 585; x_wconf 90' lang='lat' dir='ltr'>tam</span> <span class='ocrx_word' id='word_1_8' title='bbox 665 537 788 585; x_wconf 89' lang='lat' dir='ltr'>bene</span> <span class='ocrx_word' id='word_1_9' title='bbox 805 553 1048 584; x_wconf 91' lang='lat' dir='ltr'>summum</span> <span class='ocrx_word' id='word_1_10' title='bbox 1067 536 1233 583; x_wconf 89' lang='lat' dir='ltr'>mortis</span> <span class='ocrx_word' id='word_1_11' title='bbox 1251 535 1512 582; x_wconf 90' lang='lat' dir='ltr'>cruciatum</span> <span class='ocrx_word' id='word_1_12' title='bbox 1535 535 1866 597; x_wconf 83' lang='lat' dir='ltr'>tanquam¹....</span> <span class='ocrx_word' id='word_1_13' title='bbox 1890 542 2013 580; x_wconf 91' lang='lat' dir='ltr'>esset</span> <span class='ocrx_word' id='word_1_14' title='bbox 2029 543 2236 598; x_wconf 84' lang='lat' dir='ltr'>experta,</span> <span class='ocrx_word' id='word_1_15' title='bbox 2258 546 2456 581; x_wconf 89' lang='lat' dir='ltr'>noverat</span> 
     </span>
     <span class='ocr_line' id='line_1_3' title="bbox 340 612 2456 683; baseline -0.003 -18"><span class='ocrx_word' id='word_1_16' title='bbox 340 619 488 683; x_wconf 85' lang='lat' dir='ltr'>magis</span> <span class='ocrx_word' id='word_1_17' title='bbox 514 635 624 670; x_wconf 90' lang='lat' dir='ltr'>eum</span> <span class='ocrx_word' id='word_1_18' title='bbox 641 619 904 678; x_wconf 86' lang='lat' dir='ltr'>horruisse,</span> <span class='ocrx_word' id='word_1_19' title='bbox 927 634 1072 682; x_wconf 91' lang='lat' dir='ltr'>quam</span> <span class='ocrx_word' id='word_1_20' title='bbox 1095 627 1270 664; x_wconf 75' lang='lat' dir='ltr'>caeterae</span> <span class='ocrx_word' id='word_1_21' title='bbox 1286 623 1480 682; x_wconf 83' lang='lat' dir='ltr'><strong>possent</strong></span> <span class='ocrx_word' id='word_1_22' title='bbox 1499 615 1683 660; x_wconf 83' lang='lat' dir='ltr'>animae.</span> <span class='ocrx_word' id='word_1_23' title='bbox 1711 612 1918 671; x_wconf 81' lang='lat' dir='ltr'>Quando</span> <span class='ocrx_word' id='word_1_24' title='bbox 1942 622 2100 660; x_wconf 90' lang='lat' dir='ltr'>autem</span> <span class='ocrx_word' id='word_1_25' title='bbox 2119 613 2228 678; x_wconf 85' lang='lat' dir='ltr'>plus</span> <span class='ocrx_word' id='word_1_26' title='bbox 2252 623 2456 660; x_wconf 90' lang='lat' dir='ltr'>mortem</span> 
     </span>
     <span class='ocr_line' id='line_1_4' title="bbox 339 694 2456 765; baseline -0.003 -19"><span class='ocrx_word' id='word_1_27' title='bbox 339 699 520 760; x_wconf 85' lang='lat' dir='ltr'>timuit,</span> <span class='ocrx_word' id='word_1_28' title='bbox 550 709 597 747; x_wconf 90' lang='lat' dir='ltr'>et</span> <span class='ocrx_word' id='word_1_29' title='bbox 619 701 670 747; x_wconf 91' lang='lat' dir='ltr'>in</span> <span class='ocrx_word' id='word_1_30' title='bbox 693 700 912 765; x_wconf 85' lang='lat' dir='ltr'>passione</span> <span class='ocrx_word' id='word_1_31' title='bbox 941 698 1236 746; x_wconf 86' lang='lat' dir='ltr'>constantior</span> <span class='ocrx_word' id='word_1_32' title='bbox 1265 697 1488 763; x_wconf 82' lang='lat' dir='ltr'>perstitit,</span> <span class='ocrx_word' id='word_1_33' title='bbox 1514 705 1646 742; x_wconf 89' lang='lat' dir='ltr'>tanto</span> <span class='ocrx_word' id='word_1_34' title='bbox 1670 695 1818 742; x_wconf 87' lang='lat' dir='ltr'>virtus</span> <span class='ocrx_word' id='word_1_35' title='bbox 1840 694 2122 742; x_wconf 88' lang='lat' dir='ltr'>obedientiae</span> <span class='ocrx_word' id='word_1_36' title='bbox 2150 695 2302 758; x_wconf 89' lang='lat' dir='ltr'>major</span> <span class='ocrx_word' id='word_1_37' title='bbox 2326 695 2374 741; x_wconf 91' lang='lat' dir='ltr'>in</span> <span class='ocrx_word' id='word_1_38' title='bbox 2398 711 2456 741; x_wconf 92' lang='lat' dir='ltr'>eo</span> 
     </span>
     <span class='ocr_line' id='line_1_5' title="bbox 339 774 2458 845; baseline -0.002 -20"><span class='ocrx_word' id='word_1_39' title='bbox 339 778 531 839; x_wconf 90' lang='lat' dir='ltr'>claruit,</span> <span class='ocrx_word' id='word_1_40' title='bbox 556 790 604 827; x_wconf 93' lang='lat' dir='ltr'>et</span> <span class='ocrx_word' id='word_1_41' title='bbox 627 781 858 844; x_wconf 90' lang='lat' dir='ltr'>majorem</span> <span class='ocrx_word' id='word_1_42' title='bbox 889 778 1029 827; x_wconf 90' lang='lat' dir='ltr'>nobis</span> <span class='ocrx_word' id='word_1_43' title='bbox 1045 815 1057 839; x_wconf 96' lang='lat'>,</span> <span class='ocrx_word' id='word_1_44' title='bbox 1089 795 1180 845; x_wconf 93' lang='lat' dir='ltr'>pro</span> <span class='ocrx_word' id='word_1_45' title='bbox 1209 777 1382 842; x_wconf 90' lang='lat' dir='ltr'>quibus</span> <span class='ocrx_word' id='word_1_46' title='bbox 1404 792 1570 841; x_wconf 88' lang='lat' dir='ltr'>passus</span> <span class='ocrx_word' id='word_1_47' title='bbox 1593 785 1686 835; x_wconf 91' lang='lat' dir='ltr'>est,</span> <span class='ocrx_word' id='word_1_48' title='bbox 1718 774 2023 823; x_wconf 90' lang='lat' dir='ltr'>dilectionem</span> <span class='ocrx_word' id='word_1_49' title='bbox 2051 775 2277 822; x_wconf 81' lang='lat' dir='ltr'>exhibuit.</span> <span class='ocrx_word' id='word_1_50' title='bbox 2302 774 2394 821; x_wconf 92' lang='lat' dir='ltr'>Ubi</span> <span class='ocrx_word' id='word_1_51' title='bbox 2413 786 2458 821; x_wconf 91' lang='lat' dir='ltr'>et</span> 
     </span>
     <span class='ocr_line' id='line_1_6' title="bbox 338 855 2456 923; baseline -0.001 -18"><span class='ocrx_word' id='word_1_52' title='bbox 338 858 677 907; x_wconf 83' lang='lat' dir='ltr'>infirmioribus</span> <span class='ocrx_word' id='word_1_53' title='bbox 702 859 928 907; x_wconf 87' lang='lat' dir='ltr'>membris</span> <span class='ocrx_word' id='word_1_54' title='bbox 947 859 1327 906; x_wconf 86' lang='lat' dir='ltr'>consolationem</span> <span class='ocrx_word' id='word_1_55' title='bbox 1338 873 1610 923; x_wconf 86' lang='lat' dir='ltr'>proponere</span> <span class='ocrx_word' id='word_1_56' title='bbox 1629 855 1804 915; x_wconf 85' lang='lat' dir='ltr'>voluit,</span> <span class='ocrx_word' id='word_1_57' title='bbox 1828 872 1889 903; x_wconf 93' lang='lat' dir='ltr'>ne</span> <span class='ocrx_word' id='word_1_58' title='bbox 1912 872 2059 920; x_wconf 91' lang='lat' dir='ltr'>quum</span> <span class='ocrx_word' id='word_1_59' title='bbox 2083 856 2144 903; x_wconf 91' lang='lat' dir='ltr'>ad</span> <span class='ocrx_word' id='word_1_60' title='bbox 2167 856 2331 920; x_wconf 90' lang='lat' dir='ltr'>agonis</span> <span class='ocrx_word' id='word_1_61' title='bbox 2343 871 2456 920; x_wconf 87' lang='lat' dir='ltr'>pas-</span> 
     </span>
     <span class='ocr_line' id='line_1_7' title="bbox 337 936 2455 1013; baseline -0.001 -29"><span class='ocrx_word' id='word_1_62' title='bbox 337 939 523 987; x_wconf 88' lang='lat' dir='ltr'>sionem</span> <span class='ocrx_word' id='word_1_63' title='bbox 550 939 865 1006; x_wconf 83' lang='lat' dir='ltr'>trepidarent,</span> <span class='ocrx_word' id='word_1_64' title='bbox 885 956 974 1005; x_wconf 90' lang='lat' dir='ltr'>pro</span> <span class='ocrx_word' id='word_1_65' title='bbox 992 939 1088 987; x_wconf 90' lang='lat' dir='ltr'>hoc</span> <span class='ocrx_word' id='word_1_66' title='bbox 1105 938 1379 986; x_wconf 87' lang='lat' dir='ltr'>infirmitate</span> <span class='ocrx_word' id='word_1_67' title='bbox 1403 954 1488 985; x_wconf 93' lang='lat' dir='ltr'>sua</span> <span class='ocrx_word' id='word_1_68' title='bbox 1507 936 1814 1002; x_wconf 83' lang='lat' dir='ltr'>desperarent</span> <span class='ocrx_word' id='word_1_69' title='bbox 1832 937 2029 1013; x_wconf 83' lang='lat' dir='ltr'>avenia.</span> <span class='ocrx_word' id='word_1_70' title='bbox 2050 939 2205 994; x_wconf 90' lang='lat' dir='ltr'>Quam</span> <span class='ocrx_word' id='word_1_71' title='bbox 2231 946 2455 984; x_wconf 88' lang='lat' dir='ltr'>constan-</span> 
     </span>
     <span class='ocr_line' id='line_1_8' title="bbox 337 1017 2456 1087; baseline -0.001 -22"><span class='ocrx_word' id='word_1_72' title='bbox 337 1028 414 1066; x_wconf 91' lang='lat' dir='ltr'>ter·</span> <span class='ocrx_word' id='word_1_73' title='bbox 448 1030 608 1068; x_wconf 89' lang='lat' dir='ltr'>autem</span> <span class='ocrx_word' id='word_1_74' title='bbox 644 1020 892 1086; x_wconf 16' lang='lat' dir='ltr'>Dominus,</span> <span class='ocrx_word' id='word_1_75' title='bbox 915 1020 1126 1087; x_wconf 82' lang='lat' dir='ltr'>passioni</span> <span class='ocrx_word' id='word_1_76' title='bbox 1166 1028 1438 1067; x_wconf 88' lang='lat' dir='ltr'>occurreret</span> <span class='ocrx_word' id='word_1_77' title='bbox 1475 1027 1523 1065; x_wconf 90' lang='lat' dir='ltr'>et</span> <span class='ocrx_word' id='word_1_78' title='bbox 1558 1018 1605 1064; x_wconf 90' lang='lat' dir='ltr'>in</span> <span class='ocrx_word' id='word_1_79' title='bbox 1646 1017 1869 1083; x_wconf 87' lang='lat' dir='ltr'>passione</span> <span class='ocrx_word' id='word_1_80' title='bbox 1908 1017 2203 1083; x_wconf 87' lang='lat' dir='ltr'>persisteret,</span> <span class='ocrx_word' id='word_1_81' title='bbox 2243 1018 2456 1082; x_wconf 89' lang='lat' dir='ltr'>quisquis</span> 
     </span>
     <span class='ocr_line' id='line_1_9' title="bbox 336 1098 2455 1165; baseline -0.001 -19"><span class='ocrx_word' id='word_1_82' title='bbox 336 1098 586 1164; x_wconf 86' lang='lat' dir='ltr'>diligenter</span> <span class='ocrx_word' id='word_1_83' title='bbox 615 1100 817 1148; x_wconf 87' lang='lat' dir='ltr'>attendit.</span> <span class='ocrx_word' id='word_1_84' title='bbox 843 1099 992 1165; x_wconf 84' lang='lat' dir='ltr'>judex</span> <span class='ocrx_word' id='word_1_85' title='bbox 1024 1100 1291 1148; x_wconf 90' lang='lat' dir='ltr'>secundum</span> <span class='ocrx_word' id='word_1_86' title='bbox 1316 1098 1693 1164; x_wconf 86' lang='lat' dir='ltr'>magnitudinem</span> <span class='ocrx_word' id='word_1_87' title='bbox 1721 1098 1932 1157; x_wconf 89' lang='lat' dir='ltr'>timoris,</span> <span class='ocrx_word' id='word_1_88' title='bbox 1962 1098 2384 1164; x_wconf 86' lang='lat' dir='ltr'>incomparabilem</span> <span class='ocrx_word' id='word_1_89' title='bbox 2406 1098 2455 1144; x_wconf 89' lang='lat' dir='ltr'>in</span> 
     </span>
     <span class='ocr_line' id='line_1_10' title="bbox 335 1178 2455 1244; baseline 0 -19"><span class='ocrx_word' id='word_1_90' title='bbox 335 1194 394 1226; x_wconf 88' lang='lat' dir='ltr'>eo</span> <span class='ocrx_word' id='word_1_91' title='bbox 419 1179 848 1229; x_wconf 84' lang='lat' dir='ltr'>fortitudinem’....</span> <span class='ocrx_word' id='word_1_92' title='bbox 872 1181 1002 1228; x_wconf 83' lang='lat' dir='ltr'>enim</span> <span class='ocrx_word' id='word_1_93' title='bbox 1026 1181 1244 1228; x_wconf 91' lang='lat' dir='ltr'>omittam</span> <span class='ocrx_word' id='word_1_94' title='bbox 1262 1190 1453 1240; x_wconf 86' lang='lat' dir='ltr'>caetera,</span> <span class='ocrx_word' id='word_1_95' title='bbox 1482 1179 1588 1244; x_wconf 88' lang='lat' dir='ltr'>quis</span> <span class='ocrx_word' id='word_1_96' title='bbox 1610 1195 1711 1226; x_wconf 91' lang='lat' dir='ltr'>non</span> <span class='ocrx_word' id='word_1_97' title='bbox 1734 1178 1854 1226; x_wconf 92' lang='lat' dir='ltr'>illud</span> <span class='ocrx_word' id='word_1_98' title='bbox 1876 1180 2090 1240; x_wconf 90' lang='lat' dir='ltr'>miretur,</span> <span class='ocrx_word' id='word_1_99' title='bbox 2110 1178 2243 1244; x_wconf 92' lang='lat' dir='ltr'>quod</span> <span class='ocrx_word' id='word_1_100' title='bbox 2260 1195 2287 1226; x_wconf 90' lang='lat' dir='ltr'>a</span> <span class='ocrx_word' id='word_1_101' title='bbox 2307 1180 2455 1226; x_wconf 83' lang='lat' dir='ltr'>Pilato</span> 
     </span>
     <span class='ocr_line' id='line_1_11' title="bbox 332 1260 2454 1327; baseline 0 -22"><span class='ocrx_word' id='word_1_102' title='bbox 332 1260 648 1325; x_wconf 88' lang='lat' dir='ltr'>interrogatus</span> <span class='ocrx_word' id='word_1_103' title='bbox 690 1279 840 1326; x_wconf 91' lang='lat' dir='ltr'>quum</span> <span class='ocrx_word' id='word_1_104' title='bbox 875 1260 1167 1327; x_wconf 89' lang='lat' dir='ltr'>respondere</span> <span class='ocrx_word' id='word_1_105' title='bbox 1210 1261 1384 1321; x_wconf 89' lang='lat' dir='ltr'>nollet,</span> <span class='ocrx_word' id='word_1_106' title='bbox 1427 1261 1488 1308; x_wconf 92' lang='lat' dir='ltr'>ab</span> <span class='ocrx_word' id='word_1_107' title='bbox 1521 1277 1580 1308; x_wconf 94' lang='lat' dir='ltr'>eo</span> <span class='ocrx_word' id='word_1_108' title='bbox 1617 1260 1819 1309; x_wconf 90' lang='lat' dir='ltr'>audierit</span> <span class='ocrx_word' id='word_1_109' title='bbox 1839 1278 1848 1306; x_wconf 91' lang='lat'>:</span> <span class='ocrx_word' id='word_1_110' title='bbox 1874 1280 1897 1306; x_wconf 91' lang='lat'>«</span> <span class='ocrx_word' id='word_1_111' title='bbox 1920 1260 2036 1309; x_wconf 89' lang='lat' dir='ltr'>Mihi</span> <span class='ocrx_word' id='word_1_112' title='bbox 2076 1277 2174 1307; x_wconf 93' lang='lat' dir='ltr'>non</span> <span class='ocrx_word' id='word_1_113' title='bbox 2211 1261 2454 1325; x_wconf 79' lang='lat' dir='ltr'>loqueris?</span> 
     </span>
     <span class='ocr_line' id='line_1_12' title="bbox 333 1340 2453 1410; baseline 0 -22"><span class='ocrx_word' id='word_1_114' title='bbox 333 1342 491 1388; x_wconf 85' lang='lat' dir='ltr'>Nescis</span> <span class='ocrx_word' id='word_1_115' title='bbox 522 1342 634 1406; x_wconf 89' lang='lat' dir='ltr'>quia</span> <span class='ocrx_word' id='word_1_116' title='bbox 665 1351 948 1407; x_wconf 91' lang='lat' dir='ltr'>potestatem</span> <span class='ocrx_word' id='word_1_117' title='bbox 974 1340 1131 1388; x_wconf 88' lang='lat' dir='ltr'>habeo</span> <span class='ocrx_word' id='word_1_118' title='bbox 1163 1341 1400 1389; x_wconf 88' lang='lat' dir='ltr'>dimittere</span> <span class='ocrx_word' id='word_1_119' title='bbox 1426 1351 1494 1401; x_wconf 91' lang='lat' dir='ltr'>te,</span> <span class='ocrx_word' id='word_1_120' title='bbox 1523 1351 1612 1388; x_wconf 90' lang='lat' dir='ltr'>etc.</span> <span class='ocrx_word' id='word_1_121' title='bbox 1641 1359 1664 1384; x_wconf 88' lang='lat'>»</span> <span class='ocrx_word' id='word_1_122' title='bbox 1690 1341 1784 1398; x_wconf 91' lang='lat' dir='ltr'>Qui</span> <span class='ocrx_word' id='word_1_123' title='bbox 1817 1341 1960 1410; x_wconf 87' lang='lat' dir='ltr'>etiam</span> <span class='ocrx_word' id='word_1_124' title='bbox 1989 1340 2050 1388; x_wconf 92' lang='lat' dir='ltr'>ab</span> <span class='ocrx_word' id='word_1_125' title='bbox 2084 1343 2187 1406; x_wconf 92' lang='lat' dir='ltr'>ipso</span> <span class='ocrx_word' id='word_1_126' title='bbox 2214 1341 2277 1388; x_wconf 90' lang='lat' dir='ltr'>ad</span> <span class='ocrx_word' id='word_1_127' title='bbox 2300 1344 2453 1390; x_wconf 89' lang='lat' dir='ltr'>Hero-</span> 
     </span>
     <span class='ocr_line' id='line_1_13' title="bbox 332 1419 2455 1486; baseline 0.001 -20"><span class='ocrx_word' id='word_1_128' title='bbox 332 1419 443 1467; x_wconf 91' lang='lat' dir='ltr'>dem</span> <span class='ocrx_word' id='word_1_129' title='bbox 461 1421 655 1481; x_wconf 90' lang='lat' dir='ltr'>missus,</span> <span class='ocrx_word' id='word_1_130' title='bbox 677 1431 906 1486; x_wconf 85' lang='lat' dir='ltr'>tanquam</span> <span class='ocrx_word' id='word_1_131' title='bbox 929 1420 991 1467; x_wconf 90' lang='lat' dir='ltr'>ad</span> <span class='ocrx_word' id='word_1_132' title='bbox 1013 1420 1114 1483; x_wconf 85' lang='lat' dir='ltr'>ejus</span> <span class='ocrx_word' id='word_1_133' title='bbox 1135 1429 1422 1485; x_wconf 89' lang='lat' dir='ltr'>potestatem</span> <span class='ocrx_word' id='word_1_134' title='bbox 1445 1419 1715 1484; x_wconf 84' lang='lat' dir='ltr'>pertinenS,</span> <span class='ocrx_word' id='word_1_135' title='bbox 1737 1435 1888 1483; x_wconf 91' lang='lat' dir='ltr'>quum</span> <span class='ocrx_word' id='word_1_136' title='bbox 1914 1430 2033 1467; x_wconf 88' lang='lat' dir='ltr'>esset</span> <span class='ocrx_word' id='word_1_137' title='bbox 2056 1419 2298 1481; x_wconf 89' lang='lat' dir='ltr'>Galilaeus,</span> <span class='ocrx_word' id='word_1_138' title='bbox 2322 1432 2374 1469; x_wconf 92' lang='lat' dir='ltr'>ut</span> <span class='ocrx_word' id='word_1_139' title='bbox 2390 1423 2455 1469; x_wconf 88' lang='lat' dir='ltr'>sic</span> 
     </span>
     <span class='ocr_line' id='line_1_14' title="bbox 330 1498 2456 1567; baseline 0.001 -19"><span class='ocrx_word' id='word_1_140' title='bbox 330 1518 416 1566; x_wconf 89' lang='lat' dir='ltr'>per</span> <span class='ocrx_word' id='word_1_141' title='bbox 426 1518 538 1549; x_wconf 90' lang='lat' dir='ltr'>eum</span> <span class='ocrx_word' id='word_1_142' title='bbox 553 1501 686 1549; x_wconf 89' lang='lat' dir='ltr'>facile</span> <span class='ocrx_word' id='word_1_143' title='bbox 696 1501 885 1550; x_wconf 90' lang='lat' dir='ltr'>liberari</span> <span class='ocrx_word' id='word_1_144' title='bbox 897 1511 1074 1566; x_wconf 88' lang='lat' dir='ltr'>posset,</span> <span class='ocrx_word' id='word_1_145' title='bbox 1090 1499 1158 1547; x_wconf 92' lang='lat' dir='ltr'>nil</span> <span class='ocrx_word' id='word_1_146' title='bbox 1172 1500 1215 1548; x_wconf 89' lang='lat' dir='ltr'>ei</span> <span class='ocrx_word' id='word_1_147' title='bbox 1227 1499 1518 1564; x_wconf 89' lang='lat' dir='ltr'>respondere</span> <span class='ocrx_word' id='word_1_148' title='bbox 1531 1498 1751 1563; x_wconf 86' lang='lat' dir='ltr'>dignatus</span> <span class='ocrx_word' id='word_1_149' title='bbox 1767 1510 1854 1559; x_wconf 92' lang='lat' dir='ltr'>est,</span> <span class='ocrx_word' id='word_1_150' title='bbox 1866 1516 2018 1563; x_wconf 93' lang='lat' dir='ltr'>quum</span> <span class='ocrx_word' id='word_1_151' title='bbox 2030 1500 2191 1548; x_wconf 91' lang='lat' dir='ltr'>multis</span> <span class='ocrx_word' id='word_1_152' title='bbox 2200 1501 2456 1567; x_wconf 87' lang='lat' dir='ltr'>interroga-</span> 
     </span>
     <span class='ocr_line' id='line_1_15' title="bbox 329 1579 2447 1649; baseline 0.002 -21"><span class='ocrx_word' id='word_1_153' title='bbox 329 1591 461 1628; x_wconf 86' lang='lat' dir='ltr'>retur</span> <span class='ocrx_word' id='word_1_154' title='bbox 469 1582 786 1644; x_wconf 89' lang='lat' dir='ltr'>sermonibus,</span> <span class='ocrx_word' id='word_1_155' title='bbox 798 1582 980 1631; x_wconf 92' lang='lat' dir='ltr'>nedum</span> <span class='ocrx_word' id='word_1_156' title='bbox 998 1582 1042 1629; x_wconf 92' lang='lat' dir='ltr'>ei</span> <span class='ocrx_word' id='word_1_157' title='bbox 1058 1582 1246 1646; x_wconf 87' lang='lat' dir='ltr'>signum</span> <span class='ocrx_word' id='word_1_158' title='bbox 1258 1579 1455 1645; x_wconf 88' lang='lat' dir='ltr'>aliquod</span> <span class='ocrx_word' id='word_1_159' title='bbox 1471 1579 1739 1639; x_wconf 88' lang='lat' dir='ltr'>ostendere,</span> <span class='ocrx_word' id='word_1_160' title='bbox 1753 1580 1887 1644; x_wconf 90' lang='lat' dir='ltr'>quod</span> <span class='ocrx_word' id='word_1_161' title='bbox 1900 1580 1978 1628; x_wconf 88' lang='lat' dir='ltr'>ille</span> <span class='ocrx_word' id='word_1_162' title='bbox 1992 1583 2196 1630; x_wconf 85' lang='lat' dir='ltr'>maxime</span> <span class='ocrx_word' id='word_1_163' title='bbox 2211 1584 2447 1649; x_wconf 89' lang='lat' dir='ltr'>cupiebat.</span> 
     </span>
     <span class='ocr_line' id='line_1_16' title="bbox 394 1658 2452 1728; baseline 0.001 -20"><span class='ocrx_word' id='word_1_164' title='bbox 394 1661 540 1719; x_wconf 91' lang='lat' dir='ltr'>Quod</span> <span class='ocrx_word' id='word_1_165' title='bbox 563 1678 675 1726; x_wconf 87' lang='lat' dir='ltr'>ergo</span> <span class='ocrx_word' id='word_1_166' title='bbox 699 1661 921 1727; x_wconf 90' lang='lat' dir='ltr'>pavendo</span> <span class='ocrx_word' id='word_1_167' title='bbox 949 1660 1120 1708; x_wconf 81' lang='lat' dir='ltr'>taedere</span> <span class='ocrx_word' id='word_1_168' title='bbox 1135 1696 1148 1720; x_wconf 94' lang='lat'>,</span> <span class='ocrx_word' id='word_1_169' title='bbox 1175 1660 1250 1707; x_wconf 84' lang='lat' dir='ltr'>vel</span> <span class='ocrx_word' id='word_1_170' title='bbox 1273 1658 1541 1725; x_wconf 90' lang='lat' dir='ltr'>perturbari</span> <span class='ocrx_word' id='word_1_171' title='bbox 1565 1659 1687 1706; x_wconf 89' lang='lat' dir='ltr'>adeo</span> <span class='ocrx_word' id='word_1_172' title='bbox 1712 1659 1918 1720; x_wconf 86' lang='lat' dir='ltr'>videtur,</span> <span class='ocrx_word' id='word_1_173' title='bbox 1951 1670 2003 1707; x_wconf 91' lang='lat' dir='ltr'>ut</span> <span class='ocrx_word' id='word_1_174' title='bbox 2031 1663 2167 1726; x_wconf 88' lang='lat' dir='ltr'>quasi</span> <span class='ocrx_word' id='word_1_175' title='bbox 2195 1662 2452 1728; x_wconf 86' lang='lat' dir='ltr'>desperans</span> 
     </span>
     <span class='ocr_line' id='line_1_17' title="bbox 328 1740 2451 1807; baseline 0.003 -20"><span class='ocrx_word' id='word_1_176' title='bbox 328 1740 536 1789; x_wconf 86' lang='lat' dir='ltr'>diceret:</span> <span class='ocrx_word' id='word_1_177' title='bbox 564 1763 587 1787; x_wconf 91' lang='lat'>«</span> <span class='ocrx_word' id='word_1_178' title='bbox 611 1745 668 1789; x_wconf 90' lang='lat' dir='ltr'>Et</span> <span class='ocrx_word' id='word_1_179' title='bbox 690 1743 807 1807; x_wconf 90' lang='lat' dir='ltr'>quid</span> <span class='ocrx_word' id='word_1_180' title='bbox 823 1742 1040 1790; x_wconf 81' lang='lat' dir='ltr'>dicam?»</span> <span class='ocrx_word' id='word_1_181' title='bbox 1061 1742 1194 1806; x_wconf 86' lang='lat' dir='ltr'>signa</span> <span class='ocrx_word' id='word_1_182' title='bbox 1211 1750 1322 1788; x_wconf 91' lang='lat' dir='ltr'>sunt</span> <span class='ocrx_word' id='word_1_183' title='bbox 1337 1741 1500 1788; x_wconf 91' lang='lat' dir='ltr'>omnia</span> <span class='ocrx_word' id='word_1_184' title='bbox 1523 1757 1623 1792; x_wconf 88' lang='lat' dir='ltr'>non</span> <span class='ocrx_word' id='word_1_185' title='bbox 1651 1740 1847 1804; x_wconf 81' lang='lat' dir='ltr'>ignaviae</span> <span class='ocrx_word' id='word_1_186' title='bbox 1871 1741 1945 1788; x_wconf 90' lang='lat' dir='ltr'>vel</span> <span class='ocrx_word' id='word_1_187' title='bbox 1970 1741 2260 1804; x_wconf 78' lang='lat' dir='ltr'>diffidentiae,</span> <span class='ocrx_word' id='word_1_188' title='bbox 2285 1746 2371 1793; x_wconf 88' lang='lat' dir='ltr'>sed</span> <span class='ocrx_word' id='word_1_189' title='bbox 2397 1747 2451 1792; x_wconf 86' lang='lat' dir='ltr'>ti-</span> 
     </span>
     <span class='ocr_line' id='line_1_18' title="bbox 329 1815 2446 1891; baseline 0.003 -23"><span class='ocrx_word' id='word_1_190' title='bbox 329 1823 475 1870; x_wconf 89' lang='lat' dir='ltr'>moris</span> <span class='ocrx_word' id='word_1_191' title='bbox 493 1825 686 1871; x_wconf 89' lang='lat' dir='ltr'>maximi</span> <span class='ocrx_word' id='word_1_192' title='bbox 710 1815 772 1871; x_wconf 84' lang='lat' dir='ltr'>ad</span> <span class='ocrx_word' id='word_1_193' title='bbox 796 1823 1081 1871; x_wconf 78' lang='lat' dir='ltr'>infirmitatis</span> <span class='ocrx_word' id='word_1_194' title='bbox 1098 1822 1434 1888; x_wconf 88' lang='lat' dir='ltr'>probationem</span> <span class='ocrx_word' id='word_1_195' title='bbox 1453 1831 1702 1886; x_wconf 80' lang='lat' dir='ltr'>assumptae</span> <span class='ocrx_word' id='word_1_196' title='bbox 1723 1840 1732 1868; x_wconf 89' lang='lat'>:</span> <span class='ocrx_word' id='word_1_197' title='bbox 1758 1832 1810 1869; x_wconf 90' lang='lat' dir='ltr'>ut</span> <span class='ocrx_word' id='word_1_198' title='bbox 1828 1822 1962 1887; x_wconf 89' lang='lat' dir='ltr'>quod</span> <span class='ocrx_word' id='word_1_199' title='bbox 1980 1830 2185 1872; x_wconf 81' lang='lat' dir='ltr'>morte&#39;m</span> <span class='ocrx_word' id='word_1_200' title='bbox 2203 1827 2446 1891; x_wconf 82' lang='lat' dir='ltr'>praevenit,</span> 
     </span>
     <span class='ocr_line' id='line_1_19' title="bbox 327 1902 2450 1970; baseline 0.003 -21"><span class='ocrx_word' id='word_1_201' title='bbox 327 1902 428 1967; x_wconf 88' lang='lat' dir='ltr'>ipsa</span> <span class='ocrx_word' id='word_1_202' title='bbox 452 1904 553 1967; x_wconf 89' lang='lat' dir='ltr'>jam</span> <span class='ocrx_word' id='word_1_203' title='bbox 583 1905 770 1970; x_wconf 89' lang='lat' dir='ltr'>gravius</span> <span class='ocrx_word' id='word_1_204' title='bbox 789 1904 1007 1953; x_wconf 89' lang='lat' dir='ltr'>videatur</span> <span class='ocrx_word' id='word_1_205' title='bbox 1032 1915 1204 1957; x_wconf 90' lang='lat' dir='ltr'>morte.</span> <span class='ocrx_word' id='word_1_206' title='bbox 1233 1903 1438 1969; x_wconf 82' lang='lat' dir='ltr'>Angelus</span> <span class='ocrx_word' id='word_1_207' title='bbox 1461 1919 1695 1969; x_wconf 88' lang='lat' dir='ltr'>apparens</span> <span class='ocrx_word' id='word_1_208' title='bbox 1717 1904 1765 1950; x_wconf 91' lang='lat' dir='ltr'>in</span> <span class='ocrx_word' id='word_1_209' title='bbox 1790 1921 1996 1969; x_wconf 89' lang='lat' dir='ltr'>persona</span> <span class='ocrx_word' id='word_1_210' title='bbox 2022 1907 2171 1953; x_wconf 89' lang='lat' dir='ltr'>Patris</span> <span class='ocrx_word' id='word_1_211' title='bbox 2195 1923 2305 1954; x_wconf 89' lang='lat' dir='ltr'>eum</span> <span class='ocrx_word' id='word_1_212' title='bbox 2330 1925 2450 1955; x_wconf 91' lang='lat' dir='ltr'>con-</span> 
     </span>
     <span class='ocr_line' id='line_1_20' title="bbox 326 1982 2450 2050; baseline 0.003 -21"><span class='ocrx_word' id='word_1_213' title='bbox 326 1982 489 2044; x_wconf 83' lang='lat' dir='ltr'>fortat,</span> <span class='ocrx_word' id='word_1_214' title='bbox 525 1985 645 2034; x_wconf 91' lang='lat' dir='ltr'>sicut</span> <span class='ocrx_word' id='word_1_215' title='bbox 682 1996 727 2033; x_wconf 91' lang='lat' dir='ltr'>et</span> <span class='ocrx_word' id='word_1_216' title='bbox 763 1995 901 2034; x_wconf 90' lang='lat' dir='ltr'>antea</span> <span class='ocrx_word' id='word_1_217' title='bbox 926 1986 1103 2033; x_wconf 87' lang='lat' dir='ltr'>factum</span> <span class='ocrx_word' id='word_1_218' title='bbox 1135 1985 1308 2045; x_wconf 84' lang='lat' dir='ltr'>fuerat,</span> <span class='ocrx_word' id='word_1_219' title='bbox 1338 1985 1446 2050; x_wconf 89' lang='lat' dir='ltr'>ipso</span> <span class='ocrx_word' id='word_1_220' title='bbox 1467 1984 1530 2032; x_wconf 89' lang='lat' dir='ltr'>ad</span> <span class='ocrx_word' id='word_1_221' title='bbox 1560 2001 1671 2031; x_wconf 91' lang='lat' dir='ltr'>eum</span> <span class='ocrx_word' id='word_1_222' title='bbox 1706 1983 1926 2032; x_wconf 86' lang='lat' dir='ltr'>dicente:</span> <span class='ocrx_word' id='word_1_223' title='bbox 1959 2005 1982 2030; x_wconf 94' lang='lat'>«</span> <span class='ocrx_word' id='word_1_224' title='bbox 2014 1988 2073 2033; x_wconf 89' lang='lat' dir='ltr'>Et</span> <span class='ocrx_word' id='word_1_225' title='bbox 2096 1985 2373 2048; x_wconf 82' lang='lat' dir='ltr'>clarificavi,</span> <span class='ocrx_word' id='word_1_226' title='bbox 2403 1999 2450 2035; x_wconf 87' lang='lat' dir='ltr'>et</span> 
     </span>
     <span class='ocr_line' id='line_1_21' title="bbox 324 2063 2448 2133; baseline 0.003 -24"><span class='ocrx_word' id='word_1_227' title='bbox 324 2064 497 2111; x_wconf 89' lang='lat' dir='ltr'>iterum</span> <span class='ocrx_word' id='word_1_228' title='bbox 521 2065 807 2113; x_wconf 83' lang='lat' dir='ltr'>clarificabo.</span> <span class='ocrx_word' id='word_1_229' title='bbox 831 2087 854 2109; x_wconf 75' lang='lat' dir='ltr'><strong>n</strong></span> <span class='ocrx_word' id='word_1_230' title='bbox 877 2069 987 2113; x_wconf 85' lang='lat' dir='ltr'>Haec</span> <span class='ocrx_word' id='word_1_231' title='bbox 1008 2066 1187 2131; x_wconf 89' lang='lat' dir='ltr'>quippe</span> <span class='ocrx_word' id='word_1_232' title='bbox 1218 2063 1482 2112; x_wconf 89' lang='lat' dir='ltr'>consolatio</span> <span class='ocrx_word' id='word_1_233' title='bbox 1506 2064 1735 2112; x_wconf 81' lang='lat' dir='ltr'>orationis</span> <span class='ocrx_word' id='word_1_234' title='bbox 1759 2065 2082 2130; x_wconf 78' lang='lat' dir='ltr'>complendae,</span> <span class='ocrx_word' id='word_1_235' title='bbox 2117 2082 2212 2131; x_wconf 90' lang='lat' dir='ltr'>qua</span> <span class='ocrx_word' id='word_1_236' title='bbox 2238 2084 2328 2133; x_wconf 89' lang='lat' dir='ltr'>pro</span> <span class='ocrx_word' id='word_1_237' title='bbox 2354 2070 2448 2116; x_wconf 88' lang='lat' dir='ltr'>suis</span> 
     </span>
     <span class='ocr_line' id='line_1_22' title="bbox 324 2142 2447 2210; baseline 0.003 -21"><span class='ocrx_word' id='word_1_238' title='bbox 324 2142 512 2205; x_wconf 89' lang='lat' dir='ltr'>orabat,</span> <span class='ocrx_word' id='word_1_239' title='bbox 535 2144 841 2210; x_wconf 89' lang='lat' dir='ltr'>intelligenda</span> <span class='ocrx_word' id='word_1_240' title='bbox 860 2154 929 2192; x_wconf 89' lang='lat' dir='ltr'>est</span> <span class='ocrx_word' id='word_1_241' title='bbox 952 2144 1222 2210; x_wconf 89' lang='lat' dir='ltr'>responsio,</span> <span class='ocrx_word' id='word_1_242' title='bbox 1250 2160 1347 2208; x_wconf 92' lang='lat' dir='ltr'>qua</span> <span class='ocrx_word' id='word_1_243' title='bbox 1367 2142 1586 2209; x_wconf 91' lang='lat' dir='ltr'>discipuli</span> <span class='ocrx_word' id='word_1_244' title='bbox 1613 2144 1773 2191; x_wconf 88' lang='lat' dir='ltr'>audita</span> <span class='ocrx_word' id='word_1_245' title='bbox 1795 2144 2173 2193; x_wconf 83' lang='lat' dir='ltr'>consolarentur.</span> <span class='ocrx_word' id='word_1_246' title='bbox 2197 2147 2315 2204; x_wconf 87' lang='lat' dir='ltr'>Quis</span> <span class='ocrx_word' id='word_1_247' title='bbox 2333 2146 2447 2195; x_wconf 83' lang='lat' dir='ltr'>fide-</span> 
     </span>
     <span class='ocr_line' id='line_1_23' title="bbox 323 2220 2446 2293; baseline 0.003 -26"><span class='ocrx_word' id='word_1_248' title='bbox 323 2220 464 2283; x_wconf 89' lang='lat' dir='ltr'>lium,</span> <span class='ocrx_word' id='word_1_249' title='bbox 504 2225 736 2285; x_wconf 87' lang='lat' dir='ltr'>Domine,</span> <span class='ocrx_word' id='word_1_250' title='bbox 764 2224 890 2271; x_wconf 90' lang='lat' dir='ltr'>hanc</span> <span class='ocrx_word' id='word_1_251' title='bbox 919 2224 1062 2271; x_wconf 91' lang='lat' dir='ltr'>etiam</span> <span class='ocrx_word' id='word_1_252' title='bbox 1097 2234 1187 2271; x_wconf 86' lang='lat' dir='ltr'>tuae</span> <span class='ocrx_word' id='word_1_253' title='bbox 1219 2224 1452 2289; x_wconf 84' lang='lat' dir='ltr'>passionis</span> <span class='ocrx_word' id='word_1_254' title='bbox 1483 2223 1766 2272; x_wconf 85' lang='lat' dir='ltr'>anxietatem</span> <span class='ocrx_word' id='word_1_255' title='bbox 1797 2225 1899 2271; x_wconf 85' lang='lat' dir='ltr'>sine</span> <span class='ocrx_word' id='word_1_256' title='bbox 1930 2227 2263 2291; x_wconf 87' lang='lat' dir='ltr'>compassione</span> <span class='ocrx_word' id='word_1_257' title='bbox 2298 2229 2446 2293; x_wconf 90' lang='lat' dir='ltr'>possit</span> 
     </span>
     <span class='ocr_line' id='line_1_24' title="bbox 320 2300 2440 2371; baseline 0.003 -23"><span class='ocrx_word' id='word_1_258' title='bbox 320 2300 516 2349; x_wconf 81' lang='lat' dir='ltr'>audire?</span> <span class='ocrx_word' id='word_1_259' title='bbox 540 2302 666 2350; x_wconf 90' lang='lat' dir='ltr'>hanc</span> <span class='ocrx_word' id='word_1_260' title='bbox 689 2320 778 2369; x_wconf 91' lang='lat' dir='ltr'>pro</span> <span class='ocrx_word' id='word_1_261' title='bbox 803 2301 944 2350; x_wconf 92' lang='lat' dir='ltr'>nobis</span> <span class='ocrx_word' id='word_1_262' title='bbox 970 2313 1101 2351; x_wconf 89' lang='lat' dir='ltr'>tuam</span> <span class='ocrx_word' id='word_1_263' title='bbox 1125 2302 1533 2368; x_wconf 87' lang='lat' dir='ltr'>perturbationem</span> <span class='ocrx_word' id='word_1_264' title='bbox 1561 2314 1704 2368; x_wconf 87' lang='lat' dir='ltr'>queat</span> <span class='ocrx_word' id='word_1_265' title='bbox 1737 2304 1995 2352; x_wconf 82' lang='lat' dir='ltr'>sustinere?</span> <span class='ocrx_word' id='word_1_266' title='bbox 2022 2306 2096 2353; x_wconf 87' lang='lat' dir='ltr'>Ait</span> <span class='ocrx_word' id='word_1_267' title='bbox 2120 2306 2374 2371; x_wconf 85' lang='lat' dir='ltr'>Apostolus</span> <span class='ocrx_word' id='word_1_268' title='bbox 2390 2309 2404 2332; x_wconf 85' lang='lat'>³</span> <span class='ocrx_word' id='word_1_269' title='bbox 2431 2327 2440 2348; x_wconf 90' lang='lat'>.·</span> 
     </span>
     <span class='ocr_line' id='line_1_25' title="bbox 324 2381 2436 2452; baseline 0.003 -28"><span class='ocrx_word' id='word_1_270' title='bbox 324 2398 347 2423; x_wconf 78' lang='grc' dir='ltr'>α</span> <span class='ocrx_word' id='word_1_271' title='bbox 366 2381 414 2426; x_wconf 88' lang='lat' dir='ltr'>Si</span> <span class='ocrx_word' id='word_1_272' title='bbox 437 2398 588 2428; x_wconf 91' lang='lat' dir='ltr'>unum</span> <span class='ocrx_word' id='word_1_273' title='bbox 611 2383 788 2447; x_wconf 89' lang='lat' dir='ltr'>patitur</span> <span class='ocrx_word' id='word_1_274' title='bbox 803 2382 1075 2430; x_wconf 89' lang='lat' dir='ltr'>membrum</span> <span class='ocrx_word' id='word_1_275' title='bbox 1091 2418 1104 2444; x_wconf 96' lang='lat'>,</span> <span class='ocrx_word' id='word_1_276' title='bbox 1126 2383 1483 2448; x_wconf 89' lang='lat' dir='ltr'>compatiuntur</span> <span class='ocrx_word' id='word_1_277' title='bbox 1506 2383 1669 2430; x_wconf 89' lang='lat' dir='ltr'>omnia</span> <span class='ocrx_word' id='word_1_278' title='bbox 1687 2383 1903 2431; x_wconf 88' lang='lat' dir='ltr'>membra</span> <span class='ocrx_word' id='word_1_279' title='bbox 1920 2419 1933 2444; x_wconf 96' lang='lat'>,</span> <span class='ocrx_word' id='word_1_280' title='bbox 1960 2394 2072 2446; x_wconf 91' lang='lat' dir='ltr'>etc.,</span> <span class='ocrx_word' id='word_1_281' title='bbox 2091 2405 2115 2429; x_wconf 91' lang='lat'>»</span> <span class='ocrx_word' id='word_1_282' title='bbox 2136 2403 2227 2452; x_wconf 93' lang='lat' dir='ltr'>pro</span> <span class='ocrx_word' id='word_1_283' title='bbox 2249 2404 2300 2435; x_wconf 91' lang='lat' dir='ltr'>se</span> <span class='ocrx_word' id='word_1_284' title='bbox 2324 2388 2436 2434; x_wconf 65' lang='lat' dir='ltr'>invi-</span> 
     </span>
     <span class='ocr_line' id='line_1_26' title="bbox 320 2453 2437 2531; baseline 0.001 -24"><span class='ocrx_word' id='word_1_285' title='bbox 320 2475 425 2506; x_wconf 88' lang='lat' dir='ltr'>cem</span> <span class='ocrx_word' id='word_1_286' title='bbox 442 2460 656 2509; x_wconf 88' lang='lat' dir='ltr'>sollicita.</span> <span class='ocrx_word' id='word_1_287' title='bbox 678 2462 807 2520; x_wconf 89' lang='lat' dir='ltr'>Quid</span> <span class='ocrx_word' id='word_1_288' title='bbox 821 2478 933 2526; x_wconf 87' lang='lat' dir='ltr'>ergo</span> <span class='ocrx_word' id='word_1_289' title='bbox 947 2453 1036 2528; x_wconf 89' lang='lat' dir='ltr'>pro</span> <span class='ocrx_word' id='word_1_290' title='bbox 1050 2463 1203 2527; x_wconf 89' lang='lat' dir='ltr'>capite</span> <span class='ocrx_word' id='word_1_291' title='bbox 1215 2461 1407 2509; x_wconf 89' lang='lat' dir='ltr'>dolores</span> <span class='ocrx_word' id='word_1_292' title='bbox 1419 2472 1610 2510; x_wconf 84' lang='lat' dir='ltr'>nostros</span> <span class='ocrx_word' id='word_1_293' title='bbox 1626 2473 1672 2510; x_wconf 90' lang='lat' dir='ltr'>et</span> <span class='ocrx_word' id='word_1_294' title='bbox 1688 2474 1880 2528; x_wconf 88' lang='lat' dir='ltr'>peccata</span> <span class='ocrx_word' id='word_1_295' title='bbox 1893 2474 2130 2529; x_wconf 84' lang='lat' dir='ltr'>portante,</span> <span class='ocrx_word' id='word_1_296' title='bbox 2149 2482 2239 2513; x_wconf 92' lang='lat' dir='ltr'>nos</span> <span class='ocrx_word' id='word_1_297' title='bbox 2254 2473 2437 2531; x_wconf 80' lang='lat' dir='ltr'>oportet</span> 
     </span>
     <span class='ocr_line' id='line_1_27' title="bbox 319 2540 2434 2608; baseline 0.001 -22"><span class='ocrx_word' id='word_1_298' title='bbox 319 2540 501 2589; x_wconf 80' lang='lat' dir='ltr'>facere?</span> <span class='ocrx_word' id='word_1_299' title='bbox 521 2543 648 2600; x_wconf 90' lang='lat' dir='ltr'>Quis.</span> <span class='ocrx_word' id='word_1_300' title='bbox 658 2542 793 2590; x_wconf 89' lang='lat' dir='ltr'>siccis</span> <span class='ocrx_word' id='word_1_301' title='bbox 811 2541 961 2589; x_wconf 88' lang='lat' dir='ltr'>oculis</span> <span class='ocrx_word' id='word_1_302' title='bbox 978 2542 1075 2589; x_wconf 93' lang='lat' dir='ltr'>hoc</span> <span class='ocrx_word' id='word_1_303' title='bbox 1096 2541 1357 2606; x_wconf 80' lang='lat' dir='ltr'>intelligat?</span> <span class='ocrx_word' id='word_1_304' title='bbox 1377 2542 1521 2606; x_wconf 85' lang='lat' dir='ltr'>Cujus</span> <span class='ocrx_word' id='word_1_305' title='bbox 1546 2559 1630 2589; x_wconf 90' lang='lat' dir='ltr'>cor</span> <span class='ocrx_word' id='word_1_306' title='bbox 1654 2542 1897 2608; x_wconf 88' lang='lat' dir='ltr'>lapideum</span> <span class='ocrx_word' id='word_1_307' title='bbox 1923 2543 2064 2591; x_wconf 92' lang='lat' dir='ltr'>dolor</span> <span class='ocrx_word' id='word_1_308' title='bbox 2087 2545 2174 2592; x_wconf 89' lang='lat' dir='ltr'>iste</span> <span class='ocrx_word' id='word_1_309' title='bbox 2194 2562 2293 2592; x_wconf 91' lang='lat' dir='ltr'>non</span> <span class='ocrx_word' id='word_1_310' title='bbox 2313 2543 2434 2590; x_wconf 89' lang='lat' dir='ltr'>scin-</span> 
     </span>
     <span class='ocr_line' id='line_1_28' title="bbox 317 2619 2435 2688; baseline 0.003 -22"><span class='ocrx_word' id='word_1_311' title='bbox 317 2619 432 2669; x_wconf 82' lang='lat' dir='ltr'>dat?</span> <span class='ocrx_word' id='word_1_312' title='bbox 451 2622 658 2669; x_wconf 91' lang='lat' dir='ltr'>Scissum</span> <span class='ocrx_word' id='word_1_313' title='bbox 683 2632 752 2670; x_wconf 90' lang='lat' dir='ltr'>est</span> <span class='ocrx_word' id='word_1_314' title='bbox 777 2622 936 2670; x_wconf 90' lang='lat' dir='ltr'>velum</span> <span class='ocrx_word' id='word_1_315' title='bbox 959 2621 1124 2687; x_wconf 89' lang='lat' dir='ltr'>templi</span> <span class='ocrx_word' id='word_1_316' title='bbox 1140 2622 1191 2669; x_wconf 82' lang='lat' dir='ltr'>in</span> <span class='ocrx_word' id='word_1_317' title='bbox 1208 2632 1305 2682; x_wconf 93' lang='lat' dir='ltr'>tua,</span> <span class='ocrx_word' id='word_1_318' title='bbox 1327 2622 1555 2683; x_wconf 83' lang='lat' dir='ltr'>Domine,</span> <span class='ocrx_word' id='word_1_319' title='bbox 1572 2623 1816 2688; x_wconf 88' lang='lat' dir='ltr'>passione,</span> <span class='ocrx_word' id='word_1_320' title='bbox 1839 2633 1885 2670; x_wconf 90' lang='lat' dir='ltr'>et</span> <span class='ocrx_word' id='word_1_321' title='bbox 1904 2623 1965 2670; x_wconf 92' lang='lat' dir='ltr'>ad</span> <span class='ocrx_word' id='word_1_322' title='bbox 1985 2634 2119 2672; x_wconf 85' lang='lat' dir='ltr'>terrae</span> <span class='ocrx_word' id='word_1_323' title='bbox 2134 2635 2315 2673; x_wconf 87' lang='lat' dir='ltr'>motum</span> <span class='ocrx_word' id='word_1_324' title='bbox 2334 2624 2435 2688; x_wconf 87' lang='lat' dir='ltr'>ipsa</span> 
     </span>
     <span class='ocr_line' id='line_1_29' title="bbox 317 2699 2431 2767; baseline 0.001 -20"><span class='ocrx_word' id='word_1_325' title='bbox 317 2701 456 2748; x_wconf 89' lang='lat' dir='ltr'>etiam</span> <span class='ocrx_word' id='word_1_326' title='bbox 475 2701 583 2749; x_wconf 85' lang='lat' dir='ltr'>fissa</span> <span class='ocrx_word' id='word_1_327' title='bbox 595 2712 666 2749; x_wconf 90' lang='lat' dir='ltr'>est</span> <span class='ocrx_word' id='word_1_328' title='bbox 677 2702 851 2749; x_wconf 88' lang='lat' dir='ltr'>duritia</span> <span class='ocrx_word' id='word_1_329' title='bbox 866 2712 1125 2767; x_wconf 90' lang='lat' dir='ltr'>petrarum.</span> <span class='ocrx_word' id='word_1_330' title='bbox 1143 2699 1225 2748; x_wconf 92' lang='lat' dir='ltr'>Sol</span> <span class='ocrx_word' id='word_1_331' title='bbox 1242 2701 1522 2749; x_wconf 85' lang='lat' dir='ltr'>obscuratus</span> <span class='ocrx_word' id='word_1_332' title='bbox 1538 2711 1624 2762; x_wconf 91' lang='lat' dir='ltr'>est,</span> <span class='ocrx_word' id='word_1_333' title='bbox 1643 2711 1871 2767; x_wconf 89' lang='lat' dir='ltr'>tanquam</span> <span class='ocrx_word' id='word_1_334' title='bbox 1887 2703 2230 2752; x_wconf 86' lang='lat' dir='ltr'>immanitatem</span> <span class='ocrx_word' id='word_1_335' title='bbox 2245 2703 2431 2751; x_wconf 89' lang='lat' dir='ltr'>sceleris</span> 
     </span>
     <span class='ocr_line' id='line_1_30' title="bbox 314 2781 2426 2852; baseline 0.002 -26"><span class='ocrx_word' id='word_1_336' title='bbox 314 2782 591 2846; x_wconf 89' lang='lat' dir='ltr'>conspicere</span> <span class='ocrx_word' id='word_1_337' title='bbox 600 2798 700 2829; x_wconf 91' lang='lat' dir='ltr'>non</span> <span class='ocrx_word' id='word_1_338' title='bbox 711 2781 868 2830; x_wconf 88' lang='lat' dir='ltr'>ferret.</span> <span class='ocrx_word' id='word_1_339' title='bbox 881 2785 987 2848; x_wconf 89' lang='lat' dir='ltr'>Ipsa</span> <span class='ocrx_word' id='word_1_340' title='bbox 999 2798 1194 2846; x_wconf 83' lang='lat' dir='ltr'>quoque</span> <span class='ocrx_word' id='word_1_341' title='bbox 1210 2781 1517 2842; x_wconf 90' lang='lat' dir='ltr'>insensibilia,</span> <span class='ocrx_word' id='word_1_342' title='bbox 1529 2791 1757 2847; x_wconf 84' lang='lat' dir='ltr'>tanquam</span> <span class='ocrx_word' id='word_1_343' title='bbox 1768 2792 1898 2830; x_wconf 90' lang='lat' dir='ltr'>tuam</span> <span class='ocrx_word' id='word_1_344' title='bbox 1908 2785 2135 2832; x_wconf 84' lang='lat' dir='ltr'>sentirent</span> <span class='ocrx_word' id='word_1_345' title='bbox 2143 2784 2426 2852; x_wconf 83' lang='lat' dir='ltr'>passionem,</span> 
     </span>
     <span class='ocr_line' id='line_1_31' title="bbox 315 2860 2459 2930; baseline 0.001 -23"><span class='ocrx_word' id='word_1_346' title='bbox 315 2861 658 2924; x_wconf 88' lang='lat' dir='ltr'>compassionis</span> <span class='ocrx_word' id='word_1_347' title='bbox 681 2860 999 2909; x_wconf 88' lang='lat' dir='ltr'>exhibuerunt</span> <span class='ocrx_word' id='word_1_348' title='bbox 1022 2861 1260 2909; x_wconf 82' lang='lat' dir='ltr'>affectum.</span> <span class='ocrx_word' id='word_1_349' title='bbox 1287 2865 1349 2908; x_wconf 90' lang='lat' dir='ltr'>Ut</span> <span class='ocrx_word' id='word_1_350' title='bbox 1377 2872 1538 2910; x_wconf 82' lang='lat' dir='ltr'>autem</span> <span class='ocrx_word' id='word_1_351' title='bbox 1562 2872 1610 2910; x_wconf 88' lang='lat' dir='ltr'>et</span> <span class='ocrx_word' id='word_1_352' title='bbox 1626 2862 1727 2910; x_wconf 87' lang='lat' dir='ltr'>haec</span> <span class='ocrx_word' id='word_1_353' title='bbox 1745 2865 2013 2929; x_wconf 87' lang='lat' dir='ltr'>compassio</span> <span class='ocrx_word' id='word_1_354' title='bbox 2033 2875 2192 2913; x_wconf 89' lang='lat' dir='ltr'>nostra</span> <span class='ocrx_word' id='word_1_355' title='bbox 2216 2872 2430 2930; x_wconf 87' lang='lat' dir='ltr'>penetret</span> <span class='ocrx_word' id='word_1_356' title='bbox 2456 2924 2459 2926; x_wconf 26' lang='grc'>-</span> 
     </span>
     <span class='ocr_line' id='line_1_32' title="bbox 313 2941 2421 3011; baseline 0.001 -24"><span class='ocrx_word' id='word_1_357' title='bbox 313 2955 370 2987; x_wconf 88' lang='lat' dir='ltr'>ac</span> <span class='ocrx_word' id='word_1_358' title='bbox 387 2941 572 2989; x_wconf 88' lang='lat' dir='ltr'>scindat</span> <span class='ocrx_word' id='word_1_359' title='bbox 597 2941 770 3002; x_wconf 91' lang='lat' dir='ltr'>corda,</span> <span class='ocrx_word' id='word_1_360' title='bbox 800 2942 861 2990; x_wconf 91' lang='lat' dir='ltr'>ad</span> <span class='ocrx_word' id='word_1_361' title='bbox 885 2943 1177 3003; x_wconf 86' lang='lat' dir='ltr'>intermissa,</span> <span class='ocrx_word' id='word_1_362' title='bbox 1199 2959 1302 2990; x_wconf 88' lang='lat' dir='ltr'>non</span> <span class='ocrx_word' id='word_1_363' title='bbox 1327 2942 1546 3005; x_wconf 89' lang='lat' dir='ltr'>dimissa,</span> <span class='ocrx_word' id='word_1_364' title='bbox 1569 2945 1737 2992; x_wconf 90' lang='lat' dir='ltr'>caritas</span> <span class='ocrx_word' id='word_1_365' title='bbox 1754 2946 1996 3011; x_wconf 87' lang='lat' dir='ltr'>suspirans</span> <span class='ocrx_word' id='word_1_366' title='bbox 2024 2947 2195 3011; x_wconf 89' lang='lat' dir='ltr'>stylum</span> <span class='ocrx_word' id='word_1_367' title='bbox 2214 2945 2421 2994; x_wconf 87' lang='lat' dir='ltr'>reducat.</span> 
     </span>
     <span class='ocr_line' id='line_1_33' title="bbox 297 3023 2437 3087; baseline 0.003 -18"><span class='ocrx_word' id='word_1_368' title='bbox 297 3066 299 3069; x_wconf 85' lang='grc'><em>,</em></span> <span class='ocrx_word' id='word_1_369' title='bbox 376 3023 600 3085; x_wconf 86' lang='lat' dir='ltr'>Egressus</span> <span class='ocrx_word' id='word_1_370' title='bbox 617 3024 774 3087; x_wconf 89' lang='lat' dir='ltr'>itaque</span> <span class='ocrx_word' id='word_1_371' title='bbox 789 3023 1024 3071; x_wconf 91' lang='lat' dir='ltr'>Dominus</span> <span class='ocrx_word' id='word_1_372' title='bbox 1045 3023 1107 3071; x_wconf 93' lang='lat' dir='ltr'>ad</span> <span class='ocrx_word' id='word_1_373' title='bbox 1126 3034 1341 3071; x_wconf 89' lang='lat' dir='ltr'>montem</span> <span class='ocrx_word' id='word_1_374' title='bbox 1366 3023 1561 3086; x_wconf 78' lang='lat' dir='ltr'>oliveti,</span> <span class='ocrx_word' id='word_1_375' title='bbox 1588 3025 1708 3073; x_wconf 90' lang='lat' dir='ltr'>sicut</span> <span class='ocrx_word' id='word_1_376' title='bbox 1733 3026 1976 3073; x_wconf 81' lang='lat' dir='ltr'>Matthaeus</span> <span class='ocrx_word' id='word_1_377' title='bbox 1998 3028 2154 3086; x_wconf 85' lang='lat' dir='ltr'>refert,</span> <span class='ocrx_word' id='word_1_378' title='bbox 2174 3028 2301 3074; x_wconf 90' lang='lat' dir='ltr'>venit</span> <span class='ocrx_word' id='word_1_379' title='bbox 2317 3025 2437 3075; x_wconf 70' lang='lat' dir='ltr'>inde,</span> 
     </span>
     <span class='ocr_line' id='line_1_34' title="bbox 309 3101 2427 3171; baseline 0.003 -23"><span class='ocrx_word' id='word_1_380' title='bbox 309 3117 418 3148; x_wconf 90' lang='lat' dir='ltr'>cum</span> <span class='ocrx_word' id='word_1_381' title='bbox 441 3101 683 3168; x_wconf 87' lang='lat' dir='ltr'>discipulis</span> <span class='ocrx_word' id='word_1_382' title='bbox 706 3103 757 3150; x_wconf 92' lang='lat' dir='ltr'>in</span> <span class='ocrx_word' id='word_1_383' title='bbox 782 3102 941 3151; x_wconf 90' lang='lat' dir='ltr'>villam</span> <span class='ocrx_word' id='word_1_384' title='bbox 964 3120 1069 3168; x_wconf 87' lang='lat' dir='ltr'>quae</span> <span class='ocrx_word' id='word_1_385' title='bbox 1090 3104 1264 3152; x_wconf 90' lang='lat' dir='ltr'>dicit-ur</span> <span class='ocrx_word' id='word_1_386' title='bbox 1281 3105 1603 3154; x_wconf 89' lang='lat' dir='ltr'>Gethsemani.</span> <span class='ocrx_word' id='word_1_387' title='bbox 1633 3109 1789 3165; x_wconf 89' lang='lat' dir='ltr'>Quem</span> <span class='ocrx_word' id='word_1_388' title='bbox 1813 3107 2025 3171; x_wconf 88' lang='lat' dir='ltr'>profecto</span> <span class='ocrx_word' id='word_1_389' title='bbox 2054 3107 2215 3155; x_wconf 88' lang='lat' dir='ltr'>locum</span> <span class='ocrx_word' id='word_1_390' title='bbox 2245 3109 2427 3155; x_wconf 87' lang='lat' dir='ltr'>Marcus</span> 
     </span>
     <span class='ocr_line' id='line_1_35' title="bbox 307 3180 2426 3247; baseline 0.004 -19"><span class='ocrx_word' id='word_1_391' title='bbox 307 3180 539 3245; x_wconf 85' lang='lat' dir='ltr'>praedium</span> <span class='ocrx_word' id='word_1_392' title='bbox 563 3184 796 3244; x_wconf 88' lang='lat' dir='ltr'>nominat,</span> <span class='ocrx_word' id='word_1_393' title='bbox 815 3186 1022 3231; x_wconf 89' lang='lat' dir='ltr'>Joannes</span> <span class='ocrx_word' id='word_1_394' title='bbox 1045 3183 1188 3232; x_wconf 89' lang='lat' dir='ltr'>dicit:</span> <span class='ocrx_word' id='word_1_395' title='bbox 1215 3204 1239 3230; x_wconf 89' lang='lat'>«</span> <span class='ocrx_word' id='word_1_396' title='bbox 1255 3188 1403 3234; x_wconf 89' lang='lat' dir='ltr'>Trans</span> <span class='ocrx_word' id='word_1_397' title='bbox 1423 3185 1702 3234; x_wconf 79' lang='lat' dir='ltr'>Jordanem⁴</span> <span class='ocrx_word' id='word_1_398' title='bbox 1717 3186 1925 3247; x_wconf 90' lang='lat' dir='ltr'>Cedron,</span> <span class='ocrx_word' id='word_1_399' title='bbox 1946 3186 2027 3235; x_wconf 92' lang='lat' dir='ltr'>ubi</span> <span class='ocrx_word' id='word_1_400' title='bbox 2049 3197 2148 3235; x_wconf 86' lang='lat' dir='ltr'>erat</span> <span class='ocrx_word' id='word_1_401' title='bbox 2166 3187 2358 3247; x_wconf 77' lang='lat' dir='ltr'>hortus,</span> <span class='ocrx_word' id='word_1_402' title='bbox 2378 3191 2426 3237; x_wconf 92' lang='lat' dir='ltr'>in</span> 
     </span>
     <span class='ocr_line' id='line_1_36' title="bbox 307 3261 2422 3331; baseline 0.004 -24"><span class='ocrx_word' id='word_1_403' title='bbox 307 3275 452 3323; x_wconf 90' lang='lat' dir='ltr'>quem</span> <span class='ocrx_word' id='word_1_404' title='bbox 488 3261 759 3327; x_wconf 88' lang='lat' dir='ltr'>frequenter</span> <span class='ocrx_word' id='word_1_405' title='bbox 791 3265 924 3311; x_wconf 86' lang='lat' dir='ltr'>Jesus</span> <span class='ocrx_word' id='word_1_406' title='bbox 953 3263 1267 3312; x_wconf 85' lang='lat' dir='ltr'>conveniebat</span> <span class='ocrx_word' id='word_1_407' title='bbox 1291 3281 1402 3314; x_wconf 90' lang='lat' dir='ltr'>cum</span> <span class='ocrx_word' id='word_1_408' title='bbox 1438 3264 1680 3331; x_wconf 85' lang='lat' dir='ltr'>discipulis</span> <span class='ocrx_word' id='word_1_409' title='bbox 1692 3296 1710 3325; x_wconf 92' lang='lat'>,-</span> <span class='ocrx_word' id='word_1_410' title='bbox 1722 3283 1745 3311; x_wconf 89' lang='lat'><strong><em>»</em></strong></span> <span class='ocrx_word' id='word_1_411' title='bbox 1774 3275 2000 3331; x_wconf 88' lang='lat' dir='ltr'>tanquam</span> <span class='ocrx_word' id='word_1_412' title='bbox 2032 3267 2422 3329; x_wconf 87' lang='lat' dir='ltr'>secretissimum,</span> 
     </span>
     <span class='ocr_line' id='line_1_37' title="bbox 307 3332 2425 3414; baseline 0.005 -27"><span class='ocrx_word' id='word_1_413' title='bbox 307 3348 448 3404; x_wconf 88' lang='lat' dir='ltr'>atque</span> <span class='ocrx_word' id='word_1_414' title='bbox 466 3341 527 3388; x_wconf 90' lang='lat' dir='ltr'>ad</span> <span class='ocrx_word' id='word_1_415' title='bbox 551 3341 826 3391; x_wconf 90' lang='lat' dir='ltr'>docendum</span> <span class='ocrx_word' id='word_1_416' title='bbox 857 3343 1136 3409; x_wconf 80' lang='lat' dir='ltr'>discipuIOS,</span> <span class='ocrx_word' id='word_1_417' title='bbox 1165 3345 1263 3393; x_wconf 89' lang='lat' dir='ltr'>sive</span> <span class='ocrx_word' id='word_1_418' title='bbox 1282 3345 1519 3394; x_wconf 88' lang='lat' dir='ltr'>orandum</span> <span class='ocrx_word' id='word_1_419' title='bbox 1537 3332 1927 3395; x_wconf 67' lang='lat' dir='ltr'>convenientem.</span> <span class='ocrx_word' id='word_1_420' title='bbox 1957 3348 2090 3396; x_wconf 89' lang='lat' dir='ltr'>ldem</span> <span class='ocrx_word' id='word_1_421' title='bbox 2113 3349 2271 3414; x_wconf 90' lang='lat' dir='ltr'>itaque</span> <span class='ocrx_word' id='word_1_422' title='bbox 2289 3350 2425 3397; x_wconf 90' lang='lat' dir='ltr'>intel-</span> 
     </span>
    </p>
   </div>
   <div class='ocr_carea' id='block_1_3' title="bbox 351 3521 2421 3577">
    <p class='ocr_par' dir='ltr' id='par_1_3' title="bbox 351 3521 2421 3577">
     <span class='ocr_line' id='line_1_38' title="bbox 351 3521 2421 3577; baseline 0.004 -23"><span class='ocrx_word' id='word_1_423' title='bbox 351 3521 360 3538; x_wconf 72' lang='lat'><strong>·</strong></span> <span class='ocrx_word' id='word_1_424' title='bbox 373 3522 477 3556; x_wconf 78' lang='lat' dir='ltr'>Locus</span> <span class='ocrx_word' id='word_1_425' title='bbox 489 3525 732 3568; x_wconf 61' lang='lat' dir='ltr'>corruptum—¹</span> <span class='ocrx_word' id='word_1_426' title='bbox 741 3527 846 3562; x_wconf 77' lang='lat' dir='ltr'>Locus</span> <span class='ocrx_word' id='word_1_427' title='bbox 862 3527 1112 3571; x_wconf 54' lang='lat' dir='ltr'>corruptum—³</span> <span class='ocrx_word' id='word_1_428' title='bbox 1133 3528 1277 3564; x_wconf 72' lang='lat' dir='ltr'>Corinth.</span> <span class='ocrx_word' id='word_1_429' title='bbox 1293 3530 1323 3571; x_wconf 83' lang='lat'>1,</span> <span class='ocrx_word' id='word_1_430' title='bbox 1340 3540 1412 3575; x_wconf 82' lang='lat' dir='ltr'>cap.</span> <span class='ocrx_word' id='word_1_431' title='bbox 1432 3541 1497 3572; x_wconf 84' lang='lat' dir='ltr'>xu,</span> <span class='ocrx_word' id='word_1_432' title='bbox 1517 3541 1548 3564; x_wconf 81' lang='lat' dir='ltr'>v.</span> <span class='ocrx_word' id='word_1_433' title='bbox 1565 3530 1693 3565; x_wconf 80' lang='lat'><strong>26.—-⁴</strong></span> <span class='ocrx_word' id='word_1_434' title='bbox 1705 3530 1791 3575; x_wconf 80' lang='lat' dir='ltr'>Lege</span> <span class='ocrx_word' id='word_1_435' title='bbox 1806 3538 1987 3567; x_wconf 73' lang='lat' dir='ltr'>torrentem.</span> <span class='ocrx_word' id='word_1_436' title='bbox 2006 3533 2116 3575; x_wconf 63' lang='lat' dir='ltr'>Joan„</span> <span class='ocrx_word' id='word_1_437' title='bbox 2133 3542 2206 3577; x_wconf 77' lang='lat' dir='ltr'>cap.</span> <span class='ocrx_word' id='word_1_438' title='bbox 2225 3544 2320 3571; x_wconf 84' lang='lat' dir='ltr'>xvm,</span> <span class='ocrx_word' id='word_1_439' title='bbox 2341 3543 2369 3564; x_wconf 89' lang='lat' dir='ltr'>v.</span> <span class='ocrx_word' id='word_1_440' title='bbox 2395 3536 2421 3564; x_wconf 85' lang='lat'>1.</span> 
     </span>
    </p>
   </div>
  </div>
 </body>
</html>
