2970 4152
851 431 928 477 DE
962 399 1186 478 smum
1221 429 1447 479 JOANNE
1481 431 1762 482 ΒΑΡΤιεΤΑ
1795 434 2010 481 SERMo.
2402 438 2495 483 577

380 539 408 571 a
437 523 646 570 minimis
681 523 742 571 ad
772 524 981 577 maxima
1013 522 1335 570 conscendere
1368 524 1599 584 velimus,
1637 537 1691 573 ut
1730 543 1898 574 eorum
1936 527 2156 574 videlicet
2190 527 2415 591 exemplis
2449 539 2496 575 et

379 603 662 650 auctoritate
682 602 885 668 amplius
906 583 1147 662 instructi,
1174 602 1304 650 dona
1332 602 1557 651 libentius
1578 600 1881 669 respuamus,
1907 607 2108 654 Paulum
2132 606 2383 653 doctorem
2406 610 2494 653 Ec-

379 682 530 730 clesiae
552 684 811 731 maximum
826 694 1070 748 ponamus
1085 683 1140 729 in
1163 683 1373 729 m‘edium
1383 684 1492 747 ,qui
1511 701 1612 731 non
1635 685 1792 732 solum
1811 686 1939 745 data,
1956 687 2040 734 sed
2062 687 2204 733 etiam
2226 686 2315 733 sibi
2337 686 2497 733 debita

356 760 590 827 “recipere
623 779 724 810 non
753 764 1013 828 acquievit;
1044 778 1129 822 ne,
1159 773 1214 809 ut
1242 763 1341 827 ipse
1369 764 1434 810 ait
1452 800 1463 821 ,
1495 764 1569 810 vel
1593 764 1792 827 gloriam
1814 783 1950 813 suam
1971 767 2229 825 minueret,
2255 766 2330 813 vel
2360 782 2498 813 occa-

379 845 565 892 sionem
592 844 744 909 turpis
771 854 965 908 questus
993 843 1212 910 exemplo
1240 861 1327 891 suo
1358 844 1460 890 aliis
1487 844 1793 908 relinqueret.
1827 847 1924 904 Qui
1942 848 2071 893 enim
2099 847 2364 894 secundum
2386 847 2499 911 legis

379 923 735 982 auctoritatem,
764 932 812 970 et
843 923 1138 971 dominicam
1166 923 1515 971 institutionem
1543 923 1604 970 de
1631 924 1797 972 labore
1827 926 2176 990 praedicationis
2204 945 2299 975 suae
2318 928 2499 974 victum

381 1005 596 1069 accipere
624 1004 915 1065 merebatur,
941 1005 1061 1052 sicut
1089 1006 1244 1052 caeteri
1275 1005 1512 1052 faciebant
1541 1006 1772 1070 apostoli,
1797 1006 1889 1054 hac
1916 1017 2077 1054 tamen
2099 1018 2355 1072 potestate,
2381 1010 2502 1055 sicut

298 1077 302 1084 ’
364 1085 447 1134 'ait
480 1086 605 1150 ipse,
635 1086 707 1132 uti
734 1085 1013 1145 verebatur,
1044 1085 1284 1150 praedictis
1306 1085 1526 1133 videlicet
1555 1087 1731 1145 causis,
1767 1097 1814 1133 et
1848 1104 2153 1153 summopere
2189 1089 2410 1148 cavebat,
2442 1106 2503 1136 ne

381 1165 515 1230 quod
549 1166 896 1214 offendiculum
928 1166 1063 1214 daret
1094 1168 1356 1231 Evangelio
1386 1167 1578 1214 Christi.
1618 1168 1907 1216 Providebat
1933 1170 2110 1234 quippe
2130 1171 2204 1216 vir
2231 1169 2506 1217 discretissi-

382 1262 513 1305 mus,
543 1256 591 1293 et
611 1246 785 1311 animo:
805 1246 987 1294 liberali
1015 1229 1265 1311 praeditils,
1292 1248 1331 1294 si
1359 1247 1644 1294 seminando
1673 1247 1898 1312 spiritalia
1927 1259 2126 1295 meteret
2146 1249 2376 1308 carnalia,
2404 1266 2503 1296 non

380 1336 478 1376 tam
501 1327 794 1374 manducare
828 1338 881 1374 ut
909 1315 1276 1391 evangelizaret,
1313 1345 1459 1392 quam
1490 1328 1813 1392 evangelizare
1835 1339 1889 1375 ut
1911 1329 2244 1389 manducaret,
2277 1347 2338 1376 ne
2365 1329 2505 1393 quid¹

379 1416 479 1479 tam
504 1424 559 1454 ex
582 1407 825 1465 charitate
818 1425 979 1474 quam
1008 1425 1064 1456 ex
1091 1403 1358 1457 ambitione
1386 1409 1436 1456 id
1466 1410 1644 1469 facere,
1669 1427 1760 1457 nec
1782 1421 1879 1458 tam
1903 1428 2008 1476 quae
2030 1411 2205 1458 Christi
2228 1421 2339 1458 sunt
2361 1427 2505 1475 quam

380 1503 485 1553 quae
506 1505 592 1536 sua
615 1506 843 1554 quaerere.
860 1490 908 1537 Si
925 1507 1039 1554 ergo
1062 1507 1163 1580 lpse
1185 1506 1248 1539 ne
1268 1499 1459 1556 turpem
1482 1491 1747 1538 incurreret
1768 1493 2108 1558 suspicionem,
2131 1491 2292 1539 debita
2313 1508 2506 1556 quoque

380 1568 619 1633 suscipere
641 1569 701 1616 de
723 1579 859 1617 tanto
880 1569 1016 1617 lucro
1039 1560 1309 1618 animarum
1332 1571 1547 1630 erubuit,
1573 1582 1754 1636 quanta
1782 1582 1852 1619 est
1880 1571 2177 1637 impudentia
2205 1581 2392 1627 nostra,
2424 1573 2504 1635 qui

369 1655 484 1723 *non
505 1648 844 1715 deprecatione
858 1650 935 1698 vel
957 1651 1274 1699 conversione
1295 1609 1550 1698 hominuni
1563 1652 1744 1699 victum
1765 1653 2067 1718 suscipimus,
2087 1653 2126 1700 si
2149 1653 2209 1699 de
2231 1651 2505 1699 adulatione

379 1735 635 1817 pOtentum
666 1730 823 1794 ipsum
845 1731 1058 1796 qualibet
1080 1742 1189 1794 arte,
1200 1749 1456 1824 possumus
1479 1743 1832 1797 extorquemus.
1858 1733 1952 1790 Qui
1981 1733 2124 1779 etiam
2153 1748 2504 1795 nonnunquam

336 1864 338 1866 ‚
355 1815 369 1829 ¹>
379 1806 430 1854 in
443 1818 627 1858 tantam
638 1812 999 1876 prorumpimus
1012 1805 1343 1876 ignominiam,
1360 1824 1413 1861 ut
1429 1814 1721 1879 phylacteria
1736 1823 1900 1861 nostra
1912 1813 2182 1872 dilatantes,
2199 1823 2246 1859 et
2259 1812 2504 1859 interdum

381 1903 537 1937 cassas
559 1906 671 1937 cum
691 1891 903 1958 reliquiis
925 1902 1203 1940 sanctorum
1225 1894 1630 1953 circumferentes,
1655 1893 1812 1942 venali
1835 1893 2173 1959 praedicatione
2195 1892 2379 1939 mundo
2403 1891 2502 1939 dis-

382 1984 628 2018 curramus
657 1990 666 2017 :
693 1981 741 2018 et
762 1988 1118 2037 nonnunquam
1140 1973 1739 2039 pseudo-praedicatoribus
1762 1974 2030 2034 conductis,
2056 1990 2161 2039 quae
2182 1972 2381 2019 veritate
2404 1989 2503 2018 non

382 2065 653 2114 possumus,
679 2052 941 2101 mendaciis
972 2053 1230 2101 lucramur.
1270 2055 1415 2112 Quod
1446 2056 1485 2102 si
1509 2054 1801 2120 quandoque
1835 2054 1924 2102 sub
1960 2053 2161 2102 obtentu
2195 2053 2507 2116 eleemosynae

380 2127 539 2194 aliqua
560 2131 805 2195 largimur,
831 2133 893 2180 ad
915 2133 1010 2181 hoc
1032 2135 1196 2199 utique
1220 2135 1531 2195 intendimus,
1558 2145 1611 2182 ut
1632 2136 1815 2199 majora
1838 2135 2122 2200 recipiamus
2142 2152 2151 2180 :
2175 2143 2222 2180 et
2244 2133 2379 2198 quasi
2400 2148 2506 2178 mo-

354 2208 541 2258 *dicam
553 2228 710 2260 escam
727 2213 776 2259 in
794 2213 940 2261 hamo
962 2216 1206 2280 ponimus,
1223 2225 1277 2262 ut
1298 2216 1365 2262 sic
1388 2233 1616 2279 magnum
1633 2217 1812 2281 piscem
1836 2215 2157 2274 extrahamus,
2175 2230 2266 2261 nec
2285 2223 2385 2260 tam
2403 2212 2506 2259 aliis

382 2307 528 2355 quam
546 2293 687 2340 nobis
703 2293 935 2342 beneficia
960 2296 1302 2360 impendimus,
1324 2313 1414 2343 nec
1436 2307 1536 2343 tam
1553 2297 1656 2344 aliis
1672 2313 1820 2361 quam
1844 2296 1984 2343 nobis
2006 2294 2289 2343 charitatem
2311 2291 2503 2340 exhibe-

381 2385 512 2429 mus,
538 2372 576 2417 si
600 2371 722 2419 forte
742 2374 793 2419 in
822 2373 996 2420 talibus
1017 2374 1092 2420 vel
1122 2374 1435 2434 beneficium,
1460 2375 1536 2422 vel
1568 2375 1774 2422 charitas
1808 2375 1902 2422 dici
1933 2384 2094 2439 queat.
2126 2376 2306 2420 Seneca
2333 2372 2508 2435 quippe

383 2451 617 2498 maximus
632 2468 825 2498 morum
846 2453 1106 2499 aedificator
1126 2453 1416 2500 beneficium
1435 2491 1446 2513 ,
1473 2464 1520 2500 et
1540 2453 1710 2501 beatus
1732 2455 1989 2517 Gregorius
2011 2453 2293 2500 charitatem
2315 2452 2509 2498 nonnisi

384 2544 495 2592 erga
517 2529 691 2577 alteros
713 2530 881 2577 haberi
905 2542 1137 2578 asserunt.
1166 2532 1248 2578 Ille
1270 2532 1467 2596 quidem
1496 2533 1545 2578 in
1574 2549 1719 2596 supra
1743 2542 2011 2580 memorato
2034 2531 2092 2578 de
2116 2531 2362 2591 Beneficiis*
2384 2529 2507 2577 libro

315 2615 322 2630 ⁹
385 2611 452 2657 sic
473 2611 714 2657 meminit’
731 2629 745 2657 ε
776 2630 798 2655 «
827 2614 977 2658 Nemo
1001 2612 1091 2659 sibi
1117 2611 1408 2659 beneficium
1431 2612 1536 2671 dat,
1563 2613 1647 2660 sed
1671 2623 1850 2660 naturae
1872 2629 1966 2659 suae
1988 2622 2122 2677 paret
2144 2629 2172 2658 a
2193 2628 2289 2676 qua
2309 2610 2371 2658 ad
2394 2609 2507 2657 cha·

385 2690 573 2738 ritatem
596 2692 668 2738 sui
685 2693 980 2756 compositus
1002 2702 1088 2754 est,
1110 2710 1200 2740 nec
1222 2693 1429 2740 liberalis
1452 2703 1523 2740 est
1545 2694 1627 2758 qui
1651 2693 1741 2740 sibi
1764 2693 1931 2740 donat.
1958 2692 2248 2740 Beneficium
2270 2701 2358 2750 est,
2375 2691 2507 2756 quod

385 2770 583 2834 quidem
605 2787 705 2818 non
729 2788 814 2819 sua
834 2787 977 2820 causa
998 2771 1106 2832 dat,
1132 2772 1217 2820 sed
1240 2773 1339 2836 ejus
1363 2773 1440 2819 cui
1463 2772 1561 2820 dat.
1594 2776 1638 2820 Is
1666 2783 1826 2820 autem
1855 2773 1937 2837 qui
1964 2771 2054 2819 sibi
2082 2771 2370 2819 beneficium
2400 2770 2504 2828 dat,

386 2866 472 2898 sua
492 2867 635 2899 causa
655 2851 737 2899 dat
764 2870 774 2898 :
798 2869 898 2899 non
923 2863 993 2900 est
1015 2870 1129 2917 ergo
1149 2853 1455 2901 beneficium.
1480 2873 1503 2898 »
1530 2854 1849 2917 Hieronymus
1877 2871 1886 2899 ε
1918 2871 1942 2898 «
1975 2854 2135 2912 Binos,
2163 2871 2186 2896 »
2211 2852 2382 2916 inquit,
2413 2871 2437 2895 «
2458 2852 2505 2898 in

387 2930 725 2995 praedicatione
741 2930 1000 2996 discipulos
1018 2933 1177 2980 mittit.
1204 2934 1327 2991 Quia
1346 2934 1477 2980 enim
1499 2933 1598 2981 duo
1621 2943 1732 2981 sunt
1753 2943 1990 2998 praecepta
2006 2932 2264 2990 charitatis,
2284 2931 2371 2977 Dei
2383 2930 2511 2977 vide-

386 3009 496 3058 licet
512 3027 649 3059 amor
670 3022 717 3059 et
737 3013 961 3076 proximi,
987 3023 1034 3060 et
1056 3014 1214 3060 minus
1237 3031 1383 3079 quam
1406 3015 1530 3061 inter
1552 3014 1675 3061 duos
1696 3014 1863 3062 haberi
1887 3031 1985 3060 non
2006 3023 2179 3077 potest.
2208 3015 2358 3058 Nemo
2378 3012 2509 3058 enim

386 3092 581 3156 proprie
611 3092 672 3139 ad
704 3094 1012 3159 semetipsum
1042 3093 1221 3142 habere
1243 3095 1526 3143 charitatem
1553 3095 1746 3155 dicitur,
1773 3094 1858 3146 sed
1879 3095 1930 3141 in
1953 3094 2156 3141 alterum
2179 3093 2436 3140 dilectione
2458 3108 2507 3138 se

388 3172 623 3233 extendit,
661 3183 713 3219 ut
747 3190 847 3221 esse
881 3174 1087 3223 charitas
1120 3176 1287 3240 possit.
1329 3177 1473 3224 Binos
1502 3176 1563 3224 ad
1592 3176 1954 3242 praedicandum
1982 3175 2216 3222 Dominus
2249 3172 2506 3238 discipulos

388 3253 548 3313 mittit,
565 3264 800 3319 quatenus
820 3255 915 3302 hoc
937 3256 1077 3304 nobis
1100 3258 1268 3305 tacitus
1290 3258 1475 3317 innuat,
1502 3259 1613 3322 quia
1635 3258 1717 3322 qui
1739 3256 2021 3305 charitatem
2045 3272 2157 3320 erga
2179 3255 2381 3303 alterum
2405 3271 2503 3302 non

389 3331 551 3393 habet,
577 3334 925 3398 praedicationis
947 3335 1161 3385 officium
1182 3339 1421 3404 suscipere
1443 3338 1714 3386 nullatenus
1736 3336 1898 3385 debet.
1922 3355 1944 3381 υ

439 3514 448 3532 ⁶
467 3514 567 3549 Aliter
582 3527 692 3558 neque.
711 3536 753 3543 —-
770 3518 782 3536 ²
799 3519 916 3554 Senec.
933 3522 1042 3564 Renes.
1060 3521 1098 3560 V,
1112 3524 1144 3554 9.

553 3586 567 3614 Ι
2298 3577 2351 3616 73
