2970 4152
862 428 981 477 CUM
1014 429 1184 477 PETRI
1221 426 1530 478 ABAELARDI
1559 429 1989 479 SOLU'I'IONIBUS.
2402 430 2498 479 269

371 525 483 589 quia
507 523 826 590 periculosum
848 533 918 571 est
937 524 1098 587 jurare
1114 559 1127 583 ,
1162 541 1222 572 ne
1246 524 1544 590 perjuremus
1560 560 1572 584 ‚
1596 525 1820 584 omnino,
1850 534 2084 589 quantum
2102 540 2379 589 possumus,
2401 524 2495 571 hoc

372 620 648 663 caveamUS,
681 620 742 651 ne
770 603 926 668 aliqua
954 602 1210 667 dignitate,
1241 621 1386 668 quam
1406 621 1481 651 res
1501 603 1701 663 habeat,
1732 621 1818 669 per
1841 605 1992 668 ipsam
2012 604 2172 667 jurare
2197 614 2493 668 appetamus,

375 684 474 731 sive
497 684 599 749 ipsa
625 684 685 731 sit
714 686 868 742 Deus»,
900 692 952 730 ut
984 694 1098 748 pote
1128 680 1342 731 Christus
1360 720 1373 744 ,
1404 700 1487 731 seu
1520 700 1817 748 quaecunque
1839 693 2055 731 creatura
2083 700 2141 731 ex
2166 686 2269 731 Deo
2288 701 2384 749 prae
2411 702 2496 732 cae·

377 765 490 810 teris
514 763 694 827 aliquid
720 763 960 827 dignitatis
982 763 1171 829 adepta.
1194 766 1359 811 Jurare
1377 773 1538 811 autem
1561 780 1649 828 per
1668 763 1847 827 aliquid
1864 799 1876 823 ‚
1909 773 1979 810 est
1999 780 2089 810 nos
2107 764 2152 811 ei
2170 765 2244 810 cui
2260 759 2502 827 juramus,‘

374 844 668 903 concedere,
701 853 755 890 ut
777 843 895 890 nihil
921 842 1133 891 utilitatis
1159 844 1209 891 in
1239 860 1294 891 ea
1318 861 1392 904 re,
1423 861 1511 910 per
1536 860 1681 909 quam
1707 844 1949 907 juramus,
1978 830 2241 891 haBeamus
2268 845 2493 905 ulterius,

375 924 466 971 nisi
501 924 622 984 hoc,
657 923 790 988 quod
811 924 1086 987 juramento
1116 923 1386 984 firmamus,
1414 941 1582 982 verum
1614 926 1689 972 sit.
1726 928 1888 982 Quum
1919 934 2078 972 autem
2101 925 2151 971 in
2177 925 2498 973 ecclesiasticis

377 1006 528 1051 causis
550 1005 708 1051 omnis
727 1005 1079 1064 controversiae,
1101 1015 1155 1052 ut
1171 1004 1426 1070 Apostolus
1445 1006 1535 1055 ait¹
1551 1042 1564 1065 ,
1591 1005 1699 1052 finis
1716 1005 1774 1052 sit
1787 1006 2137 1068 juramentum3
2157 1022 2256 1052 non
2278 1005 2497 1053 hocloco

377 1084 613 1131 Dominus
649 1084 861 1150 praecipit
895 1100 996 1132 non
1018 1084 1205 1148 jurare,
1245 1085 1330 1132 sed
1355 1088 1503 1150 magis
1528 1086 1823 1133 adhortatur.
1849 1085 2079 1143 Quaedam
2103 1102 2311 1151 namque
2334 1089 2497 1151 praeci-

373 1165 572 1229 piuntur
587 1200 600 1224 ‚
646 1164 866 1229 quaedam
908 1164 1250 1230 prohibentur,
1295 1166 1514 1230 quoedam
1557 1166 1818 1214 suadentur
1833 1202 1845 1225 ,
1888 1165 2106 1230 quaedam
2139 1167 2493 1232 permittuntur.

375 1245 716 1310 Praecipiuntur
741 1245 821 1292 illa
845 1246 943 1293 sive
964 1245 1308 1311 prohibentur,
1339 1247 1438 1293 sive
1465 1246 1640 1311 quibus
1662 1247 1737 1294 vel
1759 1263 1871 1294 cum
1890 1246 2063 1311 quibus
2081 1263 2172 1294 nos
2192 1247 2360 1294 salvari
2379 1247 2499 1294 diffi-

375 1325 546 1373 dimuS.
577 1326 699 1373 Mala
722 1327 882 1390 itaque
913 1325 1231 1391 prohibentur
1251 1327 1415 1374 omnia
1431 1363 1443 1387 ,
1477 1337 1524 1375 et
1546 1327 1676 1375 bona
1693 1328 2032 1393 praecipiuntur
2047 1363 2059 1387 ‚
2088 1344 2187 1375 non
2214 1329 2392 1386 omnia,
2415 1329 2498 1375 sed

373 1405 452 1453 illa
477 1415 687 1466 tantum,
713 1422 819 1471 quae
837 1405 976 1454 saluti
997 1407 1260 1454 necessaria
1286 1406 1509 1454 videntur
1530 1426 1540 1454 :
1565 1418 1618 1455 ut
1638 1408 1833 1456 credere
1852 1409 1900 1455 in
1917 1411 2071 1456 Deum
2086 1445 2098 1468 ,
2128 1418 2175 1456 et
2189 1409 2382 1473 diligere
2397 1425 2498 1456 non

372 1494 468 1532 tam
490 1486 649 1551 ipsum
671 1502 815 1550 quam
841 1486 1134 1551 proximum,
1165 1502 1264 1534 non
1294 1486 1568 1547 adulterari,
1591 1497 1638 1535 et
1656 1488 1841 1535 similia.
1871 1488 1953 1536 llla
1978 1505 2091 1536 vero
2109 1488 2255 1549 bona,
2275 1506 2380 1554 quae
2398 1507 2497 1537 non

373 1566 436 1612 ita
462 1567 725 1613 necessaria
743 1576 855 1613 sunt
869 1602 882 1627 ‚
911 1568 1008 1614 sive
1030 1567 1142 1631 quia
1159 1567 1428 1628 strictioris,
1456 1567 1532 1615 vel
1551 1568 1742 1616 laxioris
1761 1579 1872 1616 sunt
1891 1571 1996 1617 vitae
2012 1606 2024 1628 ‚
2050 1580 2097 1617 et
2115 1579 2342 1635 tanquam
2359 1571 2499 1618 nimis

374 1646 491 1704 alta,
531 1647 608 1701 vel
639 1647 782 1694 nimis
813 1646 1002 1708 infima,
1042 1648 1131 1695 sub
1162 1660 1402 1714 praecepto
1434 1666 1532 1697 non
1571 1650 1876 1709 clauduntur,
1917 1652 1997 1699 sed
2034 1651 2109 1699 vel
2141 1653 2498 1717 persuasionem

374 1727 560 1774 consilii
585 1727 766 1776 habent
784 1764 796 1788 ,
826 1738 878 1776 ut
898 1729 1141 1793 virginitas
1157 1764 1169 1788 ,
1190 1729 1264 1777 vel
1284 1729 1589 1794 indulgentiae
1608 1733 1971 1796 permissionem
1989 1769 2000 1791 ‚
2026 1743 2077 1780 ut
2094 1733 2285 1798 nuptiae.
2310 1734 2498 1799 Quippe

373 1810 408 1854 si
434 1819 726 1874 praeceptum
751 1808 812 1856 ad
837 1809 1153 1873 virginitatem
1182 1820 1398 1873 cogeret,
1427 1810 1771 1858 damnarentur
1797 1813 1974 1876 nuptiae
2000 1831 2010 1858 :
2041 1812 2114 1860 vel
2131 1813 2168 1859 si
2187 1813 2249 1860 ad
2274 1814 2463 1877 nuptias
2482 1849 2494 1872 ‚

373 1889 681 1937 damnaretur
706 1889 964 1953 virginitas.
993 1889 1256 1936 Consilium
1274 1891 1433 1954 itaque
1452 1891 1550 1937 sive
1569 1892 1815 1956 persuasio
1832 1927 1844 1951 ,
1867 1902 1937 1939 est
1957 1892 2018 1939 de
2037 1892 2302 1957 potioribus
2322 1893 2462 1940 bonis
2481 1930 2494 1953 ‚

373 1970 624 2035 permissio
650 1986 794 2030 ver0,
822 1969 883 2017 de
910 1969 1200 2028 minoribus,
1237 1969 1331 2017 hoc
1354 1980 1449 2030 est,
1477 1986 1583 2034 quae
1603 1969 1802 2017 minoris
1825 1981 1935 2018 sunt
1955 1972 2110 2019 meriti
2130 2008 2142 2031 ‚
2173 1972 2368 2037 quando
2391 1990 2503 2020 con·

371 2049 526 2097 silium
555 2049 617 2097 de
647 2049 924 2098 melioribus
960 2048 1118 2114 aliqua
1150 2047 1415 2096 diffidentia
1444 2049 1519 2096 vel
1559 2049 1912 2115 dispensatione
1938 2068 2038 2106 non
2072 2054 2339 2117 suscipitur.
2382 2056 2497 2111 Quae

372 2146 484 2194 ergo
515 2140 611 2178 tam
635 2129 755 2190 fieri,
787 2146 933 2195 quam
958 2129 1132 2177 dimitti
1155 2129 1290 2190 licet,
1311 2139 1603 2195 praeceptum
1622 2146 1721 2177 non
1739 2130 1919 2178 habent
1939 2167 1952 2191 ‚
1990 2131 2074 2180 sed
2093 2132 2491 2193 admonitionem,

374 2221 424 2257 ut
448 2211 648 2258 omnino
685 2227 784 2258 non
814 2210 976 2276 jurare
992 2246 1005 2267 ‚
1043 2209 1118 2257 vel
1144 2210 1510 2276 permissionem
1526 2245 1539 2270 ,
1582 2220 1633 2257 ut
1657 2211 1752 2258 hoc
1777 2210 1859 2259 fiat
1883 2228 1974 2277 pro
2008 2213 2286 2261 necessitate
2309 2232 2319 2259 ε
2350 2213 2495 2261 veluti

373 2307 523 2354 quum
545 2290 607 2338 ad
625 2291 980 2356 inquisitionem
1006 2291 1239 2351 veritatis,
1268 2291 1466 2339 testibus
1491 2308 1613 2357 opus
1639 2301 1725 2339 est.
1758 2294 2007 2340 Permissio
2034 2304 2194 2341 autem
2223 2304 2313 2351 est,
2345 2312 2493 2359 quum

373 2370 575 2418 dicitur’
605 2389 616 2417 ε
643 2391 664 2416 «
688 2371 1026 2436 Unusquisque
1051 2370 1226 2419 habeat
1255 2387 1453 2418 uxorem
1484 2387 1619 2418 suam
1652 2382 1849 2436 propter
1884 2372 2276 2433 fornicationem3
2315 2394 2338 2418 »
2379 2391 2493 2439 prae-

373 2451 529 2515 ceptio
558 2466 672 2498 vero
690 2485 703 2510 ,
734 2467 885 2515 quum
910 2450 1084 2499 dicitur
1100 2452 1115 2477 ⁸
1151 2468 1162 2495 τ
1205 2470 1227 2495 «
1250 2450 1472 2515 Alligatus
1496 2467 1548 2498 es
1574 2451 1739 2498 uxori?
1768 2451 1868 2499 noli
1895 2469 2106 2516 quaerere
2136 2453 2437 2502 solutionem.
2467 2474 2491 2498 »

376 2531 620 2578 Pei-suasio
645 2547 761 2578 vero
785 2530 999 2590 consilii,
1027 2546 1178 2594 quum
1207 2531 1364 2578 statim
1390 2531 1706 2596 supponitur⁴
1734 2550 1744 2577 :
1775 2550 1798 2576 ι(
1819 2531 2012 2580 Solutus
2031 2550 2081 2580 es
2106 2533 2168 2581 ab
2189 2535 2370 2582 uxore?
2395 2535 2494 2581 noli

374 2625 584 2672 quaerere
612 2626 824 2658 uxorem.
852 2629 876 2655 υ

1097 2726 1340 2758 PROBLEMA
1374 2727 1596 2759 HELOISSAE
1630 2727 1747 2758 XVIII
1753 2747 1763 2758 .

436 2820 563 2878 Quid
583 2830 653 2868 est
677 2822 725 2868 in
749 2820 922 2868 eodem
947 2819 1260 2884 evangelista⁸
1284 2839 1292 2867 :
1327 2842 1350 2867 α
1373 2821 1526 2870 Nolite
1550 2821 1737 2869 solliciti
1762 2839 1863 2870 esse
1880 2821 2091 2871 dicentes
2118 2843 2127 2871 :
2153 2825 2268 2889 quid
2294 2828 2492 2875 mandu-

371 2900 619 2949 cabimus?
639 2921 662 2947 υ
693 2904 750 2948 Et
771 2917 958 2949 rursum
978 2902 992 2925 ⁸
1015 2919 1024 2948 :
1058 2921 1080 2947 «
1102 2901 1257 2950 Nolite
1280 2902 1468 2951 solliciti
1492 2920 1593 2950 esse
1616 2904 1665 2950 in
1684 2904 1960 2951 crastinum.
1985 2906 2225 2953 Crastinus
2245 2908 2372 2954 enim
2394 2908 2494 2966 dies

372 2980 598 3029 sollicitus
635 2982 723 3029 erit
762 2980 852 3029 sibi
887 2981 992 3048 ipsi.
1031 2980 1212 3029 Sufficit
1236 2983 1366 3030 enim
1394 2982 1489 3031 diei
1517 2982 1694 3031 malitia
1725 3001 1826 3031 sua.
1867 3002 1890 3028 »
1922 2986 2146 3049 Nunquid
2176 2988 2302 3033 enim
2328 2992 2488 3053 provi-

370 3063 580 3112 dentiam
620 3062 843 3129 prohibet
871 3062 1177 3110 futurorum?
1205 3064 1432 3129 Nunquid
1459 3073 1506 3111 et
1527 3064 1628 3130 ipse
1654 3065 1890 3111 Dominus
1921 3081 2029 3112 eum
2067 3066 2150 3130 qui
2178 3076 2357 3114 turrem
2388 3057 2488 3116 vult

368 3142 617 3204 aedificare,
647 3143 708 3191 de
731 3141 998 3208 sumptibus
1022 3143 1230 3207 cogitare
1253 3143 1515 3191 admonet?
1545 3147 1600 3191 Et
1626 3144 1907 3209 Apostolus⁷
1933 3162 1945 3191 ι
1984 3164 2006 3188 «
2029 3146 2123 3203 Qui
2146 3157 2344 3211 praeest,
2370 3168 2392 3192 »
2421 3150 2490 3196 in-

371 3225 501 3288 quit,
533 3243 554 3268 «
578 3224 625 3271 in
652 3222 994 3283 sollicitudine3
1019 3242 1044 3268 »
1073 3223 1193 3270 sicut
1216 3234 1262 3271 et
1287 3224 1387 3289 ipse
1413 3224 1638 3283 faciebat,
1668 3224 1728 3271 de
1756 3225 1910 3290 seipso
1938 3224 2130 3272 dicens⁸
2167 3244 2176 3270 :
2217 3246 2241 3270 «
2267 3229 2491 3276 Instantia

375 3320 478 3351 mea
500 3303 804 3368 quotidiana,
835 3301 1107 3350 sollicitudo
1133 3304 1350 3350 omnium
1376 3303 1695 3351 ecclesiarum.
1715 3324 1738 3347 »
2479 3293 2483 3296 ’

418 3455 427 3470 “
455 3455 565 3491 Ηεῠν.,
583 3464 657 3498 cap.
671 3464 722 3494 vi,
742 3464 772 3488 v.
796 3456 847 3487 16.
863 3471 899 3478 -
916 3453 928 3471 “
946 3455 963 3487 Ι
977 3454 1135 3493 Corinth„
1157 3464 1231 3499 cap.
1250 3465 1292 3488 vn
1306 3465 1359 3496 ,v.
1374 3457 1406 3489 2.
1454 3466 1485 3488 v.
1514 3458 1567 3488 31.
1582 3473 1624 3479 -
1645 3454 1658 3471 ⁶
1683 3453 1781 3495 ibid„
1800 3465 1830 3488 v,
1853 3456 1908 3488 34.
1927 3471 1970 3479 ·—
1992 3454 2004 3471 ⁷
2025 3456 2134 3495 Rom„
2163 3466 2236 3499 cap.
2264 3469 2326 3497 χιι,
2349 3470 2376 3490 v.
2400 3461 2431 3491 8.
2450 3477 2491 3484 —

377 3526 412 3531 —
428 3508 441 3526 ⁸
459 3508 558 3550 thid..
584 3520 615 3542 v.
638 3511 694 3542 2¹1.
713 3527 751 3534 -
769 3509 783 3526 ⁶
803 3509 902 3553 1bid.,
923 3509 1005 3544 ibid.
1025 3529 1066 3535 —
1081 3509 1094 3528 ⁸
1110 3510 1239 3550 nauh„
1262 3521 1338 3555 cap.
1357 3522 1386 3544 vi
1402 3537 1410 3552 ,
1457 3511 1470 3529 ⁸
1489 3513 1631 3545 Corinth.
1648 3511 1698 3549 Π,
1715 3520 1790 3554 cap.
1810 3522 1840 3544 xi
1854 3536 1862 3551 ,
1876 3521 1907 3544 v.
1928 3512 1984 3543 28.
