2970 4152
559 346 611 392 64
624 345 654 391 6
1356 345 1529 394 PETRI
1565 347 1875 397 ABAELARDI

557 442 641 490 sed
662 452 897 508 potestate
920 442 1082 488 omnia
1105 441 1440 490 concludente.
1467 443 1554 491 Vel
1579 463 1602 490 «
1623 446 1907 505 immensus,
1937 466 1960 490 »
1987 446 2038 493 id
2060 456 2130 493 est
2158 447 2670 512 incomprehensibilis.

562 543 584 568 (ι
602 527 841 582 AEternus,
859 541 881 566 »
900 532 998 568 tam
1013 522 1250 586 principio
1264 539 1410 586 quam
1424 522 1520 571 fine
1535 541 1718 598 carens.
1740 545 1763 571 «
1778 530 1836 573 Et
1852 537 2014 574 tamen
2029 544 2129 574 non
2149 537 2242 574 tres
2259 529 2631 592 omnipotentes.
2648 549 2671 573 υ

557 606 690 650 Teste
711 602 997 666 AugustinO,
1027 601 1211 648 nullum
1243 620 1423 650 nomen
1452 615 1522 652 est
1548 607 1660 666 Dei,
1687 607 1820 670 cujus
1843 607 2078 670 singulare
2100 608 2166 655 ita
2193 607 2254 654 de
2275 608 2470 672 singulis
2491 609 2677 660 dicatur

563 684 803 749 personis,
842 693 895 730 ut
928 683 1030 746 ejus
1067 682 1312 748 pluralitas
1344 684 1435 732 illis
1466 686 1607 733 simul
1629 688 1907 746 conveniat,
1933 698 2103 752 praeter
2119 688 2215 735 hoc
2236 705 2416 736 nomen
2449 704 2672 754 persona.

556 767 692 810 Pater
728 763 905 827 quippe
934 779 1142 827 persona
1173 773 1270 823 est,
1306 774 1354 811 et
1384 764 1525 812 Filius
1562 782 1790 830 persona,
1825 776 1872 812 et
1892 766 1944 813 hi
1968 767 2066 814 duo
2094 777 2205 814 sunt
2224 784 2455 832 personae.
2483 771 2538 814 At
2560 777 2682 815 vero

559 859 709 905 quum
732 845 871 889 Pater
893 843 952 889 sit
967 845 1117 902 Deus,
1144 852 1191 890 et
1210 843 1353 890 Filius
1369 847 1496 891 Deus
1515 882 1525 905 ,
1552 845 1627 891 vel
1648 846 1909 905 Dominus,
1935 845 2008 892 vel
2033 857 2236 906 creator,
2261 863 2345 894 seu
2367 847 2674 911 principium,

560 933 640 970 aut
661 923 823 971 lumen
837 961 848 982 ,
879 923 954 970 vel
977 925 1284 988 omnipotens
1311 943 1322 971 ε
1357 941 1457 971 non
1485 935 1647 972 tamen
1672 929 1810 972 Pater
1832 936 1879 973 et
1900 926 2043 974 Filius
2066 937 2147 974 aut
2167 927 2234 974 dii
2257 927 2416 992 plures
2437 936 2571 986 sunt,
2596 936 2678 974 aut

559 1013 797 1050 creatores
813 1040 824 1063 ,
847 1012 928 1051 aut
941 1002 1078 1068 plura
1094 1004 1328 1069 principia
1340 1042 1351 1063 ,
1367 1004 1443 1051 vel
1458 1004 1641 1051 lumina
1657 1042 1667 1063 ,
1684 1005 1783 1052 sive
1796 1006 2170 1070 omnipotentes.
2192 1007 2380 1072 Quippe
2396 1022 2546 1070 quum
2559 1005 2679 1053 dici-

558 1093 636 1129 tur
656 1084 901 1149 pluraliter
923 1101 1162 1149 personae,
1188 1085 1434 1133 diversitas
1456 1086 1806 1151 proprietatum
1829 1087 2114 1147 ostenditur,
2141 1104 2242 1134 non
2265 1104 2425 1134 rerum
2447 1103 2651 1133 numero
2664 1124 2675 1146 ,

558 1166 962 1213 velessentialiter
984 1166 1323 1213 differentium.
1351 1169 1387 1212 E
1407 1176 1578 1214 contra
1599 1178 1783 1227 autem,
1809 1168 2138 1215 sisdiceremus
2166 1171 2292 1215 Deos
2313 1168 2390 1215 vel
2410 1176 2647 1215 creatores
2664 1204 2676 1226 ,

559 1256 672 1305 etc„
693 1247 847 1311 ipsam
866 1264 1059 1312 quoque
1080 1264 1242 1294 rerum
1260 1246 1571 1295 essentialiter
1583 1247 1882 1295 diversarum
1903 1249 2262 1296 multitudinem
2284 1258 2677 1307 monstraremus,

559 1343 762 1390 quarum
783 1344 1081 1392 unaquaeque
1103 1338 1224 1375 esset
1246 1330 1391 1386 Deus,
1417 1337 1508 1375 etc.
1539 1328 1710 1374 «Prius
1729 1347 1750 1372 υ
1769 1338 1988 1393 tempore
2006 1328 2082 1376 vel
2102 1328 2371 1376 exsistentia
2387 1327 2677 1392 praecedens.

564 1428 586 1452 «
605 1409 772 1472 Majus,
794 1428 816 1454 »
839 1409 1109 1473 prolatione
1131 1408 1389 1472 dignitatis.
1421 1427 1445 1454 «
1461 1410 1645 1468 Unitas,
1665 1428 1688 1454 »
1712 1409 1889 1456 scilicet
1910 1409 2184 1457 substantiae
2202 1410 2252 1456 in
2274 1408 2426 1456 tribus
2444 1409 2677 1474 personis.

562 1488 842 1535 «Trinitas»
869 1505 895 1535 e
917 1505 1151 1535 converso
1173 1505 1511 1552 personarum,
1537 1489 1588 1535 in
1611 1489 1793 1535 unitate
1820 1489 2042 1536 videlicet
2063 1489 2354 1536 substantiae.
2385 1489 2606 1535 «Sentiat
2623 1525 2634 1547 ,
2656 1507 2679 1531 »

559 1568 609 1617 id
623 1579 693 1615 est
706 1569 887 1617 credat.
909 1588 931 1613 «
947 1569 1174 1628 Salutem,
1185 1588 1208 1613 »
1228 1569 1455 1617 subaudis
1472 1558 1806 1617 obtinendam.
1828 1589 1851 1614 «
1864 1573 1926 1617 Ut
1939 1570 2191 1617 credamus
2207 1580 2353 1630 etc.,»
2362 1570 2492 1634 juxta
2511 1568 2649 1616 illud¹
2667 1587 2677 1615 :

561 1670 583 1694 «
602 1650 759 1697 Corde
782 1650 992 1697 creditur
1008 1650 1070 1697 ad
1087 1651 1337 1714 justitiam,
1357 1668 1441 1698 ore
1463 1661 1623 1698 autem
1645 1651 1882 1699 confessio
1906 1651 1959 1698 fit
1981 1652 2043 1699 ad
2067 1651 2324 1699 salutem.»
2354 1654 2500 1698 «Non
2519 1650 2636 1711 duo,
2656 1668 2680 1695 »

557 1729 784 1778 subaudis
799 1731 974 1778 Christi
995 1734 1142 1791 sunt²,
1162 1731 1247 1778 sed
1269 1748 1394 1778 unus
1415 1740 1604 1778 tantum
1626 1731 1677 1778 in
1700 1749 1907 1797 persona
1928 1731 2158 1779 Christus.
2185 1732 2283 1778 Etsi
2300 1747 2413 1795 ergo
2430 1731 2480 1778 in
2495 1730 2683 1780 Christo

556 1812 753 1860 diversae
787 1823 898 1859 sunt
929 1822 1136 1872 naturae,
1175 1812 1340 1859 divina
1370 1812 1550 1860 scilicet
1580 1823 1723 1878 atque
1757 1813 1997 1874 humana3
2036 1830 2136 1860 non
2162 1823 2324 1860 tamen
2354 1812 2465 1859 ideo
2488 1811 2685 1866 diversae

556 1909 789 1955 personae.
831 1893 975 1951 Quod
1010 1894 1170 1940 statim
1204 1882 1417 1957 congrua
1445 1894 1757 1941 similitudine
1788 1894 2068 1953 confirmat,
2112 1894 2277 1941 dicens
2310 1912 2320 1940 z
2361 1913 2383 1938 «
2417 1896 2538 1940 Nam
2564 1893 2685 1948 sicut

557 1972 740 2031 anima,
765 1991 788 2017 »
813 1972 909 2020 hoc
932 1982 1002 2019 est
1019 2010 1030 2032 ,
1055 1974 1176 2020 sicut
1196 1974 1246 2019 in
1269 1991 1369 2020 uno
1393 1974 1593 2020 homine
1617 1973 1815 2021 diversae
1836 1983 1948 2021 sunt
1965 1983 2171 2033 naturae,
2199 1972 2422 2037 spiritalis
2445 1982 2492 2019 et
2513 1987 2686 2037 corpo-

556 2052 693 2110 ralis3
731 2069 821 2099 nec
850 2063 1012 2100 tamen
1046 2053 1157 2099 ideo
1193 2052 1291 2099 duo
1318 2053 1542 2100 homines
1568 2053 1645 2100 vel
1673 2053 1779 2099 duae
1808 2070 2025 2118 personae
2054 2072 2063 2099 :
2096 2054 2163 2100 ita
2187 2053 2237 2099 in
2261 2052 2451 2099 Christo
2474 2051 2580 2098 duae
2596 2087 2608 2110 ,
2632 2059 2685 2097 ut

559 2134 741 2181 dictum
775 2144 867 2194 est,
905 2144 1016 2181 sunt
1046 2144 1250 2194 naturae,
1288 2151 1390 2181 non
1418 2144 1580 2181 tamen
1601 2134 1715 2180 'duo
1739 2134 1937 2193 Christi,
1963 2135 2063 2181 imo
2093 2134 2167 2181 vel
2190 2134 2296 2180 duae
2316 2149 2548 2198 personae.
2583 2134 2687 2179 Per,-

557 2233 679 2263 sona
699 2217 878 2281 quippe
906 2217 1041 2281 quasi
1062 2233 1149 2281 per
1179 2233 1229 2263 se
1251 2233 1349 2264 una
1370 2215 1561 2276 dicitur,
1588 2233 1689 2263 non
1714 2216 1783 2262 rei
1807 2216 1886 2263 alii
1908 2215 1959 2262 in
1982 2232 2133 2263 unam
2161 2214 2446 2262 rationalem
2469 2213 2687 2261 substan-

558 2296 675 2342 tiam
709 2297 903 2344 sociata.
941 2297 1173 2344 Divinitas
1210 2297 1370 2361 itaque
1402 2296 1690 2343 humanitati
1717 2296 1767 2342 in
1803 2295 1994 2343 Christo
2027 2296 2286 2359 conjuncta
2308 2311 2395 2359 per
2417 2310 2467 2342 se
2489 2292 2556 2340 ihi
2575 2309 2684 2358 per-

556 2392 677 2423 sona
699 2393 794 2423 una
817 2393 918 2424 non
941 2387 1011 2423 est
1034 2376 1264 2435 dicenda,
1290 2387 1337 2424 et
1353 2376 1627 2424 humanitas
1643 2376 1789 2423 altera
1804 2414 1815 2436 ,
1841 2376 1926 2423 sed
1942 2376 2048 2423 duae
2060 2375 2202 2423 simul
2216 2391 2315 2423 una
2332 2384 2444 2422 sunt
2458 2389 2683 2439 persona,

558 2473 664 2521 quae
686 2457 881 2522 proprie
904 2456 1116 2504 Christus
1138 2456 1329 2504 dicitur.
1359 2476 1382 2502 «
1407 2459 1588 2504 Omnes
1610 2456 1832 2503 homines
1854 2466 2104 2520 resurgent
2119 2493 2130 2515 ,
2161 2475 2184 2499 »
2210 2455 2355 2502 etiam
2381 2454 2449 2501 illi
2471 2453 2553 2518 qui
2573 2462 2687 2508 tunc

556 2539 857 2603 reperientur
887 2539 1001 2585 vivi.
1035 2539 1094 2586 Hi
1128 2555 1338 2603 namque
1375 2538 1493 2585 dum
1528 2540 1774 2603 rapientur
1803 2537 1999 2585 obviam
2034 2537 2226 2585 Christo
2259 2537 2310 2583 in
2345 2552 2478 2594 aera,
2509 2534 2686 2598 inipso

555 2629 718 2684 raptu,
754 2635 852 2684 quo
869 2619 1020 2683 judici
1045 2629 1322 2679 occurrent,
1354 2619 1638 2678 morienteS,
1676 2618 1836 2666 statim
1861 2618 2176 2675 reviviscent3
2216 2626 2263 2663 et
2295 2615 2392 2662 hoc
2419 2615 2576 2679 ipsum
2599 2613 2689 2660 erit

556 2701 623 2747 eis
639 2718 886 2765 resurgere
902 2701 1036 2765 quod
1052 2701 1351 2750 reviviscere.
1372 2700 1517 2758 Quod
1533 2701 1571 2748 si
1592 2709 1869 2765 opponatur
1889 2699 1950 2746 de
1971 2697 2261 2763 quibusdam
2276 2735 2288 2757 ,
2313 2712 2523 2761 quorum
2538 2710 2691 2742 resur-

555 2781 704 2828 rectio
737 2781 838 2847 jam
871 2780 1114 2846 completa
1146 2780 1377 2840 creditur,
1412 2780 1559 2828 veluti
1586 2780 1647 2828 de
1680 2779 1753 2827 his
1774 2780 1857 2844 qui
1879 2779 2134 2826 dominicae
2160 2776 2521 2826 resurrectionis
2548 2784 2689 2833 testes

558 2877 644 2908 sua
665 2848 860 2926 quoque
883 2862 1231 2908 resurrectione
1254 2861 1474 2921 fuerunt;
1505 2861 1571 2907 ita
1592 2859 1955 2924 intelligendum
1979 2868 2049 2906 est
2069 2868 2184 2905 tunc
2207 2873 2375 2904 omnes
2396 2864 2687 2903 resurrectu-

560 2959 640 2990 ros
674 2960 802 3002 esse,
840 2953 893 2990 ut
926 2953 1042 2990 tunc
1079 2943 1298 2990 omnium
1335 2943 1621 2990 resurrectio
1657 2942 1724 2992 ita
1757 2941 2073 3006 compleatur,
2111 2950 2164 2987 ut
2192 2939 2437 2986 neminem
2465 2937 2690 3001 deinceps

558 3038 804 3086 resurgere
833 3023 1108 3087 contingat,
1134 3023 1255 3069 sicut
1279 3038 1369 3069 nec
1391 3031 1547 3074 morte
1570 3021 1782 3071 dissolvi.
1805 3040 1828 3066 «
1845 3024 1968 3068 Cum
1990 3019 2275 3086 corporibus
2290 3018 2403 3066 suis.
2428 3036 2451 3061 »
2470 3019 2574 3063 Hoc
2593 3025 2686 3076 est,

561 3103 816 3168 resumptis
852 3103 1034 3151 eisdem
1067 3102 1375 3168 corporibus,
1412 3118 1518 3166 quae
1547 3103 1678 3167 prius
1708 3102 1979 3150 habuerant
2004 3118 2155 3166 quum
2183 3102 2234 3147 in
2256 3108 2466 3146 mortem
2493 3112 2688 3146 corrue—

562 3193 691 3232 runt.
730 3187 836 3232 Non
854 3230 855 3233 ,
871 3186 1000 3233 enim
1025 3194 1239 3249 resurget
1271 3184 1363 3232 nisi
1384 3183 1518 3249 quod
1540 3183 1729 3237 cecidit.
1757 3186 1815 3231 At
1836 3200 1952 3239 vero
1970 3193 2134 3232 utrum
2151 3181 2226 3240 hi,
2259 3181 2341 3245 qui
2370 3177 2557 3244 parvuli
2581 3193 2687 3227 mof-

606 3384 614 3400 ¹
640 3384 749 3423 Rom„
776 3393 850 3429 cap.
870 3396 911 3427 x,
935 3394 968 3418 v.
989 3387 1041 3419 10.
1057 3402 1100 3410 —
1117 3383 1199 3418 'Sic
1217 3395 1236 3417 e
1254 3383 1377 3419 Codice
1407 3383 1574 3419 Victorino
1600 3382 1797 3418 restituimus
1823 3383 1910 3417 hunc
1937 3383 2046 3417 locum
2065 3382 2119 3426 qui
2148 3382 2181 3414 in
2202 3380 2346 3414 editione
2371 3379 2588 3414 Amboesiana
2614 3389 2688 3418 mu.-

563 3444 637 3476 tiius
656 3449 715 3476 est.
