2970 4152
961 373 1020 422 IN
1053 370 1335 422 PASSIONE
1369 369 1581 418 DOMINI
1615 369 1831 416 SERMO.
2358 368 2444 415 434

328 468 640 535 corporaliter
659 485 770 516 eum
790 468 1030 516 Christum
1047 468 1178 528 fecit,
1208 476 1255 514 et
1281 476 1380 513 tam
1408 466 1530 530 tegis
1549 481 1692 529 quam
1723 463 1979 511 sacerdotis
2003 464 2053 510 in
2078 479 2137 510 eo
2163 472 2456 511 sacramenta

326 551 523 616 peregit.
550 550 803 611 Attendite,
825 550 932 611 viri,
953 549 1270 599 humilitatem
1287 547 1485 596 Domini
1495 548 1567 594 rita
1592 556 1645 594 ut
1664 546 1869 594 diximus
1887 546 2196 593 ministrantis
2216 563 2226 591 ε
2249 562 2454 610 perpen-

327 631 448 692 dite,
478 631 686 691 feminae,
715 631 993 695 dignitatem
1020 640 1252 690 vestram,
1280 645 1386 694 quae
1413 628 1482 675 sic
1507 627 1550 675 ei
1577 627 1627 674 in
1656 627 1880 675 omnibus
1906 627 2171 675 ministrare
2199 626 2451 674 meruistis.

328 712 472 771 Quod
506 729 622 760 vero
661 713 830 778 saepius
861 712 1008 777 pedes
1039 711 1212 759 Christi
1246 710 1419 757 mulier
1449 709 1636 756 unxisse
1663 708 1957 773 perhibetur,
1990 718 2208 774 patenter
2244 708 2457 755 innuitur

327 810 440 840 eum
458 793 708 841 calciatum
726 793 948 841 incedere
961 830 973 854 ,
996 793 1132 857 cujus
1149 792 1297 858 pedes
1314 791 1377 839 ad
1394 790 1673 854 ungendum
1688 791 1753 837 ita
1768 791 2094 838 invenirentur
2110 791 2283 855 parati,
2306 807 2457 855 quum

328 882 497 920 tamen*
521 874 622 938 ipse
650 873 894 939 discipulis
929 873 1254 920 sandaliorum
1279 871 1588 919 calciamenta
1616 870 1880 918 indulserit.
1920 873 1988 917 Ex
2011 886 2109 935 quo
2140 881 2300 936 aperte
2323 871 2455 935 juxta

326 953 531 1001 litteram
557 964 711 1018 patet,
741 955 852 1019 quia
877 954 1020 1001 duras
1054 954 1276 1002 habuerit
1306 954 1429 1013 vias,
1460 953 1521 1000 de
1553 952 1726 1017 quihus
1751 953 1851 1017 ipse
1877 952 1936 998 ad
1968 962 2152 1017 patrem
2176 951 2411 1016 loquitur¹
2440 972 2448 999 :

331 1053 355 1077 «
375 1036 576 1100 Propter
591 1034 737 1082 verba
760 1034 998 1082 labiorum
1024 1045 1218 1083 tuorum
1232 1071 1244 1095 ,
1268 1045 1358 1082 etc.
1380 1053 1404 1079 »

392 1114 538 1172 Quod
556 1116 738 1162 veroin
761 1109 968 1163 crastino
989 1115 1050 1163 de
1068 1116 1294 1163 Bethania
1315 1115 1474 1181 primo
1495 1113 1766 1179 Bethphage
1790 1113 1852 1160 ad
1876 1123 2092 1160 montem
2108 1113 2281 1161 Oliveti
2304 1115 2450 1173 venit,

327 1194 502 1242 deinde
526 1195 787 1243 Jerusalem
814 1196 1058 1260 pervenit,
1094 1212 1399 1261 nequaquam
1419 1212 1446 1243 a
1465 1195 1690 1259 mysterio
1710 1204 1861 1241 vacat.
1889 1194 2162 1260 Bethphage
2181 1195 2358 1260 quippe
2382 1195 2452 1241 vi-

327 1273 462 1322 culus
486 1284 556 1322 est
578 1275 900 1335 sacerdotum,
931 1285 977 1322 et
1003 1276 1340 1341 interpretatur
1362 1275 1528 1322 domas
1550 1274 1724 1332 baccoe,
1753 1275 1873 1322 sicut
1898 1274 2125 1322 Bethania
2153 1274 2318 1321 domus
2344 1274 2453 1321 obe-

326 1353 530 1403 dientz'oe.
546 1358 617 1403 De
631 1355 857 1403 Bethania
870 1356 1030 1419 itaque
1044 1356 1319 1421 Bethphage
1334 1356 1540 1414 venitur,
1558 1356 1670 1419 quia
1684 1354 1813 1402 solus
1825 1354 1901 1401 his
1914 1355 2087 1419 dignus
2100 1364 2169 1402 est
2178 1354 2452 1419 praedicare,

326 1434 409 1498 qui
426 1436 558 1500 prius
575 1435 793 1483 didicerit
809 1435 1032 1495 obedire3
1056 1447 1109 1483 ut
1124 1446 1234 1483 ante
1256 1435 1518 1500 discipulus
1543 1434 1682 1483 fuerit
1707 1435 2020 1500 obsequendo
2036 1472 2048 1495 ,
2072 1452 2216 1500 quam
2235 1435 2455 1499 magister

326 1514 408 1563 fiat
421 1517 762 1583 praecipiendo.
785 1521 912 1564 Bene
927 1527 1087 1564 autem
1112 1517 1190 1564 hic
1209 1517 1393 1565 viculus
1413 1516 1716 1564 sacerdotum
1733 1553 1745 1576 ,
1767 1517 1863 1564 hoc
1887 1527 1957 1564 est
1974 1517 2364 1583 praedicatorum,
2393 1517 2453 1564 ad

327 1606 542 1643 montem
556 1597 730 1644 Oliveti
748 1614 850 1644 esse
865 1586 1173 1657 describitur3
1196 1598 1308 1662 quia
1319 1597 1403 1662 qui
1420 1596 1554 1656 taleS,
1575 1607 1627 1643 ut
1643 1596 1867 1657 diximus,
1888 1597 2078 1658 fuerint,
2099 1597 2288 1645 altiores
2305 1598 2353 1644 in
2370 1600 2453 1644 Ec-

327 1675 465 1723 clesia
501 1686 597 1724 tam
632 1677 860 1741 dignitate
895 1677 1078 1725 ordinis
1113 1694 1259 1742 quam
1293 1677 1574 1724 meritorum
1605 1676 1858 1724 habentur.
1899 1677 2039 1724 Unde
2079 1687 2125 1724 et
2156 1678 2448 1724 Dominus²:

329 1775 351 1801 «
376 1757 470 1814 Qui
487 1767 647 1804 autem
680 1758 842 1805 fecerit
866 1768 912 1806 et
937 1758 1155 1805 docuerit
1173 1758 1240 1805 sic
1257 1757 1505 1815 homines,
1533 1757 1613 1804 hic
1632 1773 1832 1822 magnus
1851 1757 2097 1804 vocabitur
2114 1758 2161 1804 in
2191 1774 2339 1822 regno
2359 1775 2453 1805 coe-

326 1836 501 1883 lorum.
528 1856 552 1881 n
581 1837 823 1885 Olivetum
849 1854 1068 1902 quoque,
1091 1837 1225 1902 quod
1250 1838 1411 1885 oleum
1434 1838 1692 1897 ministrat,
1716 1838 1889 1884 sanctis
1912 1836 2300 1902 praedicatoribus
2328 1848 2454 1885 recte

326 1917 561 1981 congruit,
593 1917 764 1964 Oleum
789 1918 968 1983 quippe
1001 1918 1062 1966 de
1095 1919 1227 1982 igne,
1254 1934 1398 1982 quem
1431 1918 1602 1974 nutrit,
1630 1917 1785 1964 lucem
1814 1918 2017 1982 spargit:
2046 1927 2093 1965 et
2120 1917 2454 1983 praedicatores

326 1998 476 2044 sancti
501 1998 608 2062 igne
624 1998 829 2046 caritatis
851 2000 1039 2047 accensi
1057 2009 1286 2063 tanquam
1304 1999 1499 2050 lucerna
1516 2008 1627 2046 sunt
1642 1998 1816 2046 ardens
1833 2009 1880 2045 et
1904 1998 2068 2046 lucens
2091 2017 2100 2045 ε
2131 1998 2303 2045 ardens
2322 1999 2453 2045 vide-

326 2076 436 2124 licet
453 2077 503 2124 in
529 2094 605 2138 se,
629 2078 794 2126 lucens
811 2079 938 2140 aliis,
969 2080 1052 2144 qui
1072 2095 1241 2127 eorum
1262 2078 1592 2126 illuminantur
1613 2079 1968 2144 praedicatione.
2001 2082 2149 2126 Lucas
2178 2096 2291 2127 vero
2312 2079 2452 2126 refert

326 2157 459 2221 quod
477 2174 628 2222 quum
647 2160 1055 2225 appropinquaret
1074 2159 1175 2223 jam
1200 2160 1436 2207 Dominus
1467 2159 1530 2207 ad
1554 2159 1838 2207 descensum
1864 2160 2040 2207 montis
2068 2159 2266 2220 Oliveti,
2300 2176 2454 2225 coepe-

327 2248 436 2285 runt
462 2254 632 2287 omnes
657 2240 807 2288 turbae
831 2239 1225 2288 descendentium
1255 2240 1516 2305 gaudentes
1546 2240 1741 2288 laudare
1773 2244 1929 2288 Deum
1957 2257 2077 2289 voce
2111 2257 2283 2306 magna
2311 2258 2452 2306 super

327 2318 550 2366 omnibus
566 2336 684 2384 quas
702 2320 923 2368 viderant
945 2321 1225 2382 virtutibus,
1246 2322 1484 2370 dicentes³
1507 2341 1517 2369 :
1551 2341 1575 2366 α
1596 2322 1878 2370 Benedictus
1903 2323 1984 2387 qui
2017 2325 2144 2369 venit
2171 2339 2252 2370 rex
2283 2323 2330 2368 in
2357 2339 2452 2369 no-

327 2398 455 2445 mine
473 2400 669 2447 Domini
694 2418 703 2446 :
728 2417 819 2465 pax
850 2402 898 2448 in
925 2401 1070 2461 coelo,
1100 2412 1147 2449 et
1179 2402 1327 2466 gloria
1360 2403 1409 2449 in
1439 2402 1648 2450 excelsis.
1673 2421 1696 2446 »
1724 2405 1851 2450 Bene
1877 2412 2036 2450 autem
2069 2401 2364 2450 descendens
2393 2403 2452 2449 de

328 2489 491 2526 monte
504 2481 741 2528 Dominus
766 2498 794 2528 a
818 2481 968 2528 turbis
991 2481 1303 2546 glorificatum
1327 2483 1440 2547 quia
1466 2483 1557 2530 nisi
1582 2500 1632 2531 se
1649 2484 1756 2547 quis
1777 2483 2119 2544 humiliaverit,
2148 2500 2450 2547 nequaquam

327 2569 536 2607 meretur
552 2561 768 2622 exaltari,
786 2562 906 2609 sicut
924 2572 970 2610 et
986 2562 1047 2609 de
1066 2563 1171 2628 ipso
1190 2564 1419 2629 scriptum
1440 2573 1508 2611 est
1525 2564 1760 2610 Domino‘
1780 2583 1789 2610 ε
1817 2583 1838 2609 «
1857 2563 2130 2611 Humiliavit
2145 2564 2450 2629 semetipsum

328 2640 475 2688 sactus
501 2641 731 2706 obediens
750 2661 899 2708 usque
918 2643 979 2691 ad
1004 2654 1236 2703 mortem,
1269 2655 1473 2692 mortem
1494 2654 1653 2692 autern
1673 2646 1841 2692 crucis.
1875 2648 2074 2710 Propter
2096 2644 2229 2709 quod
2253 2654 2299 2692 et
2322 2647 2449 2692 Deus

327 2721 548 2783 exaltavit
563 2722 724 2784 illum,
748 2734 794 2772 et
819 2724 950 2772 dedit
982 2725 1048 2786 illi
1074 2742 1252 2773 nomen
1279 2725 1412 2790 quod
1432 2735 1500 2773 est
1527 2742 1669 2791 super
1694 2743 1839 2773 omne
1863 2742 2067 2786 nomen,
2100 2735 2189 2773 etc.
2210 2744 2233 2770 »
2266 2725 2450 2773 Deinde

328 2802 478 2850 turbis
495 2804 564 2863 ei,
586 2814 639 2852 ut
663 2804 845 2853 dictum
871 2816 961 2866 est,
995 2806 1159 2855 laudes
1182 2806 1580 2866 acclamantibuS,
1609 2816 1663 2854 ut
1692 2808 2114 2873 appropinquavit,
2146 2806 2311 2855 videns
2342 2807 2451 2853 civi-

327 2892 497 2943 tatem,
536 2883 667 2933 flevit
699 2902 842 2951 super
870 2886 1026 2947 illam,
1060 2887 1276 2935 dicens‘:
1306 2889 1471 2947 «Quia
1511 2888 1550 2935 si
1591 2888 1896 2953 cognovisses
1932 2898 1980 2935 et
2012 2898 2085 2948 tu,
2114 2888 2224 2952 quia
2261 2888 2447 2934 venient

329 2963 454 3023 dies,
483 2974 573 3012 etc.
609 2968 667 3012 Et
691 2982 792 3013 non
818 2966 1090 3032 relinquent
1116 2969 1165 3015 in
1190 2978 1236 3015 te
1264 2967 1473 3034 lapidem
1493 2986 1636 3033 super
1651 2968 1887 3034 lapidem,
1917 2985 1975 3017 eo
1995 2968 2127 3033 quod
2154 2985 2251 3015 non
2275 2984 2451 3032 cogno—

329 3044 434 3092 visti
453 3055 642 3112 tempus
657 3046 940 3095 visitationis
961 3058 1067 3096 tuae.
1088 3067 1112 3094 »

393 3128 436 3172 Ο
460 3142 648 3174 summa
670 3144 780 3192 erga
800 3129 1137 3195 impios'pietas
1150 3166 1162 3190 ,
1186 3140 1233 3177 et
1251 3130 1637 3195 incomparabilis
1655 3147 1764 3194 erga
1785 3129 2001 3177 crudeles
2019 3128 2303 3193 benignitas!
2325 3132 2453 3176 Inter

328 3203 492 3253 laudes
514 3223 619 3271 quae
635 3208 678 3255 ei
705 3207 896 3268 dantur,
921 3218 968 3256 et
986 3210 1338 3257 occurrentium
1357 3210 1528 3274 gaudia
1544 3209 1790 3257 turbarum
1809 3246 1820 3270 ,
1850 3226 1954 3273 quae
1973 3219 2070 3256 tam
2089 3208 2288 3256 sollicite
2303 3208 2363 3256 ab
2378 3209 2451 3255 his

376 3403 385 3419 ¹
413 3403 529 3438 Psalm.
547 3416 620 3448 xvi,
636 3417 667 3439 v.
690 3407 719 3439 4.
737 3425 775 3431 —
792 3407 804 3425 ¹
824 3408 953 3450 Matth„
972 3419 1044 3452 cap.
1063 3421 1095 3449 v,
1112 3420 1142 3442 v,
1167 3410 1275 3444 19.—
1292 3410 1304 3427 ³
1321 3410 1415 3452 Luc„
1440 3421 1513 3455 cap.
1538 3410 1664 3452 xixsv.
1686 3411 1739 3443 37.
1754 3428 1795 3435 —
1811 3408 1825 3426 ⁴
1842 3409 1979 3451 Philip„
2000 3419 2074 3453 cap.
2098 3420 2119 3442 n
2133 3433 2141 3449 ,
2168 3421 2199 3443 v.
2226 3411 2257 3442 8.
2275 3427 2314 3433 —
2332 3409 2344 3427 ⁸
2359 3410 2452 3447 Luc..

331 3471 405 3504 cap.
421 3473 497 3505 xix,
517 3474 547 3497 v.
567 3464 622 3496 42.
