2970 4152
1106 471 1108 475 .
1228 436 1545 502 EPISTOLAE.
2357 435 2449 482 465

336 532 498 588 omnia
520 530 742 581 obeditur
768 533 829 580 ab
851 531 1101 591 omnibus,
1133 530 1318 578 obtinet
1339 529 1620 595 diaconissa.
1650 530 1742 575 Sex
1766 546 1881 576 vero
1906 528 2005 576 aliae
2027 527 2117 575 sub
2135 543 2191 575 ea
2206 562 2218 586 ,
2248 544 2365 591 quas
2384 529 2453 576 di-

335 613 484 666 cimus
517 611 767 670 officiales,
807 612 985 660 ducum
1026 610 1123 658 sive
1169 607 1567 675 consulumfloca
1601 608 1862 673 possident.
1906 610 2086 654 Omnes
2112 622 2226 654 vero
2259 606 2451 671 reliquae

335 691 590 751 moniales,
615 709 732 756 quas
754 708 981 739 vocamus
1005 690 1302 749 claustrales,
1330 689 1533 737 militum
1559 705 1694 736 more
1709 724 1722 747 ,
1746 688 1962 735 divinum
1977 696 2210 753 peragunt
2234 687 2451 752 expedite

333 773 589 835 servitium.
610 755 867 822 Conversa*
891 781 1079 829 autem,
1114 787 1219 834 quae
1248 770 1391 817 etiam
1416 768 1577 816 seculo
1608 769 1960 827 renuntiantes,
1999 767 2229 831 obsequio
2268 769 2450 815 monia-

332 851 447 899 lium
471 868 522 899 se
545 852 790 910 dicarunt,
819 850 984 898 habitu
1009 850 1222 914 quodam
1245 849 1488 913 religiose,
1517 865 1617 896 non
1643 858 1802 896 tamen
1827 848 2093 896 monastico
2111 883 2124 907 ,
2153 848 2288 911 quasi
2318 848 2450 912 pedi—

332 940 429 989 tes„
457 931 729 983 inferiorem
756 929 976 977 obtinent
1000 929 1226 993 gradum„

362 1045 369 1067 r
398 1012 535 1056 Nunc
559 1025 674 1060 vero
694 1019 908 1074 superest
925 1009 1135 1055 Domino
1155 1008 1413 1073 inspirante
1431 1007 1573 1071 hujus
1588 1007 1762 1054 militiae
1781 1006 1954 1071 gradus
1973 1006 2181 1070 singulos
2204 1006 2443 1067 ordinare,

332 1099 383 1146 ut
406 1089 633 1138 adversus
655 1089 1038 1153 impugnationes
1070 1088 1345 1137 daemonum
1375 1103 1485 1134 vere
1520 1087 1579 1134 sit
1611 1086 1743 1151 quod
1776 1085 1949 1133 dicitur
1981 1096 2290 1133 «castrorum
2324 1086 2447 1132 acies

330 1168 563 1220 ordinata.
593 1188 615 1213 »
649 1168 870 1234 Abipso,
898 1169 1094 1232 inquam
1110 1203 1124 1227 ,
1157 1178 1207 1215 ut
1231 1168 1411 1216 dictum
1437 1177 1506 1215 est
1529 1167 1710 1232 capite,
1739 1166 1871 1231 quod
1890 1165 2205 1213 diaconissam
2223 1165 2442 1224 dicimus,

330 1248 470 1312 hujus
493 1250 800 1305 institutionis
828 1249 1057 1298 ducentes
1082 1249 1357 1308 exordium,
1385 1248 1446 1296 de
1472 1249 1573 1314 ipsa
1600 1248 1816 1313 primitus
1841 1247 2173 1312 disponamuS,
2195 1263 2281 1311 per
2300 1263 2444 1310 quam

328 1338 438 1376 sunt
461 1330 623 1378 omnia
645 1329 966 1395 disponenda.=
990 1329 1139 1392 Hujus
1166 1345 1280 1376 vero
1312 1329 1634 1387 sanctitatem,
1673 1329 1792 1375 sicut
1820 1328 1871 1374 in
1905 1326 2192 1392 praecedenti
2227 1327 2444 1374 memini-

329 1425 435 1456 mus
459 1410 684 1475 epistola,
716 1410 882 1458 beatus
908 1409 1079 1457 Paulus
1108 1409 1353 1474 apostolus
1376 1409 1627 1457 Timotheo
1655 1409 1891 1468 scribens,
1920 1425 2065 1472 quam
2090 1409 2381 1455 eminentem
2400 1419 2445 1454 et

325 1487 576 1552 probatam
602 1499 822 1554 oporteat
844 1505 945 1535 esse
971 1488 1220 1553 diligenter
1246 1488 1498 1548 describit,
1527 1489 1719 1536 dicens¹
1743 1508 1753 1534 z
1787 1509 1809 1532 «
1836 1487 1988 1535 Vidua
2012 1487 2208 1552 eligatur
2231 1503 2330 1534 non
2361 1488 2445 1533 mi·

328 1583 418 1616 nus
441 1569 680 1633 sexaginta
702 1585 966 1628 annorum,
995 1585 1099 1633 quae
1128 1569 1268 1617 fuerit
1292 1569 1432 1616 unius
1453 1569 1542 1616 viri
1566 1585 1687 1616 uxor
1703 1604 1715 1628 ‚
1747 1569 1795 1615 in
1823 1567 2048 1633 operibus
2071 1567 2211 1615 bonis
2237 1568 2444 1614 testimo-

327 1648 461 1695 nium
487 1648 671 1700 habens
687 1684 699 1708 ,
729 1649 767 1695 si
795 1648 918 1695 filios
943 1648 1190 1709 educavit,
1222 1649 1262 1695 si
1282 1649 1490 1714 hospitio
1516 1649 1723 1714 recepit,
1759 1649 1798 1695 si
1832 1658 2107 1695 sanctorum
2130 1647 2275 1713 pedes
2299 1647 2440 1704 lavit,

326 1727 365 1773 si
389 1727 742 1776 tribulationem
765 1728 1054 1792 patientibus
1080 1728 1453 1777 subministravit
1467 1765 1480 1788 ,
1509 1729 1549 1775 si
1573 1745 1718 1776 omne
1736 1745 1858 1793 opus
1882 1727 2066 1774 bonum
2088 1727 2338 1778 subsecuta
2355 1738 2440 1774 est.

327 1806 660 1860 Adulescentes
698 1817 855 1854 autem
893 1808 1059 1855 viduas
1095 1808 1268 1856 devita.
1298 1827 1320 1852 »
1349 1808 1480 1856 Idem
1515 1825 1659 1873 supra
1691 1808 1752 1855 de
1789 1808 2086 1867 diaconissis,
2118 1824 2267 1872 quum
2303 1808 2443 1854 etiam

324 1885 637 1934 diaconorum
662 1886 927 1933 institueret
952 1887 1097 1933 vitam
1121 1906 1135 1934 .:
1171 1907 1194 1932 «
1215 1888 1459 1948 Mulieres,
1497 1908 1520 1933 »
1549 1889 1700 1951 inquit
1718 1891 1732 1912 ²
1748 1925 1760 1943 ‚
1798 1907 1822 1933 «
1845 1888 2056 1935 similiter
2081 1888 2278 1953 pudicas
2298 1923 2309 1945 ,
2345 1905 2443 1934 non

324 1964 654 2026 detrahentes,
697 1965 900 2026 sobrias,
946 1965 1108 2013 fideles
1134 1967 1183 2014 in
1212 1967 1451 2014 omnibus.
1491 1986 1514 2010 »
1554 1970 1670 2024 Quae
1708 1967 1902 2030 quidem
1930 1968 2094 2014 omnia
2119 1967 2235 2031 quid
2266 1966 2443 2013 intelli-

323 2046 488 2109 gentiae
511 2045 586 2109 vel
608 2045 805 2093 rationis
835 2045 1071 2105 habeant,
1108 2056 1340 2110 quantum
1375 2047 1688 2106 aestimamus,
1724 2046 1924 2111 epistola
1948 2046 2246 2111 praecedente
2281 2058 2442 2094 nostra

323 2127 433 2179 satis
457 2125 789 2186 disseruimus,
819 2126 1022 2174 maxime
1047 2142 1132 2173 cur
1160 2142 1266 2184 eam
1291 2126 1545 2191 Apostolus
1584 2126 1724 2173 unius
1760 2127 1847 2172 viri
1875 2136 1921 2173 et
1946 2136 2181 2191 provectae
2208 2126 2318 2173 velit
2342 2144 2443 2175 esse

321 2205 481 2252 aetatis.
508 2205 647 2253 Unde
664 2222 763 2253 non
784 2205 1088 2253 mediocriter
1109 2206 1339 2253 miramur
1355 2206 1604 2271 quomodo
1623 2206 1888 2271 perniciosa
1907 2206 2007 2253 haec
2030 2207 2078 2253 in
2106 2206 2311 2253 Ecclesia
2331 2223 2442 2254 con-

321 2285 524 2334 suetudo
546 2286 767 2348 inolevit,
801 2296 851 2334 ut
874 2303 978 2351 quae
1006 2287 1209 2351 virgines
1234 2296 1345 2334 sunt
1360 2323 1373 2346 ,
1401 2287 1560 2352 potius
1585 2303 1729 2351 quam
1754 2303 1859 2351 quae
1880 2287 2007 2333 viros
2032 2298 2359 2350 cognoverunt
2383 2287 2442 2334 ad

320 2363 414 2412 hoc
456 2365 686 2430 eligantur
703 2402 715 2425 ,
761 2377 807 2414 et
848 2366 1120 2430 frequenter
1153 2366 1368 2430 juniores
1408 2366 1675 2415 senioribus
1713 2366 2044 2431 praeficiantur.
2088 2369 2248 2424 Quum
2284 2377 2441 2414 tamen

322 2443 622 2493 Ecclesiastes
645 2445 800 2493 dicat⁸
823 2465 833 2492 z
867 2466 889 2491 «
913 2449 992 2493 Vae
1026 2446 1125 2505 tibi,
1155 2456 1277 2494 terra
1294 2482 1306 2504 ,
1335 2447 1469 2510 cujus
1500 2463 1580 2494 rex
1611 2464 1731 2511 puer
1753 2457 1837 2494 est.
1867 2466 1890 2491 υ
1923 2450 1980 2494 Et
2004 2464 2155 2511 quum
2180 2447 2294 2494 illud
2319 2447 2441 2494 beati

319 2523 410 2570 Job
427 2526 441 2548 ⁴
465 2541 632 2572 omnes
657 2526 832 2591 pariter
859 2526 1180 2591 approbemus
1204 2545 1214 2573 ι
1248 2546 1270 2571 «
1295 2530 1348 2573 ln
1374 2527 1580 2591 antiquis
1604 2537 1674 2574 est
1705 2527 1958 2591 sapientia,
1988 2537 2035 2574 et
2064 2527 2113 2573 in
2142 2527 2293 2573 multo
2327 2538 2441 2574 tem-

319 2619 437 2668 pore
461 2604 729 2669 prudentia.
759 2624 781 2648 »
810 2605 930 2652 Hinc
955 2615 1001 2652 et
1025 2606 1072 2652 in
1098 2605 1360 2652 Proverbiis
1395 2607 1624 2670 scriptum
1650 2616 1721 2653 est
1739 2609 1753 2630 ¹⁵
1783 2624 1792 2651 :
1826 2625 1849 2650 «
1871 2609 2060 2653 Corona
2092 2606 2329 2670 dignitatis
2361 2624 2439 2653 se-

320 2692 484 2730 nectus
499 2719 512 2740 ‚
542 2700 646 2747 quae
671 2684 718 2730 in
738 2685 824 2730 viis
835 2684 1023 2747 justitiae
1046 2685 1359 2750 reperietur.»
1390 2688 1446 2732 Et
1471 2686 1518 2732 in
1537 2685 1866 2732 Ecclesiastico
1881 2687 1894 2710 ⁶
1920 2704 1928 2731 ε
1957 2688 2150 2743 «Quam
2171 2687 2439 2750 speciosum

318 2764 505 2811 canitiei
515 2763 766 2827 judicium,
793 2775 840 2811 et
858 2781 884 2812 a
907 2764 1192 2834 presbyteris
1210 2782 1498 2830 cognoscere
1515 2765 1791 2813 consilium!
1817 2769 1973 2824 Quam
1990 2767 2202 2831 speciosa
2227 2769 2435 2814 veterani

318 2845 569 2907 sapientia,
598 2854 644 2891 et
667 2844 897 2908 gloriosus
922 2845 1211 2902 intellectus,
1248 2856 1295 2893 et
1322 2846 1603 2905 consilium,
1648 2863 1828 2894 corona
1862 2863 2031 2894 senum
2053 2845 2062 2893 !
2100 2847 2245 2894 Multa
2270 2849 2436 2911 peritia

321 2934 366 2970 et
386 2923 533 2987 gloria
554 2924 743 2971 illorum
768 2925 910 2972 timor
933 2925 1036 2972 Dei.
1064 2943 1086 2969 υ
1118 2928 1236 2972 Item
1255 2929 1268 2950 ⁷
1290 2944 1300 2972 z
1332 2945 1354 2971 «
1379 2929 1617 2991 Loquere,
1646 2926 1799 2990 maj0r
1823 2937 1964 2986 natu,
1998 2926 2134 2973 decet
2159 2927 2287 2974 enim
2305 2938 2429 2973 te....

321 3003 631 3051 Adolescens⁸
654 3004 850 3069 loquere
875 3005 921 3051 in
949 3014 1029 3051 tua
1053 3021 1222 3065 causa,
1252 3006 1329 3052 vix
1357 3023 1507 3070 quum
1535 3023 1727 3054 necesse
1754 3007 1907 3054 fuerit.
1944 3007 1990 3054 Si
2016 3006 2087 3054 his
2120 3009 2432 3071 interrogatus

321 3083 487 3142 fueris,
516 3083 689 3131 habeat
712 3095 854 3149 caput
881 3100 1163 3149 responsum
1186 3095 1337 3132 tuum.
1368 3089 1421 3132 In
1451 3086 1610 3134 multis
1635 3096 1735 3135 esto
1765 3087 1900 3150 quasi
1928 3087 2130 3146 inscius,
2166 3097 2212 3134 et
2236 3087 2346 3134 audi
2369 3099 2432 3134 ta-

318 3179 430 3209 cens
453 3164 591 3210 simul
615 3174 661 3211 et
685 3180 898 3228 quaerens
915 3199 927 3223 ,
959 3173 1006 3210 et
1027 3163 1159 3228 loqui
1183 3165 1233 3212 in
1261 3165 1420 3214 medio
1455 3169 1814 3231 magnatorum⁹
1839 3183 1938 3213 non
1966 3183 2243 3232 praesumas,
2273 3177 2319 3215 et
2354 3168 2432 3214 ubi
2494 3191 2505 3218 ι

318 3252 430 3289 sunt
453 3259 615 3303 senes,
649 3242 752 3290 nou'
775 3243 977 3290 multum
1002 3243 1227 3309 loquaris.
1253 3264 1277 3291 »
1317 3246 1456 3293 Unde
1478 3256 1525 3294 et
1548 3246 1808 3311 presbyteri
1835 3247 1915 3312 qui
1951 3247 1999 3293 in
2028 3246 2222 3302 ecclesia
2249 3248 2430 3312 populo

366 3396 374 3411 ¹
406 3397 538 3430 Timum.
557 3398 590 3434 1,
617 3408 689 3441 cap.
719 3408 750 3438 v,
781 3409 810 3430 v.
830 3398 849 3428 9
866 3399 930 3437 ,10
947 3405 979 3430 et
997 3401 1048 3431 11.
1069 3416 1102 3424 ,-
1119 3397 1132 3415 ¹
1150 3399 1286 3432 Timom-
1314 3400 1349 3438 1,
1394 3410 1468 3443 cap.
1489 3411 1567 3439 xxv,
1587 3411 1615 3433 v.
1639 3402 1680 3440 6,
1698 3403 1715 3431 ’7
1737 3407 1769 3433 et
1788 3387 1879 3432 8.÷
1900 3401 1910 3415 ³
1930 3402 2050 3439 Eccli„
2070 3411 2143 3445 cap.
2163 3412 2274 3441 xxxii,
2294 3413 2323 3433 v.
2343 3404 2439 3433 4.<---

318 3463 390 3496 cap.
414 3464 466 3493 in,
495 3465 524 3486 v.
557 3457 608 3487 11.
630 3472 668 3477 --
692 3454 704 3471 ³
724 3456 849 3493 Eccle„
878 3465 951 3497 cap.
982 3466 1001 3487 x
1018 3480 1026 3494 ,
1058 3464 1087 3487 ν.
1122 3455 1172 3487 16.
1187 3473 1229 3479 -
1245 3455 1257 3471 ⁴
1274 3456 1349 3493 Job,
1394 3455 1520 3495 ⁸1bid..
1535 3467 1564 3488 v.
1584 3458 1622 3488 10
1642 3463 1673 3490 et
1692 3468 1741 3500 sq.
1762 3475 1794 3480 -—
1812 3456 1825 3473 ⁹
1840 3457 2026 3498 Maynatum
2040 3457 2104 3490 MS.
2120 3457 2235 3490 Δηὼ.-

318 3519 390 3551 cap.
413 3521 457 3542 xii
471 3535 479 3548 ,
501 3522 530 3543 v.
556 3511 606 3543 12.
626 3529 657 3534 -
679 3511 691 3527 ⁸
707 3512 820 3550 Pron„
840 3521 913 3555 cap.
932 3523 1004 3553 xvi,
1023 3522 1052 3544 ν.
1073 3512 1126 3545 31.
1141 3530 1183 3536 -
1201 3511 1213 3529 ⁶
1229 3514 1349 3551 Eccli.‚
1973 3538 2012 3571 b,
