2970 4152
1258 351 1576 400 APPENDIX.
2390 351 2443 396 74
2458 351 2476 396 4

355 449 538 510 quidem
562 448 708 494 adhuc
732 447 962 511 religionis
986 455 1091 506 tuae,
1118 446 1195 492 sed
1226 439 1521 492 honestorum
1547 456 1698 491 tamen
1721 455 1767 490 et
1789 443 2084 490 laudabilium
2104 443 2358 490 studiorum
2385 454 2486 489 tuo-

355 545 457 574 rum
490 528 600 573 mihi
635 528 753 573 fama
781 527 997 573 innotuit.
1037 525 1291 572 Audiebam
1322 536 1434 571 tunc
1459 526 1675 588 temporis
1706 524 1965 583 mulierem,
1998 523 2102 570 licet
2123 524 2318 570 necdum
2341 523 2488 569 saeculi

357 608 545 655 nexibus
569 608 843 671 expeditam,
862 607 1143 654 litteratoriae
1167 607 1382 664 scientiae,
1412 606 1535 668 quod
1555 622 1792 669 perrarum
1810 616 1892 664 est,
1916 615 1961 651 et
1982 605 2132 652 studio
2153 604 2257 651 licet
2269 604 2490 651 saecularis

355 689 585 752 sapientiae
601 705 819 734 summam
846 705 1031 751 operam
1056 687 1165 734 dare
1193 705 1204 733 z
1223 703 1318 738 *nec
1342 686 1503 732 mundi
1526 685 1853 749 voluptatibus,
1876 686 2006 749 nugis
2022 684 2091 732 vel
2111 684 2299 744 deliciis,
2324 685 2380 731 ab
2403 684 2491 730 hoc

357 767 458 815 utili
488 769 803 815 discendarum
836 770 1002 815 artium
1029 768 1265 832 proposito
1291 767 1460 813 retrahi
1493 784 1637 829 posse.
1675 768 1919 829 Quumque
1945 766 2000 811 ab
2030 766 2100 811 his
2119 766 2341 812 exercitiis
2364 765 2493 810 dete-

357 849 515 895 standa
533 849 704 896 desidia
727 859 849 895 totus
868 866 984 912 pene
1001 859 1180 913 torpeat
1195 848 1415 908 mundus,
1435 858 1480 894 et
1503 849 1582 894 ubi
1604 849 1844 894 subsistere
1864 849 2004 911 possit
2022 865 2100 911 pes
2124 848 2376 911 sapientiae,
2398 865 2493 893 non

357 931 505 977 dicam
527 930 647 994 apud
671 947 824 976 sexum
848 931 1117 989 femineum,
1146 947 1173 976 a
1199 947 1291 993 quo
1317 947 1371 976 ex
1393 940 1491 976 toto
1514 929 1721 992 explosus
1745 940 1811 976 est
1825 965 1838 988 ,
1865 929 1943 976 sed
1966 929 2039 975 vix
2055 929 2176 991 apud
2200 930 2320 992 ipsos
2343 928 2493 975 viriles

359 1011 533 1058 animos
561 1013 766 1058 invenire
799 1011 941 1058 valeat
964 1029 975 1058 ε
1006 1022 1057 1058 tu
1081 1011 1159 1058 illo
1182 1012 1416 1058 efferendo
1439 1011 1590 1057 studio
1623 1021 1703 1056 tuo
1733 1022 1777 1056 et
1808 1010 2019 1057 mulieres
2047 1027 2204 1056 omnes
2236 1011 2426 1068 evicisti,
2450 1021 2495 1055 et

358 1108 474 1153 pene
497 1092 618 1138 viros
646 1093 879 1138 universos
903 1092 1141 1154 superasti.
1171 1094 1280 1137 Mox
1304 1109 1436 1150 vero,
1461 1093 1590 1154 juxta
1613 1091 1752 1137 verba
1780 1090 2026 1154 Apostoli¹,
2059 1101 2111 1136 ut
2132 1090 2402 1154 complacuit
2426 1091 2490 1148 ei,

360 1173 438 1234 qui
469 1183 512 1219 te
542 1174 790 1237 segregavit
817 1190 870 1219 ex
892 1183 1023 1219 utero
1052 1174 1208 1219 matris
1237 1183 1342 1233 tuae,
1363 1190 1526 1220 vocare
1553 1183 1597 1219 te
1624 1190 1706 1236 per
1723 1173 1914 1236 gratiam
1936 1189 2087 1232 suam,
2110 1171 2244 1235 longe
2269 1172 2317 1217 in
2337 1172 2495 1218 melius

359 1252 700 1316 disciplinarum
724 1253 873 1300 studia
898 1254 1183 1299 commutasti
1214 1271 1224 1299 :
1254 1264 1299 1299 et
1322 1270 1407 1316 pro
1434 1253 1578 1316 logica
1608 1253 1931 1316 Evangelium,
1965 1269 2048 1315 pro
2083 1252 2268 1315 physica
2301 1254 2495 1315 Aposto-

360 1331 476 1391 lum,
505 1321 589 1395 pro
611 1332 800 1379 Platone
832 1334 1082 1388 Christum,
1111 1350 1195 1396 pro
1219 1333 1447 1380 academia
1470 1332 1714 1379 claustrum
1743 1343 1839 1379 tota
1861 1333 1955 1395 jam
1984 1343 2028 1378 et
2050 1349 2154 1379 vere
2186 1330 2497 1395 philosophica
2552 1364 2554 1366 -

360 1413 523 1460 mulier
546 1414 735 1479 elegisti.
770 1415 988 1479 Eripuisti
1017 1415 1145 1461 victis
1174 1414 1318 1477 spolia
1340 1415 1544 1461 hostibus
1559 1450 1571 1474 ,
1600 1425 1645 1461 et
1671 1414 1727 1460 de
1752 1415 1973 1460 thesauris
1997 1414 2251 1477 aegyptiacIS
2269 1431 2350 1477 per
2365 1414 2497 1475 hujus

362 1495 737 1557 peregrinationis
776 1495 1005 1541 desertum
1046 1495 1269 1541 transiens
1285 1530 1297 1554 ,
1351 1496 1599 1558 pretiosum
1634 1496 1679 1541 in
1722 1495 1859 1541 corde
1895 1505 1974 1541 tuo
2012 1493 2353 1540 tabernaculum
2397 1490 2497 1539 Deo

361 1576 569 1625 erexisti..
586 1577 791 1622 Cantasti
817 1593 918 1622 cum
941 1577 1111 1635 Maria,
1140 1575 1345 1622 demerso
1368 1576 1644 1633 Pharaone²,
1666 1576 1892 1622 canticum
1918 1574 2085 1634 laudis3
2113 1585 2158 1620 et
2179 1575 2319 1621 beatae
2342 1575 2498 1620 morti-

362 1654 584 1701 ficationis
620 1666 913 1718 tympanum,
950 1665 1000 1701 ut
1036 1655 1145 1700 olim
1182 1654 1283 1715 illa,
1322 1673 1414 1719 prae
1443 1656 1650 1702 manibus
1673 1672 1855 1719 gerens,
1885 1655 1990 1701 novi
2015 1654 2334 1701 modulaminis
2358 1653 2498 1700 melos

362 1749 503 1798 usque
527 1735 582 1781 ad
608 1736 724 1799 ipsas
754 1736 933 1782 deitatis
963 1753 1093 1782 aures
1123 1736 1255 1782 docta
1280 1737 1594 1799 tympanistria
1623 1736 1925 1782 transmisisti.
1957 1735 2240 1782 Conculcasti
2259 1736 2352 1797 jam
2383 1734 2496 1780 inci-

363 1816 532 1879 piendo
547 1852 559 1875 ,
587 1817 708 1880 quod
732 1834 814 1880 per
835 1817 1177 1880 omnipotentis
1203 1818 1391 1880 gratiam
1410 1818 1526 1863 bene
1551 1817 1880 1880 perseverando
1908 1827 2111 1864 conteres
2134 1816 2297 1863 vetusti
2321 1815 2495 1879 anguis,

364 1914 416 1943 ac
439 1914 618 1961 semper
640 1898 905 1945 mulieribus
929 1899 1183 1945 insidiantis
1200 1909 1335 1962 caput
1363 1917 1373 1945 :
1397 1909 1533 1962 atque
1554 1899 1708 1958 elides,
1732 1909 1781 1946 ut
1806 1916 2039 1962 nunquam
2062 1898 2251 1945 ulterius
2277 1908 2437 1944 contra
2456 1907 2499 1943 te

365 1976 544 2023 sibilare
575 1978 754 2025 audeat.
792 1979 1003 2032 Ostentui
1036 1979 1141 2025 sacis
1167 1990 1212 2025 et
1242 1980 1376 2026 facies
1408 1980 1653 2043 superbum
1678 1981 1931 2044 principem
1957 1981 2212 2043 principem
2238 1978 2397 2025 mundi
2421 1995 2431 2023 :
2456 1987 2501 2023 et

366 2057 510 2118 illum,
539 2060 615 2122 qui
640 2060 795 2106 divina
812 2077 922 2106 voce
939 2062 1151 2107 vocatur³
1172 2078 1249 2106 rex
1267 2060 1466 2107 filiorum
1486 2062 1725 2124 superbiae,
1755 2072 1800 2107 et
1817 2062 1943 2124 juxta
1970 2062 2108 2124 ipsius
2133 2061 2220 2107 Dei
2240 2060 2295 2106 ad
2319 2060 2501 2108 beatum

364 2140 449 2185 Job
472 2141 610 2187 verba
621 2143 650 2201 ⁴,
674 2142 755 2187 tibi
779 2159 830 2188 ac
854 2152 1002 2188 tecum
1019 2143 1385 2189 cohabitantibus
1403 2142 1575 2189 ancillis
1598 2144 1684 2189 Dei
1702 2142 1932 2207 alligatum
1957 2143 2247 2206 ingemiscere
2268 2158 2415 2205 coges.
2444 2142 2503 2186 Et

362 2237 468 2267 vere
493 2221 717 2286 singulare
742 2222 1033 2282 miraculum,
1068 2240 1120 2270 ac
1148 2241 1285 2287 super
1307 2225 1460 2270 omnia
1483 2225 1690 2270 miranda
1713 2241 1851 2287 opera
1874 2223 2208 2282 extollendum,
2231 2240 2358 2282 eum,
2383 2216 2499 2286 quo,

362 2301 486 2363 juxta
511 2304 798 2366 prophetam,
825 2304 948 2350 cedri
974 2321 1067 2350 non
1093 2306 1278 2351 suerunt
1306 2305 1488 2351 altiores
1512 2306 1557 2350 in
1583 2305 1791 2368 paradiso
1817 2306 1904 2351 Dei
1924 2307 1952 2363 ⁵,
1981 2315 2026 2350 et
2050 2305 2175 2366 cujus
2198 2304 2501 2349 summitatem

367 2381 599 2429 frondium
622 2384 791 2429 abietes
809 2401 902 2429 non
920 2384 1215 2447 adaequarunt
1230 2421 1242 2444 ,
1272 2402 1298 2431 a
1326 2385 1473 2448 fragili
1494 2403 1598 2431 sexu
1618 2386 1737 2445 vinci
1761 2402 1770 2431 :
1796 2396 1840 2432 et
1866 2385 2158 2431 fortissimum
2183 2382 2502 2446 archangelum

367 2480 391 2509 a
419 2462 604 2509 muliere
622 2464 927 2510 infirmissima
952 2465 1170 2527 superari.
1196 2466 1412 2528 Gignitur
1429 2465 1507 2511 tali
1525 2465 1676 2511 duello
1697 2466 1888 2512 maxima
1907 2464 2052 2528 gloria
2073 2463 2301 2511 conditori
2330 2482 2339 2509 :
2366 2464 2503 2509 infer-

369 2553 444 2589 tur
467 2559 491 2588 e
514 2560 732 2590 converso
748 2561 920 2590 summa
953 2545 1202 2607 ignominia
1230 2545 1479 2609 deceptori.
1506 2547 1820 2610 Exprobratur
1841 2547 1882 2593 ei
1909 2547 1996 2593 hoc
2020 2546 2288 2604 certamine,
2313 2562 2405 2591 non
2429 2562 2502 2591 so-

370 2622 461 2669 lum
486 2623 700 2684 stultum,
729 2625 806 2671 sed
836 2635 881 2671 et
911 2642 1047 2688 super
1075 2626 1229 2672 omnia
1261 2626 1503 2673 ridiculum
1538 2627 1700 2686 fuisse,
1732 2627 1858 2674 illum
1882 2629 2096 2691 aspirasse
2125 2627 2182 2673 ad
2206 2626 2503 2689 aequalitatem

370 2703 696 2751 sublimissimae
723 2706 965 2767 majestatis
981 2741 992 2763 ,
1029 2706 1106 2768 qui
1136 2723 1219 2752 nec
1250 2707 1386 2752 breve
1410 2706 1634 2754 luctamen
1658 2709 1776 2754 ferre
1799 2707 2010 2772 praevalet
2039 2707 2216 2754 feminae
2239 2706 2501 2752 debilitatis.

372 2785 571 2831 Sustinet
587 2796 720 2849 caput
744 2785 982 2849 cujuslibet
997 2787 1194 2833 victricis
1219 2786 1353 2846 illius,
1377 2789 1540 2834 merito
1566 2788 1667 2835 talis
1691 2790 1909 2847 victoriae,
1927 2805 2172 2852 gemmeam
2198 2805 2222 2833 a
2246 2804 2349 2850 rege
2372 2786 2507 2833 coelo·

372 2883 472 2911 rum
496 2883 737 2926 coronam3
765 2877 815 2914 ut
840 2878 1035 2930 quanto,
1073 2869 1120 2914 in
1156 2880 1380 2915 transacta
1406 2887 1557 2933 pugna
1582 2888 1716 2917 carne
1748 2871 1995 2930 infirmior,
2026 2881 2152 2917 tanto
2178 2872 2223 2916 in
2249 2887 2508 2916 remunera—

373 2947 496 2992 tione
528 2948 801 3011 sempiterna
832 2959 1048 3011 appareat
1077 2948 1334 3013 gloriosior.
1368 2953 1493 3011 Haec,
1521 2952 1782 2998 charissima
1808 2952 1854 2997 in
1887 2952 2089 2998 Domino
2117 2969 2263 3010 soror,
2284 2968 2388 2997 vere
2413 2968 2508 2997 non
2571 3000 2586 3013 s

374 3028 598 3076 adulando
613 3065 626 3090 ,
657 3030 734 3076 sed
759 3031 1041 3077 exhortando
1064 3030 1192 3091 dico,
1227 3042 1278 3078 ut
1300 3049 1544 3095 magnum,
1575 3034 1621 3079 in
1645 3051 1736 3097 quo
1757 3033 2033 3097 aliquamdiu
2053 3034 2308 3096 perstitisti,
2335 3033 2507 3079 bonum

375 3110 627 3169 attendens,
649 3111 704 3156 ad
730 3121 859 3157 caute
885 3110 995 3157 illud
1016 3113 1375 3159 conservandum
1394 3115 1641 3160 animosior
1664 3114 1866 3160 reddaris
1891 3132 1901 3160 :
1931 3125 1982 3160 ut
1998 3124 2170 3161 sanctas
2196 3113 2310 3173 illas,
2329 3130 2428 3177 quae
2445 3123 2509 3159 te-

376 3208 477 3237 cum
508 3193 710 3238 Domino
736 3193 962 3251 serviunt,
990 3193 1237 3239 secundum
1262 3195 1452 3257 gratiam
1475 3211 1498 3240 a
1521 3197 1621 3241 Deo
1641 3195 1724 3241 tibi
1750 3194 1982 3255 collatam,
2003 3206 2054 3242 ut
2074 3195 2121 3241 in
2138 3195 2298 3241 eodem
2321 3194 2508 3242 sollicite

425 3387 433 3404 ¹
462 3388 586 3427 Galat„
604 3400 676 3432 cap.
703 3401 732 3430 ι,
750 3402 780 3422 v.
801 3391 898 3423 15.—
914 3390 926 3407 ²
941 3391 1068 3429 Ex‹›d.‚
1084 3401 1156 3435 cap.
1175 3403 1229 3433 xv,
1250 3405 1279 3426 v.
1298 3395 1339 3427 20
1353 3401 1385 3426 et
1402 3396 1456 3426 21.
1474 3412 1498 3417 --
1519 3393 1531 3410 ³
1545 3393 1626 3433 Job,
1643 3404 1716 3437 cap.
1736 3404 1786 3427 xm
1800 3420 1806 3431 ,
1822 3404 1850 3425 v.
1871 3395 1925 3426 25.
1953 3411 1976 3417 »Δ
2000 3393 2013 3410 ⁴
2027 3393 2107 3432 Job,
2127 3405 2201 3436 cap.
2221 3404 2270 3426 xi..
2295 3412 2323 3417 -
2344 3391 2358 3410 ·
2372 3391 2509 3429 Ezech„

379 3455 452 3489 cap.
472 3457 550 3479 xxxi
564 3472 572 3488 ,
592 3458 624 3479 v.
646 3449 676 3480 8.
