2970 4152
1131 447 1211 495 DE
1247 445 1436 495 CRUCE
1469 448 1687 495 SERMO.
2382 447 2478 495 459

417 547 540 593 Ecce
573 544 745 593 seriem
789 544 1042 592 dominicae
1078 544 1337 610 passionis,
1377 553 1522 610 prout
1558 544 1803 591 memoriae
1832 543 2063 601 occurrit,
2106 559 2162 589 ex
2199 542 2480 606 evangelicis

350 626 627 691 collegimus
661 627 872 691 scriptis3
904 642 1009 691 quae
1039 641 1182 690 super
1209 624 1417 688 singula,
1452 635 1506 672 ut
1536 625 1720 671 dictum
1747 634 1840 683 est,
1874 623 2256 683 consideremus,
2291 640 2347 671 ea
2374 641 2479 688 quae

350 717 558 754 mortem
589 716 929 772 praecesserunt
958 707 1058 771 ipsa
1087 715 1243 753 morte
1270 705 1488 770 profecto
1519 705 1736 768 graviora
1753 742 1764 764 ,
1791 704 1867 751 vel
1889 704 2228 763 intolerabilia,
2265 704 2473 751 fuerunt.

350 787 490 834 Unde
524 804 613 834 nec
645 797 700 834 ut
726 797 1019 847 moreretur,
1052 787 1205 850 frangi
1234 786 1278 833 ei
1305 802 1446 833 crura
1473 786 1595 832 sicut
1629 785 1895 832 latronibus
1931 785 2006 832 vel
2039 785 2205 833 lancea
2238 785 2478 833 vulnerari

349 884 542 916 necesse
563 868 674 927 fuit,
708 868 792 932 qui
819 868 881 915 ad
910 867 1114 915 celerem
1142 877 1348 914 mortem
1371 884 1428 914 ex
1448 877 1522 914 tot
1543 877 1591 914 et
1613 867 1780 925 tantis,
1806 882 1911 930 quae
1933 876 2043 913 ante
2066 883 2257 913 crucem
2278 866 2473 925 tulerat,

348 947 607 1012 perductus
648 957 734 995 est.
773 948 1034 995 Conferant
1068 958 1298 1013 martyres
1333 965 1437 1013 quae
1477 948 1603 1013 passi
1637 957 1774 1007 sunt,
1815 956 1862 994 et
1901 947 2096 994 videant
2139 948 2188 993 in
2223 963 2476 1012 compara-

347 1028 480 1075 tione
514 1027 768 1075 dominicae
800 1029 1034 1094 passionis
1077 1029 1208 1076 nulla
1237 1045 1338 1076 esse
1369 1028 1445 1076 vel
1481 1044 1628 1095 parva
1662 1044 1768 1092 quae
1797 1027 1923 1092 passi
1950 1037 2077 1075 sunt.
2113 1027 2251 1074 Unde
2274 1038 2321 1074 et
2351 1027 2476 1075 bene

348 1108 398 1155 in
442 1109 544 1172 ejus
582 1125 791 1174 persona
836 1110 1115 1175 suspirantis
1165 1110 1378 1157 Jeremiae
1420 1109 1698 1156 lamentatio
1742 1108 2056 1174 proclamat¹:
2108 1107 2388 1156 «Attendite
2432 1120 2478 1156 et

348 1187 507 1235 videte
543 1189 584 1235 si
615 1199 686 1236 est
719 1189 860 1236 dolor
891 1189 1055 1236 similis
1094 1190 1215 1236 sicut
1250 1189 1391 1237 dolor
1428 1205 1580 1237 meus.
1606 1207 1628 1232 n
1655 1188 1915 1235 Attendant
1936 1188 2031 1235 hoc
2054 1187 2301 1247 mulieres,
2328 1199 2399 1248 et,
2426 1200 2478 1236 ut

347 1268 565 1316 Ezechiel
599 1270 857 1330 meminit’,
902 1270 1027 1317 facta
1060 1287 1180 1317 voce
1215 1287 1360 1336 supra
1402 1269 1783 1328 firmamentum,
1824 1279 1951 1316 stent
1985 1268 2208 1316 animalia
2225 1306 2236 1328 ,
2279 1278 2325 1315 et
2363 1269 2476 1316 sub-

347 1350 539 1397 mittant
567 1351 664 1399 alas
692 1368 818 1398 suas.
853 1352 981 1409 Quid
1011 1361 1171 1399 autem
1195 1351 1555 1399 firmamentum
1577 1351 1731 1410 aliud,
1758 1367 1905 1415 quam
1932 1349 2061 1397 beati
2091 1349 2275 1413 angeli,
2302 1350 2479 1397 caeteris

346 1431 681 1478 corruentibus
705 1431 1000 1491 confirmati,
1027 1442 1097 1479 est
1125 1432 1521 1496 intelligendum?
1549 1432 1643 1490 Qui
1672 1448 1823 1496 quum
1852 1430 1994 1478 nobis
2017 1430 2176 1478 adhuc
2198 1429 2479 1477 mortalibus

347 1508 575 1573 dignitate
598 1512 808 1576 quadam
829 1513 924 1559 sint
945 1513 1238 1577 superiores,
1255 1513 1397 1577 longe
1420 1523 1583 1560 tamen
1607 1529 1753 1578 supra
1775 1529 1858 1559 eos
1882 1514 2010 1559 Deus
2033 1511 2184 1558 homo
2207 1511 2473 1575 praeminet.

347 1591 418 1639 Fit
438 1602 600 1643 autem
622 1593 916 1658 quandoque
940 1593 1081 1640 nobis
1104 1611 1197 1641 vox
1220 1595 1280 1641 de
1305 1594 1634 1654 firmamento,
1661 1610 1812 1658 quum
1840 1592 2062 1640 videlicet
2091 1591 2152 1639 de
2175 1591 2254 1639 illa
2276 1591 2480 1639 beatitu-

347 1669 459 1717 dine
482 1671 784 1735 angelorum,
810 1690 916 1737 quae
939 1673 1080 1720 nobis
1102 1674 1422 1738 promittitur,
1449 1673 1630 1738 aliquid
1654 1672 1965 1738 praedicatur,
1992 1671 2067 1718 vel
2090 1671 2306 1718 interiori
2328 1671 2478 1718 verbo

347 1761 507 1798 mente
529 1753 814 1816 concipitur.
852 1756 1068 1817 Desuper
1096 1753 1455 1801 firmamentum
1491 1754 1582 1801 alia
1612 1753 1665 1800 fit
1692 1770 1810 1812 vox,
1837 1769 1990 1816 quum
2018 1768 2075 1799 ea
2097 1768 2203 1816 quae
2225 1754 2353 1799 Deus
2389 1768 2478 1816 pro

346 1829 487 1877 nobis
510 1829 785 1878 humanitus
808 1832 1024 1894 gesserit,
1047 1833 1263 1897 corporis
1280 1833 1356 1879 vel
1373 1834 1546 1879 mentis
1570 1833 1765 1880 auribus
1788 1832 2059 1896 concipitur
2082 1851 2091 1878 :
2113 1831 2246 1896 quod
2262 1831 2478 1897 profecto

346 1927 497 1975 quum
519 1910 588 1971 fit,
610 1912 745 1975 quasi
768 1912 816 1957 in
842 1911 1160 1959 admiratione
1183 1912 1258 1959 vel
1281 1913 1330 1958 in
1354 1913 1527 1959 timore
1550 1922 1715 1959 sancta
1736 1922 1864 1959 stant
1887 1911 2127 1970 animalia,
2149 1921 2196 1958 et
2218 1911 2314 1959 alas
2334 1911 2480 1976 depo—

347 2002 493 2051 nunt,
526 1991 644 2038 dum
678 1992 727 2038 in
756 1991 1141 2039 consideratione
1170 2002 1313 2040 tantae
1342 1993 1411 2039 rei
1440 1993 1647 2057 propriae
1676 1992 1875 2038 virtutes
1904 1991 1993 2038 illis
2028 1991 2279 2039 vilescunt.
2319 1994 2479 2049 Quum

346 2081 507 2118 autem
533 2071 593 2118 de
616 2070 946 2130 firmamento,
973 2082 1026 2119 ut
1048 2071 1232 2119 dictum
1255 2082 1348 2130 est,
1379 2071 1559 2136 aliquid
1584 2071 1810 2130 audiunt,
1837 2071 1974 2135 quasi
1995 2080 2177 2118 erectas
2201 2070 2360 2118 adhuc
2384 2071 2480 2119 alas

345 2149 549 2208 habent;
570 2153 681 2215 quia
704 2167 793 2216 pro
818 2167 994 2215 magno
1018 2151 1093 2198 vel
1117 2151 1322 2199 mirabili
1346 2169 1446 2198 non
1473 2151 1679 2210 ducunt,
1707 2150 1841 2216 quod
1863 2167 1950 2217 per
1972 2161 2045 2198 tot
2067 2167 2245 2215 agones
2267 2151 2328 2199 ad
2351 2151 2480 2199 illam

345 2230 626 2294 angelorum
648 2230 960 2279 beatudinem
983 2232 1293 2296 perveniunt,
1310 2248 1458 2296 quam
1474 2230 1539 2278 illi
1561 2247 1647 2296 per
1669 2231 1757 2277 Dei
1782 2231 1982 2295 gratiam
2005 2230 2272 2278 humilitate
2294 2241 2479 2279 servata

346 2322 679 2377 perceperunt.
708 2315 833 2359 Ecce
851 2322 1084 2376 martyres
1107 2312 1258 2370 multa
1278 2322 1478 2378 propter
1501 2315 1656 2359 Deum
1679 2312 1835 2377 passi,
1868 2321 1915 2358 et
1944 2312 1992 2358 in
2017 2312 2202 2375 magnis
2224 2312 2479 2359 virtutibus

345 2392 560 2456 probati,
585 2393 843 2458 plurimam
865 2393 1102 2457 gloriandi
1125 2394 1431 2441 occasionem
1452 2393 1733 2441 viderentur
1756 2393 1941 2458 adepti,
1975 2393 2065 2440 nisi
2090 2403 2363 2441 occurreret
2385 2397 2481 2440 Do—

346 2471 533 2519 minum
574 2472 650 2519 vel
693 2482 825 2520 tanta
863 2472 940 2519 vel
980 2473 1164 2537 majora
1200 2490 1290 2538 pro
1335 2474 1448 2538 ipsis
1487 2473 1629 2520 fuisse
1666 2489 1875 2537 passum.
1919 2472 2063 2529 Quod
2101 2473 2318 2538 profecto
2363 2473 2479 2520 dum

347 2552 573 2610 occurrit,
596 2553 778 2611 statim,
801 2561 854 2598 ut
880 2551 1063 2598 dictum
1086 2562 1157 2599 est
1172 2589 1183 2611 ,
1203 2553 1508 2599 summittunt
1531 2551 1650 2610 alas,
1682 2569 1771 2616 pro
1796 2551 1946 2598 nihilo
1970 2551 2200 2599 ducentes
2228 2570 2333 2617 quae
2355 2553 2480 2617 passi

346 2641 458 2678 sunt
508 2631 631 2678 servi
675 2632 723 2679 in
768 2631 1205 2678 considerationem
1249 2631 1502 2678 dominicae
1551 2631 1801 2696 passionis.
1853 2633 1969 2688 Quae
2013 2641 2148 2678 tanto
2192 2632 2381 2696 gravior
2423 2648 2478 2679 ac

346 2710 685 2771 miserabilior,
734 2720 917 2775 quanto
968 2711 1334 2775 ignominiosior
1372 2712 1578 2759 extitisse
1623 2710 1873 2776 probatur.
1918 2714 1981 2757 Ut
2025 2711 2155 2758 enim
2198 2711 2475 2759 omittamus

346 2801 537 2851 caetera,
565 2792 672 2856 quis
699 2801 799 2839 tam
821 2792 1044 2857 turpiter,
1081 2792 1188 2856 quis
1216 2801 1315 2839 tam
1344 2791 1427 2838 diu
1455 2791 1619 2838 illusus
1637 2828 1648 2850 ,
1690 2800 1742 2837 ut
1776 2791 1904 2856 ipse?
1939 2793 2011 2837 De
2045 2791 2268 2856 captione
2296 2792 2475 2856 quippe

347 2871 557 2936 primum
592 2872 654 2919 ad
691 2871 879 2919 Judaeos
911 2871 1147 2919 adductus
1165 2909 1176 2931 ,
1215 2882 1325 2937 post
1357 2882 1430 2919 tot
1464 2871 1695 2936 colaphos
1726 2880 1774 2918 et
1807 2870 1990 2936 alapas,
2024 2888 2147 2936 quos
2174 2870 2328 2918 velata
2357 2870 2474 2918 facie

346 2953 580 3017 suscepit,
618 2952 777 3018 impiis
812 2952 1251 3018 improperantibus
1285 2963 1338 3000 ut
1372 2952 1706 3018 prophetaret,
1743 2952 1809 3000 ita
1843 2961 1914 2999 est
1948 2961 2211 3017 consputus
2242 2961 2289 2998 et
2325 2952 2475 3016 sputis

347 3033 664 3094 deformatus,
685 3044 755 3094 ut,
775 3035 910 3098 juxta
932 3035 1137 3094 Isaiam³,
1157 3051 1257 3082 non
1274 3045 1397 3082 esset
1419 3035 1462 3082 ei
1484 3035 1665 3100 species
1689 3050 1845 3099 neque
1868 3033 2033 3092 decor,
2050 3043 2097 3080 et
2120 3050 2210 3098 pro
2232 3043 2366 3080 tanta
2379 3032 2479 3079 vili-

347 3123 443 3161 tate
480 3115 766 3162 novissimus
801 3115 1020 3161 omnium
1054 3114 1297 3166 videretur
1330 3112 1564 3163 v'irorum.
1612 3114 1707 3172 Qui
1744 3123 1792 3160 et
1822 3113 1936 3160 inde
1974 3112 2289 3178 postmodum
2326 3112 2474 3160 Pilato

346 3205 673 3259 praesentatus,
698 3196 825 3244 hanc
846 3212 1041 3261 quoque
1063 3197 1288 3260 injuriam
1310 3213 1422 3244 cum
1444 3196 1623 3244 caeteris
1646 3193 1828 3242 ibidem
1850 3195 2089 3242 sustinuit.
2117 3195 2236 3253 Quis
2259 3210 2474 3259 unquam

348 3285 611 3340 martyrum
633 3278 698 3326 ita
719 3278 869 3343 sputis
892 3277 1068 3325 oblitus
1097 3287 1145 3325 et
1173 3268 1714 3341 deformatus¹injuriari
1741 3276 1939 3341 legitur?
1970 3277 2087 3335 Quis
2111 3277 2288 3324 totiens
2311 3275 2474 3323 illusus

348 3356 498 3404 modo
532 3358 661 3422 apud
690 3358 901 3417 Judaeos,
928 3358 1078 3405 modo
1111 3358 1241 3423 apud
1264 3358 1466 3407 Pilatum
1488 3358 1564 3406 vel
1586 3356 1847 3418 Herodem,
1876 3374 2006 3405 nunc
2029 3356 2316 3423 expoliatus,
2344 3373 2473 3404 nunc

396 3553 404 3569 ⁴
436 3554 565 3594 Thr-en„
583 3566 656 3599 cap.
674 3567 705 3597 1,
724 3567 757 3591 v.
776 3558 883 3590 12.·-
896 3556 909 3574 ¹
924 3556 1060 3598 Ezech.‚
1077 3566 1151 3600 cap.
1171 3568 1201 3597 1,
1222 3567 1251 3590 v.
1274 3558 1328 3590 25.
1351 3574 1385 3581 —
1402 3555 1414 3574 ¹
1430 3555 1520 3589 lsaiae
1536 3566 1610 3600 cap.
1627 3565 1693 3597 mn,
1707 3565 1737 3588 v.
1753 3556 1786 3588 2.
