2970 4152
573 359 665 406 560
1367 360 1538 407 PETRI
1573 360 1887 408 ABAELARDI

570 455 746 520 legem,
774 468 820 504 et
849 474 947 504 non
977 456 1265 503 custodistis.
1289 474 1312 500 »
1343 449 1432 503 Ubi
1454 466 1501 503 et
1531 455 1781 504 subditur:
1809 476 1832 501 «
1853 455 2110 503 Audientes
2139 464 2298 502 autem
2326 454 2453 514 haec,
2480 455 2685 502 disseca-

570 536 746 584 bantur
774 537 1000 584 cordibus
1036 537 1155 595 suis,
1181 546 1228 582 et
1259 535 1526 584 stridebant
1554 536 1778 583 dentibus
1805 537 1855 583 in
1885 552 2012 582 eum.
2036 554 2059 579 υ
2090 537 2193 581 Jam
2222 535 2351 581 enim
2379 534 2440 581 de
2468 534 2688 599 primitiis

571 617 888 682 percipiendae
910 634 1101 663 coronae
1123 634 1340 676 securus,
1366 627 1414 665 et
1438 617 1499 664 de
1521 607 1938 665 consummatione
1961 632 2172 679 agonum
2193 632 2393 662 suorum
2414 602 2685 672 roboratus,

571 707 752 760 quanto
776 696 978 761 amplius
1000 696 1292 762 properabat
1313 696 1375 744 ad
1397 697 1619 745 bravium
1634 736 1644 756 ,
1669 707 1804 744 tanto
1834 697 2131 744 adversarios
2159 695 2318 742 minus
2345 695 2616 753 verebatur,
2641 705 2688 741 et

571 777 719 840 magis
743 777 793 823 in
816 793 866 823 se
890 777 1186 824 commoveri
1210 777 1464 840 gaudebat.
1492 781 1648 836 Quam
1677 777 1894 842 profecto
1924 776 2244 823 constantiam
2274 792 2373 822 non
2407 785 2505 822 tam
2530 774 2690 822 verbis

569 858 739 922 ipsius,
763 874 908 921 quam
936 858 1039 922 ipsa
1066 875 1152 905 sua
1175 859 1425 923 praesentia
1447 858 1490 905 ei
1511 859 1746 905 Dominus
1775 856 2051 915 exhibebat,
2073 843 2202 904 sicut
2222 857 2382 904 statim
2410 856 2690 919 adjunctum

570 942 656 985 est¹
678 957 687 985 :
715 959 736 982 «
764 942 926 996 Quum
952 950 1113 987 autem
1135 951 1257 987 esset
1284 939 1553 1005 Stephanus
1581 940 1750 1004 plenus
1772 939 1974 1004 Spiritu,
1999 938 2254 995 intendens
2275 939 2325 985 in
2347 939 2545 997 coelum,
2572 936 2693 984 vidit

571 1020 771 1082 gloriam
793 1022 907 1080 Dei,
928 1031 974 1068 et
996 1024 1156 1069 Jesum
1181 1005 1387 1069 stantem
1403 1039 1431 1070 a
1453 1022 1629 1068 dextris
1650 1022 1754 1068 Dei.
1780 1039 1803 1065 »
1822 1021 2041 1084 Legimus
2058 1021 2322 1067 Dominum
2344 1024 2522 1079 Jesum,
2541 1036 2692 1084 quum

571 1102 715 1148 coelos
738 1102 1005 1149 ascenderit
1017 1141 1028 1162 ,
1048 1103 1109 1150 ad
1126 1103 1370 1150 dexteram
1386 1104 1534 1150 Patris
1553 1101 1825 1149 consedisse
1848 1121 1857 1148 :
1879 1118 2009 1148 nunc
2025 1118 2140 1148 vero
2159 1111 2357 1166 propter
2375 1100 2688 1165 Stephanum,

570 1182 705 1244 quasi
727 1182 840 1228 inde
857 1183 1133 1242 surrexerit,
1154 1193 1360 1230 stantem
1381 1183 1541 1247 potius
1558 1199 1705 1246 quam
1727 1181 1975 1231 sedentem
1997 1197 2108 1228 eum
2124 1180 2243 1228 vidit
2266 1181 2555 1245 apparuisse.
2577 1179 2694 1237 Quis

570 1262 648 1309 hic
669 1262 846 1322 honor,
876 1280 1054 1327 quaeso,
1081 1274 1162 1311 aut
1185 1281 1290 1328 quae
1312 1281 1420 1328 spes
1444 1264 1684 1327 Martyris,
1707 1273 1761 1309 ut
1783 1263 1831 1309 in
1855 1279 2109 1309 occursum
2131 1262 2231 1325 ejus
2253 1277 2520 1324 assurgere,
2545 1259 2621 1307 vel
2642 1260 2692 1306 in

572 1343 798 1389 auxilium
826 1344 926 1407 ejus
960 1354 1107 1403 stare,
1140 1345 1275 1408 quasi
1305 1354 1351 1390 et
1386 1344 1563 1408 pariter
1590 1345 1807 1408 pugnet²,
1840 1342 2055 1388 Christus
2089 1341 2342 1406 appareat?
2375 1343 2501 1387 Bene
2535 1345 2695 1387 autem

571 1425 865 1487 praemissum
897 1435 990 1483 est,
1022 1425 1191 1472 faciem
1222 1424 1322 1487 ejus
1350 1434 1581 1487 tanquam
1612 1424 1780 1470 faciem
1813 1423 1968 1486 angeli
1997 1422 2170 1469 factam
2199 1421 2364 1480 fuisse,
2396 1437 2547 1485 quum
2580 1419 2695 1468 sub-

565 1502 787 1564 junctum
822 1504 881 1549 sit
917 1520 1028 1550 eum
1067 1503 1268 1566 gloriam
1302 1504 1410 1549 Dei³
1431 1503 1633 1562 vidisse,
1659 1513 1712 1549 ut
1741 1503 1841 1565 jam
1870 1503 1970 1565 ejus
1995 1502 2093 1549 vita
2118 1502 2217 1548 sive
2245 1501 2468 1564 cognitio
2485 1500 2697 1563 angelica

571 1585 719 1647 magis
755 1601 901 1648 quam
935 1584 1149 1631 humana
1182 1583 1386 1630 dicenda
1422 1584 1498 1630 sit.
1538 1585 1778 1648 Scriptum
1812 1584 1991 1647 quippe
2026 1592 2125 1641 est,
2156 1582 2367 1629 Domino
2403 1581 2465 1629 ad
2492 1583 2695 1645 Moysen

570 1665 781 1712 dicente*
803 1684 812 1710 ε
843 1685 866 1710 «
886 1668 991 1712 Non
1016 1665 1198 1711 videbit
1221 1681 1298 1711 me
1320 1664 1496 1723 homo,
1523 1675 1570 1711 et
1592 1665 1736 1711 vivet.
1760 1684 1783 1709 »
1810 1668 1868 1711 Et
1894 1664 2138 1711 Psalmista
2160 1663 2221 1711 de
2243 1664 2346 1728 ipsa
2370 1663 2554 1711 visione
2578 1662 2699 1710 divi-.

570 1746 728 1792 nitatis
739 1746 840 1810 jam
859 1763 1070 1804 securus,
1089 1746 1150 1793 ad
1167 1749 1323 1792 Deum
1339 1745 1575 1810 loquitur⁵
1594 1765 1603 1791 :
1626 1765 1649 1789 «
1666 1745 1887 1793 Satiabor
1908 1762 2059 1810 quum
2082 1744 2356 1810 apparuerit
2379 1743 2530 1807 gloria
2551 1753 2648 1790 tua.
2671 1762 2694 1787 »

568 1826 654 1871 Hic
671 1842 786 1872 vero
809 1825 1079 1890 Stephanus
1098 1843 1199 1873 non
1217 1825 1375 1873 solum
1390 1825 1742 1873 humanitatem
1757 1825 1932 1873 Christi
1953 1835 2161 1873 stantem
2181 1824 2243 1873 ad
2258 1824 2508 1871 dexteram
2527 1824 2695 1882 Patris,

568 1922 736 1953 verum
765 1917 811 1953 et
840 1907 1042 1970 gloriam
1071 1908 1159 1954 Dei
1190 1907 1355 1955 videre
1383 1925 1433 1954 se
1470 1902 1658 1968 asserit,
1692 1908 1828 1972 quasi
1858 1908 1959 1972 jam
1994 1908 2195 1958 omnino
2234 1906 2496 1971 angelicam
2530 1905 2699 1952 faciem

569 1988 813 2052 adeptum.
839 1991 909 2034 De
922 2005 1027 2052 ,qua
1048 1989 1268 2036 videlicet
1289 1989 1502 2054 angelica
1516 1990 1701 2038 visione
1723 2007 1809 2055 per
1827 1990 2133 2055 semetipsam
2156 1990 2340 2037 Veritas
2362 1988 2450 2035 ait⁶
2471 2007 2481 2034 ε
2506 2007 2528 2032 «
2549 1991 2698 2034 Amen

570 2067 679 2114 dico
709 2067 870 2126 vobis,
897 2068 1010 2131 quia
1045 2069 1200 2132 angeli
1235 2086 1405 2116 eorum
1439 2086 1630 2134 semper
1655 2070 1820 2117 vident
1855 2070 2026 2118 faciem
2059 2064 2207 2134 patris
2242 2069 2361 2128 mei,
2395 2069 2479 2133 qui
2499 2068 2548 2114 in
2572 2067 2701 2115 coelis

571 2158 657 2194 est.
684 2167 705 2191 n
732 2151 911 2212 Raptus
935 2158 1005 2195 est
1030 2148 1201 2195 Paulus
1226 2166 1376 2214 usque
1400 2150 1462 2196 ad
1485 2150 1680 2196 tertium
1703 2150 1902 2210 coelum,
1929 2161 1976 2197 et
1999 2151 2181 2197 audivit
2203 2166 2377 2196 arcana
2399 2148 2570 2206 verba,
2597 2164 2702 2212 quae

572 2245 671 2275 non
697 2228 806 2276 licet
833 2229 1021 2276 homini
1044 2229 1230 2294 loqui⁷:
1258 2247 1359 2277 non
1388 2241 1549 2278 tamen
1581 2231 1783 2294 gloriam
1812 2232 1899 2278 Dei
1912 2259 1927 2291 ‚-
1948 2231 2024 2278 vel
2053 2231 2297 2278 dexteram
2326 2231 2496 2289 Patris,
2529 2230 2577 2276 in
2606 2246 2702 2294 qua

571 2309 786 2356 Christus
821 2311 1126 2370 consisteret,
1154 2311 1325 2375 legitur
1360 2313 1681 2377 conspexisse.
1715 2312 1854 2359 Unde
1885 2313 1986 2375 jam
2020 2312 2318 2377 Stephanum
2352 2313 2489 2375 quasi
2517 2311 2618 2374 jam
2651 2311 2700 2356 in

571 2390 695 2435 exitu
726 2390 832 2437 vitae
860 2391 1176 2437 constitutum
1207 2408 1308 2438 non
1340 2401 1439 2439 tam
1474 2391 1686 2439 humane
1717 2409 1864 2456 quam
1892 2392 2103 2456 angelice
2132 2392 2292 2439 vivere
2322 2391 2696 2456 perpendimus:

570 2472 646 2517 cui
662 2487 750 2518 nec
765 2472 1047 2535 virginitatis
1065 2473 1430 2537 praerogativam
1448 2472 1653 2520 defuisse
1669 2473 1928 2533 credimus,
1951 2490 2056 2538 quae
2077 2473 2314 2538 praecipue
2335 2473 2483 2519 virtus
2503 2470 2701 2535 angelos

571 2553 780 2600 imitatur
802 2572 811 2599 :
836 2563 888 2600 ut
906 2553 1128 2601 videlicet
1150 2555 1198 2600 in
1220 2571 1364 2602 carne
1387 2556 1490 2602 sine
1512 2556 1823 2620 corruptione
1841 2556 1997 2603 carnis
2013 2555 2218 2614 vivatur,
2239 2554 2373 2618 quod
2395 2569 2704 2618 nequaquam

571 2634 720 2697 Moysi
746 2650 1031 2681 concessum
1055 2645 1101 2681 et
1123 2634 1346 2682 humanae
1374 2634 1664 2682 infirmitatis
1694 2635 1878 2700 copulae
1903 2635 2116 2699 obligato
2131 2637 2159 2681 ⁸.
2187 2633 2327 2681 Unde
2352 2643 2399 2680 et
2426 2633 2475 2679 in
2508 2631 2704 2679 laudem

570 2714 689 2760 tanti
709 2715 950 2778 martyris⁹
977 2731 1135 2761 sermo
1158 2715 1357 2779 quidam
1379 2716 1679 2780 conscriptus
1696 2715 1780 2763 tali
1802 2715 1898 2762 fine
1916 2715 2170 2762 conclusus
2194 2724 2264 2761 est
2286 2719 2303 2760 :'
2325 2733 2348 2758 «
2368 2717 2422 2759 In
2444 2712 2539 2759 hoc
2569 2711 2703 2776 quod

572 2796 851 2860 praepositus
877 2806 947 2842 est
971 2795 1182 2854 seminis,
1210 2796 1539 2843 testimonium
1569 2797 1743 2844 meruit
1770 2797 2098 2844 sincerissimae
2125 2795 2369 2843 castitatis.
2397 2797 2567 2840 Beatus
2589 2810 2703 2857 ergo

572 2875 682 2933 erit,
711 2876 793 2939 qui
816 2875 948 2922 hunc
970 2876 1180 2922 imitatus
1203 2875 1360 2922 fuerit.
1387 2878 1446 2923 Et
1468 2876 1708 2941 pudicitiae
1724 2877 1854 2924 enim
1876 2877 2111 2942 palmam,
2131 2886 2179 2923 et
2202 2874 2415 2939 martyrii
2437 2889 2704 2937 conseque—

571 2964 647 3000 tur
669 2972 921 3002 coronam.
947 2974 969 3000 »
997 2961 1061 3002 Ac
1084 2956 1122 3002 si
1147 2965 1309 3020 aperte
1333 2956 1574 3002 diceretur
1596 2975 1605 3002 ε
1630 2957 1724 3014 Qui
1754 2957 1973 3022 exemplo
2002 2957 2103 3020 ejus
2131 2962 2319 3020 Agnum
2346 2970 2552 3019 sequens
2581 2969 2704 3017 quo·-

572 3051 761 3098 cunque
789 3035 917 3094 ierit,
948 3045 995 3082 et
1022 3035 1152 3082 bisso
1182 3036 1360 3100 pariter
1388 3035 1585 3082 indutus
1608 3046 1655 3082 et
1683 3053 1923 3102 purpura,
1950 3037 2070 3084 rosis
2093 3035 2234 3083 simul
2259 3045 2307 3082 et
2333 3034 2447 3081 liliis
2471 3034 2706 3079 intextum

573 3116 802 3180 percipiet
824 3116 1065 3163 diadema.
1094 3116 1233 3163 Unde
1262 3127 1309 3163 et
1330 3133 1417 3181 per
1440 3116 1767 3164 excellentiam
1796 3119 1916 3166 tanti
1941 3118 2130 3165 meriti¹⁰
2152 3117 2318 3164 divino
2341 3114 2556 3179 quodam
2585 3129 2706 3178 prae-

573 3196 702 3257 sagio
734 3196 912 3250 factum
944 3208 1016 3244 est
1045 3208 1098 3245 ut
1124 3197 1394 3263 Stephanus
1427 3207 1682 3245 vocaretur
1708 3217 1717 3245 :
1745 3200 1902 3264 quod,
1933 3210 1986 3247 ut
2025 3198 2151 3246 Beda
2183 3196 2402 3245 meminit
2415 3197 2456 3254 ¹¹,
2481 3194 2706 3242 hebraice

619 3332 627 3353 ⁴
655 3338 722 3370 Act.
745 3341 870 3379 Apost„
889 3349 960 3382 cap.
980 3349 1023 3372 vn
1035 3366 1043 3379 ‚
1057 3351 1086 3372 v.
1105 3341 1160 3374 54.
1178 3359 1216 3365 —
1228 3339 1240 3357 ²
1256 3341 1411 3383 Puynare
1428 3340 1493 3374 MS.
1522 3340 1612 3374 Eius.
1667 3353 1697 3375 v.
1727 3343 1778 3374 10.
1794 3360 1835 3366 —
1848 3342 1860 3359 ⁷
1875 3343 2016 3375 Corinth.
2043 3342 2094 3380 II,
2118 3350 2190 3383 cap.
2210 3350 2275 3378 xn,
2293 3350 2323 3371 v.
2342 3340 2376 3371 4.
2389 3354 2434 3362 —
2446 3336 2458 3354 ⁸
2477 3339 2616 3379 Alliqaw
2637 3335 2705 3369 MS·

573 3411 614 3417 —
625 3393 638 3409 ³
656 3394 738 3426 Eum
752 3394 852 3427 Deum
865 3398 981 3430 vidisse
995 3396 1059 3430 MS.
1080 3396 1169 3430 Eius.
1183 3415 1222 3420 —
1237 3397 1250 3415 ⁴
1269 3399 1394 3438 Emori„
1409 3407 1482 3441 cap.
1498 3409 1616 3437 xxxin,
1671 3398 1761 3431 Eins.
1783 3416 1820 3422 -
1842 3397 1855 3415 ⁹
1873 3399 2015 3441 Hysterii
2025 3397 2092 3430 MS.
2106 3397 2196 3429 Eius.
2215 3414 2252 3420 -—
2267 3395 2296 3412 ¹⁰
2311 3395 2355 3429 Et
2379 3398 2411 3428 in
2439 3395 2702 3427 excellentiatant

577 3461 608 3488 V.
630 3450 685 3483 20.
703 3467 746 3476 -·
760 3449 774 3467 ⁸
790 3451 906 3485 Psalm.
937 3463 1014 3493 xvi,
1038 3464 1068 3486 v.
1100 3454 1152 3486 15.
1171 3469 1215 3478 —
1228 3453 1240 3471 ⁶
1253 3454 1383 3502 Matth„
1414 3464 1488 3498 cap.
1517 3465 1594 3487 xvm
1608 3479 1617 3496 ,
1671 3455 1779 3486 militis
1792 3452 1858 3488 MS.
1876 3453 1967 3486 Eius.
1981 3470 2024 3479 —
2036 3452 2063 3471 ¹¹
2083 3452 2119 3485 In
2132 3452 2203 3485 Act.
2215 3451 2340 3492 Apose„
2357 3451 2438 3492 Opp.
2455 3457 2478 3483 t.
2493 3448 2533 3493 V,
2548 3448 2611 3482 col.
2628 3447 2705 3490 638,
