2970 4152
588 383 650 430 32
794 415 796 417 ·
1173 381 1342 430 PETRI
1377 383 1690 432 ABAELARDI
1724 385 1798 432 ET
1830 386 2130 434 HELOISSAE

589 475 763 523 malam
794 476 966 522 famam
990 476 1238 540 pervenire
1264 477 1326 524 ad
1351 492 1495 542 regna
1521 479 1767 526 coelorum.
1795 498 1818 524 »
1853 483 2013 537 Quum
2042 479 2192 539 hanc,
2229 481 2449 544 inquam,
2499 484 2546 529 in
2588 492 2688 531 tan·

586 566 688 603 tum
709 556 866 603 rvirum
893 555 1215 602 detractionis¹
1240 557 1460 621 injuriam
1498 559 1560 606 ad
1591 569 1800 607 mentem
1838 558 2140 619 reducerem,
2177 575 2278 605 non
2306 561 2546 611 modicam
2576 561 2690 610 hinc

586 636 962 683 consolationem
986 635 1263 701 carpebam,
1292 638 1513 702 inquiens
1536 657 1545 685 ε
1570 642 1612 686 Ο
1637 639 1676 687 si
1703 649 1883 687 tantam
1907 638 2188 703 suspicionis
2205 655 2396 686 causam
2423 641 2579 688 aemuli
2596 643 2690 690 mei

585 715 631 761 in
659 732 735 761 me
754 715 1036 779 reperirent,
1059 727 1236 780 quanta
1260 735 1338 765 me
1363 718 1724 766 detrectatione²
1742 715 2087 784 opprimerent!
2112 721 2151 766 N
2156 733 2247 765 unc
2262 735 2376 767 vero
2399 719 2517 766 mihi
2531 720 2691 768 divina

584 794 907 841 misericordia
935 791 1000 842 ⁴ab
1032 795 1123 843 hac
1156 798 1425 862 suspicione
1449 798 1669 858 liberato,
1698 798 1946 863 quomodo
1970 797 2112 862 hujus
2134 799 2462 864 perpetrandae
2486 801 2690 864 turpitu-

585 872 709 919 dinis
728 873 947 921 facultate
970 874 1142 936 ablata,
1163 878 1369 942 suspicio
1394 878 1639 924 remanet?
1657 881 1772 935 Quae
1790 878 1931 924 etiam
1951 887 2048 923 tam
2071 878 2326 942 impudens
2348 878 2449 925 haec
2472 879 2691 926 crimina-

579 952 671 998 tio³
698 954 982 1001 novissima?
1011 954 1141 1002 Adeo
1172 971 1383 1020 >namque
1413 974 1488 1003 res
1521 958 1608 1004 ista
1638 973 1833 1004 omnem
1867 956 2009 1019 hujus
2038 957 2343 1022 turpitudinis
2373 959 2692 1023 suspicionem

578 1031 707 1095 apud
732 1049 900 1081 omnes
924 1045 1160 1096 removet,
1190 1047 1242 1083 ut
1266 1037 1540 1101 quicunque
1564 1037 1784 1084 mulieres
1811 1036 2065 1083 observare
2095 1036 2364 1100 diligentius
2388 1037 2602 1097 student,
2625 1039 2692 1086 eis

577 1111 823 1159 eunuchos
841 1113 1100 1161 adhibeant
1122 1133 1133 1162 z
1157 1116 1277 1162 sicut
1299 1116 1359 1163 de
1378 1116 1568 1163 Esther*
1590 1126 1636 1163 et
1654 1117 1830 1164 caeteris
1849 1115 1970 1179 regis
1990 1116 2176 1162 Assueri
2194 1115 2363 1180 puellis
2381 1132 2512 1162 sacra
2530 1127 2689 1164 narrat

574 1189 786 1238 historia.
815 1194 1052 1257 Legimus⁵
1076 1204 1123 1241 et
1149 1206 1395 1260 potentem
1420 1195 1555 1242 illum
1580 1196 1751 1259 reginae
1775 1195 2006 1242 Candacis
2031 1194 2306 1242 eunuchum
2330 1195 2561 1242 universis
2589 1195 2689 1259 ejus

573 1271 697 1333 gazis
720 1289 941 1336 praeesse;
971 1274 1033 1320 ad
1058 1291 1203 1339 quem
1230 1275 1611 1323 convertendum
1642 1286 1689 1322 et
1720 1275 2059 1340 baptisandum
2088 1274 2332 1339 Philippus
2362 1274 2604 1339 apostolus
2628 1274 2688 1322 ab

571 1350 737 1414 angelo
764 1352 968 1400 directus
994 1365 1080 1401 est.
1111 1355 1243 1402 Tales
1269 1357 1446 1420 quippe
1477 1372 1665 1420 semper
1689 1355 1819 1420 apud
1843 1354 2136 1402 verecundas
2167 1363 2213 1400 et
2242 1353 2466 1400 honestas
2490 1353 2688 1400 feminas

570 1439 702 1477 tanto
737 1432 940 1496 amplius
979 1433 1219 1497 dignitatis
1260 1445 1307 1482 et
1342 1435 1668 1482 familiaritatis
1696 1435 1856 1499 adepti
1893 1444 2004 1481 sunt
2037 1443 2220 1498 quanto
2253 1432 2442 1496 longius
2490 1432 2551 1479 ab
2597 1432 2688 1479 hac

571 1509 859 1558 absistebant
876 1513 1163 1576 suspicione.
1195 1514 1266 1560 Ad
1284 1531 1429 1577 quam
1455 1515 1677 1578 quidem⁶
1694 1515 1884 1578 penitus
1906 1512 2249 1560 removendam
2268 1513 2528 1558 maximum
2552 1511 2687 1558 illum

571 1587 938 1637 christianorum
971 1591 1312 1656 philosophum
1358 1594 1638 1656 Origenem,
1673 1610 1824 1657 quum
1863 1592 2119 1638 mulierum
2150 1607 2351 1654 ’quoque
2392 1599 2563 1637 sanctae
2583 1589 2688 1637 ,do-

571 1669 731 1714 ctrinae
746 1669 1016 1716 intenderet
1027 1705 1039 1729 ,
1060 1671 1148 1716 sibi
1166 1671 1256 1734 ipsi
1275 1686 1446 1716 manus
1466 1670 1678 1716 intulisse
1693 1669 2034 1716 Ecclesiastico&
2049 1671 2274 1716 Historioe
2291 1669 2410 1716 liber
2427 1671 2512 1716 V1⁷
2534 1670 2686 1717 conti·

568 1757 664 1794 net.
698 1747 928 1795 Putabam
953 1758 1110 1796 tamen
1133 1750 1182 1796 in
1207 1750 1302 1796 hoc
1327 1749 1445 1796 mihi
1470 1750 1619 1812 magis
1629 1766 1780 1813 <quam
1806 1749 1874 1795 illi
1896 1749 2106 1795 divinam
2131 1748 2504 1795 misericordiam
2531 1750 2688 1814 propi-

565 1827 679 1872 tiam
698 1827 860 1888 fuisse,
892 1839 943 1875 ut
964 1829 1097 1893 quod
1122 1829 1200 1876 ille
1220 1831 1378 1876 minus
1395 1828 1596 1894 provide
1612 1829 1822 1875 creditur
1839 1828 2009 1892 egisse,
2030 1838 2172 1891 atque
2190 1827 2302 1874 inde
2320 1844 2420 1874 non
2441 1828 2685 1875 modicum

565 1906 746 1953 crimen
772 1908 1025 1955 incurrisse
1041 1944 1053 1968 ,
1084 1909 1135 1955 id
1160 1909 1311 1956 aliena
1336 1909 1476 1973 culpa
1501 1909 1551 1955 in
1578 1925 1655 1955 me
1681 1918 1864 1972 ageret,
1895 1918 1947 1955 ut
1971 1907 2033 1954 ad
2057 1908 2209 1955 simile
2234 1924 2356 1972 opus
2381 1925 2458 1955 me
2482 1907 2687 1955 liberum

562 1997 870 2051 praepararet,
899 2004 954 2034 ac
983 1998 1116 2036 tanto
1151 1990 1338 2036 minore
1371 2006 1539 2053 poena,
1569 1998 1750 2052 quanto
1786 1981 2006 2035 breviore
2043 2004 2099 2035 ac
2136 1987 2326 2047 subita,
2343 1997 2396 2034 ut
2431 2004 2686 2053 oppressus

565 2081 755 2126 somno,
778 2084 929 2131 quum
954 2069 1072 2115 mihi
1096 2085 1267 2116 manus
1293 2069 1558 2132 injicerent,
1587 2068 1706 2114 nihil
1726 2085 1878 2133 poenae
1903 2068 2000 2115 fere
2025 2068 2266 2114 sentirem.
2297 2066 2390 2114 Sed
2414 2067 2548 2130 quod
2572 2077 2686 2113 tunc

566 2144 687 2193 forte
706 2143 869 2194 ⁴minus
891 2148 1065 2213 pertuli
1084 2165 1142 2196 ex
1170 2148 1390 2209 vulnere,
1414 2165 1544 2195 nunc
1572 2165 1629 2195 ex
1648 2148 1965 2202 detractione⁸
1983 2147 2182 2194 diutius⁹
2203 2147 2404 2212 plector,
2427 2157 2474 2194 et
2496 2147 2604 2212 plus
2627 2163 2683 2194 ex

567 2223 853 2274 detrimento
891 2227 1024 2275 famae
1055 2246 1201 2293 quam
1234 2246 1291 2276 ex
1319 2229 1535 2293 corporis
1566 2229 1752 2274 crucior
1780 2228 2115 2274 diminutione}
2150 2227 2280 2274 Sicut
2304 2227 2432 2274 enim
2457 2226 2685 2290 scriptum

569 2308 704 2366 est¹⁰lt
732 2327 754 2352 «
778 2309 944 2355 Melius
979 2319 1048 2357 est
1078 2327 1258 2357 nomen
1283 2310 1468 2357 bonum
1491 2326 1637 2373 quam
1663 2309 1835 2356 divitiae
1863 2309 2037 2355 multae.
2066 2327 2089 2352 »
2118 2311 2177 2354 Et
2201 2318 2253 2355 ut
2274 2307 2440 2354 beatus
2468 2307 2686 2354 meminit

569 2370 853 2450 Augustinus
888 2390 936 2436 in
969 2406 1189 2438 sermone
1226 2390 1439 2455 quodam
1462 2389 1519 2436 de
1542 2393 1590 2436 V
1586 2392 1653 2435 ita
1675 2400 1724 2435 et
1738 2388 1949 2435 Moribus
1971 2388 2295 2436 Clericoramss
2317 2406 2328 2433 :
2365 2407 2388 2432 «
2412 2388 2507 2444 Qui
2531 2386 2684 2461 fidens

567 2467 866 2514 conscientiae
879 2485 973 2515 suae
988 2470 1180 2534 negligit
1199 2470 1374 2517 famam
1391 2462 1543 2529 suam,
1556 2462 1764 2515 crudelis
1781 2478 1866 2515 est.
1886 2487 1909 2512 »
1927 2468 2060 2514 Idem
2079 2484 2248 2533 supra:
2271 2487 2293 2512 «
2311 2466 2637 2524 Providemus,
2658 2464 2682 2511 »³

565 2545 742 2609 inquit,
768 2567 790 2591 «
808 2547 948 2606 bona,
971 2559 1023 2596 ut
1041 2550 1105 2596 ait
1123 2549 1414 2615 apostolus¹²,
1436 2567 1531 2596 non
1546 2549 1698 2594 solam
1713 2565 1874 2595 coram
1889 2552 2014 2605 Deo,
2034 2547 2119 2593 sed
2132 2549 2276 2594 etiam
2297 2563 2458 2593 coram
2481 2546 2685 2592 homini-

568 2624 663 2671 bus.
689 2629 887 2692 Propter
907 2645 997 2676 nos
1012 2665 1024 2689 ,
1053 2630 1345 2677 conscientia
1368 2639 1531 2676 nostra
1553 2628 1725 2675 sufficit
1744 2629 1792 2674 in
1819 2628 1974 2675 nobis.
2002 2630 2200 2691 Propter
2218 2626 2335 2673 alios
2348 2666 2359 2687 ‚
2379 2626 2502 2672 fama
2521 2627 2683 2672 nOstra

568 2722 666 2752 non
691 2706 868 2771 pollui,
890 2709 974 2755 sed
997 2709 1178 2774 pollere
1205 2709 1348 2756 debet
1371 2710 1420 2755 in
1447 2708 1602 2755 nobis.
1634 2710 1748 2755 Duae
1779 2725 1853 2754 res
1881 2717 1990 2754 sunt
2014 2706 2303 2753 conscientia
2327 2714 2374 2751 et
2397 2705 2536 2750 fama.
2560 2707 2684 2751 Con-

567 2786 758 2832 scientia
792 2786 899 2847 tihi,
931 2788 1054 2835 fama
1078 2790 1315 2854 proximo.
1344 2807 1366 2832 »
1400 2787 1529 2845 Quid
1555 2797 1713 2833 autem
1743 2787 1918 2833 horum
1942 2785 2121 2832 invidia
2150 2785 2240 2849 ipsi
2263 2784 2451 2830 Christo
2486 2783 2563 2861 vel,
2582 2783 2683 2847 ejus

567 2865 812 2927 membris,
833 2877 931 2914 tam
958 2869 1205 2934 prophetis
1229 2868 1404 2915 scilicet
1425 2883 1571 2931 quam
1590 2862 1837 2931 apostolis,
1860 2882 1944 2912 seu
1971 2865 2072 2911 aliis
2089 2865 2300 2930 patribus
2318 2864 2489 2910 sanctis
2507 2863 2681 2926 objice-

568 2954 662 3003 ret,
687 2946 724 2990 si
748 2946 796 2991 in
817 2964 984 2995 eorum
1010 2949 1305 3014 temporibus
1334 2948 1576 3006 existeret,
1606 2963 1755 3010 quum
1778 2963 1860 2992 eos
1884 2945 2104 2992 videlicet
2127 2961 2330 3009 corpore
2354 2945 2560 3007 integros
2584 2953 2681 2990 tam

567 3023 781 3074 familiari
805 3031 1167 3079 conversatione
1192 3029 1379 3076 feminis
1405 3027 1642 3092 praecipue
1673 3026 1856 3072 videret
1877 3025 2141 3072 sociatos¹⁸?
2168 3024 2307 3072 Unde
2332 3035 2378 3070 et
2400 3023 2566 3070 beatus
2590 3025 2680 3070 Au-

568 3107 779 3166 gustinus
811 3111 859 3156 in
892 3111 1014 3157 libro
1050 3110 1107 3156 de
1149 3113 1302 3174 Opere
1345 3108 1708 3167 Monaclzorum,
1745 3107 1870 3171 ipsas
1905 3106 2045 3152 etiam
2086 3104 2305 3152 mulieres
2337 3103 2537 3150 domino
2571 3106 2679 3151 Jesu

611 3275 619 3293 ¹
643 3277 892 3311 Dect-aetatiom's
906 3279 972 3312 MS.
995 3279 1090 3311 Amb.
1102 3297 1141 3303 —-
1157 3279 1169 3296 ²
1186 3281 1325 3321 Infamia
1343 3277 1437 3311 RMS.
1452 3295 1493 3301 -
1508 3277 1522 3294 ³
1539 3278 1604 3310 Ga·
1647 3280 1731 3310 tione
1748 3276 1843 3309 RMS.
1859 3274 1925 3301 —·⁹
1943 3275 1996 3308 Sic
2018 3274 2215 3308 cenimina
2238 3273 2326 3308 Edit.
2349 3273 2444 3307 Amb.
2459 3289 2503 3298 —
2519 3272 2548 3290 ¹⁰
2568 3274 2676 3311 Prov.,

567 3337 686 3367 lamnia
706 3333 798 3366 RMS.
821 3354 856 3358 —
871 3334 884 3351 ⁴
900 3336 1030 3375 Esther,
1051 3346 1122 3378 cap.
1146 3348 1186 3372 ιι,
1210 3347 1239 3368 v.
1266 3337 1297 3367 3.
1310 3352 1355 3359 —
1370 3334 1383 3352 ¹⁵
1400 3337 1472 3367 Act.
1492 3335 1601 3375 Δροει.
1647 3343 1719 3375 cap.
1738 3343 1828 3373 xxn,
1846 3343 1875 3364 v.
1897 3337 1924 3365 1.
1944 3349 1984 3354 —
2004 3331 2031 3349 ¹¹
2051 3331 2155 3364 Serm.
2173 3341 2283 3371 cccxv,
2303 3330 2381 3372 Opp.
2401 3337 2426 3363 t.
2444 3329 2482 3369 V,
2497 3329 2562 3362 col.
2580 3329 2674 3361 1380.

568 3401 641 3432 cap.
662 3401 737 3431 vm,
755 3401 785 3422 v.
810 3392 865 3422 27.
880 3408 923 3414 -
938 3391 950 3408 ⁶
972 3390 1025 3423 Sic
1042 3390 1131 3424 ABG.
1150 3409 1173 3415 -
1192 3393 1320 3432 Quoque
1339 3390 1426 3423 Edit.
1447 3389 1544 3422 Amb.
1564 3406 1603 3412 —
1649 3406 1691 3413 —
1708 3387 1737 3406 ⁴¹
1753 3389 1846 3421 Rom.
1866 3397 1940 3430 cap.
1962 3398 2025 3429 xu,
2045 3398 2075 3420 v.
2098 3389 2151 3420 17.
2164 3405 2202 3410 -
2221 3386 2250 3404 ¹⁸
2269 3387 2462 3428 Gonjuncaeos
2475 3385 2569 3419 RMS.

555 3450 564 3465 ⁷
602 3445 720 3479 Euseb.
743 3447 822 3480 Hist.
840 3448 966 3481 Eccles.
986 3446 1043 3480 lib.
1063 3446 1142 3486 Vll,
1163 3456 1236 3489 cap.
1258 3458 1312 3479 vu.
1340 3464 1370 3470 -
1392 3445 1405 3463 ⁸
1430 3447 1602 3479 obtrecta-
