2970 4152
394 425 403 433 ’
471 447 565 494 232
1270 445 1440 492 PETRI
1475 445 1789 494 ABAELARm

468 552 656 600 tamen,
699 551 746 588 et
782 539 970 587 crebras
995 538 1338 604 postulationes
1375 538 1504 602 ejus,
1544 541 1764 605 praestiti,
1794 549 1846 586 ut
1876 539 2099 587 docerem
2141 540 2274 604 quod
2307 541 2583 590 didiceram.

466 623 624 670 Sicubi
647 621 949 679 haesitabam,
984 629 1032 666 et
1058 619 1240 666 nescire
1265 636 1342 666 me
1370 620 1577 684 ingenue
1599 619 1887 679 confitebar,
1920 637 2224 685 nequaquam
2251 621 2367 668 mihi
2395 622 2588 670 volebat

465 705 784 767 acquiescere3
817 701 902 748 sed
924 700 1026 765 jugi
1058 700 1429 764 interrogatione
1467 700 1666 764 cogebat
1683 736 1696 761 ,
1730 711 1777 748 ut
1804 718 1830 747 e
1859 700 2018 747 multis
2047 701 2282 765 variisque
2307 703 2551 749 sententiis
2569 736 2585 764 ,

465 800 568 847 quae
608 782 725 828 mihi
765 781 1007 828 videretur
1041 779 1362 845 probabilior,
1407 780 1683 827 indicarem.
1715 784 1903 844 Loquar
1939 791 1985 827 et
2021 781 2179 838 aliud,
2220 781 2353 846 quod
2392 782 2586 830 forsitan

463 862 640 910 aemulis
662 861 877 908 videatur
906 859 1198 907 incredibile.
1223 860 1469 907 Hebraeam
1488 860 1698 924 linguam
1716 896 1727 919 ,
1749 877 1893 924 quam
1912 877 1999 925 ego
2020 861 2079 907 ab
2098 860 2419 908 adolescentia
2434 862 2586 910 multo

461 944 653 1002 labore,
683 960 738 989 ac
761 942 935 989 sudore
958 957 1017 987 ex
1047 951 1181 1005 parte
1210 940 1379 1000 didici,
1423 951 1470 987 et
1500 941 1775 1005 infatigabili
1811 941 2120 988 meditatione
2156 958 2256 989 non
2289 941 2488 1002 desero,
2526 960 2588 991 ne

460 1026 559 1090 ipse
590 1024 650 1070 ab
685 1040 739 1070 ea
766 1023 985 1081 deserar,
1024 1021 1203 1068 discere
1241 1021 1414 1080 voluit,
1457 1031 1503 1068 et
1531 1031 1787 1068 consecuta
1813 1032 1883 1068 est
1915 1040 1924 1068 z
1960 1022 2025 1068 ita
2056 1032 2108 1068 ut
2133 1021 2342 1086 psalmos
2365 1022 2587 1070 hebraice

460 1115 680 1163 caneret,
714 1114 761 1150 et
787 1117 1059 1150 sermonem
1096 1100 1275 1164 absque
1310 1101 1404 1147 ulla
1429 1100 1584 1148 latinae
1612 1100 1783 1165 linguae
1805 1102 2095 1167 proprietate
2118 1112 2412 1166 personaret.
2443 1102 2588 1160 Quod

459 1186 654 1250 quidem
691 1200 843 1248 usque
875 1182 1022 1229 hodie
1052 1183 1101 1228 in
1133 1190 1295 1228 sancta
1329 1181 1424 1227 filia
1450 1181 1550 1245 ejus
1584 1181 1842 1228 Eustochio
1871 1183 2127 1228 cernimus.
2156 1181 2378 1229 Sciebant
2410 1184 2588 1248 quippe

460 1268 716 1314 latinorum
756 1263 980 1311 codicum
1017 1261 1286 1309 doctrinam
1324 1278 1381 1308 ex
1411 1261 1645 1308 hebraicis
1684 1272 1731 1308 et
1761 1262 1919 1326 graecis
1952 1263 2236 1326 processisse
2278 1263 2489 1328 scriptis,
2542 1273 2589 1312 et

461 1348 637 1394 idioma
675 1346 1000 1409 cujuscunque
1034 1342 1205 1406 linguae
1236 1342 1297 1388 ad
1329 1341 1526 1407 plenum
1555 1343 1602 1388 in
1630 1342 1878 1407 peregrina
1909 1343 2085 1389 servari
2110 1342 2171 1389 ab
2196 1344 2453 1408 interprete
2487 1360 2587 1391 non

459 1445 614 1494 posse.
647 1426 792 1485 Quod
814 1435 911 1472 tam
934 1422 1142 1483 Hebraei,
1166 1439 1311 1486 quam
1338 1423 1488 1469 G-raeci
1511 1422 1572 1469 de
1596 1423 1887 1487 perfectione
1904 1423 2177 1487 glorianteS,
2201 1426 2374 1472 nostris
2393 1425 2589 1472 transla-

459 1508 671 1567 toribus,
703 1507 832 1554 v‘elut
856 1503 1167 1569 imperfectiS,
1201 1520 1552 1567 nonnunquam
1575 1503 1800 1550 insultare
1834 1515 2187 1552 consueverunt
2206 1542 2220 1564 ,
2259 1506 2402 1552 talem
2432 1507 2482 1552 in
2512 1522 2588 1552 ar-

457 1581 737 1654 gumentum
769 1583 1126 1634 similitudinem
1153 1593 1440 1642 asserentes,
1469 1583 1603 1647 quod
1626 1583 1824 1647 quilibet
1842 1582 2000 1647 liquor
2017 1584 2067 1629 in
2091 1584 2228 1648 plura
2254 1600 2365 1631 vasa
2383 1584 2588 1631 vicissim

459 1670 744 1725 transfusus,
785 1666 1082 1732 plenitudine
1117 1680 1203 1711 sua
1237 1663 1505 1710 necessario
1538 1664 1791 1722 minuitur,
1827 1680 1917 1710 nec
1944 1664 2044 1727 ejus
2067 1665 2304 1729 quantitas
2330 1666 2379 1712 in
2410 1666 2588 1713 caeteris

458 1752 579 1798 vasis
597 1759 754 1816 potest
785 1747 1006 1813 reperiri,
1035 1762 1182 1810 quam
1208 1746 1255 1791 in
1286 1745 1447 1809 priore
1479 1743 1663 1790 habuit.
1695 1744 1835 1791 Unde
1859 1754 1905 1791 et
1933 1744 2052 1791 illud
2079 1762 2203 1811 saepe
2229 1746 2426 1817 accidit,
2453 1746 2587 1812 quod

457 1849 607 1897 quum
629 1829 865 1894 aliquibus
889 1827 1171 1875 testimoniis
1193 1826 1382 1872 Judaeos
1406 1842 1604 1889 arguere
1627 1826 1852 1886 nitimur,
1886 1826 2019 1873 facile
2040 1843 2130 1873 nos
2154 1826 2367 1874 refellere
2399 1827 2554 1875 solent
2570 1865 2582 1888 ,

458 1915 540 1979 qui
572 1912 852 1960 hebraicum
878 1910 1154 1973 ignoramus
1171 1944 1183 1966 ‚
1219 1924 1275 1954 ex
1305 1906 1695 1965 translationum,
1731 1916 1784 1953 ut
1812 1908 1975 1967 aiunt,
2017 1917 2291 1955 nostrarum
2321 1908 2534 1956 falsitate.
2560 1928 2583 1954 υ

456 1994 601 2052 Quod
626 1991 981 2058 sapientissimae
1006 1989 1227 2037 mulieres
1249 1987 1484 2052 praedictae
1510 1987 1760 2051 diligenter
1785 1987 2085 2035 attendentes
2100 2024 2112 2047 ,
2141 2006 2444 2053 nequaquam
2474 2007 2587 2055 pro-

456 2077 569 2142 priae
600 2075 771 2138 linguae
803 2072 1021 2119 doctrina
1046 2079 1281 2117 contentae
1308 2069 1500 2116 fuerunt
1530 2087 1539 2115 :
1573 2079 1625 2116 ut
1652 2085 1752 2116 non
1778 2069 1933 2116 solum
1959 2086 2070 2117 suos
2094 2071 2355 2131 instruere,
2391 2087 2588 2118 verum-

457 2157 598 2203 etiam
624 2154 741 2200 alios
767 2152 979 2200 refellere
1009 2161 1233 2216 possent,
1275 2160 1322 2197 et
1358 2150 1419 2196 de
1454 2149 1784 2215 limpidissima
1812 2150 1954 2196 fontis
1983 2166 2129 2214 aqua,
2160 2152 2285 2198 sitim
2316 2168 2452 2198 suam
2477 2151 2585 2199 refl-

455 2247 633 2285 cerent.
665 2236 735 2283 Ad
763 2234 895 2300 quod
917 2234 1148 2292 maxime,
1171 2233 1222 2278 ni
1241 2231 1402 2291 fallor,
1429 2232 1530 2297 ipse
1555 2232 1875 2295 Hieronymus
1896 2231 2068 2279 harum
2089 2233 2267 2297 peritus
2285 2232 2581 2297 linguarum,

455 2336 542 2365 suo
582 2325 924 2383 provocaverat
962 2313 1197 2379 exemplo.
1233 2313 1377 2376 Cujus
1405 2312 1602 2377 quidem
1637 2314 1815 2377 peritiae
1839 2313 2183 2378 perfectionem
2214 2325 2395 2379 quanto
2423 2315 2586 2363 labore

454 2398 530 2445 vel
547 2397 764 2463 expensis
780 2396 1077 2460 acquisierit,
1107 2393 1169 2441 ad
1189 2393 1550 2440 Pammachium
1568 2403 1614 2440 et
1633 2395 1880 2439 Oceanum
1900 2393 2062 2441 scribit
2079 2394 2153 2441 his
2170 2394 2328 2442 verbis
2345 2398 2356 2419 ¹
2379 2414 2388 2442 ε
2417 2415 2439 2441 κ
2459 2398 2584 2443 Dum

456 2495 608 2525 essem
621 2478 808 2541 juvenis
825 2513 837 2535 ,
864 2477 986 2522 miro
1007 2474 1223 2521 discendi
1249 2473 1433 2520 ferebar
1462 2473 1634 2521 ardore
1651 2509 1663 2533 ,
1695 2490 1810 2533 nec,
1836 2473 1970 2536 juxta
2004 2474 2327 2538 quorumdam
2367 2492 2587 2540 praesum-

454 2561 668 2624 ptionem
683 2595 695 2618 ,
720 2560 820 2623 ipse
838 2574 917 2603 me
942 2556 1102 2602 docui.
1127 2554 1472 2620 Apollinarium
1491 2554 1815 2601 Laodicenum
1836 2555 1996 2601 audivi
2018 2555 2276 2603 Antiochiae
2295 2556 2583 2621 frequenter,

454 2653 499 2688 et
533 2641 684 2700 colui;
717 2650 762 2686 et
784 2655 935 2703 quum
960 2653 1036 2684 me
1058 2637 1107 2683 in
1134 2636 1308 2683 sanctis
1333 2636 1578 2700 scripturis
1619 2635 1829 2683 erudiret
1845 2671 1857 2695 ‚
1893 2653 2144 2700 nunquam
2170 2636 2294 2683 illius
2324 2638 2588 2684 contentio-

453 2740 560 2769 sum
598 2738 741 2786 super
770 2736 913 2767 sensu
942 2718 1117 2782 dogma
1143 2717 1345 2782 suscepi.
1379 2720 1483 2763 Jam
1516 2717 1647 2763 canis
1684 2716 1993 2781 spargebatur
2027 2727 2195 2782 caput,
2233 2727 2280 2764 et
2306 2718 2586 2783 magistrum

455 2805 612 2868 potius
647 2819 793 2867 quam
827 2799 1115 2865 discipulum
1153 2798 1368 2846 decebat.
1412 2799 1601 2845 Per-rexi
1638 2808 1797 2845 tamen
1837 2798 2196 2858 Alexandriam,
2235 2799 2396 2847 audivi
2441 2800 2586 2864 Didy-

456 2902 589 2931 mum
615 2903 625 2931 z
656 2885 705 2930 in
736 2881 897 2930 multis
923 2881 966 2927 ei
993 2869 1163 2944 gratias
1190 2895 1279 2942 ago
1305 2897 1314 2925 ε
1344 2878 1478 2942 quod
1504 2878 1704 2937 nescivi,
1734 2877 1906 2938 didici3
1938 2878 2072 2942 quod
2101 2878 2335 2939 sciebam,
2374 2878 2457 2926 illo
2499 2880 2585 2926 do·

456 2976 590 3012 cente
617 2981 718 3011 non
747 2961 951 3028 perdidi.
986 2959 1222 3008 Putabant
1248 2975 1325 3005 me
1351 2958 1574 3006 homines
1597 2957 1744 3005 finem
1773 2958 1936 3005 fecisse
1965 2958 2183 3006 discendi
2214 2978 2224 3005 ε
2258 2959 2368 3007 veni
2393 2976 2582 3007 rursum

456 3045 833 3108 Hierosolymam
857 3052 904 3090 et
929 3040 1207 3088 Bethlehem
1229 3057 1239 3085 ι
1269 3055 1368 3103 quo
1392 3038 1557 3085 labore
1574 3074 1586 3098 ,
1621 3055 1719 3102 quo
1752 3039 1906 3104 pretio
1939 3039 2262 3087 Barrabanum
2291 3050 2582 3087 nocturnum

457 3126 602 3173 habui
619 3121 984 3190 praeceptorem!
1014 3121 1228 3169 Timebat
1252 3121 1381 3168 enim
1410 3120 1597 3167 Judaeos
1613 3156 1625 3180 ,
1658 3130 1706 3167 et
1729 3120 1846 3167 mihi
1870 3136 1919 3167 se
1946 3120 2146 3167 alterum
2173 3120 2423 3168 exhibebat
2442 3122 2582 3168 Nico-

457 3206 669 3253 demum.
698 3209 882 3251 Horum
906 3204 1126 3250 omnium
1150 3202 1423 3266 frequenter
1441 3201 1491 3247 in
1520 3200 1762 3265 opusculis
1782 3201 1900 3247 meis
1925 3201 2045 3248 facio
2065 3201 2420 3248 mentionem.»
2444 3205 2582 3249 Hunc

458 3286 614 3332 zelum
645 3285 763 3331 tanti
790 3284 1000 3330 doctoris
1017 3320 1028 3342 ,
1061 3293 1108 3330 et
1136 3292 1405 3330 sanctarum
1426 3280 1709 3328 feminarum
1731 3282 1780 3327 in
1801 3281 2045 3346 scripturis
2064 3280 2235 3328 divinis
2255 3281 2577 3342 considerans,

459 3367 653 3426 monui,
697 3375 744 3412 et
766 3365 1054 3411 incessanter
1079 3364 1280 3428 implere
1302 3379 1389 3411 vos
1414 3362 1557 3428 cupio
1574 3396 1587 3420 ,
1624 3371 1675 3408 ut
1704 3362 1822 3409 dum
1851 3362 2074 3426 potestiS,
2110 3371 2156 3409 et
2180 3372 2380 3410 matrem
2411 3362 2581 3410 harum

505 3543 513 3560 ¹
541 3542 643 3585 Epist.
664 3552 735 3583 xm,
756 3540 836 3582 Opp.
854 3546 876 3573 t.
894 3538 949 3580 lV,
966 3539 1029 3572 col.
1049 3540 1123 3572 349.
