2970 4152
564 405 660 454 398
1361 404 1530 452 PETRI
1565 405 1878 484 issAELARDI

564 508 635 547 est
653 516 710 547 ex
727 498 887 557 nobis,
910 499 1010 563 ipse
1027 507 1096 545 est
1117 496 1412 545 invocandus
1431 507 1485 545 ut
1495 483 1620 546 Ιιεήο
1637 499 1777 546 nobis
1797 499 2034 557 conferat,
2057 499 2140 562 qui
2155 498 2373 564 exemplo
2387 515 2480 547 suae
2493 499 2671 563 passio·

563 580 638 626 nis
659 595 749 626 nos
768 578 829 625 ad
849 594 953 624 eam
978 578 1157 625 invitat.
1177 580 1281 643 Ipse
1305 580 1492 626 Nomen
1508 578 1680 649 dicitur
1696 574 1807 639 Dei,
1824 579 1905 643 qui
1927 578 2119 643 plenam
2135 578 2235 641 ejus
2250 578 2468 627 notitiam
2487 577 2669 625 mundo

562 658 731 706 attulit.
755 652 956 705 Nomine
975 658 1151 722 quippe
1173 674 1261 704 suo
1275 673 1349 713 res
1371 658 1590 722 quaelibet
1608 658 1889 718 declaratur,
1913 668 1960 705 et
1981 657 2342 722 quodammodo
2360 658 2666 722 dignoscitur.

562 738 790 795 Quaedam
817 737 955 785 nobis
982 737 1146 784 tribuit
1174 741 1328 798 Deus,
1357 739 1575 803 quaedam
1599 738 1830 785 retribuit.
1861 741 1956 785 Nos
1977 754 2091 785 vero
2115 738 2232 785 nihil
2252 739 2296 785 ei
2316 755 2571 803 possumus
2595 739 2674 786 tri·

561 819 730 878 buere,
751 817 835 865 sed
851 818 1072 865 nonnihil
1094 817 1369 866 retribuere.
1398 821 1502 883 Ipse
1528 818 1704 882 quippe
1722 827 1817 877 est,
1847 818 1929 882 qui
1953 828 2177 882 operatur
2194 818 2243 864 in
2262 816 2402 865 nobis
2418 827 2466 865 et
2485 816 2605 865 velle
2629 827 2676 868 et

562 898 789 964 perficere
802 915 890 964 pro
906 898 1036 946 bona
1049 898 1307 946 voluntate.
1336 901 1441 964 Ipse
1464 914 1553 945 nos
1578 898 1804 962 praevenit
1825 906 1878 944 ut
1893 897 2093 945 velimus
2111 933 2122 958 ‚
2148 898 2249 963 ipse
2268 913 2357 944 nos
2374 896 2675 962 subsequitur

562 989 615 1026 ut
632 980 889 1044 possimus3
911 989 957 1031 et
974 980 1127 1044 ipsam
1143 979 1436 1026 voluntatem
1455 994 1599 1043 quam
1615 979 1835 1043 inspirat,
1852 978 1927 1042 adj
1935 987 2044 1025 uvat
2062 994 2122 1025 ne
2142 977 2352 1037 deficiat,
2380 977 2675 1024 voluntatem

562 1075 657 1124 qua
669 1076 937 1106 mereamur
953 1060 1092 1124 gratis
1111 1059 1294 1118 tribuit,
1315 1069 1361 1106 et
1375 1060 1476 1124 ips'a
1492 1059 1659 1105 merita
1669 1075 1773 1122 quae
1786 1059 1835 1106 in
1848 1058 1987 1106 nobis
2005 1058 2146 1106 efficit
2158 1094 2170 1118 ,
2192 1067 2465 1107 remunerat
2479 1057 2678 1106 retribu-

563 1140 693 1187 tione
706 1139 951 1187 mercedis.
970 1142 1076 1187 Non
1096 1140 1286 1187 enimin
1302 1140 1442 1186 nobis
1458 1149 1746 1199 remunerat,
1765 1139 1855 1187 nisi
1867 1139 1995 1186 dona
2007 1156 2108 1200 sua,
2125 1149 2178 1186 ut
2188 1149 2282 1186 tam
2298 1139 2521 1186 meritum
2533 1153 2678 1202 quam

563 1220 811 1269 retributio
834 1238 934 1269 non
954 1238 1009 1269 ex
1027 1221 1167 1268 nobis
1185 1223 1264 1281 sit,
1285 1221 1369 1268 sed
1386 1237 1443 1267 ex
1468 1237 1517 1267 se
1535 1220 1676 1267 nobis
1694 1221 1815 1286 ipso.
1839 1224 1943 1286 Ipse
1961 1220 2102 1268 nobis
2119 1220 2294 1268 tribuat
2314 1236 2400 1285 per
2422 1218 2555 1284 quod
2577 1234 2678 1267 me·

566 1319 771 1363 reamur,
791 1303 926 1367 cujus
944 1312 1014 1351 est
1031 1302 1290 1350 retribuere
1309 1318 1459 1366 quum
1478 1302 1806 1365 meruerimus.
1827 1305 1932 1367 Ipse
1950 1318 2039 1349 nos
2059 1301 2226 1350 offerat
2237 1301 2361 1366 patri
2378 1317 2484 1361 suo,
2501 1300 2578 1347 cui
2593 1298 2682 1347 ho·-

566 1384 731 1431 dierna
747 1383 823 1430 die
839 1400 950 1430 cum
968 1393 1139 1431 nostrae
1152 1383 1306 1430 carnis
1322 1382 1582 1430 substantia
1592 1392 1898 1447 praesentatus
1918 1393 1988 1430 est
2005 1383 2054 1430 in
2069 1382 2282 1448 Templo.
2300 1386 2405 1448 Ipse
2418 1379 2551 1446 quod
2567 1379 2682 1428 fide-

565 1463 688 1511 libus
711 1464 954 1528 promisit,
980 1465 1028 1510 in
1048 1463 1186 1510 nobis
1207 1462 1468 1528 compleat3
1495 1463 1821 1527 unusquisque
1841 1472 2060 1510 nostrum
2082 1463 2165 1527 qui
2185 1479 2294 1510 eum
2318 1470 2548 1527 expectat,
2571 1475 2682 1507 cum

565 1545 706 1592 heato
733 1545 925 1600 Simone
947 1545 1105 1592 dicere
1127 1548 1290 1609 queat¹
1314 1563 1324 1591 :
1353 1547 1526 1592 «Nunc
1556 1544 1768 1604 dimittis,
1796 1544 2019 1604 Domine,
2043 1560 2234 1591 servum
2257 1553 2393 1590 tuum
2418 1543 2468 1590 in
2494 1557 2628 1607 pace.
2651 1559 2676 1585 η

570 1628 732 1673 Amen.

1267 2006 1344 2064 IN
1390 2002 1976 2065 SEPTUAGESIMA.

1503 2185 1654 2216 SERMo
1687 2186 1754 2216 Vl.

635 2294 936 2342 Ecclesiastes
967 2294 1028 2341 ad
1056 2294 1198 2358 hujus
1236 2295 1342 2342 vitae
1377 2295 1632 2343 vanitatem
1668 2305 1714 2343 et
1745 2295 2113 2342 inconstantiam
2150 2293 2554 2353 contemnendam
2597 2310 2688 2341 nos

570 2374 828 2422 adhortans
854 2375 943 2421 ait’
965 2393 975 2421 :
1011 2394 1034 2419 «
1062 2375 1236 2421 Omnia
1265 2385 1452 2440 tempus
1479 2375 1680 2435 habent,
1720 2386 1764 2423 et
1789 2377 1884 2423 suis
1908 2376 2067 2441 spatiis
2090 2384 2336 2422 transeunt
2359 2375 2578 2421 universa
2599 2373 2688 2420 sub

570 2455 707 2503 coelo.
731 2474 755 2500 »
789 2458 848 2502 Et
878 2465 987 2519 post
1013 2455 1197 2520 aliqua,
1227 2455 1343 2520 quid
1368 2455 1508 2503 nobis
1539 2458 1587 2503 in
1616 2456 1706 2504 hac
1734 2455 2047 2504 mutabilitate
2084 2466 2129 2503 et
2151 2454 2484 2503 incertitudine
2505 2455 2611 2502 vitae
2633 2455 2691 2501 sit

571 2535 840 2584 faciendum
855 2536 932 2583 vel
946 2536 1296 2602 expectandum
1314 2537 1557 2602 supponit,
1577 2537 1768 2584 dicens³
1791 2556 1800 2583 :
1823 2556 1847 2583 «
1865 2540 2071 2602 Tempus
2089 2536 2253 2596 flendi,
2271 2545 2318 2583 et
2333 2545 2519 2600 tempus
2530 2533 2690 2582 riden-

571 2614 637 2662 di.
657 2618 860 2681 Tempus
875 2615 1133 2681 plangendi
1149 2626 1195 2664 et
1213 2626 1401 2682 tempus
1422 2617 1640 2665 saltandi.
1664 2636 1687 2661 »
1718 2618 1930 2664 «Omnia
1944 2652 1956 2675 ,
1979 2636 2001 2661 »
2021 2617 2193 2681 inquit,
2217 2635 2240 2661 «
2260 2615 2350 2662 sub
2366 2615 2487 2662 coelo
2503 2625 2693 2679 tempus

570 2694 772 2757 habent,
801 2715 825 2741 »
847 2695 943 2744 hoc
973 2707 1044 2744 est
1061 2697 1384 2762 temporaliter
1401 2708 1662 2759 mutantur,
1685 2707 1732 2746 et
1754 2715 1889 2745 more
1906 2698 2133 2763 temporis
2150 2697 2441 2745 incessanter
2455 2695 2689 2743 defluunt.

578 2794 602 2819 «
621 2775 719 2822 Sub
743 2775 864 2824 coelo
880 2812 892 2836 ,
918 2795 942 2821 »
971 2777 1151 2841 inquit,
1171 2794 1270 2825 non
1297 2794 1440 2842 super
1469 2777 1643 2825 coelum
1671 2796 1681 2824 ε
1708 2778 1820 2842 quia
1848 2777 1927 2825 hic
1948 2777 2156 2838 vanitas,
2179 2776 2245 2824 ibi
2267 2777 2438 2823 veritas
2463 2794 2474 2822 ε
2497 2775 2577 2822 hic
2608 2773 2696 2822 de-

576 2855 751 2917 fectus,
773 2857 839 2903 ibi
854 2858 1126 2922 perennitas
1147 2876 1156 2904 ε
1179 2857 1258 2904 hic
1275 2859 1453 2905 incerta
1468 2858 1756 2923 prosperitas
1772 2868 1818 2905 et
1837 2858 2036 2905 miseriae
2058 2874 2248 2923 semper
2263 2856 2420 2904 laetitia
2437 2855 2690 2920 permixta,

574 2935 639 2983 ibi
657 2937 776 2984 sicut
799 2936 1077 2984 indeficiens
1093 2974 1105 2998 ,
1132 2938 1197 2985 ita
1220 2948 1266 2985 et
1290 2938 1626 2985 inaestimabilis
1649 2938 1859 2985 felicitas.
1892 2958 1917 2983 «
1936 2938 2040 2985 Suis
2056 2974 2068 2998 ‚
2091 2957 2115 2982 »
2145 2938 2336 3002 inquit⁴,
2370 2954 2394 2981 «
2415 2935 2575 3000 spatiis
2592 2935 2696 2982 uni-

575 3032 709 3064 versa
726 3026 974 3065 transeunt
987 3053 999 3077 ‚
1026 3037 1048 3061 »
1070 3018 1181 3082 quia
1198 3034 1296 3082 quo
1313 3018 1466 3081 majus
1483 3018 1687 3082 spatium
1703 3018 1808 3065 vitae
1825 3017 2023 3082 quilibet
2037 3017 2206 3064 habuit
2218 3053 2230 3077 ‚
2258 3026 2391 3064 tanto
2414 3015 2606 3063 brevius
2627 3024 2698 3061 est

574 3096 845 3158 habiturus,
874 3108 920 3145 et
943 3098 1239 3163 singulorum
1264 3099 1359 3144 vita
1383 3107 1564 3162 quanto
1580 3097 1769 3162 longior
1787 3098 1958 3158 extitit,
1983 3107 2115 3145 tanto
2134 3097 2326 3144 brevior
2347 3105 2418 3143 est
2439 3095 2622 3154 futura,
2651 3103 2698 3141 et

577 3176 671 3221 suis
689 3176 991 3225 incrementis
1006 3195 1194 3244 semper
1211 3178 1273 3244 ad
1289 3164 1527 3225 defectum
1549 3188 1790 3242 properat.
1817 3178 1871 3226 Id
1894 3194 2087 3243 quoque
2106 3178 2288 3242 ipsum,
2314 3174 2449 3240 quod
2464 3175 2568 3222 vitae
2583 3174 2697 3221 dici·

576 3263 671 3315 tur,
693 3256 754 3302 ita
772 3258 969 3305 miseriis
991 3269 1061 3306 est
1081 3259 1387 3325 implicitum,
1406 3268 1459 3305 ut
1477 3274 1606 3304 mors
1624 3259 1783 3322 potius
1802 3275 1946 3322 quam
1968 3258 2063 3305 vita
2078 3257 2137 3304 sit
2154 3255 2438 3316 dicendum;
2459 3254 2668 3303 defectus
2680 3290 2693 3315 ,

578 3351 679 3382 non
708 3337 947 3400 profectus
981 3340 1040 3386 sit
1070 3338 1410 3404 appellandum
1438 3357 1448 3385 z
1480 3339 1610 3386 nocti
1639 3339 1798 3403 potius
1837 3354 1982 3402 quam
2012 3337 2132 3398 diei,
2161 3337 2356 3386 moerori
2380 3336 2528 3400 magis
2553 3351 2699 3400 quam

628 3493 635 3512 ¹
662 3492 757 3535 Luc„
776 3505 846 3538 cap.
866 3506 887 3527 n
900 3520 908 3534 ,
928 3506 960 3528 v.
975 3496 1029 3528 99.
1043 3513 1084 3520 -
1097 3495 1111 3513 ²
1126 3498 1268 3538 Eccles„
1286 3508 1359 3541 cap.
1380 3508 1433 3539 ιιι,
1446 3507 1479 3531 v.
1499 3499 1582 3531 l.—
1595 3496 1607 3514 ³
1625 3496 1724 3539 1bid.‚
1740 3507 1770 3529 v.
1788 3498 1819 3530 Ξ.
1833 3495 1902 3522 —⁴
1915 3496 1987 3530 lhid
2007 3521 2015 3536 ‚
2032 3507 2062 3529 v.
2084 3498 2114 3529 1.
