2970 4152
463 403 557 448 240
1044 403 1214 449 PETRI
1251 402 1564 452 ABAELARDI
1599 406 1673 452 ET
1707 405 2015 453 HELOlSSAE

462 512 562 543 rem
589 506 635 543 et
665 513 893 560 expensas
929 497 977 542 in
1004 497 1222 544 doctrina
1252 515 1417 546 earum
1442 502 1791 566 consumpserit.
1816 501 1916 564 ejus
1941 514 2134 563 quoque
2158 498 2431 544 testimonio
2462 498 2585 544 didi-

461 576 626 622 cimus.
661 576 754 633 Qui
787 576 912 623 inter
948 586 1112 624 caetera
1141 594 1246 642 quae
1281 579 1482 643 ipsemet
1505 580 1566 627 de
1590 582 1788 647 proprio
1816 579 1978 626 scribit
2018 578 2175 625 studio
2193 614 2205 637 ,
2246 587 2298 624 ut
2324 594 2414 624 nos
2444 579 2583 625 etiam

463 655 680 702 videlicet
703 672 790 703 suo
817 657 1016 703 instruat
1042 657 1261 722 exemplo
1278 697 1290 718 ,
1323 659 1385 706 ad
1409 652 1768 708 Pammachium
1795 670 1841 707 et
1867 662 2111 706 Oceanum
2137 656 2348 722 quodam
2381 657 2490 704 loco
2522 658 2587 704 sic

465 737 679 783 meminit
703 739 714 761 ¹
751 755 760 781 ε
800 755 823 781 «
855 740 982 784 Dum
1023 755 1175 786 essem
1199 739 1415 803 juvenis,
1448 742 1570 788 miro
1596 741 1810 788 discendi
1835 739 2075 788 fervebam
2104 755 2284 786 amore.
2325 740 2422 785 Nec
2454 737 2586 801 juxta

462 817 782 881 quorumdam
811 820 1260 884 praesumptionem,
1294 822 1393 886 ipse
1424 839 1502 870 me
1540 822 1716 882 docui,
1757 821 2079 887 Apollinarem
2120 819 2278 866 audivi
2317 818 2588 883 frequenter

463 895 746 958 Antiochiae,
776 908 822 945 et
844 898 1001 958 colui,
1030 917 1181 964 quum
1202 918 1283 970 *me
1307 902 1355 948 in
1386 903 1628 968 scripturis
1653 903 1825 950 sanctis
1860 901 2084 949 erudiret.
2117 904 2219 947 Jam
2246 900 2376 947 canis
2400 915 2587 964 sparge-

459 977 599 1025 batur
635 989 801 1043 caput,
847 990 891 1026 et
933 981 1208 1045 magistrum
1248 983 1406 1047 potius
1444 1000 1588 1047 quam
1630 983 1917 1048 discipulum
1953 981 2167 1030 decebat.
2202 980 2388 1027 Perrexi
2429 989 2586 1027 tamen

465 1059 809 1106 Alexandriam.
845 1061 1014 1108 Audivi
1038 1062 1316 1123 Didimum;
1357 1065 1406 1110 in
1432 1064 1592 1111 multis
1622 1065 1665 1112 ei
1691 1065 1862 1129 gratias
1893 1080 2012 1128 ago,
2051 1062 2182 1127 quod
2213 1061 2391 1108 nescivi
2422 1060 2583 1107 didici.

463 1139 696 1187 Putabant
715 1158 792 1188 me
810 1141 1032 1190 homines
1050 1143 1197 1190 finem
1220 1144 1383 1191 fecisse
1401 1145 1631 1193 discendi.
1663 1148 1838 1193 Rursus
1861 1143 2190 1192 Hierosolimae
2208 1152 2255 1190 et
2279 1140 2554 1189 Bethlehem
2574 1179 2584 1199 ‚

461 1237 558 1284 quo
585 1221 747 1269 labore
764 1259 775 1281 ,
809 1239 906 1287 qzxo
931 1224 1083 1287 pretio
1110 1226 1394 1272 Baranniam
1419 1225 1671 1273 Hebraeum
1702 1236 1994 1273 nocturnum
2031 1223 2178 1270 habui
2208 1222 2588 1288 praeceptorem?

460 1302 673 1349 Timebat
697 1304 826 1349 enim
851 1303 1038 1351 Judaeos
1059 1342 1070 1365 ,
1104 1316 1151 1352 et
1176 1305 1294 1352 mihi
1316 1306 1517 1354 alterum
1544 1324 1645 1354 sese
1673 1306 1927 1354 exhibebat
1952 1304 2309 1352 Nicodemum².
2341 1322 2361 1346 »
2390 1304 2591 1350 Memori

461 1383 674 1447 profecto
704 1394 864 1431 mente
889 1385 967 1432 hic
993 1386 1327 1434 recondiderat
1348 1387 1480 1451 quod
1507 1388 1555 1433 in
1583 1387 1910 1434 Ecclesiastico
1935 1387 2140 1450 legerat³
2164 1404 2173 1432 ι
2198 1405 2220 1430 «
2244 1384 2356 1444 Fili,
2386 1400 2412 1431 a
2428 1383 2594 1448 juven·

462 1473 562 1511 tute
597 1474 674 1511 tua
713 1466 876 1530 excipe
916 1466 1212 1526 doctrinam,
1249 1478 1296 1514 et
1334 1485 1485 1532 usque
1514 1469 1574 1516 ad
1600 1485 1746 1515 canos
1770 1469 1983 1516 invenies
2022 1467 2316 1532 sapientiam.
2346 1484 2369 1508 »
2408 1468 2460 1511 ln
2494 1481 2591 1529 quo

463 1545 562 1609 ipse
600 1562 699 1592 non
739 1546 894 1593 solum
935 1548 1177 1612 scripturae
1218 1547 1405 1608 verbis,
1447 1550 1757 1596 verumetiam
1798 1558 2073 1595 sanctorum
2111 1557 2300 1611 patrum
2338 1546 2594 1592 instructus

464 1627 720 1691 exemplis,
765 1629 887 1675 inter
929 1638 1118 1675 caeteras
1162 1629 1432 1676 excellentis
1471 1630 1597 1677 illius
1646 1630 1925 1677 monasterii
1959 1628 2126 1675 laudes
2164 1627 2258 1673 hoc
2285 1626 2346 1674 de
2370 1625 2594 1690 singulari

462 1708 684 1755 exercitio
715 1709 814 1772 ejus
844 1710 890 1755 in
917 1710 1161 1774 scripturis
1186 1710 1358 1757 divinis
1385 1711 1557 1775 adjecit
1587 1729 1596 1756 :
1631 1731 1653 1756 «
1676 1712 2026 1776 Scripturarum
2055 1725 2171 1756 vero
2196 1708 2465 1755 divinarum
2493 1723 2596 1755 me-

463 1787 741 1835 ditationem
772 1800 818 1836 et
843 1789 1134 1836 intellectum
1155 1827 1167 1850 ,
1200 1801 1343 1855 atque
1366 1792 1571 1838 scientiae
1591 1791 1763 1838 divinae
1782 1828 1794 1850 ,
1823 1807 2073 1855 nunquam
2092 1799 2221 1836 tanta
2238 1788 2445 1835 vidimus
2464 1804 2595 1835 exer-

463 1869 598 1929 citia,
639 1880 691 1915 ut
714 1870 925 1935 singulos
964 1887 1087 1935 pene
1126 1888 1295 1917 eorum
1332 1882 1545 1919 oratores
1581 1872 1746 1919 credas
1780 1873 1828 1918 in
1868 1871 2080 1918 divinam
2110 1887 2211 1917 esse
2245 1870 2540 1935 sapientiam.
2570 1889 2593 1913 υ

464 1952 662 1998 Sanctus
687 1953 827 1998 etiam
854 1952 1008 2012 Beda,
1050 1953 1170 1999 sicut
1199 1953 1249 1999 in
1277 1955 1491 2000 Historia
1519 1954 1660 2001 refert
1690 1953 1956 2019 Anglorum
1982 1954 2021 2013 ⁴,
2052 1969 2079 1999 a
2106 1968 2259 2017 puero
2284 1951 2332 1998 in
2361 1961 2598 1998 monaste·

466 2032 589 2078 rium
611 2043 887 2097 susceptus:
924 2052 947 2078 «
966 2036 1233 2093 Cunctum,
1262 2053 1285 2078 »
1318 2034 1498 2098 inquit,
1532 2052 1634 2082 «ex
1663 2051 1720 2082 eo
1749 2044 1939 2099 tempus
1970 2034 2076 2081 vitae
2106 2034 2155 2080 in
2185 2032 2399 2097 ejusdem
2433 2049 2599 2079 mona-

465 2113 590 2159 sterii
631 2112 924 2160 habitatione
957 2130 1217 2179 peragens,
1262 2132 1459 2162 omnem
1490 2115 1728 2162 meditans
1768 2115 2011 2180 scripturis
2051 2130 2247 2179 operam
2283 2114 2420 2173 dedi;
2455 2123 2598 2177 atque

467 2194 590 2241 inter
614 2193 964 2241 observantiam
997 2194 1256 2260 disciplinae
1281 2196 1508 2260 regularis
1537 2206 1585 2243 et
1614 2195 1942 2260 quotidianam
1973 2195 2198 2242 cantandi
2223 2196 2271 2241 in
2299 2195 2495 2242 ecclesia
2521 2211 2614 2246 cuz

466 2289 567 2319 ram
588 2310 600 2332 ,
632 2290 821 2338 semper
847 2284 929 2321 aut
953 2274 1134 2323 discere
1152 2311 1165 2334 ,
1195 2286 1276 2323 aut
1304 2275 1510 2323 scribere
1534 2276 1674 2324 dulce
1696 2276 1860 2322 habui.
1889 2295 1912 2320 υ
1946 2279 2083 2322 Nunc
2105 2291 2220 2322 vero
2250 2275 2332 2339 qui
2358 2275 2405 2321 in
2432 2291 2598 2321 mona-

467 2355 617 2402 steriis
645 2355 929 2402 erudiuntur
959 2356 1080 2403 adeo
1109 2357 1238 2404 stulti
1268 2368 1599 2422 perseverant,
1635 2367 1688 2404 ut
1724 2357 1989 2404 litterarum
2025 2372 2146 2403 sono
2173 2356 2387 2403 contenti
2418 2354 2597 2401 nullam

469 2436 528 2483 de
554 2436 859 2501 intelligentia
884 2454 1048 2484 curam
1076 2448 1348 2498 assumant,
1377 2455 1466 2486 nec
1491 2455 1576 2486 cor
1600 2439 1861 2498 instruere,
1891 2438 1974 2485 sed
1994 2437 2205 2502 linguam
2231 2436 2440 2483 student.
2466 2438 2600 2492 Quos

467 2528 682 2582 patenter
707 2518 825 2565 illud
850 2518 1118 2566 Salomonis
1144 2520 1296 2584 arguit
1320 2520 1626 2585 proverbium
1643 2522 1656 2545 '⁵
1678 2538 1688 2566 τ
1718 2539 1742 2565 «
1762 2523 1857 2566 Cor
1881 2519 2106 2585 sapientis
2125 2518 2292 2583 quaerit
2310 2517 2596 2575 doctrinam,

470 2609 515 2646 et
548 2616 601 2646 os
639 2598 893 2646 stultorum
919 2610 1139 2664 pascetur
1166 2601 1431 2666 imperitia3
1469 2620 1491 2645 »
1532 2618 1683 2666 quum
1708 2600 1929 2648 videlicet
1955 2599 2112 2648 verbis
2135 2616 2240 2663 quae
2264 2615 2363 2646 non
2388 2597 2603 2661 intelligit

470 2680 748 2727 oblectatur.
779 2680 873 2737 Qui
897 2680 1112 2745 profecto
1143 2690 1274 2728 tanto
1302 2681 1461 2728 minus
1482 2685 1638 2729 Deum
1667 2698 1827 2729 amare
1858 2691 1904 2728 et
1929 2681 1978 2727 in
2003 2697 2115 2728 eum
2150 2678 2346 2726 accendi
2371 2688 2600 2744 possunt,

470 2748 650 2825 quanto
678 2759 881 2825 amplius
910 2759 970 2806 ab
995 2760 1096 2824 ejus
1120 2761 1428 2826 intelligentia
1458 2772 1505 2809 et
1529 2779 1556 2808 a
1587 2779 1729 2809 sensu
1755 2762 2007 2827 Scriptura-3
2032 2760 2092 2807 de
2118 2760 2222 2825 ipso
2242 2775 2331 2806 nos
2351 2757 2608 2805 erudientis

471 2841 716 2888 absistunt.
750 2843 852 2887 Hoc
878 2850 1036 2887 autem
1066 2841 1253 2888 duabus
1282 2842 1486 2889 maxime
1511 2842 1572 2889 de
1601 2843 1754 2889 causis
1778 2842 1827 2888 in
1866 2841 2166 2888 monasteriis
2191 2839 2417 2887 accidisse
2445 2837 2605 2886 credi-

472 2939 577 2968 mus
597 2958 608 2981 ,
644 2921 717 2968 vel
741 2938 826 2987 per
850 2921 1082 2968 laicorum
1102 2957 1114 2981 ,
1135 2921 1310 2969 scilicet
1335 2938 1679 2969 conversorum
1700 2958 1711 2982 ,
1740 2939 1822 2969 seu
1843 2922 1983 2969 etiam
2004 2921 2219 2986 ipsorum
2238 2920 2600 2986 praepositorum

472 3001 696 3049 invidiam
722 3021 730 3048 ε
762 3002 836 3049 vel
861 3012 1058 3067 propter
1083 3002 1410 3067 vaniloquium
1436 3004 1684 3051 otiositatis
1704 3040 1715 3062 ,
1745 3004 1822 3050 cui
1837 3002 1983 3050 hodie
2001 3002 2261 3068 plurimum
2281 3001 2484 3048 claustra
2500 3016 2601 3046 mo-

473 3083 648 3129 nastica
673 3099 840 3130 vacare
861 3082 1096 3130 videmus.
1127 3084 1208 3130 Isti
1232 3083 1448 3149 profecto
1468 3101 1558 3131 nos
1582 3085 1783 3132 terrenis
1802 3084 1950 3149 magis
1968 3099 2114 3148 quam
2133 3081 2419 3147 spiritalibus
2437 3097 2598 3127 secum

472 3161 719 3209 intendere
744 3164 1006 3228 cupientes,
1028 3163 1096 3210 illi
1115 3174 1227 3211 sunt
1245 3165 1327 3228 qui
1346 3174 1573 3229 tanquam
1601 3164 1837 3230 Allophyli
1854 3164 2118 3212 fodientem
2133 3172 2305 3228 puteos
2321 3162 2474 3208 Isaac}³
2497 3177 2604 3226 per-

473 3252 734 3305 sequuntur
756 3278 767 3301 ,
797 3252 844 3289 et
869 3260 950 3289 eos
976 3243 1208 3308 replendo
1235 3245 1457 3309 congerie
1482 3255 1616 3292 terrae
1639 3262 1815 3309 aquam
1841 3245 1883 3292 ei
1908 3253 2126 3308 satagunt
2149 3241 2420 3308 prohibere.
2457 3240 2601 3298 Quod

521 3448 528 3463 ¹
556 3447 658 3490 Epist.
682 3460 741 3487 η,
765 3450 845 3491 opp.
865 3457 885 3482 t.
913 3450 963 3487 tv,
989 3463 1021 3493 p.
1052 3453 1124 3484 342
1141 3451 1336 3492 -—-¹Joan.‚
1355 3462 1435 3495 cap.·
1459 3463 1512 3492 tn,
1558 3453 1750 3494 Anylorum,
1774 3451 1832 3484 lib.
1859 3451 1898 3491 V,
1924 3451 1984 3485 sub
2008 3450 2128 3489 finem,
2151 3448 2360 3490 opp.t.111‚
2381 3446 2443 3480 col.
2466 3447 2538 3477 151.
2562 3463 2598 3467 -

476 3516 504 3535 ν.
529 3507 538 3535 1
565 3511 596 3536 et
614 3515 663 3548 sq.
680 3523 718 3528 ——
735 3505 746 3521 ³
768 3506 886 3543 Eccli.‚
902 3517 974 3550 cap.
997 3520 1023 3540 η
1037 3535 1044 3547 ,
1066 3520 1093 3542 v.
1118 3511 1168 3542 18.
1189 3528 1225 3534 -
1241 3509 1253 3526 ⁴
1267 3511 1385 3543 Hister.
1413 3512 1515 3551 gentis
1561 3508 1574 3525 ⁸
1591 3509 1704 3546 Prov.,
1724 3517 1798 3550 cap.
1813 3518 1867 3548 xv,
1882 3517 1912 3539 v.
1928 3507 1981 3538 44.
2006 3524 2043 3531 -·
2063 3504 2076 3522 ⁶
2096 3505 2226 3543 Genes„
2244 3514 2316 3547 cap.
2334 3513 2433 3542 xxvt,
2451 3512 2482 3534 v.
2505 3501 2555 3532 15.
