2970 4152
287 734 453 774 Quomodo

259 784 412 810 &astratus
426 785 486 811 ssSl.

288 1222 357 1245 CAP.
378 1225 443 1245 vn!

256 1255 298 1287 De
314 1257 406 1299 plaga
420 1257 474 1288 illa

238 1300 380 1342 corporis
411 1300 489 1342 ejus.

551 376 609 421 46
1129 376 1298 422 PETRI
1336 375 1648 423 ABAELARDI
1683 377 1757 423 ET
1790 377 2089 424 HELOlSSAE

543 481 654 517 sunt
678 487 755 517 me
781 487 908 517 nunc
933 470 1020 516 sibi
1044 469 1306 534 plurimum
1323 468 1548 517 illusisse¹
1553 506 1566 530 ,
1595 480 1641 517 et
1659 471 1719 518 ab
1744 488 1800 519 ea
1824 470 2022 518 moniali
2046 471 2166 517 facta
2185 487 2262 517 me
2286 471 2352 517 sic
2370 472 2501 518 facile
2526 489 2663 538 expe-

542 550 680 598 diret
715 550 849 597 Unde
885 550 1191 596 vehementer
1215 548 1466 613 indignati,
1503 560 1549 597 et
1580 550 1832 598 adversum
1868 567 1944 597 me
1977 550 2235 613 conjurati,
2273 560 2412 597 nocte
2454 551 2659 614 quadam

540 632 861 694 quiescentem
900 646 977 676 me
1015 639 1157 693 atque
1194 629 1550 677 dormientem
1538 647 1587 677 m
1625 641 1803 678 secreta
1836 631 2030 695 hospitii
2066 632 2160 678 mei
2203 647 2412 690 camera,
2449 632 2659 695 quodam

538 711 653 756 mihi
694 710 925 756 serviente
959 726 1045 774 per
1074 710 1327 775 pecuniam
1365 721 1619 776 corrupto,
1657 711 1981 759 crudelissima
2014 722 2060 758 et
2095 711 2438 776 pudentissima
2479 711 2659 760 ultione

537 791 819 854 punierunt,
849 800 896 837 et
914 806 1060 854 quam
1084 807 1271 838 summa
1294 791 1609 839 admiratione
1639 793 1847 839 mundus
1873 794 2055 857 excepit
2077 811 2087 837 z
2117 793 2184 839 eis
2206 779 2426 839 videlicet
2447 793 2660 856 corporis

537 871 629 915 mei
653 869 865 934 partibus
893 871 1147 935 amputatis
1158 873 1188 931 ³,
1220 871 1392 935 quibus
1424 871 1473 917 id
1502 872 1634 936 quod
1663 872 1951 937 plangebant
1969 873 2315 920 commiseram.
2340 871 2522 930 Quibus
2547 889 2660 919 mox

534 950 582 994 in
607 949 766 1013 fugam
790 951 1030 997 conversis
1049 987 1061 1010 ‚
1091 950 1189 998 duo
1215 952 1297 1016 qui
1323 951 1670 1016 comprehendi
1694 962 1955 1017 potuerunt
1980 948 2129 1000 oculis
2152 964 2197 1000 et
2229 952 2506 1017 genitalibus
2523 953 2536 975 ¹·
2562 953 2658 1016 pri·

535 1031 626 1076 vati
652 1041 776 1077 sunt.
818 1033 1038 1089 Quorum
1062 1031 1180 1079 alter
1213 1031 1291 1079 ille
1316 1032 1403 1079 fuit
1441 1032 1754 1098 supradictus.
1777 1034 2007 1094 serviens,
2044 1034 2125 1098 qui
2159 1051 2308 1098 quum
2344 1035 2391 1080 in
2426 1032 2656 1095 obsequio

534 1126 642 1156 meo
668 1099 856 1157 mecum
882 1121 1117 1171 maneret,
1147 1111 1404 1177 cupiditate
1431 1112 1492 1159 ad
1517 1113 1863 1178 proditionem⁵
1890 1113 2060 1162 ductus
2088 1116 2197 1162 est⁶.

595 1192 732 1237 Mane
763 1201 923 1238 autem
959 1191 1107 1253 facto,
1149 1202 1249 1239 tota
1278 1192 1339 1239 ad
1379 1209 1456 1238 me
1503 1193 1664 1240 civitas
1702 1204 1983 1258 congregata
2032 1205 2209 1258 quanta
2245 1203 2453 1258 stuperet
2500 1194 2659 1240 admi-

530 1270 745 1330 latione,
790 1282 966 1335 quanta
1001 1288 1050 1318 se
1087 1271 1313 1335 affligeret
1364 1271 1701 1320 lamentatione
1724 1276 1765 1332 ⁷,
1809 1283 1989 1337 quanto
2037 1291 2115 1320 me
2156 1274 2363 1321 clamore
2405 1283 2652 1332 vexarent,

529 1362 708 1413 quanto
739 1351 932 1416 planctu
967 1352 1332 1417 perturbarent,
1367 1352 1585 1413 difficile,
1616 1354 1714 1400 imo
1750 1353 2041 1419 impossibile
2082 1365 2152 1401 est
2193 1354 2407 1418 exprimi.
2455 1354 2656 1400 Maxime

527 1446 640 1476 vero
671 1430 827 1478 clerici
844 1467 856 1491 ,
896 1447 950 1478 ac
983 1433 1218 1498 praecipue
1245 1431 1482 1479 scholares
1517 1434 1670 1480 nostri
1699 1433 2072 1481 intolerabilibus
2111 1450 2187 1481 me
2217 1434 2434 1480 lamentis
2466 1444 2511 1479 et
2551 1433 2656 1495 eju-

528 1510 697 1557 latibus
715 1512 728 1534 ⁸
754 1511 1052 1573 cruciabant,
1086 1523 1136 1560 ut
1163 1513 1313 1560 multo
1335 1513 1538 1578 amplius
1564 1531 1620 1562 ex
1648 1531 1815 1561 eorum
1841 1515 2171 1579 compassione
2198 1531 2342 1578 quam
2367 1531 2423 1561 ex
2450 1514 2656 1560 vulneris

526 1589 721 1639 laederer
759 1594 1000 1657 passione,
1042 1604 1089 1641 et
1125 1593 1231 1659 plus
1263 1594 1641 1641 erubescentiam
1669 1611 1814 1658 quam
1845 1594 2064 1659 plagam⁹
2094 1595 2342 1652 sentirem,
2384 1604 2429 1640 et
2466 1593 2653 1658 pudore

526 1672 675 1734 magis
697 1688 841 1734 quam
869 1672 1036 1720 dolore
1064 1673 1309 1737 affligerer.
1335 1673 1628 1720 Occurrebat
1650 1674 1811 1720 animo
1835 1684 2012 1737 quanta
2038 1673 2186 1721 modo
2213 1674 2361 1738 gloria
2384 1673 2621 1738 pollebam
2638 1709 2649 1731 ,

525 1768 670 1814 quam
699 1752 821 1799 facili
847 1764 892 1800 et
916 1753 1166 1818 temporali
1196 1770 1307 1802 casu
1331 1753 1432 1800 haec
1458 1754 1624 1814 hum'lj
1657 1764 1727 1814 ta,
1757 1755 1854 1801 imo
1879 1755 2068 1819 penitus
2098 1765 2219 1801 esset
2249 1754 2483 1813 extincta3
2507 1770 2651 1817 quam

521 1833 648 1894 justo
678 1834 766 1880 Dei
789 1834 971 1897 judicio
1005 1835 1054 1881 in
1085 1834 1163 1881 illa
1187 1835 1402 1899 corporis
1433 1835 1527 1881 mei
1557 1836 1779 1900 portione
1797 1837 1823 1860 ¹⁰
1846 1835 2102 1900 plecterer,
2129 1835 2176 1881 in
2203 1851 2296 1898 qua
2324 1833 2647 1898 deliqueram3

526 1929 670 1976 quam
689 1914 813 1975 justa
834 1914 1104 1978 proditione
1124 1915 1186 1975 is,
1209 1931 1355 1978 quem
1371 1925 1508 1962 antea
1528 1914 1858 1979 prodideram,
1887 1915 2038 1962 vicem
2059 1914 2177 1961 mihi
2194 1914 2452 1973 retulisset;
2476 1923 2652 1977 quanta

526 1992 667 2040 laude
692 1994 785 2040 mei
802 1994 958 2060 aemuli
977 2005 1074 2041 tam
1094 1991 1390 2042 manifestam
1413 1996 1680 2060 aequitatem
1706 1996 1956 2055 efferrent,
1986 2005 2214 2060 quantam
2235 1995 2452 2061 perpetui
2476 1993 2654 2040 doloris

527 2074 861 2121 contritionem
904 2074 1040 2140 plaga
1079 2075 1179 2123 haec
1221 2076 1496 2140 parentibus
1540 2077 1657 2123 meis
1693 2087 1736 2123 et
1781 2077 1944 2123 amicis
1979 2086 2100 2123 esset
2142 2075 2371 2122 collatura
2386 2077 2433 2134 ¹¹3
2480 2084 2654 2138 quanta

527 2153 801 2202 dilatatione
839 2154 940 2202 haec
971 2155 1218 2220 singularis
1246 2156 1436 2203 infamia
1472 2157 1747 2203 universum
1780 2156 2018 2203 mundum
2047 2166 2168 2203 esset
2195 2165 2514 2220 occupatura,
2556 2156 2652 2217 qua

527 2233 644 2279 mihi
679 2234 872 2282 ulterius
905 2236 981 2282 via
1022 2246 1230 2300 pateret,
1267 2253 1360 2300 qua
1393 2236 1548 2283 fronte
1581 2237 1629 2283 in
1667 2236 1912 2302 publicum
1960 2236 2203 2302 prodirem
2243 2236 2460 2307 omnium
2497 2235 2651 2298 digitis

528 2314 928 2362 demonstrandus
946 2319 986 2376 ¹²,
1026 2317 1243 2364 omnium
1269 2317 1440 2381 linguis
1474 2317 1830 2377 corrodendus,
1868 2317 2091 2364 omnibus
2125 2317 2523 2363 monstruosum¹³
2547 2331 2651 2379 spe-

527 2397 764 2443 ctaculum
799 2388 999 2444 futurus.
1043 2400 1137 2444 Nec
1173 2415 1249 2445 me
1285 2399 1426 2445 etiam
1460 2415 1631 2463 parum
1671 2398 2021 2455 confundebat,
2057 2397 2190 2462 quod
2227 2395 2492 2444 secundum
2529 2395 2652 2442 occi-

527 2476 720 2524 dentem
739 2479 763 2502 ¹¹
785 2477 898 2541 legis
934 2478 1138 2525 litteram
1169 2488 1298 2526 tanta
1326 2479 1385 2526 sit
1411 2479 1541 2544 apud
1574 2482 1734 2540 Deum=
1762 2479 2097 2526 eunuchorum
2130 2477 2447 2536 abominatit),
2478 2486 2530 2523 ut
2561 2475 2650 2522 ho·

528 2557 678 2603 mines
715 2558 968 2622 amputatis
1005 2545 1082 2605 v⁴el
1123 2559 1290 2606 attritis
1333 2558 1528 2606 testibus
1562 2559 1863 2607 eunuchizati
1899 2560 2074 2606 intrare
2124 2557 2371 2604 ecclesiam
2423 2566 2648 2619 tanquam

528 2636 706 2684 olentes
731 2644 778 2684 et
801 2638 1038 2684 immundi
1061 2637 1422 2703 prohibeantur,
1452 2648 1499 2686 et
1522 2639 1571 2685 in
1603 2637 1832 2686 sacrificio
1861 2655 2054 2703 quoque
2082 2637 2192 2685 talia
2218 2636 2406 2700 penitus
2429 2636 2649 2682 animalia

527 2726 823 2780 respuantur.
849 2716 949 2763 Lib.
980 2719 1208 2763 Levitici¹⁵
1231 2736 1240 2763 :
1274 2737 1296 2762 «
1326 2720 1484 2765 Omne
1509 2718 1686 2764 animal
1702 2718 1874 2781 ,quod
1899 2728 1968 2764 est
1993 2717 2235 2776 contritis,
2260 2715 2335 2762 vel
2354 2716 2469 2762 tusis
2486 2716 2536 2774 ¹⁶,
2570 2715 2645 2762 vel

528 2799 687 2856 sectis,
717 2798 977 2862 ablatisque
996 2798 1242 2858 testiculis,
1267 2798 1594 2845 nonvofferetis
1614 2799 1841 2845 Domino.
1861 2817 1884 2842 »
1901 2801 2093 2843 Denter.
2113 2814 2217 2862 cap.
2243 2813 2358 2842 xxm
2377 2814 2386 2840 :
2410 2815 2433 2840 «
2453 2799 2557 2842 Non
2578 2797 2647 2842 in-

529 2877 668 2924 trabit
698 2879 971 2940 eunuchus,
996 2880 1161 2927 attritis
1192 2879 1268 2926 vel
1290 2880 1543 2944 amputatis
1574 2878 1821 2938 testiculis,
1855 2888 1900 2925 et
1930 2877 2137 2924 abscisso
2159 2886 2368 2936 veretro,
2402 2877 2646 2924 ecclesiam

529 2959 628 3004 Dei.
664 2979 686 3003 υ
718 2963 768 3005 ln
795 2970 890 3007 tam
922 2962 1091 3008 misera
1120 2977 1197 3008 me
1225 2961 1512 3008 contritione
1537 2960 1748 3024 positum
1777 2959 2016 3018 confusio,
2052 2958 2223 3017 fateor,
2264 2957 2460 3024 pudoris
2489 2959 2646 3023 potius

529 3056 669 3102 quam
705 3040 895 3087 devotio
929 3043 1252 3102 conversionis
1291 3042 1353 3089 ad
1394 3042 1767 3089 monasticorum
1804 3040 1996 3088 latibula
2030 3040 2344 3087 claustrorum
2383 3039 2640 3103 compulit,

1196 3124 1227 3160 “·.,
1242 3142 1261 3159 x
1277 3119 1315 3161 ’Ἃ
1338 3158 1341 3159 ⁷

574 3223 581 3238 ¹
603 3223 657 3255 Sic
674 3223 750 3256 ABG
767 3229 800 3255 et
813 3223 880 3256 MS.
895 3196 1172 3259 Amo-Illuxisss
1187 3225 1305 3269 legitur
1319 3225 1351 3258 in
1366 3223 1560 3258 editionibus
1608 3228 1727 3257 eiacum
1745 3224 1839 3257 RMS.
1864 3243 1903 3247 -
1927 3223 1956 3241 ¹⁰
1982 3225 2084 3256 Parte
2101 3223 2197 3257 RMS.
2216 3241 2260 3247 —
2278 3222 2304 3239 ¹¹
2326 3223 2461 3255 Iltatura
2491 3220 2584 3253 Rus.
2605 3238 2641 3244 ‹-

527 3286 644 3321 praeter
658 3279 862 3313 Orellianam.
875 3298 909 3303 —
928 3279 940 3296 ¹
956 3282 1066 3314 Facile
1076 3292 1169 3325 posse
1182 3284 1333 3323 expedire
1345 3281 1385 3315 D.
1398 3299 1433 3305 -
1449 3281 1462 3298 ³
1479 3280 1560 3314 vide
1610 3279 1638 3297 ¹¹
1659 3281 1868 3313 Denozanaus
1885 3280 1952 3312 MS.
1970 3279 2063 3312 Amb.
2079 3297 2120 3304 --
2136 3279 2165 3297 ¹³
2186 3279 2300 3312 Hir-um
2322 3278 2417 3312 Rus.
2434 3295 2475 3301 —
2496 3276 2524 3294 ¹⁴
2546 3278 2642 3310 Occi-

529 3342 596 3367 not.
616 3346 708 3367 xxm.
730 3354 764 3359 -
780 3335 794 3352 ⁴
809 3338 970 3370 pudendis
986 3336 1081 3369 RMS.
1098 3355 1138 3360 —
1155 3325 1340 3378 ¹⁵*Adfidem
1359 3339 1560 3381 prodendam
1609 3339 1711 3370 dentis
1725 3336 1820 3370 RMS.
1837 3351 1880 3360 ·--
1897 3336 1927 3353 ¹⁸
1946 3336 2028 3380 Cap.
2048 3347 2117 3369 xxn
2128 3360 2136 3375 ,
2151 3346 2183 3368 v.
2200 3335 2253 3368 24.
2270 3335 2444 3378 Perper-am
2462 3333 2599 3367 habetur
2611 3333 2642 3364 in

528 3391 620 3423 RMS.
641 3406 683 3415 -—
702 3391 713 3407 ‘³
729 3392 792 3433 Spe
819 3395 915 3433 impia
936 3395 1069 3426 allectus
1094 3400 1140 3425 est
1161 3394 1254 3428 RMS.
1274 3413 1314 3419 -—
1334 3394 1346 3412 '¹
1370 3390 1511 3435 'Quantis
1528 3404 1561 3426 se
1608 3392 1694 3425 Edit.
1710 3391 1805 3425 Amb.
1827 3393 1906 3424 liber
1920 3391 2031 3430 Num„
2052 3402 2125 3433 cap.
2147 3402 2253 3424 txxiv.
2271 3409 2310 3414 -—-
2332 3389 2361 3406 ¹⁶
2382 3390 2435 3422 Sic
2452 3388 2553 3422 Biblia
2571 3388 2643 3420 vul-

528 3451 679 3481 cruciavi!
697 3451 831 3481 luctibus
850 3448 946 3482 RMS.
961 3468 999 3473 —-
1023 3450 1035 3466 ⁸
1056 3451 1246 3483 planctibus
1264 3450 1359 3484 RMS.
1385 3469 1415 3475 ·—·
1443 3450 1456 3467 ⁹
1482 3451 1561 3483 Cru-
1609 3457 1691 3492 gata.
1710 3467 1732 3473 -
1752 3450 1860 3482 Tomis
1876 3448 1963 3481 Edit.
1983 3448 2076 3481 Amb.
