2970 4152
843 351 902 399 ΙΝ
936 348 1411 399 ANNUNTIATIONE
1445 346 1701 403 VlRGlNlS
1736 343 1951 390 SERMO.
2203 342 2210 350 ’
2360 343 2454 388 355

336 454 494 495 autem
520 462 620 493 non
637 445 696 493 sit
713 446 756 492 ei
770 446 1039 493 timendum
1053 481 1065 505 ,
1089 445 1184 492 hoc
1201 454 1272 491 est
1287 442 1348 490 de
1369 442 1597 508 petitione
1616 457 1701 487 sua
1717 437 2035 487 differendum
2049 473 2061 496 ,
2084 437 2293 483 annectit
2309 453 2458 500 quum

336 529 433 576 ait:
472 527 742 574 «Invenisti
776 528 973 592 gratiam
1004 526 1135 592 apud
1160 529 1333 573 Deum.
1355 543 1379 569 »
1412 527 1516 570 Hoc
1547 532 1643 581 est,
1677 537 1822 586 supra
1846 519 2009 567 omnia
2037 519 2205 566 merita
2235 517 2301 564 illi
2332 528 2461 582 grata

338 610 457 656 facta
480 625 551 667 es,
575 618 718 673 atque
742 618 950 673 accepta.
982 606 1242 665 Quomodo
1266 615 1424 653 autem
1459 614 1557 650 tam
1587 602 1703 666 legis
1731 601 2036 648 maledictum
2071 600 2234 658 evitet,
2267 599 2304 645 si
2330 599 2461 662 virgo

338 699 637 756 permaneat,
666 705 811 753 quam
850 689 1082 754 prop'ositi
1118 689 1192 735 sui
1223 687 1394 735 votum
1419 686 1697 749 incorrupta
1726 681 1987 740 custodiat,
2022 690 2240 746 patenter
2271 680 2463 744 exponit

340 770 505 818 dicens
524 786 628 817 eam
650 770 826 835 pariter
844 779 942 816 tam
958 786 1059 816 esse
1074 769 1333 839 parituram
1353 783 1498 831 quam
1516 765 1750 829 virginem
1771 778 2149 828 permansuram.
2182 761 2460 819 Parituram,

341 851 560 914 inquam,
609 866 709 896 non
742 849 899 896 solum
937 849 1208 909 hominem,
1249 863 1418 895 verum
1451 846 1590 893 etiam
1629 844 1884 890 hominum
1922 841 2238 901 Salvatorem,
2266 841 2360 887 hoc
2397 851 2465 887 est

342 933 519 977 Jesum.
558 919 703 993 Cuj‘us
726 928 922 993 quidem
948 929 1147 993 virginei
1170 938 1334 994 partus
1364 936 1543 991 quanta
1568 925 1626 971 sit
1652 922 1950 982 excellentia,
1980 921 2227 985 diligenter
2246 919 2468 967 describit

344 1010 507 1057 dicens
531 1028 542 1056 t
578 1029 602 1055 «
620 1011 706 1057 Hic
739 1010 828 1058 erit
857 1027 1080 1075 magnus,
1114 1020 1161 1057 et
1186 1009 1311 1056 filius
1346 1006 1569 1055 Altissimi
1594 1003 1858 1052 vocabitur.
1889 1022 1911 1047 »
1948 1006 2012 1050 Ac
2045 1003 2083 1048 si
2118 1011 2278 1067 aperte
2306 1000 2431 1047 dicat
2455 1019 2462 1046 :

345 1090 547 1138 Attende
576 1091 626 1137 in
657 1090 752 1137 hoc
777 1091 882 1156 ipso
906 1090 1331 1156 incomparabilem
1367 1088 1590 1152 gratiam,
1621 1084 1906 1149 singularem
1936 1083 2135 1147 gloriam
2172 1092 2329 1142 tuam,
2362 1081 2470 1129 vide

346 1172 504 1237 ipsum
528 1172 612 1236 qui
637 1172 723 1218 Dei
750 1170 875 1218 filius
898 1171 1084 1219 dicatur
1109 1182 1155 1218 et
1179 1161 1316 1217 tuus.
1337 1189 1360 1214 «
1382 1172 1439 1215 Et
1465 1167 1596 1215 dabit
1620 1166 1688 1213 illi
1712 1165 1946 1213 Dominus
1976 1167 2105 1211 Deus
2133 1164 2294 1211 sedem
2319 1163 2472 1210 David

346 1252 493 1318 patris
511 1251 634 1315 ejus,
659 1271 682 1296 >2
714 1251 810 1299 hoc
835 1262 926 1312 est,
956 1252 1006 1299 id
1030 1253 1079 1298 in
1104 1268 1161 1300 eo
1184 1250 1397 1317 perficiet
1416 1248 1549 1314 quod
1569 1248 1618 1294 in
1638 1257 1753 1312 typo
1774 1247 1874 1310 ejus
1892 1245 2047 1292 David
2071 1244 2359 1310 promissum
2383 1253 2468 1302 est,

347 1333 467 1380 sicut
484 1341 530 1379 et
545 1333 746 1398 ipsemet
763 1331 1016 1398 profitetur
1041 1332 1205 1380 dicens
1220 1335 1231 1357 ¹
1253 1350 1262 1378 z
1297 1351 1320 1376 «
1341 1315 1498 1378 Jura‘vi
1519 1328 1672 1376 David
1691 1344 1828 1375 servo
1851 1344 1961 1374 meo
1975 1363 1987 1386 ,
2012 1326 2226 1390 usquein
2245 1335 2473 1372 aeternum

348 1412 626 1479 praeparaho
652 1423 870 1460 sanctum
895 1422 1047 1460 tuum.
1085 1416 1142 1460 Et
1168 1410 1414 1465 aedificabo
1441 1411 1489 1457 in
1516 1409 1821 1474 generatione
1849 1417 1896 1455 et
1926 1407 2282 1472 generationem
2312 1405 2472 1453 sedem

349 1502 498 1540 tuam.
523 1512 547 1537 »
578 1496 762 1540 Domus
789 1493 959 1553 Jacob,
987 1494 1035 1540 in
1065 1510 1160 1558 qua
1191 1477 1472 1558 regnaturus
1504 1491 1553 1537 in
1580 1499 1809 1536 aeternum
1832 1488 2146 1554 promittitur,
2173 1485 2380 1532 Ecclesia
2408 1495 2475 1532 est

352 1575 587 1638 gentium,
626 1591 732 1639 quae
771 1585 988 1640 tempore
1018 1576 1393 1641 praeteritorum,
1433 1584 1481 1621 et
1514 1572 1660 1637 gratia
1693 1572 1907 1636 priorum
1933 1581 2221 1635 synagogam
2251 1568 2476 1634 supplan-

352 1654 488 1714 tavit,
518 1665 565 1702 et
586 1654 973 1703 benedictionem
1002 1657 1045 1703 ei
1075 1655 1316 1721 surripuit.
1347 1654 1510 1701 Finem
1542 1652 1636 1699 hoc
1667 1668 1867 1716 regnum
1898 1667 1998 1698 non
2027 1650 2218 1715 accipit,
2253 1649 2364 1713 quia
2390 1664 2478 1695 nec

352 1750 464 1781 cum
483 1735 577 1782 vita
602 1737 820 1799 praesenti
845 1735 1005 1783 deficit
1027 1754 1036 1782 :
1061 1736 1194 1800 quod
1228 1746 1360 1783 tanto
1392 1736 1441 1782 in
1470 1732 1737 1782 coelestibus
1771 1742 1840 1780 est
1870 1731 2050 1792 verius,
2076 1740 2257 1796 quanto
2281 1729 2473 1777 felicius.

357 1815 522 1862 «Dixit
540 1825 700 1863 autem
712 1817 882 1863 Maria:
903 1816 1203 1875 «Quomodo
1224 1816 1306 1864 fiet
1327 1815 1483 1864 istud?
1499 1834 1522 1859 »
1540 1818 1783 1878 Tanquam
1802 1813 1841 1861 si
1859 1812 2036 1860 diceret
2057 1830 2067 1859 ε
2090 1815 2261 1876 Magna
2285 1810 2480 1876 quidem

354 1898 633 1962 promissio,
661 1909 708 1946 et
730 1899 1168 1964 incomparabiliter
1191 1915 1291 1947 non
1320 1898 1476 1945 solum
1501 1897 1684 1945 feminae
1708 1895 1957 1955 virtutem,
1986 1893 2071 1942 sed
2095 1909 2291 1940 omnem
2315 1893 2483 1940 huma-

355 1994 469 2026 nam
494 1979 835 2027 transcendens
856 1980 1150 2044 dignitatem.
1181 1983 1290 2038 Quo
1319 1981 1478 2044 itaque
1507 1978 1655 2026 modo
1683 1994 1840 2042 quove
1865 1976 2035 2024 ordine
2065 1975 2222 2023 futura
2254 1985 2324 2022 est
2354 1991 2483 2021 com·

356 2057 503 2123 pletio
518 2060 589 2107 rei
604 2060 773 2107 tantae?
802 2078 826 2105 «
845 2060 1010 2107 Virum
1031 2062 1182 2121 enim,
1207 2080 1230 2105 υ
1253 2061 1429 2125 inquit,
1456 2080 1479 2105 «
1500 2076 1598 2106 non
1620 2073 1877 2122 cognosco.
1895 2077 1919 2102 υ
1950 2059 2014 2105 Ac
2033 2057 2072 2104 ‘si
2091 2055 2268 2103 diceret
2291 2074 2301 2102 :
2323 2058 2484 2118 Longe

357 2140 452 2188 hoc
475 2159 503 2189 a
526 2158 635 2189 meo
655 2152 895 2189 remotum
914 2143 1163 2208 proposito
1188 2142 1399 2202 videtur,
1436 2152 1486 2189 ut
1513 2140 1732 2188 videlicet
1750 2149 1940 2205 partum
1964 2122 2194 2198 haBeam,
2222 2154 2327 2202 quae
2352 2138 2484 2200 virgo

358 2222 606 2285 persistere
625 2221 831 2271 decrevi.
856 2226 913 2270 Et
929 2222 1023 2270 hoc
1045 2233 1136 2283 est,
1160 2234 1211 2270 ut
1229 2239 1373 2288 supra
1384 2223 1484 2286 jam
1502 2222 1833 2278 meminimus,
1867 2236 1972 2267 eam
2001 2220 2155 2267 virum
2182 2234 2486 2283 nequaquam

360 2318 648 2367 cognoscere
665 2338 678 2363 ,
707 2303 826 2350 nulli
851 2320 1064 2367 unquam
1093 2305 1141 2350 in
1177 2306 1517 2351 commixtione
1542 2302 1718 2350 carnali
1747 2319 1833 2367 per
1859 2317 2146 2349 consensum
2177 2300 2483 2365 acquievisse.

362 2386 558 2446 Legerat
584 2382 779 2446 quidem
802 2382 998 2429 Abrahae
1017 2383 1188 2430 factam
1209 2382 1270 2430 de
1292 2383 1480 2430 Christo
1499 2382 1895 2447 promissionem,
1930 2381 2049 2428 sicut
2079 2391 2126 2427 et
2152 2381 2252 2445 ipsa
2276 2389 2491 2445 postmo-

364 2461 482 2507 dum
512 2460 785 2526 profitetur,
823 2463 1068 2526 inquiens’
1090 2480 1100 2508 t
1135 2481 1158 2507 «
1182 2463 1397 2527 Suscepit
1422 2461 1564 2508 Israel
1586 2477 1791 2526 puerum
1820 2477 1983 2520 suum,
2010 2458 2285 2507 recordatus
2319 2459 2492 2506 miseri-

364 2541 539 2589 cordiae
564 2558 674 2588 suae.
710 2542 839 2589 Sicut
863 2542 1049 2590 locutus
1075 2552 1146 2589 est
1165 2542 1228 2590 ad
1256 2546 1414 2590 Patres
1444 2552 1658 2601 nostros,
1688 2540 1922 2588 Abraham
1942 2550 1989 2587 et
2013 2539 2182 2587 semini
2201 2539 2317 2603 ejus.
2355 2538 2492 2586 Unde

365 2637 671 2686 nequaquam
688 2618 748 2669 de
766 2621 857 2670 hac
876 2622 1193 2688 promissione
1210 2621 1374 2683 dubia,
1394 2622 1455 2670 de
1472 2621 1620 2669 modo
1639 2620 1909 2686 requirebat
1926 2637 2024 2684 quo
2045 2629 2164 2667 esset
2183 2619 2488 2684 complenda,

368 2713 528 2752 utrum
563 2701 741 2749 scilicet
764 2692 850 2768 pei·
874 2703 1217 2751 admixtionem
1256 2704 1348 2763 viri·
1383 2704 1483 2750 sine
1520 2702 1774 2750 dilectione
1808 2701 2014 2768 peccati,
2050 2702 2169 2748 sicut
2196 2701 2245 2747 in
2275 2698 2494 2765 paradiso

369 2785 502 2833 fieret
523 2786 562 2832 si
585 2784 734 2852 homo
756 2802 855 2832 non
876 2796 1137 2851 peccasset,
1158 2802 1219 2833 an
1238 2786 1504 2850 integritate
1522 2784 1738 2850 corporis
1755 2784 1931 2849 pariter
1947 2792 1993 2831 et
2009 2782 2181 2830 mentis
2200 2791 2493 2841 conservata,

369 2867 491 2913 sicut
515 2867 563 2913 in
591 2866 697 2930 ejus
714 2867 963 2932 proposito
984 2867 1149 2915 fuerat.
1188 2871 1313 2915 Bene
1343 2877 1501 2915 autem
1521 2866 1738 2931 angelus,
1769 2882 1920 2930 quum
1941 2864 1983 2912 ei
2002 2863 2151 2910 filium
2176 2864 2495 2929 promitteret,

371 2946 572 2993 modum
588 2947 918 3012 conceptionis
933 2949 1144 3008 reticuit,
1165 2947 1321 2996 donec
1338 2949 1439 3014 ipsa
1458 2947 1678 2995 videlicet
1703 2945 2002 2993 manifestato
2026 2944 2126 2992 voti
2143 2944 2214 2991 sui
2230 2945 2496 3011 proposito,

370 3042 523 3091 quum
547 3026 608 3074 ab
633 3044 691 3075 eo
711 3028 972 3092 requireret
991 3047 1001 3075 :
1024 3045 1092 3076 ne
1116 3028 1334 3076 videlicet
1357 3029 1470 3093 quia
1493 3045 1599 3076 eam
1617 3027 1922 3075 audieramus
1946 3025 2310 3091 desponsatam,
2341 3024 2502 3072 crede-

371 3117 504 3155 retur
533 3124 619 3173 per
644 3110 1079 3175 concupiscentiam
1099 3109 1224 3157 hanc
1247 3110 1389 3158 inisse
1408 3110 1647 3175 copulam.

442 3199 471 3233 «·
496 3189 696 3254 Spiritus
727 3200 917 3238 sanctus
941 3191 1245 3255 superveniet
1269 3191 1317 3238 in
1338 3202 1384 3239 te
1401 3227 1414 3251 ,
1439 3211 1462 3235 »
1490 3191 1585 3238 hoc
1604 3200 1696 3250 est,
1726 3188 1959 3254 superiori
1984 3187 2116 3235 dono
2143 3187 2230 3234 Dei
2255 3185 2501 3246 ditaberis,

375 3278 428 3316 ut
444 3268 577 3333 virgo
603 3270 780 3335 pariter
801 3287 856 3318 ac
882 3281 1033 3318 mater
1054 3272 1132 3318 sis.
1160 3271 1297 3318 Venit
1320 3272 1521 3339 Spiritus
1548 3271 1598 3323 in
1624 3269 1797 3319 multas
1822 3267 2036 3317 fidelium
2063 3267 2269 3327 animas,
2304 3283 2389 3332 per
2420 3266 2506 3314 ali-

427 3447 438 3466 ‘
464 3449 582 3483 Psalm.
599 3461 762 3495 xxxxviii,
782 3463 812 3486 v.
833 3454 862 3484 4.
878 3470 921 3477 -
937 3451 950 3474 ⁸
969 3452 1063 3492 Luc„
1081 3451 1178 3487 ibid..
1194 3463 1225 3489 v.
1242 3453 1298 3491 54,
