2970 4152
1303 449 1619 500 EPISTOLAE.
1723 457 1725 459 ’
1783 489 1792 495 ι
1808 463 1810 466 ’
2426 451 2513 499 221

471 542 549 590 Ex
575 544 770 591 concilio
794 548 1094 610 maguntino,
1128 563 1395 612 cap.,xxv1.
1424 574 1486 592 -,
1511 544 1756 593 Abbatissa
1790 547 2093 607 nequaquam
2129 542 2191 590 de
2234 546 2523 591 monasterio

403 623 674 688 egrediatur
692 661 704 685 ,
738 626 829 672 nisi
855 643 940 691 per
969 626 1208 675 licentiam
1237 628 1310 674 sui
1334 616 1563 692 episcopi.
1593 614 1652 671 Et
1680 625 1718 671 si
1753 624 1948 688 quando
1981 623 2105 671 foras
2136 624 2312 688 pergit,
2342 623 2403 670 de
2421 641 2525 671 san-

403 705 753 752 ctimonialibus
773 722 892 770 quas
922 723 1084 754 secum
1125 708 1283 768 ducit,
1322 724 1487 755 curam
1510 705 1695 753 'habeat
1721 705 2001 764 maximam,
2039 714 2092 751 ut
2123 704 2253 752 nulla
2289 705 2355 752 eis
2388 704 2527 752 detur

404 785 591 832 occasio
613 786 858 850 peccandi.
1436 797 1441 802 “

469 868 548 911 Ex
572 866 768 912 concilio
788 869 1058 931 grantiensi
1081 871 1117 927 ¹,
1151 886 1256 934 cap.
1299 886 1365 916 ιχ.
1386 897 1452 904 -
1484 867 1728 914 Abbatissa
1755 865 2029 929 diligentem
2068 866 2239 913 habeat
2276 884 2439 914 curam
2468 869 2530 916 de

405 946 772 1009 congregatione
798 946 887 994 sibi
909 949 1164 995 commissa
1179 985 1191 1009 ,
1226 959 1272 996 et
1301 948 1551 1014 provideat
1576 957 1628 994 ut
1654 948 1703 993 in
1731 945 1934 993 lectione
1959 955 2007 993 et
2032 945 2214 1006 officio,
2242 947 2291 992 in
2310 948 2527 996 modula·

407 1027 535 1073 tione
560 1026 852 1092 psalmorum
875 1028 987 1094 ipsae
1013 1030 1395 1077 sanctimoniales
1419 1039 1622 1077 strenuae
1650 1028 1744 1074 sint
1759 1062 1771 1080 ‚
1805 1036 1851 1074 et
1875 1027 1923 1073 in
1941 1026 2169 1088 omnibus⁴
2195 1028 2420 1093 operibus
2439 1029 2527 1075 bo-

408 1106 496 1152 nis.
524 1105 606 1153 Illa
631 1107 697 1154 eis
720 1106 948 1154 ducatum
971 1108 1202 1174 piaebeat,
1239 1121 1405 1176 utpote
1430 1126 1520 1176 pro
1546 1107 1798 1156 animabus
1831 1123 1995 1154 earum
2020 1108 2254 1154 rationem
2284 1109 2528 1156 redditura

408 1186 455 1233 in
487 1197 744 1252 conspectu
771 1188 994 1248 Domini,
1023 1199 1071 1237 et
1087 1190 1323 1255 stipendia
1341 1188 1781 1237 sanctimonialibus
1798 1186 2005 1253 praebeat
2023 1189 2301 1248 necessaria,
2331 1206 2392 1236 ne
2412 1189 2530 1236 forte

407 1283 493 1331 per
512 1267 822 1331 indigentiam
845 1268 938 1316 cibi
962 1280 1043 1318 aut
1070 1281 1212 1336 potus
1237 1288 1435 1336 peccare
1457 1269 1821 1336 compellantur.

473 1351 552 1395 Ea:
573 1349 769 1396 concilio
788 1353 1160 1415 maguntinensi,
1181 1369 1286 1417 cap.
1308 1348 1916 1409 X1v.-—-·Sanctimoniales,
1937 1350 2027 1396 nisi
2051 1350 2172 1398 forte
2198 1349 2430 1398 abbatissa
2451 1369 2532 1400 sua

410 1445 499 1493 pro
521 1428 677 1494 aliqua
702 1432 979 1480 necessitate
1006 1433 1340 1494 incumbente,
1376 1449 1681 1498 nequaquam
1708 1432 1769 1479 de
1796 1433 2086 1479 monasterio
2112 1432 2429 1496 egrediantur.

475 1512 554 1556 Ex
583 1511 780 1557 concilio
802 1517 1118 1577 granecensz',
1146 1531 1251 1578 cap.
1281 1531 1382 1561 xm.
1397 1515 1524 1560 —Si
1540 1530 1635 1578 qua
1661 1512 1832 1559 mulier
1850 1522 2048 1578 propter
2064 1514 2407 1561 continentiam
2431 1531 2535 1579 quae

410 1589 690 1652 putabatur,
715 1591 932 1640 habitum
959 1593 1252 1655 immutavit,
1286 1605 1333 1643 et
1360 1612 1449 1660 pro
1476 1595 1616 1642 solito
1645 1593 1864 1641 muliebri
1891 1594 2116 1642 amictum
2139 1595 2320 1642 virilem
2345 1607 2529 1658 sumat,

410 1670 663 1718 anathema
686 1673 760 1720 sit.

476 1754 556 1797 Ex
587 1752 746 1801 eodem
779 1756 1004 1816 concilio,
1042 1774 1146 1821 cap.
1180 1772 1276 1804 xxv.
1293 1758 1422 1804 —Si
1447 1774 1544 1822 qua
1574 1756 1744 1804 mulier
1772 1766 1969 1822 propter
1993 1757 2208 1804 divinum
2235 1759 2414 1807 cultum
2437 1798 2448 1819 ,
2484 1771 2535 1808 ut

412 1832 633 1893 aestimat,
661 1835 815 1882 crines
839 1836 1086 1896 attondet,
1122 1855 1245 1902 quos
1270 1839 1313 1885 ei
1338 1841 1466 1885 Deus
1491 1837 1552 1884 ad
1581 1837 1889 1900 subjectionis
1914 1839 2196 1885 memoriam
2227 1839 2412 1900 tribuit,
2435 1851 2537 1888 tan-

414 1929 558 1976 quam
583 1926 871 1981 praeceptum
898 1916 1164 1965 dissolvens
1187 1917 1496 1978 obedientiae,
1523 1917 1775 1965 anathema
1800 1918 1874 1964 sit.

485 1997 560 2040 Ex
585 1995 783 2042 concilio
807 1996 1175 2062 rothomagensi,
1203 2015 1308 2062 cap.
1336 2015 1407 2048 111.
1427 2025 1495 2036 ——·
1510 2002 1573 2045 Ut
1595 1999 1848 2064 episcopus
1872 2000 2159 2046 monasteria
2192 2000 2539 2050 monachorum

415 2085 463 2122 et
487 2075 917 2124 sanctimonialium
943 2077 1214 2142 frequenter
1235 2079 1465 2139 introeat,
1498 2089 1545 2126 et
1572 2095 1682 2125 cum
1709 2078 1929 2143 gravibus
1948 2090 1994 2127 et
2013 2079 2241 2144 religiosis
2259 2084 2473 2146 personis
2492 2086 2537 2131 in

417 2172 582 2204 earum
606 2168 845 2206 conventu
870 2157 1107 2220 residens,
1138 2176 1307 2207 eorum
1332 2160 1408 2208 vel
1430 2177 1594 2208 earum
1620 2160 1763 2206 vitam
1789 2170 1835 2207 et
1858 2161 2268 2208 conversationem
2296 2162 2543 2228 diligenter

418 2238 637 2285 excutiat.
676 2239 724 2285 Si
756 2239 873 2304 quid
901 2239 1272 2305 reprehensibile
1310 2242 1572 2300 invenerit,
1608 2242 1845 2306 corrigere
1875 2252 2069 2306 satagat.
2101 2244 2540 2294 Sanctimonialium

418 2317 561 2369 etiam
593 2318 872 2383 pudicitiam
910 2319 1175 2369 sublimiter
1209 2322 1488 2387 investiget,
1529 2331 1576 2369 et
1608 2322 1646 2369 si
1682 2321 1840 2386 aliqua
1872 2322 2142 2380 invenitur,
2185 2341 2290 2388 quae
2326 2326 2540 2390 neglecto

419 2399 667 2464 proposito
692 2400 942 2461 castitatiS,
971 2401 1143 2450 clerico
1168 2413 1249 2450 aut
1277 2402 1400 2450 laico
1425 2402 1730 2468 impudenter
1764 2402 2043 2462 misceatur,
2074 2405 2245 2452 acriter
2269 2406 2545 2456 verberibus

420 2489 722 2540 coerceatur,
756 2481 881 2528 etin
916 2482 1098 2546 privata
1133 2480 1352 2531 custodia
1380 2483 1678 2542 retrudatur,
1714 2483 1804 2531 nisi
1834 2483 1968 2548 quod
1993 2484 2116 2531 male
2141 2487 2378 2535 commisit
2403 2483 2544 2554 digne

421 2560 664 2625 poeniteat.
691 2561 1004 2610 lutei-dicatur
1030 2564 1172 2611 etiam
1198 2581 1254 2612 ex
1282 2565 1562 2612 auctoritate
1583 2581 1829 2611 sacrorum
1851 2581 2093 2612 canonum
2111 2577 2132 2625 ,·
2146 2576 2198 2613 ut
2212 2567 2371 2615 nullus
2395 2569 2543 2619 laicus

421 2650 504 2688 aut
526 2640 724 2689 clericus
751 2642 800 2689 in
828 2659 994 2691 earum
1012 2643 1224 2692 claustris
1241 2655 1287 2692 et
1305 2646 1496 2693 secretis
1519 2645 1893 2692 habitationibus
1911 2662 2153 2693 accessum
2169 2646 2362 2709 habeat,
2386 2667 2543 2715 neque

419 2722 709 2787 presbyteri,
739 2724 829 2772 nisi
863 2734 1049 2773 tantum
1078 2726 1141 2782 ad
1174 2727 1384 2774 missam.
1415 2727 1610 2794 Expleta
1638 2727 1805 2787 missa,
1838 2727 1900 2774 ad
1931 2727 2152 2775 ecclesias
2184 2745 2291 2776 suas
2325 2731 2537 2780 redeant.

422 2801 658 2851 Omnibus
691 2813 917 2870 praeterea
952 2805 1142 2871 publice
1175 2817 1222 2854 et
1254 2807 1477 2872 privatim
1506 2807 1783 2867 denuntiet,
1824 2817 2058 2873 quantum
2095 2809 2153 2855 sit
2184 2809 2422 2874 piaculum
2460 2815 2542 2877 qui

425 2899 651 2949 sponsam
676 2884 848 2933 Christi
872 2886 1037 2934 vitiare
1054 2888 1311 2953 praesumit.
1333 2889 1381 2935 Si
1401 2888 1530 2935 enim
1546 2888 1624 2935 ille
1648 2905 1758 2936 reus
1782 2898 1969 2936 tenetur
1986 2889 2068 2953 qui
2086 2906 2313 2955 sponsam
2337 2890 2546 2940 hominis

424 2963 595 3023 violat,
638 2975 822 3029 quanto
858 2967 1006 3031 magis
1032 2984 1140 3015 reus
1174 2968 1431 3032 majestatis
1464 2968 1694 3029 efficitur,
1727 2970 1811 3034 qui
1832 2985 2056 3034 sponsam
2086 2971 2428 3036 omnipotentis
2458 2975 2544 3021 Dei

422 3045 718 3110 corrumpit?

488 3129 562 3172 De
585 3126 882 3181 mom‘alibus.
899 3129 1202 3195 —Episcopi
1235 3140 1285 3178 ut
1310 3131 1542 3179 moniales
1568 3132 1733 3179 vivant
1755 3132 1856 3179 sine
1881 3133 2078 3198 proprio
2101 3148 2265 3180 curam
2289 3133 2547 3183 adhibeant

424 3204 726 3270 diligentem,
748 3224 820 3255 ne
845 3224 894 3256 se
915 3209 1100 3274 possint
1124 3227 1347 3259 excusare
1371 3221 1598 3278 praetextu
1623 3212 1820 3276 alicujus
1845 3214 2151 3278 paupertatis.

490 3290 564 3333 De
586 3288 1037 3336 sanctimonialibus.
1055 3315 1121 3327 —·
1138 3291 1398 3339 Statuimus
1421 3302 1474 3339 ut
1497 3292 1743 3340 abbatissae
1771 3302 1817 3339 et
1842 3293 2098 3358 priorissae,
2128 3303 2174 3341 et
2197 3293 2297 3342 aliae
2322 3294 2547 3343 obedien-

428 3365 571 3414 tiariae
587 3402 600 3428 ,
620 3366 682 3433 de
699 3368 893 3433 singulis
913 3370 1223 3435 proventibus
1238 3403 1258 3432 ,·
1279 3371 1547 3420 redditibus
1563 3409 1575 3433 ,
1598 3382 1644 3420 et
1668 3373 1886 3437 expensis
1906 3373 2100 3437 singulis
2119 3374 2256 3421 annis
2271 3385 2557 3440 computent*

478 3549 485 3566 “
512 3550 590 3593 Leg.
607 3538 789 3595 onumen-si.
805 3569 847 3578 -—
862 3552 875 3570 '
898 3553 977 3597 Leg.
991 3557 1179 3598 yanyrensi.
