2970 4152
1235 354 1551 408 APPENDIX.
2359 359 2454 405 705

334 455 456 519 quod
481 455 697 519 plurimas
720 455 896 502 evasisti
925 456 1170 519 passiones,
1193 455 1357 518 quibus
1380 456 1641 518 frequenter
1662 453 1946 517 quatiuntur,
1966 452 2044 515 qui
2066 450 2155 498 tale
2177 451 2348 515 aliquid
2371 453 2457 497 mi-

327 537 456 582 nime
475 535 772 599 perdiderunt
789 554 798 582 ε
815 546 860 582 et
883 536 1047 599 quibus
1065 552 1351 598 nequaquam
1370 545 1585 582 tenentur
1599 534 1807 592 obnoxii,
1837 543 1888 579 ut
1911 532 2085 595 physici
2107 532 2359 591 affirmant,
2380 533 2458 594 qui

333 615 466 678 hujus
494 616 634 678 partis
659 616 863 678 corporis
890 617 1143 679 privatione
1174 616 1230 661 ab
1258 616 1383 661 omni
1413 614 1624 661 felicitate
1649 631 1694 660 se
1719 613 1930 660 cecidisse
1961 612 2247 659 stolidissime
2275 619 2453 675 putant.

327 695 512 742 Deinde
534 706 682 743 autem
707 697 830 759 quod
855 697 1017 743 ardore
1042 696 1243 743 libidinis
1264 706 1308 743 et
1333 695 1519 742 luxuriae
1542 695 1730 754 facibus,
1754 712 1845 758 quo
1869 694 1988 740 malo
2010 693 2251 757 aliquando
2268 704 2460 757 tangun—

333 786 409 824 tur
437 778 573 824 etiam
601 778 766 836 sancti,
800 777 969 824 nullam
999 796 1052 824 ex
1081 779 1168 824 hoc
1193 778 1285 840 jam
1314 778 1401 824 nisi
1429 776 1523 823 sola
1545 777 1818 840 cogitatione
1849 776 2031 839 patieris
2053 776 2334 823 vexationem
2353 774 2459 820 :sed

332 857 530 902 extincta
548 855 697 902 feralis
716 850 896 903 flamma
920 858 1136 917 incendii,
1159 858 1216 903 ad
1241 867 1284 903 te
1301 857 1455 904 redeas
1474 873 1651 902 necesse
1669 867 1752 915 est,
1773 866 2077 918 mentemque,
2098 871 2197 918 quae
2217 873 2298 918 per
2319 845 2460 901 multa

332 945 378 982 et
402 935 550 982 dulcia
573 935 759 982 luxuriae
784 937 956 982 insania
981 937 1248 1000 vagabatur,
1277 938 1323 982 in
1347 936 1541 983 solidum
1571 935 1819 999 recolligas.
1857 938 1954 981 Jam
1986 936 2155 998 poteris
2178 934 2310 994 liber,
2338 934 2460 980 nulla

334 1001 603 1062 retractante
626 1016 832 1076 libidine,
860 1018 1062 1063 omnium
1087 1018 1180 1064 vias
1203 1034 1474 1081 cognoscere
1503 1017 1750 1075 rationum,
1774 1026 1818 1062 et
1840 1033 2011 1075 causas,
2043 1033 2153 1078 quas
2175 1026 2253 1062 aut
2277 1033 2456 1079 parum,

333 1105 410 1140 aut
444 1095 558 1140 nihil
587 1097 872 1158 percipiunt,
906 1097 983 1159 qui
1012 1112 1097 1159 per
1126 1097 1301 1143 diversa
1331 1096 1532 1143 libidinis
1564 1097 1858 1142 incitamenta
1885 1106 2138 1159 raptantur.
2171 1096 2301 1142 Adde
2338 1095 2461 1159 quod

332 1176 525 1240 pecunia
547 1186 642 1236 tua,
665 1177 701 1222 si
726 1193 861 1239 quam
890 1177 973 1222 tibi
1002 1177 1169 1223 habere
1193 1176 1371 1223 licuerit
1398 1177 1520 1240 (non
1548 1177 1671 1222 enim
1702 1187 1768 1222 est
1796 1177 2124 1223 monachorum
2158 1177 2253 1223 sine
2282 1176 2461 1223 h'centia

333 1257 570 1319 proprium
594 1257 702 1320 quid
727 1257 892 1303 habere
904 1256 939 1320 ),
966 1258 1201 1303 vexatione
1229 1257 1578 1303 distrahentium
1604 1274 1698 1302 non
1721 1258 1807 1303 erit
1833 1257 2044 1303 obnoxia.
2068 1257 2246 1303 Amodo
2277 1257 2463 1320 incipies

332 1336 560 1399 possidere
583 1336 704 1399 quod
730 1336 882 1383 multis
901 1336 1037 1401 paulo
1061 1347 1166 1383 ante
1188 1337 1523 1384 distrahebatur
1547 1337 1961 1384 eviscerationibus.
1990 1339 2090 1383 Hoc
2108 1354 2290 1400 quoque
2313 1340 2463 1401 magni

331 1419 583 1464 existimare
606 1418 766 1477 debes,
793 1418 916 1482 quod
936 1418 1045 1465 nulli
1072 1429 1319 1482 suspectus,
1343 1419 1399 1464 ab
1425 1420 1550 1468 omni
1578 1419 1757 1482 hospite
1780 1419 1943 1482 hospes
1967 1419 2187 1465 tutissime
2212 1419 2458 1482 recipiaris.

330 1500 521 1547 Maritus
546 1501 699 1547 uxoris
720 1500 1006 1547 violationem
1032 1518 1086 1546 ex
1109 1510 1179 1559 te,
1205 1499 1275 1546 vel
1299 1499 1448 1546 lectuli
1474 1501 1815 1547 concussionem
1842 1501 2028 1546 minime
2054 1499 2336 1546 formidabit.
2372 1502 2466 1546 De—

331 1580 583 1630 centissime
600 1591 862 1627 ornatarum
886 1591 1057 1628 turmas
1081 1591 1393 1627 matronarum
1414 1579 1735 1627 inviolabiliter
1758 1580 2067 1644 pertransibis.
2096 1580 2338 1643 Virginum
2363 1580 2471 1626 cho-

332 1677 406 1707 ros
429 1661 542 1707 flore
565 1662 815 1724 juventutis
843 1660 1202 1725 splendentium,
1232 1678 1333 1724 quae
1352 1661 1488 1707 etiam
1514 1647 1643 1707 senes
1659 1661 1753 1723 jam
1771 1659 1920 1707 calore
1942 1660 2091 1707 carnis
2117 1659 2355 1706 destitutos
2378 1660 2468 1706 suis

332 1831 378 1867 et
400 1820 607 1885 laqueos,
631 1839 813 1869 securus
837 1833 883 1869 et
910 1823 1006 1869 sine
1034 1830 1218 1887 peccato
1244 1823 1498 1870 miraberis.
1533 1822 1871 1869 Sodomitarum
1895 1832 2090 1868 secretos
2113 1839 2328 1881 recessus,
2355 1839 2469 1886 quos

333 1900 581 1949 detestatur
593 1919 730 1966 super
752 1920 909 1950 omnes
926 1903 1209 1967 turpissimos
1232 1903 1398 1949 divinae
1412 1903 1599 1966 justitiae
1612 1903 1793 1962 veritas,
1811 1912 1855 1948 et
1869 1919 2026 1948 eorum
2045 1903 2195 1966 turpia
2211 1912 2257 1948 et
2272 1901 2469 1966 maligna

333 1983 582 2042 consortia,
610 2000 709 2046 quae
729 1983 912 2047 quidem
937 2000 1113 2047 semper
1139 1983 1297 2040 odisti,
1328 1983 1385 2029 de
1408 1993 1571 2030 caetero
1598 1994 1641 2029 te
1670 1984 1767 2030 sine
1798 1983 2130 2030 intermissione
2151 1983 2293 2029 vitare
2312 1999 2468 2030 verum

332 2073 414 2109 est.
450 2065 509 2109 Et
538 2064 726 2109 omnino
759 2074 863 2128 post
894 2064 978 2110 hos
1005 2064 1138 2126 hujus
1173 2062 1467 2127 fragilissimae
1498 2063 1752 2127 fragilitatis
1782 2063 1953 2122 fluxus,
1985 2063 2108 2127 quod
2139 2080 2353 2127 magnum
2380 2066 2473 2121 Dei

332 2143 486 2206 gratiae
508 2160 673 2190 munus
691 2145 738 2190 in
762 2144 849 2190 hoc
869 2144 1030 2190 ordine
1055 2145 1247 2204 aestimo,
1273 2154 1520 2191 nocturnas
1543 2144 1825 2190 somniorum
1850 2142 2080 2190 illusiones
2103 2154 2147 2190 te
2167 2144 2353 2191 minime
2372 2161 2471 2191 sen-

333 2223 418 2269 tire
441 2223 504 2270 ita
526 2234 699 2271 certum
717 2234 801 2283 est,
828 2225 943 2271 sicut
969 2233 1141 2270 certum
1162 2234 1245 2283 est,
1272 2225 1489 2287 quoniam
1510 2222 1813 2283 voluntatem,
1836 2224 1872 2270 si
1895 2223 2014 2270 forte
2039 2223 2203 2283 aderit,
2232 2223 2381 2272 nullus
2402 2243 2470 2272 se-

333 2312 499 2365 quetur
521 2303 725 2350 effectus.
751 2303 1009 2350 Blanditiae¹
1026 2304 1196 2362 uxoris,
1214 2320 1549 2367 corporumque
1566 2313 1816 2362 contactus,
1834 2304 1930 2349 sine
1949 2321 2041 2367 quo
2061 2320 2175 2349 uxor
2197 2304 2352 2349 haberi
2376 2321 2469 2350 non

334 2392 508 2445 potest,
541 2401 593 2430 ac
623 2383 871 2430 liberorum
903 2400 1013 2430 cura
1043 2382 1299 2447 singularis,
1326 2385 1569 2447 quominus
1603 2385 1703 2429 Deo
1734 2382 1908 2447 placeas
1933 2384 2120 2429 minime
2150 2383 2462 2431 retardabunt.

332 2462 482 2521 Quam
508 2480 721 2527 magnum
746 2464 938 2510 aestimas
962 2463 1158 2522 bonum,
1186 2463 1405 2526 peccandi
1433 2462 1643 2526 periculis
1668 2472 1711 2509 te
1743 2463 1970 2522 subtrahi,
1999 2472 2045 2509 et
2067 2463 2114 2508 in
2134 2480 2227 2509 non
2252 2464 2467 2526 peccandi

334 2546 572 2591 securitate
608 2544 852 2593 constitui?
885 2546 1137 2592 Leoninam
1172 2547 1325 2609 itaque
1354 2545 1644 2592 meretricum
1674 2545 1914 2604 ferociam,
1943 2560 2080 2608 quam
2111 2545 2309 2609 primum
2333 2545 2390 2591 ad
2421 2563 2467 2592 se

336 2624 671 2672 introeuntibus
701 2626 969 2685 ostendunt,
1002 2626 1273 2689 serpentinae
1302 2624 1581 2689 deceptionis
1611 2624 1843 2683 astutiam,
1878 2624 2066 2687 captivae
2095 2640 2248 2670 earum
2281 2623 2466 2670 luxuriae

336 2703 712 2750 incontinentiam
735 2706 905 2769 poteris
926 2705 1069 2751 vitare
1088 2705 1324 2768 superbus.
1346 2704 1485 2763 Quod
1511 2703 1675 2768 loquor
1692 2703 1851 2750 melius
1873 2703 1930 2749 de
1953 2702 2128 2767 reliquo
2153 2720 2305 2749 rerum
2328 2720 2469 2767 expe-

336 2783 500 2830 rientia
519 2801 565 2830 es
584 2785 864 2848 cogniturus,
884 2801 1020 2849 quam
1033 2785 1181 2832 verbis
1203 2784 1375 2832 valeam
1391 2783 1629 2848 explicare.
1650 2785 1871 2848 Origenes
1891 2782 1982 2843 ille,
2005 2784 2130 2846 cujus
2146 2783 2235 2830 alta
2249 2785 2468 2847 sapientia

336 2865 505 2929 ubique
531 2866 808 2929 ‘praedicatur
833 2876 877 2912 et
904 2866 1092 2926 colitur,
1128 2877 1293 2931 praeter
1314 2867 1402 2912 hoc
1432 2866 1556 2930 quod
1584 2865 1791 2929 quaedam
1820 2875 1967 2911 errata
1991 2865 2177 2911 minime
2201 2865 2463 2924 correxerit,

337 2945 536 2992 referens
561 2956 710 2992 tamen
734 2946 913 3011 culpam
932 2947 978 2993 in
1004 2947 1293 2994 Ambrosium
1317 2945 1606 3011 discipulum,
1630 2955 1681 2992 ut
1705 2945 1816 2992 dicit
1839 2945 1995 2996 beatus
2027 2946 2359 3008 Hieronymus,
2389 2948 2466 3008 qui

337 3025 588 3073 clanculum
606 3027 725 3074 edita
739 3062 751 3086 ,
772 3038 877 3075 ante
897 3038 1075 3091 tempus
1094 3028 1141 3074 in
1168 3027 1313 3075 lucem
1332 3026 1598 3091 protulerit,
1624 3026 1723 3086 ille,
1756 3026 1938 3089 inquam
1954 3061 1967 3084 ‚
1997 3027 2243 3089 Origenes²
2265 3025 2467 3072 devitans

338 3121 521 3152 omnem
544 3104 745 3153 libidinis
767 3108 1087 3171 suspicionem,
1110 3107 1194 3154 hac
1216 3116 1344 3171 parte
1369 3107 1575 3171 corporis
1592 3123 1638 3152 se
1661 3116 1821 3169 sponte
1838 3106 2047 3169 privavit.
2075 3107 2270 3150 Joannes
2289 3113 2334 3149 et
2354 3105 2468 3150 Pau-

341 3184 425 3245 lus,
448 3188 612 3234 Prolus
629 3198 673 3234 et
689 3188 988 3251 Hyacinthus,
1009 3187 1175 3251 aliique
1189 3187 1341 3251 plures
1360 3187 1544 3251 gloriosi
1562 3197 1798 3250 martyres,
1820 3185 1963 3250 gloria
1981 3195 2027 3231 et
2050 3185 2223 3231 honore
2244 3185 2290 3230 in
2314 3201 2469 3248 super·
2532 3243 2537 3249 ι

341 3265 592 3314 coelestibus
618 3269 664 3314 in
689 3269 926 3331 praesentia
950 3269 1036 3315 Dei
1060 3270 1289 3327 coronati,
1322 3269 1370 3314 in
1393 3268 1476 3314 hac
1502 3267 1719 3331 temporis
1741 3267 1960 3312 brevitate
1972 3264 2176 3329 ,gaudent
2199 3263 2469 3328 genitalibus

387 3449 398 3467 ¹
424 3450 526 3484 Aliter
543 3453 781 3487 blandimenta.
799 3470 840 3476 —
856 3450 870 3470 ⁸
887 3451 1023 3496 anzeli..
1042 3452 1123 3485 Hm.
1138 3453 1269 3491 eccles„
1283 3450 1340 3485 tib.
1361 3450 1422 3492 Vl,
1437 3460 1511 3494 cap.
1528 3459 1585 3483 vn.

502 3523 516 3551 1
2259 3505 2311 3545 89
