2970 4152
0 3623 32 3672 §2¹

1262 403 1577 449 EPlSTOLAE.
1877 450 1883 456 .
2388 408 2405 451 4
2421 409 2437 452 1
2451 408 2480 453 3

367 491 495 548 Quid
535 493 674 538 etiam
714 502 811 542 tam
852 493 1066 557 religioni
1101 495 1343 558 quietique
1381 496 1654 542 monasticae
1691 497 1983 543 contrarium
2025 506 2122 556 est,
2170 498 2313 560 quam
2352 500 2481 562 quod

352 571 559 634 *luxuriae
601 571 866 619 fomentum
899 575 1104 621 ma'xime
1136 584 1326 639 praestat
1365 583 1415 621 et:
1445 574 1676 620 tumultus
1714 576 1900 634 excitat,
1945 586 2085 640 atque
2120 578 2269 642 ipsam
2306 578 2394 624 Dei
2435 579 2480 625 in

364 652 504 699 nobis
533 653 811 717 imaginem,
851 671 947 717 qua
983 665 1260 720 praestamus
1291 655 1492 715 caeteris,
1533 655 1582 701 id
1621 665 1690 701 est
1727 656 1961 702 rationem
1990 657 2146 704 delet?
2190 661 2292 705 Hoc
2326 669 2481 705 autem

363 733 530 779 vinum
561 743 654 790 est,
693 732 825 796 quod
858 749 1000 798 supra
1037 730 1378 782 omnia'victui
1404 735 1688 800 pertinentia
1719 735 1978 798 plurimum
2003 738 2240 802 Scriptura
2277 738 2480 784 damno·

363 829 469 859 sum
516 814 679 861 asserit
698 849 711 872 ,
757 823 805 859 et
842 815 999 860 caveri
1039 815 1282 862 admonet.
1336 817 1407 861 De
1457 831 1555 879 quo
1612 824 1659 861 et
1702 816 1935 862 maximus
1986 816 2062 863 ille
2116 805 2395 883 sapientum*
2431 820 2478 865 in

361 891 625 939 Proverbiis-
654 893 897 952 meminit,
933 893 1124 941 dicens¹
1156 914 1166 941 :
1206 914 1231 939 «
1249 895 1507 942 Luxuriosa
1538 911 1613 941 res
1640 895 1805 942 vinum
1822 932 1834 953 ,
1868 905 1914 942 et
1943 897 2233 954 tumultuosa
2260 882 2475 945 ebrietas.

362 972 647 1035 Quicunque
666 971 741 1018 his
758 971 1037 1033 delectatur,
1062 989 1162 1019 non
1181 974 1270 1020 erit
1288 975 1525 1039 sapiens.»
1553 974 1675 1020 «Cui
1692 974 1809 1021 vae2?
1831 975 1964 1037 cujus
1983 977 2104 1040 patri
2119 977 2216 1023 vae?
2239 978 2315 1023 cui
2340 978 2479 1024 rixae?

360 1050 437 1097 0111
446 1050 628 1098 foveae?
648 1052 725 1098 cui
743 1052 845 1098 sine
863 1068 1004 1099 causa
1024 1052 1255 1100 vulnera?
1275 1054 1350 1100 cui
1369 1053 1564 1100 suffosio
1582 1052 1870 1100 oculorum?
1896 1070 2059 1101 nonne
2086 1055 2159 1101 his
2183 1056 2264 1119 qui
2288 1073 2479 1102 moran—

359 1141 437 1178 tur
460 1131 511 1178 in
526 1132 663 1191 vino,
687 1142 734 1179 et
753 1131 946 1179 student
964 1132 1189 1180 calicibus
1214 1133 1495 1198 epotandis?
1518 1137 1585 1181 Ne
1605 1135 1829 1180 intuearis
1847 1134 2012 1180 vinum
2033 1126 2227 1198 quando
2247 1136 2475 1195 flavescit,

360 1228 510 1274 quum
529 1211 822 1276 splenduerit
846 1212 895 1259 in
922 1213 1046 1260 vitro
1066 1212 1200 1260 color
1224 1213 1340 1278 ejus.
1363 1214 1631 1278 Ingreditur
1653 1214 1851 1274 blande,
1880 1214 1964 1261 sed
1989 1215 2036 1261 in
2063 1216 2321 1262 novissimo
2348 1234 2477 1263 mor-

358 1290 489 1338 debit
517 1302 571 1338 ut
603 1291 821 1351 coluber,
859 1303 907 1340 et
941 1292 1061 1340 sicut
1090 1293 1280 1358 regulus
1307 1310 1490 1342 venena
1522 1293 1771 1341 diffundet.
1806 1294 1944 1341 Oculi
1972 1295 2038 1341 tui
2071 1295 2301 1342 videbunt
2330 1306 2479 1359 extr&

281 1387 291 1395 ·
357 1372 496 1432 neas,
520 1381 566 1418 et
583 1388 668 1418 cor
692 1382 829 1420 tuum
856 1372 1079 1437 loquetur
1102 1390 1342 1438 perversa.
1373 1376 1432 1420 Et
1457 1374 1549 1421 eris
1577 1375 1697 1421 sicut
1728 1374 1971 1422 dormiens
2001 1376 2047 1422 in
2076 1375 2236 1422 medio
2260 1378 2401 1436 mari,
2433 1388 2477 1423 et

357 1451 491 1514 quasi
520 1451 700 1516 sopitus
727 1452 1017 1516 gubernator
1039 1452 1214 1500 amisso
1240 1452 1398 1512 clavo3
1435 1462 1482 1500 et
1506 1453 1636 1502 dices
1665 1472 1678 1500 :
1709 1453 2090 1501 Vei-beraverunt
2122 1472 2226 1515 me,
2259 1455 2341 1502 sed
2376 1472 2473 1502 non

355 1528 520 1576 dolui:
549 1540 791 1579 traxerunt
820 1549 926 1592 me,
958 1541 1006 1578 et
1034 1548 1123 1596 ego
1148 1549 1247 1579 non
1278 1533 1417 1580 sensi.
1445 1532 1652 1590 Quando
1676 1533 1933 1597 evigilabo,
1969 1544 2015 1582 et
2035 1552 2195 1581 rursus
2212 1536 2321 1581 vina
2340 1552 2474 1599 repe—

354 1597 713 1658 11111119111101113
732 1629 742 1657 :
764 1631 787 1655 «
805 1611 912 1658 Noli
930 1611 1141 1675 regibus,
1164 1628 1194 1658 0
1217 1612 1436 1672 Lamuel,
1464 1612 1565 1659 noli
1588 1612 1775 1676 regibus
1796 1613 1910 1660 dare
1928 1614 2120 1674 vinum,
2149 1615 2258 1678 quia
2290 1614 2472 1661 nullum

353 1699 588 1737 secretum
608 1698 676 1737 e'st
694 1689 777 1737 ubi
795 1700 959 1755 regnat
976 1690 1199 1751 ebrietas;
1219 1701 1266 1738 et
1278 1709 1338 1739 ne
1357 1691 1478 1739 forte
1494 1691 1663 1739 bibant
1681 1702 1728 1739 et
1745 1692 2087 1740 obliviscantur
2099 1694 2408 1756 judiciorum,
2427 1706 2472 1741 et

353 1771 568 1817 mutent‘
583 1785 777 1816 causam
794 1769 1005 1816 filiorum
1032 1771 1269 1835 pauperis.
1293 1789 1317 1815 n
1346 1774 1405 1817 Et
1430 1772 1478 1817 in
1503 1771 1830 1818 Ecclesiastico
1849 1772 2075 1836 scriptum
2095 1776 2217 1819 est⁵z
2249 1792 2272 1818 t(
2295 1775 2469 1820 Vinum

352 1858 399 1895 et
434 1847 656 1896 mulieres
685 1856 958 1914 ‚apostatare
991 1848 1169 1895 faciunt
1201 1849 1458 1914 sapientes,
1504 1860 1551 1896 et
1585 1860 1790 1914 arguunt
1821 1862 2049 1899 sensatos.
2074 1871 2097 1897 »
2141 1856 2245 1917 Ipse
2278 1870 2470 1917 quoque

351 1928 669 1992 Hieronymus
691 1926 754 1974 ad
778 1927 1099 1993 Nepotianum
1124 1927 1335 1976 scribens
1356 1928 1418 1976 de
1440 1929 1535 1976 vita
1554 1929 1839 1977 clericorum
1855 1932 1889 1990 ⁶,
1912 1940 1959 1978 et
1977 1932 2109 1995 quasi
2130 1933 2331 1995 graviter
2350 1933 2471 1979 indi·

350 2023 499 2072 gnans
535 2007 669 2072 quod
712 2007 981 2056 sacerdotes
1019 2008 1133 2073 legis
1172 2008 1234 2055 ab
1271 2010 1406 2056 omni
1445 2009 1576 2074 quod
1618 2009 1851 2057 inebriare
1874 2012 1887 2034 ⁷
1926 2020 2105 2075 potest,
2151 2011 2438 2060 abstinentes
2454 2050 2465 2072 ,

349 2097 539 2136 nostros
564 2089 613 2136 in
636 2087 729 2136 hac
753 2088 1037 2136 abstinentia
1056 2099 1282 2154 superent
1302 2108 1311 2135 :
1346 2108 1370 2134 α
1393 2092 1727 2154 Nequaquam,
1753 2109 1776 2134 »
1799 2091 1974 2155 inquit,
2007 2109 2031 2135 «
2050 2092 2215 2139 vinum
2233 2092 2465 2152 redoleas,

348 2185 411 2215 ne
444 2168 608 2216 audias
654 2168 773 2216 illud
809 2169 1083 2235 philosophi
1121 2187 1130 2215 :
1176 2188 1200 2214 «
1232 2173 1334 2217 Hoc
1367 2187 1466 2217 non
1498 2180 1567 2217 est
1591 2170 1810 2218 osculum
1846 2171 2114 2236 porrigere,
2159 2172 2243 2219 sed
2276 2174 2440 2220 vinum
2458 2178 2470 2197 ⁸

351 2268 376 2294 ι(
397 2249 670 2314 propinare.
695 2249 1025 2296 »Vinolentos
1055 2248 1326 2297 sacerdotes
1358 2259 1404 2297 et
1430 2251 1683 2315 Apostolus
1715 2251 1959 2311 damnat⁹,
2000 2262 2047 2299 et
2081 2252 2156 2299 lex
2189 2263 2324 2300 vetus
2359 2271 2469 2320 pro-

346 2326 478 2375 hibet
494 2329 543 2374 ¹⁰:
570 2347 594 2373 «
611 2328 706 2386 Qui
734 2327 899 2375 altario
929 2327 1224 2389 deserviunt,
1254 2329 1421 2377 vinum
1449 2339 1496 2376 et
1514 2330 1714 2378 siceram
1730 2347 1831 2378 non
1850 2330 2031 2378 bibant.
2051 2350 2075 2375 »
2103 2333 2259 2379 Sicera
2278 2332 2467 2381 hebraeo

347 2423 567 2455 sermone
606 2408 764 2455 omnis
802 2409 936 2473 potio
977 2419 1283 2474 nuncupatur
1320 2426 1424 2474 quae
1468 2409 1703 2457 inebriare
1745 2420 1926 2476 potest,
1971 2412 2069 2459 sive
2110 2411 2188 2458 illa
2216 2430 2336 2476 -quae
2376 2413 2465 2460 fer-

347 2497 510 2547 mento
546 2486 820 2547 conficitur,
861 2488 958 2535 sive
986 2504 1243 2553 pomorum
1278 2505 1448 2549 succ0,
1486 2480 1566 2536 aut
1603 2489 1695 2536 favi
1733 2489 2016 2554 decoquitur
2050 2491 2098 2538 in
2135 2490 2461 2550 dulcedinem,

346 2576 392 2613 et
432 2565 692 2614 herbarum
738 2566 1013 2632 potionem,
1066 2577 1147 2614 aut
1192 2567 1460 2632 palmarum
1504 2569 1682 2615 fructus
1724 2570 2054 2633 exprimuntur
2102 2571 2150 2616 in
2198 2570 2432 2634 liquorem
2448 2608 2460 2631 ,

345 2647 586 2712 coctisque
611 2646 823 2711 frugibus
848 2663 972 2711 aqua
1001 2648 1224 2712 pinguior
1257 2648 1456 2696 colatur.
1487 2649 1733 2714 Quidquid
1763 2649 1986 2709 inebriat,
2015 2661 2062 2698 et
2087 2661 2259 2700 statum
2292 2654 2462 2699 mentis

346 2727 512 2774 evertit
529 2763 542 2787 ,
561 2727 669 2791 fuge
698 2727 911 2774 similiter
932 2737 985 2774 ut
999 2728 1183 2776 vinum.
1206 2731 1328 2776 Ecce
1352 2728 1485 2793 quod
1510 2746 1677 2794 regum
1695 2729 1874 2777 deliciis
1891 2731 2210 2791 interdicitur,
2245 2732 2462 2780 sacerdo·

342 2806 469 2854 tibus
495 2807 684 2872 penitus
709 2807 993 2871 denegatur,
1029 2817 1076 2854 et
1099 2807 1216 2855 cibis
1240 2808 1465 2856 omnibus
1487 2809 1798 2875 periculosius
1822 2826 1925 2858 esse
1949 2821 2149 2858 constat.
2176 2813 2279 2875 Ipse
2302 2821 2460 2860 tamen

345 2895 442 2933 tam
458 2885 710 2952 spiritualis
719 2887 791 2934 vir
802 2886 969 2934 beatus
985 2887 1265 2935 Benedictus
1282 2888 1637 2954 dispensatione
1653 2890 1860 2955 quadam
1878 2891 2119 2956 praesentis
2140 2891 2285 2938 aetatis
2306 2892 2460 2939 indul·

344 2982 455 3030 gere
472 2965 719 3014 monachis
736 2966 935 3031 cogitur.
958 2967 1122 3014 «Licet
1133 3003 1145 3027 ,
1166 2987 1190 3012 »
1210 2968 1365 3032 inquit
1378 2970 1419 3028 ¹¹,
1446 2969 1697 3034 «legamus
1711 2970 1876 3017 vinum
1896 2970 2243 3017 monachorum
2260 2972 2459 3018 omnino

344 3063 445 3094 non
457 3063 582 3096 esse:
600 3047 685 3095 sed
698 3046 810 3112 quia
827 3047 1002 3094 nostris
1019 3048 1314 3114 temporibus
1329 3049 1454 3096 hoc¹²
1469 3050 1716 3098 monachis
1732 3050 2005 3116 persuaderi
2022 3068 2120 3098 non
2139 3061 2313 3116 potest,
2330 3062 2420 3099 etc.
2431 3072 2454 3096 »

346 3127 564 3191 Legerat,
591 3126 644 3174 ni
667 3125 828 3187 fallor,
849 3126 983 3191 quod
999 3127 1047 3174 in
1070 3130 1117 3173 V
1113 3129 1190 3174 itis
1205 3131 1407 3175 Patram
1422 3129 1651 3195 scriptum
1672 3140 1741 3177 est
1759 3130 1833 3176 his
1853 3129 2008 3178 verbis
2018 3133 2043 3156 ¹⁸
2066 3150 2076 3177 ε
2102 3150 2126 3176 «
2143 3134 2458 3180 Narraverunt

391 3290 402 3306 ¹
428 3290 544 3329 Prov„
570 3299 643 3333 cap.
667 3300 732 3329 xx,
753 3300 784 3323 v.
808 3292 839 3323 1.
855 3307 890 3313 —
908 3288 921 3307 ’
940 3290 1053 3327 Prov„
1073 3299 1147 3334 cap.
1171 3301 1270 3330 xxm,
1290 3301 1319 3325 v.
1338 3293 1381 3324 29
1425 3291 1518 3324 deest
1529 3291 1630 3324 D.-—⁹
1648 3292 1783 3325 Timoth.
1797 3292 1834 3331 Ι,
1848 3302 1920 3336 cap.
1937 3303 1988 3331 111,
2007 3304 2039 3326 ν.
2057 3293 2168 3326 3.—‘⁰
2183 3295 2295 3333 Levia,
2317 3306 2389 3338 cap.
2411 3308 2430 3329 x
2446 3321 2454 3333 ,

345 3351 379 3377 et
395 3355 446 3389 sq.
461 3361 506 3371 —-
520 3345 534 3363 ⁸
550 3345 668 3385 ,Pr-ov„
695 3356 770 3389 cap.
789 3357 888 3385 xxxi,
912 3357 942 3379 v.
963 3347 980 3378 ⁴
1002 3352 1036 3379 et
1055 3346 1086 3379 5.
1100 3363 1146 3371 -
1158 3346 1172 3364 ⁴
1191 3348 1322 3381 Mittam
1340 3348 1379 3381 D.
1424 3357 1455 3380 ν.
1473 3347 1505 3379 9.
1521 3364 1561 3369 -
1577 3347 1604 3364 ¹¹
1623 3347 1747 3390 Regula
1763 3348 1872 3382 Sancti
1891 3348 2075 3389 Benedicti,
2093 3359 2167 3393 cap.
2186 3362 2238 3383 xz.
2251 3369 2292 3374 —
2306 3351 2333 3367 ¹¹
2346 3353 2403 3385 His
2417 3352 2453 3384 Ι).

343 3416 388 3425 -
400 3400 414 3418 ⁸
433 3401 556 3440 Eccli„
574 3409 647 3446 cap.
671 3412 747 3444 xix,
770 3412 800 3435 v.
819 3403 853 3435 2.
868 3420 911 3426 —-
929 3401 942 3419 ⁶
960 3401 1063 3445 Epist.
1081 3410 1194 3442 xxxiv,
1211 3406 1256 3436 ad
1271 3404 1381 3446 Nepo-
1427 3421 1463 3428 -—
1482 3402 1511 3420 ¹³
1531 3404 1612 3436 Vicae
1625 3404 1782 3443 Panum,
1797 3414 1897 3448 opera
1915 3401 2071 3439 et'studio
2091 3406 2250 3440 Heriberti
2264 3406 2432 3451 Rosweydi
2445 3435 2452 3449 ,

345 3459 466 3489 itanum
478 3480 486 3493 ‚
508 3456 589 3497 Opp.
607 3462 632 3489 t.
651 3455 706 3496 lv,
722 3467 758 3501 p.
774 3456 848 3490 364.
866 3474 907 3481 -—
923 3456 934 3473 ⁷
953 3457 1112 3491 Inebriari
1123 3457 1163 3493 D.
1177 3476 1218 3483 —
1235 3457 1249 3477 ⁸
1268 3460 1380 3493 Vinum
1424 3459 1618 3503 Antwerpiae
1638 3460 1720 3492 1628
1731 3484 1741 3501 ‚
1756 3459 1884 3501 iti-fol„
1898 3471 1932 3504 p.
1954 3462 2028 3494 570.

504 3525 517 3554 1
2246 3523 2294 3562 15
