2970 4152
1293 391 1493 441 NOTAE.
2390 391 2446 438 64

343 491 497 527 consilio
514 490 623 526 etiam
646 488 790 525 domini
808 486 985 524 Gaufridi
1003 486 1234 523 carnotensis
1249 486 1433 534 episcopi,
1464 497 1507 521 ιι,
1539 483 1675 520 solidos
1698 483 1852 532 singulis
1875 483 1980 519 annis
2001 495 2020 519 a
2038 482 2254 531 presbytero
2274 482 2320 518 de
2339 483 2455 519 bene·

345 553 437 589 ficiis
455 550 621 599 ejusdem
636 549 796 586 ecclesiae
812 546 1084 598 persolvendos.
1098 563 1116 580 »

1091 650 1093 652 ’
1162 653 1260 690 Nota
1284 651 1434 699 XLIII,
1458 663 1546 701 pag.
1571 653 1631 690 215.

391 755 605 804 Stephanus
615 757 750 804 quippe
762 755 862 801 regis
876 758 965 788 lunc
977 751 1160 801 dapffer..
1169 771 1227 787 .—
1237 751 1271 787 N
1273 762 1315 787 ec
1328 750 1420 787 hinc
1437 756 1538 787 certe
1556 751 1676 799 magis
1689 750 1839 798 praecisa
1853 750 2033 799 temporis
2047 749 2146 786 illius
2158 749 2326 787 definitio
2336 757 2458 799 potest

342 817 436 852 erui.
464 817 559 853 Nam
579 823 618 852 et
638 814 851 864 Stephanus
867 813 1031 863 dapifer,
1057 814 1160 862 regis
1176 811 1355 850 Ludovici
1372 811 1511 848 litteris
1536 813 1648 848 etiam
1678 823 1776 848 anno
1802 813 1895 851 ⁴⁴20
1922 818 2033 861 atque
2058 813 2168 856 ⁴⁴22,
2199 812 2458 861 subscripsisse

342 877 482 928 legitur
497 877 537 913 in
550 876 718 912 ‘archivis
737 874 864 912 Sancti
885 874 1068 923 Dionysii.
1087 875 1213 922 Quare
1238 873 1482 922 praetermissa
1510 872 1772 922 disquisitione
1798 873 1888 924 ista,
1911 872 2113 910 videndum
2135 874 2212 920 jam
2233 874 2357 922 potius
2374 875 2459 923 quis

343 939 456 976 fuerit
473 938 536 975 hic
555 938 700 987 dapifer
723 938 802 974 sive
818 936 1038 974 senescallus
1063 937 1289 985 Stephanus.
1311 933 1425 985 Ilugo
1445 935 1492 972 de
1509 935 1645 972 Cleriis
1670 935 1710 971 in
1729 936 1996 972 commentario
2014 935 2061 972 de
2079 936 2263 983 majoratu
2285 943 2324 972 et
2351 949 2457 972 sene-

344 1001 473 1038 scalcia
490 1002 654 1038 Franciae
682 1000 884 1037 comitibus
911 999 1001 1036 olim
1031 998 1362 1048 Andegavensihus
1378 998 1625 1043 hereditaria,
1654 997 1765 1035 docet
1791 998 1903 1035 fuisse
1927 999 2159 1047 Stephanum
2185 998 2231 1035 de
2253 998 2457 1043 Garlanda‚

343 1062 534 1099 Guillelmi
561 1062 608 1098 de
629 1061 819 1100 Garlanda
847 1061 1007 1110 dapiferi
1036 1072 1304 1106 successorem,
1333 1060 1394 1097 his
1422 1059 1546 1097 verbis
1569 1076 1576 1096 ε
1610 1075 1627 1093 «
1644 1059 1873 1097 Guillelmus
1896 1059 1943 1096 de
1968 1059 2157 1096 Garlanda
2185 1067 2275 1096 tunc
2301 1061 2461 1097 Franciae

343 1123 563 1161 senescallus
579 1125 795 1174 recognovit
812 1124 852 1160 in
868 1123 934 1160 illo
955 1123 1142 1172 colloquio
1156 1123 1371 1159 hominium
1391 1134 1429 1159 se
1446 1122 1583 1160 debere
1599 1123 1729 1159 comiti
1745 1122 1901 1159 Fulconi
1920 1121 1967 1159 de
1984 1121 2203 1159 senescalcia
2222 1123 2382 1159 Franciae
2393 1151 2406 1171 ,
2425 1131 2463 1159 et

341 1186 430 1224 inde
457 1187 528 1222 fuit
559 1187 597 1223 in
626 1186 816 1224 voluntate
835 1186 997 1223 comitis.
1015 1186 1105 1222 Post
1123 1185 1374 1222 Guillelmum
1398 1185 1472 1222 fuit
1496 1185 1717 1222 senescallus
1743 1185 1955 1234 Stephanus
1981 1185 2028 1222 de
2045 1185 2254 1231 Garianda,
2280 1187 2344 1235 qui
2376 1187 2463 1223 fecit

342 1248 557 1285 hominium
571 1248 715 1285 comiti.
737 1264 755 1284 ν
778 1248 851 1286 Sed
873 1248 977 1298 quod
993 1254 1125 1284 auctor
1138 1247 1201 1284 ille
1222 1259 1299 1284 non
1316 1247 1466 1296 prodit,
1483 1247 1574 1284 alibi
1591 1246 1727 1293 didici,
1755 1259 1890 1296 nempe
1907 1248 2139 1297 Stephanum
2161 1247 2335 1284 eumdem
2351 1248 2463 1284 Guil-

342 1309 442 1347 lelmi
462 1310 509 1346 de
531 1309 743 1356 Garlanda,
771 1323 839 1348 nec
860 1322 936 1348 non
954 1310 1095 1348 Anselli
1120 1309 1177 1346 vel
1201 1309 1371 1347 Anselmi
1395 1309 1578 1358 dapiferi,
1603 1309 1880 1359 Gillehertique
1909 1310 2125 1347 buticularii
2154 1311 2307 1347 fratrem
2338 1310 2462 1346 fuisse.

342 1371 404 1408 Sic
425 1371 524 1408 enim
550 1373 729 1409 asseritur
755 1372 793 1409 in
821 1372 952 1409 charta
975 1371 1154 1408 Ludovici
1177 1371 1332 1416 Grossi,
1364 1370 1624 1408 fundationem
1650 1370 1770 1408 Beatae
1787 1371 1912 1408 Mariae
1935 1371 1982 1408 de
1998 1371 2167 1408 Gornaio
2184 1371 2438 1407 confirmantis
2452 1400 2461 1414 ‚

342 1445 422 1483 quae
443 1446 655 1484 quanquam
679 1434 845 1483 prolixa,
873 1446 948 1471 non
973 1435 1181 1483 incongrue
1204 1440 1329 1470 tamen
1346 1433 1410 1470 hie
1428 1434 1566 1483 apponi
1583 1434 1742 1483 poterit,
1764 1446 1883 1484 quum
1907 1434 2110 1483 prasertim
2130 1433 2177 1470 ad
2200 1433 2462 1471 illustrandum

340 1496 503 1532 auctoris
519 1497 638 1534 nostri
653 1497 778 1533 locum
798 1497 957 1534 maxime
973 1497 1096 1533 faciat.
1117 1496 1178 1534 Sic
1194 1495 1314 1544 igitur
1329 1508 1367 1533 se
1385 1495 1499 1533 habet
1515 1511 1531 1531 :.

1148 1597 1287 1635 Charta
1303 1597 1488 1634 ludovici
1508 1598 1652 1635 Grossiss

391 1701 408 1719 «
425 1687 504 1735 Ego
530 1686 737 1723 Ludovicus
758 1686 825 1722 Dei
844 1684 1082 1735 dispensante
1109 1685 1366 1723 misericordia
1394 1687 1439 1722 in.
1462 1697 1589 1735 regem
1612 1685 1842 1721 Francorum
1867 1684 2108 1730 sublimatus,
2130 1691 2259 1722 notum
2284 1685 2363 1721 fieri
2384 1685 2463 1720 volo

342 1749 485 1784 cunctis
505 1748 678 1784 fidelibus
696 1755 774 1785 tam
793 1748 932 1784 futuris
949 1759 1062 1797 quam
1082 1754 1122 1784 et
1140 1748 1387 1793 instantibus,
1410 1747 1511 1798 quod
1539 1748 1731 1784 ecclesiam
1754 1747 1896 1784 Sanctae
1919 1748 1987 1784 Dei
2012 1748 2203 1796 genitricis
2221 1747 2361 1793 Mariae,
2380 1760 2463 1784 san-

341 1811 466 1859 ctique
481 1811 636 1847 Joannis
653 1810 894 1859 Evangelistae
911 1822 1024 1859 super
1045 1811 1255 1846 Matronam
1271 1810 1428 1847 fluvium
1442 1811 1550 1858 juxta
1566 1809 1779 1847 Gornaium
1797 1816 1961 1846 castrum
1978 1810 2104 1855 sitam,
2134 1809 2263 1846 Guido
2287 1809 2459 1854 Ruheus,

340 1878 379 1908 et
406 1883 499 1909 uxor
521 1871 603 1920 ejus
627 1871 836 1909 Adhelaida
856 1872 938 1920 pari
954 1872 1001 1908 ah
1017 1873 1098 1921 ipso
1115 1871 1360 1909 fundamento
1377 1871 1577 1908 devotione
1597 1878 1900 1908 construxerunt.
1924 1872 1972 1908 Et
1988 1883 2104 1920 quum
2124 1870 2240 1907 multa
2256 1871 2309 1908 illi
2327 1878 2461 1907 contu-

339 1933 470 1970 lissent
486 1933 686 1980 beneficia,
707 1946 788 1970 eam
807 1945 894 1971 cum
911 1934 1087 1971 omnibus
1101 1933 1149 1970 ad
1167 1934 1285 1983 ipsam
1305 1934 1581 1983 pertinentibus
1601 1934 1795 1970 monachis
1814 1933 1940 1970 Sancti
1958 1933 2112 1970 Martini
2137 1932 2182 1969 de
2204 1933 2357 1982 Campis
2376 1946 2462 1981 per-

341 2003 456 2044 petuo
474 1996 685 2032 habendam
703 2003 979 2033 concesserunt.
1003 1996 1058 2033 Ut
1075 2004 1200 2033 autem
1217 2009 1349 2033 eorum
1370 1996 1466 2033 dona
1479 2024 1490 2042 ,
1521 2009 1602 2046 quae
1627 1996 1809 2046 praedictae
1827 1997 1987 2034 ecclesiae
2009 1995 2215 2040 dederunt,
2243 1996 2289 2033 ab
2306 1996 2462 2033 aliorum

342 2058 532 2095 beneficiis
549 2058 849 2107 distinguamus.
869 2058 999 2094 eadem
1015 2058 1115 2094 dona
1130 2059 1352 2094 nominatim
1371 2058 1554 2094 subscribi
1573 2059 1821 2107 praecipimus.
1841 2058 2012 2094 Primum
2030 2069 2161 2094 eorum
2177 2057 2318 2094 donum
2335 2070 2465 2094 mona-

341 2120 422 2157 chis
437 2120 565 2157 Sancti
582 2120 736 2156 Martini
757 2119 804 2156 de
820 2119 994 2168 Campis,
1011 2126 1055 2156 ut
1072 2119 1216 2156 dictum
1236 2126 1293 2156 est
1305 2147 1316 2165 ,
1334 2119 1511 2156 conatum
1530 2120 1603 2156 hoe
1624 2127 1703 2157 est:
1725 2120 1875 2169 praefata
1891 2119 2046 2157 ecclesia
2061 2133 2145 2156 cum
2166 2121 2241 2157 suis
2257 2120 2437 2156 clausuris
2453 2149 2462 2165 ,

340 2189 378 2219 et
392 2195 477 2219 eum
495 2183 598 2219 omni
618 2182 812 2230 adjacente
829 2182 973 2219 ambitu
987 2208 997 2226 ,
1016 2181 1155 2231 capella
1173 2182 1220 2218 de
1239 2181 1431 2226 Gornaio,
1450 2189 1552 2219 terra
1569 2181 1616 2218 de
1635 2182 1821 2229 Luabum,
1839 2181 2097 2219 molendinum
2116 2182 2216 2232 apud
2234 2182 2463 2227 Gornaium;

339 2244 441 2293 apud
460 2244 683 2281 Russiacum
708 2244 863 2281 ecclesia
889 2256 977 2281 cum
1000 2245 1115 2289 atrio,
1143 2250 1182 2281 et
1204 2244 1315 2281 tertia
1335 2251 1441 2293 parte
1465 2244 1634 2292 ejusdem
1656 2244 1769 2281 villae..
1785 2244 1872 2280 Haec
1890 2251 1979 2281 sunt
1994 2244 2205 2293 specialiter
2223 2244 2411 2282 Guidonis
2428 2254 2465 2282 et

340 2307 466 2343 uxoris
483 2318 554 2343 suae
571 2305 768 2355 Adelaydae
793 2306 892 2343 dona
918 2306 1105 2356 praedictis
1128 2306 1322 2344 monachis
1337 2306 1385 2344 ab
1402 2305 1543 2344 eisdem
1563 2306 1709 2344 collata.
1728 2307 1886 2344 Cunctis
1904 2313 2081 2356 praeterea
2097 2308 2329 2344 innotescere
2352 2307 2466 2344 volu-

339 2381 443 2414 mus,
472 2368 575 2418 quod
590 2368 764 2406 Ansellus
779 2368 827 2406 de
843 2369 1035 2406 Garlanda
1060 2369 1205 2418 dapifer
1227 2376 1355 2407 noster
1376 2369 1591 2419 supradicto
1617 2370 1843 2407 monasterio
1862 2370 2000 2408 tribuit
2018 2370 2119 2420 apud
2132 2371 2352 2408 Russiacum
2372 2371 2463 2407 duas

341 2430 509 2478 ejusdem
521 2429 615 2467 villae
631 2437 774 2479 partes,
792 2438 831 2468 et
850 2432 904 2468 sic
920 2438 1038 2469 totam
1055 2432 1212 2469 omnino
1230 2431 1354 2468 villam
1373 2432 1555 2469 concessit
1571 2432 1767 2469 monachis
1782 2439 1938 2482 excepto
1954 2445 2120 2478 nemore,
2139 2434 2312 2481 etipsum
2333 2445 2464 2469 nemus

339 2493 479 2529 eisdem
495 2494 689 2530 monachis
704 2500 744 2530 et
758 2505 891 2530 eorum
906 2493 1120 2543 hospitibus
1135 2493 1182 2530 ad
1201 2493 1411 2532 ardendum
1426 2501 1465 2531 et
1481 2494 1750 2544 hospitandum
1761 2521 1774 2542 ,
1792 2502 1831 2532 et
1852 2494 1900 2530 ad
1916 2496 2076 2544 propriae
2093 2495 2320 2532 necessitatis
2338 2507 2459 2531 usum.

337 2555 545 2592 Nusiellum
559 2567 732 2604 quoque,
753 2555 946 2592 eeclesiam
962 2556 1125 2601 scilicet,
1147 2564 1186 2593 et
1205 2556 1385 2606 quicquid
1403 2556 1451 2594 ad
1469 2556 1572 2594 illam
1589 2557 1769 2606 pertinet,
1798 2569 1883 2594 cum
1901 2557 2136 2604 hospitibus,
2164 2558 2297 2602 terris,
2326 2558 2461 2606 pratis,

338 2617 472 2662 vineis,
491 2630 576 2654 cum
592 2629 747 2654 nemore
766 2624 806 2654 et
820 2617 1058 2664 molendino,
1077 2620 1173 2656 sicut
1191 2619 1366 2656 monachi
1384 2631 1427 2656 ea
1444 2619 1661 2668 possident,
1676 2618 1732 2656 illi
1756 2619 1918 2656 donavit.
1937 2620 2126 2656 Decimam
2146 2620 2299 2668 insuper
2315 2619 2362 2655 de
2375 2620 2464 2655 Ber-

339 2678 500 2721 corellis,
529 2685 567 2716 et
590 2678 683 2715 duas
706 2686 832 2727 partes
853 2678 1005 2716 decimae
1028 2680 1076 2717 de
1090 2680 1312 2717 Bercheriis.
1333 2680 1503 2717 Tertiam
1521 2693 1607 2718 vero
1624 2687 1769 2730 partem
1788 2693 1874 2718 cum
1892 2681 1989 2718 atrio
2005 2680 2208 2718 Balduinus
2231 2681 2277 2717 de
2293 2681 2462 2718 Claciaeo

341 2742 534 2778 monachis
551 2741 657 2779 dedit
670 2770 680 2788 ,
704 2754 856 2780 assensu
867 2742 1035 2780 Anselmi
1053 2742 1212 2792 dapiferi
1234 2744 1368 2780 nostri.
1385 2744 1524 2780 Totam
1540 2755 1691 2794 quoque
1707 2743 1891 2781 decimam
1907 2743 1955 2781 de
1969 2743 2134 2781 Ponteuz
2146 2772 2157 2789 ,
2182 2751 2220 2781 et
2245 2743 2346 2793 apud
2364 2745 2461 2780 Tor-

340 2804 483 2840 ciacum
501 2803 741 2841 medietatem
759 2804 931 2851 decima,
948 2817 1030 2855 quae
1045 2804 1186 2842 dicitur
1205 2805 1332 2842 Sancti
1356 2805 1528 2852 Martini,
1557 2812 1595 2843 et
1620 2804 1812 2843 ecclesiam
1828 2806 1989 2843 Essoniae
2006 2818 2091 2843 cum
2108 2806 2204 2843 atrio
2229 2813 2268 2842 et
2294 2805 2438 2842 decima
2451 2834 2459 2849 ‚

339 2865 539 2902 Anselmus
564 2866 687 2904 eidem
711 2867 938 2904 monasterio
965 2867 1140 2904 contulit.
1163 2867 1342 2917 Hospites
1365 2879 1453 2905 vero
1477 2868 1518 2905 in
1537 2867 1670 2905 eodem
1695 2868 1793 2905 atrio
1817 2875 2093 2906 commanentes
2119 2867 2330 2917 Stephanus
2347 2866 2462 2904 frater

339 2927 509 2976 ejusdem
523 2928 689 2966 Anselmi
716 2929 751 2966 ei
766 2930 994 2966 monasterio
1018 2930 1215 2967 concessit.
1235 2930 1351 2979 Apud
1367 2930 1566 2969 Canoilum
1592 2930 1776 2981 quicquid
1799 2930 1978 2968 Albertus
2003 2930 2050 2967 de
2067 2931 2150 2978 Bri,
2172 2929 2365 2967 ecclesiam
2388 2931 2460 2967 sci-

338 2990 427 3027 licet
452 3003 536 3027 cum
563 2990 726 3037 decima,
754 2998 880 3040 prata,
904 2998 943 3029 et
969 2998 1128 3036 terram,
1156 2999 1195 3029 et
1224 3004 1357 3030 nemus
1382 2993 1576 3031 monachis
1592 2993 1733 3043 praesati
1752 2993 1968 3031 monasterii
1986 2993 2197 3038 concessit,
2213 2993 2294 3042 ipso
2311 2992 2461 3029 Ansello

338 3059 546 3099 annuente,
574 3065 618 3090 ex
645 3053 752 3102 cujus
778 3053 889 3091 feodo
910 3053 1084 3091 habebat.
1106 3055 1176 3092 His
1197 3062 1237 3092 et
1259 3055 1341 3093 aliis
1369 3056 1560 3093 beneficiis
1583 3055 1690 3093 honae
1715 3055 1902 3093 memoriae
1918 3055 2099 3093 Ansellus-
2115 3055 2315 3105 praefatum·
2328 3055 2462 3093 ditavit

338 3116 605 3152 monasterium
616 3145 626 3163 ,
649 3124 687 3154 et
703 3116 899 3154 Christum
916 3116 1095 3155 heredem
1115 3117 1235 3162 fecit,v
1252 3118 1432 3155 fratribus
1459 3119 1535 3155 suis
1552 3105 1761 3168 Stephaim,
1791 3117 1996 3156 Vuillelmo
2008 3146 2018 3162 ,
2043 3125 2082 3155 et
2099 3117 2309 3156 Gilleberto
2327 3131 2458 3155 conce-

339 3177 528 3215 dentibus.
549 3179 595 3215 In
611 3178 726 3224 vodo,
755 3179 857 3229 quod
881 3186 937 3217 est
962 3180 1063 3216 inter
1090 3179 1303 3217 Gornaium
1330 3188 1368 3218 et
1396 3180 1526 3218 Kalam
1541 3209 1551 3226 ,
1573 3193 1622 3216 xv
1644 3187 1798 3230 arpenta
1826 3186 2021 3228 pratorum
2048 3180 2206 3226 habent,
2239 3193 2262 3216 v
2289 3179 2335 3217 de
2358 3180 2458 3216 dono

339 3246 486 3286 nostro,
505 3252 554 3276 vn
580 3240 627 3278 de
643 3240 744 3278 dono
767 3241 931 3279 Alberici
949 3241 996 3279 de
1017 3242 1273 3287 Montefirmo,
1298 3249 1338 3279 et
1363 3243 1436 3280 tria
1464 3242 1511 3279 de
1532 3242 1693 3280 aliorum
1715 3241 1882 3278 fidelium
1906 3241 2101 3279 beneficio.
2127 3242 2204 3279 Nos
2230 3249 2356 3279 autem
2383 3243 2458 3278 haec

338 3302 463 3338 omnia
477 3302 651 3352 prodicta
669 3303 766 3341 dona
777 3331 787 3349 ,
802 3303 993 3342 Gnidonis
1009 3303 1186 3342 videlicet
1199 3305 1340 3354 Rubei,
1356 3311 1394 3343 et
1412 3306 1541 3342 uxoris
1558 3305 1638 3353 ejus
1649 3333 1659 3350 ,
1678 3310 1716 3341 et
1728 3303 1869 3342 Anselli
1883 3303 2042 3354 dapiferi
2060 3304 2201 3351 nostri,
2222 3311 2259 3342 et
2278 3304 2458 3354 Stephani

338 3364 462 3401 fratris
481 3365 537 3401 sui
548 3393 559 3411 ‚
577 3372 617 3402 et
634 3365 806 3403 Balduini
826 3366 873 3403 de
891 3366 1079 3413 Claciaco,
1099 3373 1142 3404 et·
1157 3366 1320 3405 Alberici
1338 3366 1386 3405 de
1405 3366 1644 3404 Montefi'rmo
1659 3395 1668 3412 ,
1693 3372 1733 3403 et
1747 3365 1920 3403 volumus
1936 3373 1979 3404 et·
1991 3366 2241 3416 approbamus
2255 3393 2265 3411 ,
2288 3374 2326 3404 et
2340 3380 2467 3417 quan--

336 3433 418 3463 tum
443 3426 490 3463 ad
510 3434 676 3465 nostram
699 3428 864 3477 pertinet
888 3429 1117 3477 majestatem
1137 3429 1177 3466 in
1196 3436 1422 3479 perpetuum
1447 3429 1602 3466 omnino
1627 3428 1902 3465 confirmamus.
1931 3429 2089 3466 Terram
2107 3441 2258 3479 quoque
2273 3436 2311 3466 et
2329 3442 2459 3466 nemus

338 3487 385 3525 de
413 3488 556 3538 Campo
576 3489 758 3537 Mulloso,
801 3503 914 3540 quem
944 3491 1126 3529 Arnulfus
1154 3491 1202 3529 de
1228 3491 1502 3542 Corquerellis,
1535 3497 1723 3528 annuente
1748 3491 1900 3541 Pagano
1929 3491 1976 3528 de
2005 3492 2256 3542 Montegaio„
2277 3491 2470 3541 praedictis-
