2970 4152
511 407 605 454 224
922 408 1091 453 PETRI
1127 406 1442 453 ABAELARDI
1477 406 1551 452 ΕΤ
1584 406 1886 454 HELOISSAE
1927 405 2245 454 EPISTOLAE.

578 506 648 547 De
672 504 911 548 communi
928 504 1020 548 vita
1045 517 1276 548 sororum.
1294 504 1584 549 —Docente
1604 502 1802 549 historia
1826 505 2031 549 Aetnam
2054 501 2405 565 Apostolorum,
2434 502 2543 547 satis
2562 511 2632 547 est,

511 581 722 628 lucidum
748 591 793 627 et
818 591 1061 646 apertum,
1093 580 1225 645 quod
1248 581 1451 628 Ananias
1481 591 1527 628 et
1551 581 1777 646 Saphira,
1812 597 1932 628 uxor
1958 597 2075 639 sua,
2107 579 2278 626 oblatis
2301 580 2629 645 apostolorum

512 661 713 725 principi
753 661 808 706 iis
845 678 949 724 quae
984 661 1251 708 transitorie
1276 655 1611 726 possidebant,
1643 672 1689 709 et
1715 671 1896 709 retenta
1931 669 2064 725 parte
2086 660 2224 724 pretii
2256 660 2502 723 cujusdam
2533 661 2631 724 agri

512 740 691 787 venditi
717 736 777 787 ab
807 737 1014 801 eisdem,
1044 752 1198 788 morte
1222 741 1468 797 subitanea
1493 752 1603 789 sunt
1621 742 1847 808 percussi.
1871 741 1994 798 Quia
2013 756 2126 804 ergo
2145 743 2440 804 quaecunque
2461 741 2633 806 scripta

513 831 621 867 sunt
635 857 646 878 ‚
673 821 735 868 ad
758 831 969 869 nostram
988 822 1257 870 doctrinam
1281 823 1453 888 scripta
1476 833 1586 870 sunt
1602 859 1614 883 ‚
1636 833 1689 870 ut
1713 822 2015 888 proprietatis
2032 821 2199 868 vitium
2214 856 2227 880 ‚
2251 820 2326 867 vel
2348 820 2513 867 saltem
2532 837 2634 885 spe-

514 904 605 948 cies
639 903 920 968 extirpetur,
950 904 1226 963 statuimus,
1271 914 1323 951 ut
1359 904 1556 968 quilibet
1592 904 1738 952 abbas
1768 904 1918 950 nostri
1943 903 2125 950 ordinis
2164 903 2230 949 ita
2267 901 2510 949 sororibus
2538 902 2634 948 suis

515 983 791 1048 provideat,
823 993 876 1030 ut
900 983 961 1032 de
990 985 1235 1032 communi
1261 994 1306 1032 et
1338 985 1385 1031 in
1415 986 1662 1032 communi
1686 983 1883 1043 vivant,
1909 983 2229 1030 communiter
2265 992 2551 1048 operentur,
2587 991 2634 1028 et

514 1065 575 1110 ad
598 1081 906 1112 communem
931 1064 1205 1126 utilitatem3
1240 1082 1332 1113 nec
1358 1067 1701 1131 permittantur.
1724 1065 1902 1112 habere
1938 1063 2187 1130 proprium
2206 1100 2217 1122 ‚
2260 1063 2343 1111 sed
2374 1062 2635 1110 necessaria

517 1150 583 1195 eis
616 1149 1005 1197 administrentur
1037 1149 1098 1198 de
1129 1152 1404 1211 communi,
1442 1150 1707 1198 secundum
1743 1150 2075 1210 ecclesiarum,
2110 1149 2171 1196 ad
2211 1163 2327 1213 quas
2362 1144 2632 1213 pertinent,

516 1229 772 1277 facultates.
808 1231 855 1277 Si
882 1230 999 1294 quid
1023 1240 1181 1279 autem
1209 1232 1420 1297 ipsarum
1451 1231 1590 1279 alicui
1627 1230 1794 1278 datum
1822 1230 1960 1278 fuerit
1995 1246 2022 1276 a
2059 1244 2304 1294 quoquam
2323 1265 2335 1288 ,
2370 1227 2636 1276 secundum

516 1310 660 1374 patris
688 1311 837 1357 nostri.
864 1311 1106 1375 Augustini
1130 1322 1447 1378 praeceptum,
1475 1311 1632 1359 statim
1650 1311 1830 1376 redigat
1847 1311 1895 1357 in
1912 1326 2185 1357 commune.
2214 1308 2359 1366 Quod
2378 1309 2413 1355 si
2436 1307 2636 1355 retinere

514 1392 892 1456 praesumpserit,
924 1391 1310 1457 deprehensa'ab
1343 1392 1513 1440 abbate
1549 1392 1621 1439 vel
1649 1392 1901 1457 priorissa,
1931 1391 2117 1455 gravius
2134 1425 2145 1446 ‚
2175 1389 2440 1437 secundum
2457 1387 2639 1435 ordinis

517 1481 709 1531 statuta,
737 1473 980 1536 puniatur.

583 1556 655 1598 Ne
689 1569 874 1599 sorores
902 1551 1285 1617 frequententur.
1320 1581 1385 1589 —
1411 1556 1572 1611 Quum
1598 1553 1863 1600 secundum
1889 1551 2170 1618 Apostolum
2196 1552 2440 1598 universos
2466 1548 2638 1595 Christi

516 1632 701 1690 fideles,
729 1642 775 1678 et
817 1633 1020 1679 maxime
1054 1633 1181 1679 viros
1204 1632 1476 1697 religiosos,
1505 1633 1565 1679 ab
1589 1633 1723 1679 omni
1747 1632 1904 1696 specie
1929 1630 2051 1678 mala
2084 1630 2249 1677 deceat
2280 1629 2540 1688 abstinere3
2567 1628 2638 1674 in-

514 1713 734 1759 hibemus
762 1722 863 1759 tam
921 1712 1121 1759 subditis
1147 1729 1292 1777 quam
1317 1713 1519 1779 praelatis
1544 1714 1719 1760 ostium
1745 1712 1931 1778 aperire
1955 1727 2198 1772 sororum,
2227 1720 2274 1758 et
2293 1709 2388 1757 hoc
2411 1710 2460 1756 in
2486 1707 2640 1756 demi-

516 1793 604 1840 bus
637 1793 818 1840 alienis.
849 1794 1151 1840 Sustinemus
1177 1803 1366 1854 tamen,
1397 1804 1448 1842 ut
1476 1795 1514 1842 si
1547 1795 1653 1858 quis
1682 1794 1931 1842 accesserit
1955 1792 2016 1840 ad
2041 1809 2119 1840 eas
2146 1792 2292 1857 gratia
2319 1788 2634 1856 praedicandi,

515 1883 679 1938 aperto
706 1874 828 1920 ostio
855 1873 1084 1933 ecclesiae,
1121 1874 1316 1923 ulterius
1345 1891 1444 1923 non
1474 1874 1704 1941 procedat
1722 1911 1734 1934 ,
1766 1875 1865 1922 imo
1895 1867 2068 1921 sedens
2101 1874 2151 1920 in
2171 1872 2388 1931 eodem,
2424 1870 2638 1918 effundat

516 1956 627 2020 ipsis
653 1953 953 2002 audientibus
978 1954 1178 2002 verbum
1210 1957 1325 2017 Dei,
1358 1973 1448 2004 nec
1468 1957 1711 2024 permittat
1742 1956 2040 2020 aliquatenus
2069 1954 2339 2021 capellanos
2367 1963 2448 2000 aut
2482 1953 2638 2000 socios

516 2051 629 2082 suos
657 2035 853 2082 introire
877 2035 938 2082 ad
959 2036 1099 2101 ipsas.
