2970 4152
959 431 1038 479 DE
1072 430 1296 480 SANc'ro
1332 429 1526 478 PETRo
1560 430 1778 478 SERMO.
2315 412 2428 477 ‘505

310 525 520 591 primum
542 526 800 585 Dominus,
826 541 970 590 super
990 542 1135 590 quem
1157 523 1409 572 aedificavit
1431 523 1690 571 Ecclesiam
1703 561 1714 582 ,
1739 522 1873 571 dedit
1894 532 1947 569 ut
1969 520 2018 568 id
2041 521 2245 568 solveret
2266 521 2315 567 in
2339 531 2430 568 ter·

310 607 374 654 ris
395 607 528 672 quod
549 607 627 654 ille
648 607 879 655 solvisset.
901 626 924 652 »
950 606 1084 654 Idem
1105 606 1166 653 de
1188 605 1362 663 eodem
1382 603 1451 651 ad
1475 607 1701 665 Quintam
1714 606 1726 629 ¹
1750 623 1760 651 ε
1787 624 1810 649 «
1839 607 2031 651 Petrum
2053 619 2196 667 quem
2219 603 2428 667 primum

310 688 546 735 Dominus
579 688 741 752 elegit,
777 698 824 735 et
855 705 998 753 super
1031 672 1181 752 quem
1208 685 1460 734 aedificavit
1487 685 1747 733 Ecclesiam
1781 702 1933 732 suam.
1955 704 1978 729 »
2009 683 2286 731 Ambrosius
2308 701 2429 748 quo-

310 785 405 832 que
438 770 596 834 ipsum
631 772 852 825 Petrum,
885 785 1027 834 super
1060 785 1232 833 quem,
1263 778 1377 827 etc.,
1403 765 1668 830 intelligens
1687 804 1698 826 ,
1736 767 1948 831 quodam
1987 765 2095 812 loco
2130 766 2194 812 ait
2219 784 2229 812 :
2260 768 2426 825 «Hoc,

310 847 414 914 ipsa
440 859 575 915 petra
603 849 822 896 Ecclesiae
851 859 1076 908 canente,
1102 848 1294 913 culpam
1317 847 1471 894 diluit.
1495 866 1518 891 »
1550 850 1609 893 Et
1630 847 1948 911 Hieronymus
1978 845 2039 893 ad
2066 845 2337 893 Marcellam
2371 846 2432 893 de

311 926 408 976 fide
440 940 605 977 nostra
632 939 679 976 et
711 930 928 977 Montani
958 929 1167 977 haeretici
1200 928 1424 993 dogmate
1454 927 1693 986 scribens,
1719 927 1780 974 de
1801 927 1897 974 hoc
1918 927 2022 991 ipso
2046 927 2159 973 ait2:
2182 946 2206 970 «
2222 927 2270 973 Si
2291 927 2433 991 igitur

311 1009 556 1072 apostolus
574 1013 758 1069 Petrus,
778 1026 922 1074 super
942 1027 1087 1075 quem
1108 1010 1344 1057 Dominus
1366 1008 1584 1056 fundavit
1605 1007 1882 1067 Ecclesiam,
1901 1018 1992 1055 etc.
2011 1027 2035 1053 »
2062 1009 2252 1066 Quanta
2273 1019 2433 1061 autem

313 1086 510 1137 firmitas
539 1100 586 1137 et
613 1090 883 1138 constantia
911 1090 1037 1137 Petri
1066 1100 1189 1138 esset
1215 1091 1265 1136 in
1294 1089 1414 1149 fide,
1445 1099 1499 1136 ut
1526 1088 1640 1135 hinc
1668 1090 1768 1154 ipse
1798 1089 1968 1135 merito
1999 1098 2134 1152 petra
2154 1099 2428 1147 vocaretur,

311 1169 547 1217 Dominus
570 1171 670 1235 ipse
692 1169 804 1217 alibi
825 1180 1132 1235 protestatur,
1154 1170 1342 1217 dicens³
1359 1188 1370 1217 ε
1388 1190 1411 1215 «
1430 1172 1531 1233 Ego
1553 1185 1643 1234 pro
1666 1179 1713 1216 te
1735 1169 1916 1233 rogavi,
1942 1171 2096 1227 Petre,
2122 1178 2174 1215 ut
2195 1185 2295 1215 non
2319 1168 2434 1215 defi-

311 1248 404 1296 ciat
426 1248 544 1296 fides
566 1260 663 1297 tua.
683 1269 707 1295 »
730 1255 795 1297 Ac
817 1250 856 1297 si
878 1249 1056 1297 diceret
1080 1269 1090 1297 :
1113 1252 1550 1315 Quantumcunque
1566 1249 1644 1296 alii
1665 1248 1896 1308 titubent,
1922 1260 2348 1314 quantumcunque
2370 1249 2432 1297 de

312 1339 467 1377 morte
489 1346 596 1377 mea
618 1330 890 1396 desperent,
916 1340 997 1378 tua
1020 1330 1138 1378 fides
1161 1331 1445 1378 inconcussa
1467 1329 1697 1377 manebit.
1725 1333 1792 1376 Ex
1815 1346 1910 1394 qua
1931 1329 2127 1394 quidem
2149 1328 2262 1376 fidei
2284 1329 2430 1376 firmi-

310 1415 423 1468 tate,
441 1419 488 1456 et
510 1410 610 1474 ipse
633 1413 798 1457 Petrus
821 1409 987 1457 fratres
1009 1409 1296 1458 confirmare
1318 1409 1624 1469 admonetur,
1638 1427 1788 1474 quum
1802 1410 1961 1457 statim
1974 1409 2018 1456 ei
2037 1426 2065 1457 a
2081 1409 2292 1456 Domino
2315 1409 2433 1456 dici-

310 1496 389 1534 tur
414 1506 425 1535 :
457 1507 482 1534 «
497 1491 556 1536 Et
587 1499 639 1536 tu
668 1489 928 1555 aliquando
959 1507 1222 1538 conversus
1243 1488 1478 1538 confirma
1500 1489 1666 1538 fratres
1695 1499 1820 1537 tuos.
1845 1509 1867 1534 n
1894 1493 2058 1555 Neque
2081 1489 2209 1536 enim
2231 1489 2432 1536 creden-

310 1566 430 1615 dum
469 1580 539 1618 est
576 1581 692 1619 tunc
736 1570 883 1618 fidem
926 1572 1051 1619 Petri
1090 1571 1341 1632 defecisse,
1381 1588 1531 1638 quum
1565 1571 1729 1619 divina
1771 1571 2127 1637 dispensatione
2169 1571 2432 1618 Dominum

310 1651 568 1715 permissus
591 1662 662 1700 est
683 1669 880 1717 negare,
907 1670 963 1701 ex
985 1653 1261 1702 infirmitate
1283 1653 1461 1701 scilicet
1482 1654 1638 1700 carnis
1661 1664 1707 1701 et
1728 1654 1901 1701 timore
1924 1653 2108 1701 mortis.
2140 1653 2227 1700 Hic
2251 1663 2321 1700 est
2346 1656 2431 1699 Pe-

309 1739 411 1778 trus
425 1767 437 1789 ,
470 1741 524 1778 ut
551 1731 735 1779 dictum
764 1743 834 1780 est
849 1771 859 1790 ,
885 1743 1116 1798 tanquam
1137 1734 1335 1781 unicum
1356 1743 1638 1780 caeterorum
1660 1732 2016 1780 firmamentum
2038 1743 2086 1779 et
2107 1731 2427 1791 confirmatiO,

294 1809 387 1856 “cui
425 1821 536 1874 post
570 1811 746 1859 trinam
779 1813 956 1861 amoris
991 1814 1063 1861 sui
1098 1813 1473 1873 confessionem,
1504 1814 1739 1860 Dominus
1769 1830 1882 1860 oves
1910 1830 2018 1860 suas
2048 1823 2095 1859 et
2123 1829 2272 1876 agnos
2301 1827 2431 1859 com-

310 1890 527 1952 mittens,
561 1893 719 1958 ipsum
749 1895 894 1942 totius
923 1894 1142 1943 Ecclesias
1169 1911 1413 1943 summum
1439 1895 1687 1942 constituit
1719 1905 1978 1959 pastorem.
2013 1893 2151 1941 Unde
2179 1903 2226 1940 et
2260 1893 2431 1940 merito

312 1971 449 2020 sedes
481 1973 603 2038 ejus,
638 1992 784 2040 quam
816 1978 1052 2042 passionis
1079 1995 1175 2025 suae
1202 1977 1432 2042 martyrio
1463 1976 1731 2036 decoravit,
1764 1977 1889 2023 inter
1923 1972 2166 2024 universas
2201 1975 2432 2023 Ecclesias

310 2053 572 2118 primatum
594 2057 801 2122 accepit}
825 2068 879 2105 ut
900 2059 1021 2106 sicut
1042 2058 1120 2106 ille
1144 2057 1370 2106 omnibus
1392 2058 1643 2124 apostolis,
1670 2058 1735 2105 ita
1756 2058 2057 2124 episcopatus
2086 2059 2185 2122 ejus
2214 2057 2431 2122 praelatus

309 2133 370 2181 sit
391 2136 587 2183 caeteris.
614 2137 798 2185 Scimus
820 2139 1082 2203 antiquitus
1104 2149 1199 2187 tres
1221 2149 1410 2186 tantum
1431 2138 1795 2204 patriarchatus,
1820 2138 1916 2186 hoc
1939 2149 2010 2186 est
2030 2149 2125 2186 tres
2147 2138 2431 2204 principales

308 2213 673 2280 episcopatuum
701 2216 839 2265 sedes
868 2218 1131 2267 Ecclesiam
1158 2218 1405 2278 habuisse,
1431 2235 1684 2266 romanam
1706 2218 1906 2278 scilicet,
1933 2218 2314 2277 alexandrinam,
2344 2235 2430 2265 an-

308 2293 599 2342 tiochenam.
633 2298 848 2354 Quarum
876 2298 1073 2363 quidem
1102 2298 1306 2363 dignitas
1335 2299 1397 2347 ad
1425 2299 1664 2347 honorem
1685 2298 1813 2347 beati
1839 2300 1962 2347 Petri
1986 2300 2191 2347 maxime
2214 2299 2426 2363 respicit,

308 2390 458 2438 quum
491 2375 714 2424 videlicet
746 2383 851 2425 tam'
881 2379 1170 2427 antiochena
1204 2396 1350 2444 quam
1390 2397 1590 2427 romana
1620 2380 1756 2428 sedes
1784 2380 1884 2444 ejus
1918 2381 2123 2445 propriae
2151 2379 2348 2438 fuerint,
2383 2390 2430 2427 et

307 2455 462 2511 tertia,
500 2455 549 2501 id
584 2465 654 2503 est
687 2457 1022 2517 alexandrina,
1063 2461 1224 2506 Marco
1259 2459 1359 2523 ejus
1392 2459 1627 2525 discipulo
1660 2461 1866 2507 cesserit.
2128 2455 2130 2457 ’

368 2534 455 2581 Hic
504 2544 574 2582 est
620 2538 785 2584 Petrus
830 2547 941 2602 post
986 2537 1252 2598 Christum,
1289 2539 1425 2603 quasi
1469 2539 1587 2586 alter
1622 2540 1812 2587 Elisaeus
1859 2550 1968 2605 post
2002 2540 2171 2587 Eliam.
2211 2541 2427 2604 Legimus

304 2623 414 2677 post
449 2625 639 2679 raptum
672 2616 783 2663 Eliae
801 2654 812 2675 ,
853 2616 914 2664 ad
950 2617 1168 2664 Elisaeum
1203 2617 1325 2666 filios
1362 2619 1708 2684 prophetarum
1736 2631 2050 2684 congregatos
2078 2622 2218 2679 esse¹⁹,
2251 2637 2427 2686 eosque

299 2692 433 2755 juxta
463 2693 642 2743 fluenta
680 2696 900 2744 Jordanis
933 2697 983 2744 in
1018 2697 1188 2744 casulis
1226 2697 1521 2759 habitantes,
1558 2700 1693 2764 quasi
1736 2701 2054 2748 monasticam
2095 2711 2142 2748 et
2182 2700 2424 2749 coenobia-

304 2772 400 2820 lem
433 2775 581 2822 vitam
620 2793 732 2824 cum
772 2777 876 2842 ipso
916 2777 1120 2826 duxisse.
1167 2781 1238 2825 De
1278 2797 1486 2844 quorum
1514 2782 1879 2829 conversatione
1907 2781 2074 2829 beatus
2110 2782 2426 2846 Hieronymus

304 2854 519 2919 quodam
540 2855 650 2903 loco
673 2857 914 2918 meminit,
947 2858 1136 2906 dicens⁸
1163 2879 1172 2905 :
1202 2878 1226 2904 «
1250 2860 1351 2906 Filii
1385 2860 1748 2926 prophetarum,
1773 2879 1897 2927 quos
1929 2862 2195 2909 monachos
2228 2862 2427 2925 legimus

304 2934 353 2982 in
383 2936 542 2983 Veteri
575 2939 901 2998 Testamento,
933 2948 1074 2987 etc.»
1115 2939 1246 2987 Sicut
1282 2950 1443 2988 autem
1477 2952 1592 2989 tunc
1627 2942 1687 2990 ad
1723 2943 1941 2990 Elisaeum
1974 2942 2064 3002 illi,
2104 2953 2155 2990 ut
2196 2942 2422 3003 diximus,

265 3011 272 3019 ’
303 3025 415 3063 sunt
437 3018 728 3082 congregati,
754 3019 1017 3066 monastice
1040 3030 1087 3067 et
1102 3021 1422 3068 communiter
1448 3039 1559 3069 cum
1583 3023 1688 3088 ipso
1710 3024 1947 3082 viventes;
1975 3024 2039 3070 ita
2062 3032 2108 3070 et
2129 3032 2238 3088 post
2259 3038 2425 3069 ascen-

302 3094 490 3143 sionem
525 3098 745 3158 Domini,
782 3098 946 3147 fideles
969 3099 1031 3148 ad
1056 3103 1248 3148 Petrum
1281 3101 1477 3149 adunati
1507 3102 1634 3150 hanc
1660 3103 1767 3177 vitae
1800 3102 2143 3169 perfectionem
2171 3101 2245 3149 vel
2283 3103 2426 3149 etiam

305 3175 536 3240 majorem
571 3179 890 3244 arripuerunt.
929 3179 1073 3238 Quod
1106 3180 1302 3246 quidem
1336 3183 1385 3228 in
1417 3181 1609 3231 Actibus
1636 3182 1970 3247 Apostolorum
2000 3186 2148 3230 Lucas
2176 3182 2427 3247 diligenter

304 3255 633 3307 describens&
680 3280 704 3307 «
723 3261 1061 3322 Multitudinis,
1086 3281 1109 3308 υ
1146 3262 1323 3327 inquit,
1364 3282 1389 3309 «
1413 3263 1712 3312 credentium
1746 3274 1846 3312 erat
1879 3281 1965 3312 cor
1998 3280 2151 3312 unum
2187 3275 2235 3313 et
2267 3266 2426 3313 anima

350 3457 362 3475 ¹
393 3459 474 3500 opp.
492 3469 526 3503 p.
552 3460 699 3493 127.—·
717 3461 821 3507 Epist.
840 3473 951 3504 nvn,
972 3463 1055 3506 Opp.
1070 3470 1093 3496 t.
1114 3463 1168 3503 IV,
1183 3471 1270 3508 part.
1283 3464 1331 3504 11,
1387 3475 1417 3498 v.
1442 3467 1474 3497 3.
1492 3483 1532 3489 -
1549 3464 1563 3483 “
1581 3465 1685 3508 Epist.
1712 3475 1786 3505 xcv,
1817 3466 1899 3508 Opp.
1928 3472 1954 3500 t.
1974 3465 2029 3506 IV,
2063 3472 2147 3509 part.
2171 3465 2219 3506 11,
2238 3477 2273 3509 p.
2292 3466 2427 3498 ¹172.—

304 3513 369 3546 col.
389 3515 521 3547 64.—⁸
538 3516 712 3561 Luc.,cap.
725 3529 808 3562 xxn,
828 3529 859 3552 v.
881 3521 935 3553 32.
952 3539 991 3544 —
1007 3519 1113 3563 *Κεφ
1130 3521 1190 3560 11⁷,
1206 3531 1278 3565 cap.
1297 3532 1331 3562 n,
1389 3522 1402 3539 ⁶
1421 3525 1493 3556 Ace.
1513 3522 1638 3564 Apost„
1655 3533 1730 3565 cap.
1753 3532 1797 3564 iv,
1817 3533 1849 3556 v.
1868 3524 1922 3558 32.

465 3583 478 3614 1
2211 3580 2263 3622 64
