2970 4152
533 419 612 464 DE
645 418 839 465 LAUDE
873 418 1075 467 SANCTI
1109 419 1395 467 STEPHANI
1428 417 1923 475 PROTOMARTYRIS
1953 416 2168 464 SERMO.
2319 417 2413 465 563

305 511 620 578 praecedentia
642 512 938 577 Stephanum
959 513 1104 575 etiam
1117 528 1208 578 pro
1230 531 1280 561 se
1302 515 1407 578 ipso
1424 530 1583 561 orasse
1595 530 1747 578 quum
1769 513 1964 560 dicitur¹
1993 531 2003 559 :
2021 515 2116 559 «Et
2139 512 2417 577 lapidabant

306 591 602 657 Stephanum
610 594 914 641 invocantem
925 604 973 641 et
981 594 1219 642 dicentem
1238 613 1248 640 :
1267 614 1290 639 α
1302 595 1624 640 Domine-lesu
1633 631 1644 653 ‚
1655 594 1841 658 su‘s'cipe
1853 594 2071 658 spiritum
2085 609 2264 639 meum.
2282 591 2306 636 ›‘›
2325 592 2417 639 Ubi

307 671 558 736 diligenter
579 674 926 720 attendendum
946 674 1088 722 video
1111 684 1292 739 quanta
1312 675 1506 721 caritate
1527 675 1651 720 inter
1671 674 1801 738 ipsos
1822 673 2036 738 lapidum
2059 674 2179 720 ictus
2200 672 2419 720 inimicos

307 753 636 818 amplecteret,
671 771 758 819 pro
797 755 970 819 quibus
999 772 1099 803 non
1127 756 1283 803 solum
1319 765 1448 812 orat,
1474 755 1559 802 sed
1587 755 1730 801 etiam
1763 754 1893 800 flexis
1927 753 2127 817 genibus
2160 753 2415 818 supplicat,

307 834 441 898 quod
468 851 773 899 nequaquam
802 836 973 900 legitur
1005 853 1095 902 pro
1129 837 1286 902 seipso
1319 837 1506 895 secisse,
1533 852 1701 883 verum
1729 835 1874 882 etiam
1899 851 1989 899 pro
2014 835 2088 881 his
2114 852 2235 899 quos
2262 834 2419 899 primo

307 914 513 976 graviter
533 930 731 978 arguere
750 924 797 961 et
818 925 917 962 tam
939 932 1025 964 sua
1045 933 1190 980 quam
1219 926 1411 981 patrum
1433 931 1631 962 suorum
1659 913 1836 962 scelera
1866 931 1967 961 non
1997 914 2156 960 timuit
2186 915 2422 978 imprope-

307 1005 430 1042 rare.
450 997 519 1040 Ex
542 1004 724 1059 quanto
747 1004 908 1043 autem
930 998 1138 1044 caritatis
1162 997 1294 1044 fonte
1314 997 1365 1045 id
1386 997 1655 1062 perveniret
1677 994 1891 1042 exhibuit
1908 995 1957 1041 in
1980 993 2099 1053 fine,
2127 995 2176 1041 in
2199 1011 2296 1059 quo
2318 1003 2421 1039 tum

307 1074 545 1138 praecipue
566 1076 830 1122 Dominum
851 1079 1012 1123 Jesum
1034 1077 1209 1124 imitari
1229 1077 1437 1136 videtur,
1463 1076 1546 1141 qui
1567 1076 1629 1123 ad
1647 1075 1922 1140 passionem
1944 1074 2178 1121 deductus
2200 1091 2289 1138 pro
2312 1090 2420 1119 cru-

308 1153 606 1219 cifigentibus
631 1155 912 1221 deprecatus
935 1167 1007 1204 est
1028 1157 1218 1205 dicens²
1243 1176 1253 1204 ε
1284 1179 1307 1203 ι(
1327 1161 1480 1217 Pater,
1506 1158 1699 1221 ignosce
1717 1156 1825 1215 illis,
1851 1173 1950 1203 non
1975 1156 2104 1203 enim
2126 1156 2282 1202 sciunt
2306 1154 2422 1218 quid

310 1232 505 1281 faciunt.
527 1253 551 1278 υ
576 1236 876 1300 Ρεφεῐιάἱῐθ,
902 1236 1123 1297 obsecro,
1149 1238 1400 1285 carissimae
1429 1254 1617 1285 sorores
1645 1247 1693 1284 et
1716 1235 1821 1283 filiae
1842 1235 2039 1295 Christi,
2064 1245 2244 1300 quanta
2260 1236 2422 1300 provi-

309 1313 472 1362 dentia
493 1314 666 1362 divinae
683 1316 871 1380 pietatis
893 1317 1019 1364 circa
1036 1334 1124 1364 vos
1147 1317 1288 1364 fuerit
1310 1318 1393 1382 qui
1414 1317 1541 1365 hanc
1559 1316 1807 1364 famulatui
1827 1326 1986 1363 vestro
2009 1316 2254 1363 caritatem
2277 1315 2426 1378 depu-

307 1394 442 1454 tavit,
462 1410 567 1458 quae
577 1410 668 1441 nec
678 1395 899 1453 inimicis,
912 1413 1063 1460 quum
1073 1397 1388 1456 occideretur,
1410 1398 1548 1444 irasci
1564 1397 1738 1462 potuit,
1754 1406 1808 1444 ut
1820 1396 1934 1443 hinc
1946 1395 2183 1461 praecipue
2196 1394 2425 1458 colligatis

310 1474 427 1538 quid
449 1474 511 1529 de
532 1475 638 1540 ipso
657 1475 795 1523 vobis
810 1476 870 1523 sit
891 1477 1185 1541 sperandum
1207 1478 1290 1542 qui
1311 1478 1378 1524 sic
1391 1493 1441 1524 se
1454 1478 1657 1524 inimicis
1678 1477 1881 1543 praebuit
1902 1476 2182 1542 propitium.
2209 1476 2426 1539 Legimus

310 1564 359 1603 et
379 1555 498 1603 alios
518 1572 743 1621 sequaces
765 1557 866 1620 ejus
889 1556 1073 1604 fortiter
1099 1557 1368 1617 dimicasse,
1395 1557 1552 1605 nullos
1575 1568 1736 1606 autem
1757 1558 1834 1605 vel
1855 1574 2036 1624 paucos
2057 1556 2184 1603 hanc
2206 1555 2424 1619 exemplo

310 1636 507 1682 Domini
523 1636 596 1683 sui
611 1636 1036 1701 interemptoribus
1058 1639 1258 1701 gratiam
1275 1637 1559 1685 exhibuisse.
1586 1638 1725 1685 Unde
1744 1647 1793 1685 et
1810 1639 1981 1685 merito
1998 1638 2180 1702 primus
2201 1637 2249 1683 in
2274 1653 2427 1699 agone

311 1715 522 1762 Domino
547 1716 802 1763 succedere
824 1717 1020 1776 meruit,
1040 1718 1117 1764 cui
1138 1735 1195 1764 ex
1216 1728 1348 1765 tanta
1369 1718 1557 1765 virtutis
1574 1718 1840 1765 imitatione
1855 1718 2174 1783 propinquior
2189 1717 2356 1775 extitit,
2376 1726 2427 1762 ut

311 1809 410 1858 quo
425 1795 686 1860 profectior
706 1806 829 1843 esset
843 1797 1018 1844 virtute
1030 1834 1042 1856 ,
1067 1798 1201 1862 prior
1214 1808 1533 1845 assumeretur
1546 1798 1594 1844 in
1609 1797 1828 1862 exemplo
1839 1799 1853 1823 ⁸
1874 1813 2061 1862 pugnae.

376 1876 436 1921 At
456 1890 518 1922 ne
539 1881 684 1922 tantae
706 1877 915 1924 caritatis
937 1877 1162 1924 affectum
1183 1878 1234 1924 in
1257 1879 1476 1924 oratione
1503 1865 1588 1924 sua
1619 1894 1718 1924 non
1750 1877 2039 1924 obtinuisse‘
2066 1886 2289 1941 putemus
2321 1876 2429 1923 effe-

312 1961 469 2012 ctum,
499 1952 731 2002 attendite
756 1955 873 2020 quid
902 1957 1120 2003 oratione
1147 1956 1227 2004 illa
1250 1957 1502 2022 proveniat
1517 1967 1564 2003 et
1582 1966 1823 2021 sequatur.
1858 1957 2051 2003 Dictum
2075 1955 2253 2020 quippe
2278 1955 2428 2002 suerat

312 2044 454 2083 testes
475 2035 582 2082 illos
608 2035 752 2083 falsos
788 2035 962 2100 quibus
992 2037 1315 2101 lapidantibus
1343 2037 1545 2085 traditus
1569 2048 1663 2096 est,
1694 2036 2011 2084 custodienda
2036 2037 2319 2083 vestimenta
2345 2052 2429 2082 sua

311 2130 447 2163 secus
459 2115 606 2180 pedes
620 2115 936 2163 adolescentis
946 2116 1074 2163 Sauli
1086 2116 1380 2180 deposuisse,
1398 2126 1565 2180 postea
1578 2132 1694 2162 vero
1707 2133 1877 2179 quum,
1891 2115 2077 2180 expleta
2089 2116 2322 2175 oratione,
2340 2132 2429 2180 pro

312 2194 517 2243 inimicis
530 2205 710 2260 martyr
723 2196 883 2242 statim
891 2196 941 2242 in
954 2196 1165 2242 Domino
1173 2195 1524 2242 obdormivisse
1532 2195 1724 2254 dicitur,
1741 2212 1854 2242 mox
1872 2195 1933 2243 de
1943 2195 2117 2242 eodem
2130 2195 2430 2244 adolescente

312 2274 456 2323 Saulo
469 2274 763 2322 subinfertur
783 2292 793 2321 :
814 2274 1012 2322 «Saulus
1033 2285 1195 2323 autem
1217 2285 1319 2323 erat
1339 2277 1645 2323 consentiens
1659 2275 1766 2322 neci
1781 2275 1899 2338 ejus,
1919 2285 2009 2322 etc.
2030 2294 2054 2320 υ
2074 2274 2259 2333 Quibus
2276 2276 2431 2323 verbis

313 2355 511 2421 quidem
531 2356 582 2402 in
603 2355 700 2402 hoc
722 2357 925 2404 maxime
947 2355 1251 2404 adolescente
1266 2357 1367 2420 ejus
1389 2357 1544 2404 oratio
1567 2356 1809 2404 fructuosa
1823 2356 2081 2415 invenitur,
2101 2366 2154 2403 ut
2167 2356 2244 2403 ille
2265 2367 2431 2421 postea

314 2452 400 2501 per
418 2435 643 2483 meritum
655 2435 885 2500 Stephani
900 2452 1160 2483 conversus
1179 2436 1321 2483 fuisse
1334 2436 1444 2483 cred
1451 2447 1574 2495 atur,
1591 2452 1677 2500 per
1689 2452 1835 2499 quem
1850 2435 2099 2482 universus
2112 2434 2210 2482 sere
2223 2436 2431 2483 mundus

316 2515 378 2563 ad
404 2518 560 2562 Deum
582 2524 958 2573 converteretur,
983 2524 1036 2561 ut
1057 2514 1152 2562 hoc
1183 2515 1342 2580 ipsum
1363 2515 1497 2579 quod
1527 2514 1767 2562 credimus
1794 2513 2024 2579 Stephani
2057 2514 2235 2562 meritis
2263 2532 2431 2564 omnes

315 2596 493 2661 pariter
515 2605 678 2659 gentes
698 2594 982 2642 tribuamus.

381 2676 476 2724 Sed
498 2693 589 2724 nec
610 2675 855 2741 Stephano
884 2674 1123 2740 lapidato⁵
1143 2675 1535 2740 persequentium
1557 2675 1628 2722 ira
1648 2674 1812 2722 sedata
1831 2684 1902 2722 est
1916 2712 1927 2734 ‚
1953 2674 2037 2721 sed
2059 2683 2194 2721 tanto
2228 2676 2430 2741 amplius

318 2766 515 2824 propter
528 2773 639 2804 eum
653 2771 868 2814 accensa,
886 2765 1070 2820 quanto
1088 2765 1276 2803 constat
1291 2772 1401 2803 eum
1415 2758 1517 2802 Deo
1537 2755 1685 2819 magis
1701 2754 2043 2820 acceptabilem
2059 2764 2107 2801 et
2129 2755 2332 2803 inimicis
2343 2758 2428 2803 Dei

319 2839 462 2886 fuisse
479 2837 726 2885 odibilem.
753 2835 892 2885 Unde
911 2846 957 2884 et
975 2837 1213 2902 sequitur⁶
1231 2855 1241 2883 :
1265 2840 1434 2884 «Facta
1450 2846 1521 2884 est
1533 2836 1800 2901 persecutio
1813 2835 2048 2899 magnain
2062 2835 2271 2884 Ecclesia
2289 2836 2338 2882 in
2352 2836 2431 2884 illa

320 2918 398 2966 die
419 2934 525 2984 quae
547 2927 648 2965 erat
669 2918 719 2964 in
738 2917 1061 2982 Jerosolymis‚
1077 2927 1125 2965 et
1139 2934 1309 2965 omnes
1331 2917 1531 2982 dispersi
1553 2927 1665 2964 sunt
1685 2933 1772 2983 per
1793 2917 2011 2981 regiones
2029 2915 2188 2963 Judeae
2204 2927 2250 2963 et
2272 2920 2432 2965 Sama-

321 2999 423 3059 riae,
448 3008 618 3064 praeter
644 2997 905 3063 apostolos.
938 3017 961 3043 »
993 2998 1136 3062 Cujus
1163 2998 1361 3064 quidem
1388 2999 1734 3064 persecutionis
1756 2998 2104 3064 dispersionem
2130 3000 2180 3045 in
2203 3010 2430 3062 quantam

320 3078 521 3127 salutem
551 3077 768 3125 Ecclesiae
795 3079 1030 3126 Dominus
1067 3080 1378 3140 converterit,
1403 3089 1457 3126 ut
1484 3079 1545 3127 de
1567 3089 1722 3126 morte
1755 3079 1932 3126 scilicet
1958 3078 2187 3144 Stephani
2220 3080 2433 3129 desolata

322 3159 569 3206 materiam
582 3158 817 3224 acciperet
831 3158 1234 3219 consolationum,
1250 3160 1497 3224 sequentia
1508 3159 1740 3217 indicant,
1753 3175 1904 3222 quum
1914 3158 2018 3206 haec
2026 3159 2203 3205 scilicet
2219 3158 2432 3207 fidelium

323 3237 555 3303 dispersio
578 3238 754 3286 multos
777 3239 826 3285 in
849 3237 996 3287 fidem
1018 3237 1193 3286 Christi
1215 3249 1525 3303 congregaret
1546 3238 1770 3303 populos,
1788 3238 1909 3285 sicut
1931 3239 1980 3284 in
2003 3238 2310 3302 sequentibus
2322 3256 2434 3286 con-

370 3437 381 3455 ¹
405 3438 478 3472 Act.
502 3439 628 3480 Apo-st„
647 3449 721 3482 cap.
744 3449 807 3480 vn,
827 3449 860 3472 v.
881 3439 936 3473 58.
956 3456 999 3464 --
1011 3437 1025 3456 ⁸
1039 3439 1134 3479 Luc„
1153 3449 1227 3483 cap.
1247 3449 1328 3472 xxm
1343 3464 1352 3480 ‚
1407 3446 1553 3472 caret.-
1569 3437 1583 3455 ⁴
1596 3437 1678 3471 eod.
1703 3436 2102 3480 optimum-'Legitur
2117 3437 2149 3470 in
2165 3436 2247 3471 Cod.
2264 3439 2429 3479 lapidatio.

325 3504 356 3526 v.
371 3493 427 3527 3⁴.
441 3512 480 3518 —
497 3493 511 3512 ⁸
526 3494 657 3537 Legitur
675 3495 707 3528 in
721 3494 803 3529 eod.
821 3495 858 3528 In
873 3497 974 3538 empto
995 3506 1112 3538 puqnoe
1124 3521 1133 3535 ,
1153 3495 1240 3538 quod
1256 3505 1353 3528 uentu
1407 3513 1450 3520 —
1463 3494 1476 3512 ⁰
1492 3496 1565 3528 Act.
1579 3496 1701 3535 apost„
1716 3503 1791 3537 cap.
1805 3505 1858 3527 vui
1868 3517 1877 3533 ,
1898 3504 1928 3527 v,
1948 3496 1977 3527 1.
