2970 4152
1226 365 1543 413 EPISTOLAE.
2361 366 2379 410 1
2395 363 2454 410 59

330 457 588 508 tumultum
610 456 755 504 seculi
788 467 835 504 et
857 456 1055 522 plenum
1083 458 1421 506 tentationibus
1451 457 1689 505 mundum
1718 457 1946 522 fugientes
1961 488 1975 516 ,-
2008 455 2071 503 ad
2104 455 2312 519 quietem
2347 456 2455 502 soli-

333 538 508 586 tudinis
524 537 755 585 lectulum
779 554 874 584 suae
897 538 1314 604 contemplationis
1340 538 1674 598 contulerunt;
1703 548 1756 585 ut
1776 537 1996 586 videlicet
2019 539 2124 584 Deo
2151 536 2337 601 possint
2362 536 2455 582 sin-

331 620 485 667 cerius
510 635 692 666 vacare.
723 621 827 683 Ipse
849 636 1043 684 quoque
1067 620 1330 680 Dominus,
1361 619 1423 667 ad
1447 630 1593 683 quem
1617 617 1776 666 nullus
1806 618 2079 666 tentationis
2115 626 2275 664 motus
2303 633 2457 663 acces-

332 717 439 748 sum
465 699 673 747 habebat
687 737 700 758 ,
733 716 822 746 suo
843 716 933 747 nos
968 700 1190 749 erudiens
1217 700 1437 766 exemplo
1453 736 1466 760 ,
1512 716 1664 764 quum
1692 698 1850 763 aliqua
1874 698 2017 746 vellet
2045 714 2184 763 agere
2218 696 2455 762 praecipue

332 790 511 828 secreta
535 779 754 845 petebat,
796 789 844 827 et
877 780 1134 846 populares
1173 780 1444 829 declinabat
1474 780 1720 828 tumultus.
1762 780 1883 827 Hinc
1918 780 2020 844 ipse
2048 779 2284 826 Dominus
2315 776 2455 824 nobis

331 859 859 925 quadraginta-dierum
886 860 1171 909 abstinentia
1192 861 1444 910 heremum
1472 861 1769 909 consecravit
1784 897 1796 921 ,
1825 859 1990 907 turbas
2022 860 2070 906 in
2105 859 2304 906 heremo
2339 858 2456 905 refe-

332 942 421 1002 cit,
462 951 508 988 et
533 940 596 988 ad
622 941 850 988 orationis
874 942 1131 1006 puritatem
1166 959 1267 990 non
1308 942 1465 990 solum
1495 959 1523 990 a
1550 941 1701 989 turbis
1716 977 1729 1003 ,
1765 958 1933 989 verum
1959 940 2102 988 etiam
2131 939 2193 986 ab
2227 938 2455 1005 apostolis

331 1019 599 1068 secedebat.
630 1023 763 1086 Ipsos
787 1037 982 1086 quoque
1007 1022 1250 1087 apostolos
1276 1032 1322 1070 et
1346 1023 1394 1069 in
1421 1032 1586 1070 monte
1611 1038 1827 1069 seorsum
1852 1020 2098 1080 instruxit,
2127 1029 2269 1083 atque
2288 1019 2460 1066 consti-

332 1100 447 1159 tuit,
474 1110 522 1148 et
547 1100 969 1165 transfigurationis
993 1119 1089 1150 suae
1114 1084 1596 1167 gloria—solitudinem
1624 1102 1890 1166 insignivit,
1919 1111 1966 1149 et
1990 1099 2279 1149 exhibitione
2303 1114 2459 1145 resur-

332 1181 554 1228 rectionis
582 1198 677 1228 suae
702 1181 963 1248 discipulos
981 1183 1301 1231 communiter
1319 1184 1368 1231 in
1394 1193 1559 1231 monte
1574 1182 1850 1243 laetificavit,
1878 1192 1926 1230 et
1949 1181 2010 1229 de
2034 1190 2199 1228 monte
2215 1180 2266 1226 in
2287 1178 2460 1226 coelum

330 1261 574 1321 ascendit,
604 1271 651 1309 et
676 1272 844 1310 caetera
868 1280 1166 1328 quaecunque
1190 1264 1425 1329 magnalia
1449 1265 1500 1312 in
1538 1263 1873 1311 solitudinibus
1908 1261 1983 1310 vel
2018 1261 2208 1309 secretis
2239 1268 2461 1325 operatus

333 1350 403 1387 est
423 1340 555 1399 locis.
587 1342 683 1400 Qui
706 1343 849 1390 etiam
872 1345 1021 1408 Moysi
1046 1344 1120 1392 vel
1145 1345 1352 1410 antiquis
1376 1344 1590 1411 patribus
1609 1345 1658 1391 in
1679 1343 2016 1392 solitudinibus
2031 1357 2289 1407 apparenS,
2314 1350 2360 1387 et
2376 1356 2461 1405 per

331 1420 636 1469 solitudinem
661 1422 722 1469 ad
753 1433 928 1471 terram
959 1426 1290 1490 promissionis
1322 1425 1558 1491 populum
1586 1425 1927 1484 transducenS,
1964 1423 2126 1487 ibique
2160 1421 2342 1487 populo
2376 1419 2458 1466 diu

332 1500 528 1549 detento
553 1501 705 1566 legem
730 1503 922 1551 tradens
939 1541 951 1565 ,
982 1522 1159 1553 manna
1183 1504 1382 1571 pluens,
1406 1522 1581 1570 aquam
1606 1505 1667 1552 de
1692 1514 1826 1570 petra
1846 1504 2056 1551 educens
2072 1537 2086 1562 ,
2112 1501 2289 1549 crebris
2316 1517 2458 1566 appa·

332 1580 584 1628 ritionibus
603 1582 759 1647 ipsum
779 1584 1034 1632 consolans
1051 1621 1064 1645 ,
1095 1595 1142 1633 et
1164 1585 1398 1633 mirabilia
1417 1601 1623 1650 operans
1639 1620 1651 1644 ,
1675 1594 1894 1649 patenter
1916 1583 2081 1631 docuit
2105 1591 2334 1647 quantam
2359 1581 2458 1644 ejus

333 1662 628 1726 singularitas
652 1664 961 1713 solitudinem
985 1682 1075 1731 pro
1101 1665 1241 1712 nobis
1270 1676 1424 1725 amet,
1457 1665 1535 1712 cui
1558 1665 1724 1729 purius
1742 1665 1792 1711 in
1812 1681 1868 1712 ea
1885 1680 2054 1711 vacare
2070 1678 2341 1729 possumus.
2366 1662 2459 1718 Qui

334 1741 476 1788 etiam
509 1742 775 1790 libertatem
800 1745 996 1807 mystice
1021 1746 1186 1809 onagri
1218 1745 1527 1793 solitudinem
1555 1745 1757 1792 amantis
1790 1744 2041 1809 diligenter
2080 1742 2352 1791 describens
2372 1777 2384 1800 ‚
2418 1751 2461 1787 et

333 1821 640 1871 vehementer
662 1823 963 1888 approbans,
994 1824 1057 1871 ad
1078 1824 1274 1872 beatum
1304 1825 1395 1872 Job
1423 1825 1635 1889 loquitur
1651 1860 1664 1883 ,
1696 1824 1886 1872 dicens¹
1910 1842 1919 1871 :
1950 1843 1973 1868 «
1998 1824 2116 1882 Quis
2147 1822 2325 1870 dimisit
2349 1836 2463 1868 ona-

333 1918 471 1966 grum
493 1902 725 1963 liberum,
754 1913 802 1951 et
826 1903 1017 1951 vincula
1050 1898 1152 1968 ejus
1179 1905 1286 1969 quis
1314 1904 1490 1952 solvit?
1519 1905 1607 1951 Cui
1631 1904 1744 1951 dedi
1772 1903 1823 1951 in
1852 1902 2109 1951 solitudine
2142 1902 2344 1949 domum
2361 1937 2372 1959 ,
2416 1911 2462 1947 et

333 1982 637 2031 tabernacula
657 1983 760 2048 ejus
777 1984 827 2031 in
848 1994 973 2032 terra
988 1984 1250 2049 salsuginis.
1273 1986 1549 2033 Contemnit
1567 1984 1924 2032 multitudinem
1952 1983 2152 2031 civitatis
2169 2019 2181 2043 ,
2203 1982 2459 2029 clamorem

333 2064 563 2112 exactoris
585 2081 685 2112 non
711 2064 870 2126 audit,
901 2066 1225 2131 circumspicit
1249 2076 1438 2114 montes
1462 2082 1649 2132 pascuae
1677 2083 1772 2113 suae
1788 2101 1801 2126 ,
1830 2075 1877 2113 et
1904 2065 2105 2113 virentia
2132 2059 2337 2129 quaeque‘
2356 2080 2466 2129 per·

335 2144 493 2208 quirit.
521 2162 545 2189 »
576 2147 641 2192 Ac
662 2146 701 2192 si
724 2155 885 2211 aperte
905 2145 1057 2194 dicat:
1085 2147 1202 2205 Quis
1232 2146 1326 2194 hoc
1353 2147 1461 2195 fecit
1488 2148 1578 2194 nisi
1600 2147 1729 2212 ego?
1760 2149 1950 2211 Onager
1974 2146 2153 2211 quippe
2169 2181 2182 2206 ,
2211 2161 2356 2209 quem
2382 2143 2463 2190 sil-

334 2234 545 2273 vestrem
562 2226 750 2273 asinum
780 2243 1010 2275 vocamus
1025 2263 1037 2287 ‚
1070 2227 1338 2276 monachus
1366 2238 1465 2285 est,
1488 2229 1572 2293 qui
1587 2227 1872 2276 secularium
1898 2244 2060 2275 rerum
2076 2228 2090 2251 ²
2110 2225 2310 2273 vinculis
2328 2224 2466 2272 abso-

333 2304 461 2353 lutus
479 2306 540 2354 ad
561 2306 864 2371 tranquillam
890 2308 994 2355 vitae
1018 2308 1236 2357 solitariae
1259 2308 1528 2357 libertatem
1555 2326 1605 2357 se
1631 2308 1860 2369 contulit,
1895 2317 1942 2355 et
1966 2307 2179 2355 seculum
2204 2306 2385 2370 fugiens
2416 2306 2465 2351 in

335 2385 494 2434 seculo
518 2403 618 2434 non
652 2389 893 2436 remansit.
926 2390 1048 2436 Hinc
1077 2390 1125 2437 in
1156 2399 1281 2437 terra
1305 2390 1553 2455 salsuginis
1577 2389 1787 2450 habitat,
1823 2406 1974 2455 quum
2005 2382 2222 2436 membra
2249 2387 2350 2451 ejus
2380 2403 2465 2451 per

336 2463 670 2515 abstinentiam
708 2468 830 2516 sicca
867 2479 977 2515 sunt
1002 2479 1050 2516 et
1078 2469 1227 2517 arida.
1258 2470 1529 2518 Clamorem
1561 2470 1792 2518 exactoris
1819 2486 1920 2516 non
1951 2468 2109 2528 audit,
2145 2467 2229 2515 sed
2262 2483 2430 2514 vocem
2449 2502 2460 2524 ‚

336 2546 447 2609 quia
471 2547 627 2594 ventri
655 2563 755 2595 non
781 2549 1021 2613 superflua
1041 2585 1053 2609 ,
1086 2549 1170 2597 sed
1190 2551 1454 2598 necessaria
1482 2550 1732 2616 impendit.
1758 2550 1876 2608 Quis
1895 2550 2025 2597 enim
2044 2559 2142 2596 tam
2162 2549 2465 2612 importunus

335 2636 554 2687 exactor,
584 2637 630 2675 et
645 2628 959 2692 quotidianus
987 2640 1179 2677 exactor
1203 2647 1349 2695 quam
1378 2631 1577 2679 venter?
1607 2631 1694 2678 Hic
1726 2630 1986 2678 clamorem
2003 2666 2015 2690 ,
2053 2629 2104 2677 id
2137 2639 2207 2676 est
2234 2626 2467 2675 immode-

335 2718 485 2755 ratam
511 2709 882 2774 postulationem
919 2711 1064 2759 habet
1096 2713 1147 2759 in
1186 2713 1438 2778 superfluis
1476 2723 1523 2761 et
1550 2712 1761 2761 delicatis
1788 2712 1931 2773 cibis,
1972 2713 2021 2759 in
2055 2728 2152 2776 quo
2177 2710 2372 2757 minime
2398 2719 2467 2755 est

336 2789 619 2836 audiendus,
652 2793 838 2839 Montes
864 2809 1049 2858 pascuae
1075 2803 1186 2841 sunt
1211 2794 1278 2841 illi
1303 2795 1410 2842 vitae
1434 2794 1509 2842 vel
1538 2793 1768 2843 doctrinae
1793 2793 2069 2841 sublimium
2095 2803 2314 2858 patrum,
2350 2805 2467 2855 quas

339 2868 542 2934 legendo
569 2881 615 2918 et
639 2872 920 2921 meditando
947 2874 1204 2922 reficimur.
1232 2876 1447 2924 Virentia
1471 2893 1672 2941 quaeque
1700 2875 1814 2923 dicit
1832 2875 2051 2923 universa
2076 2874 2182 2921 vitae
2206 2871 2405 2920 coelestis
2423 2881 2469 2918 et

338 2951 736 2999 immarcessibilis
764 2953 955 3018 scripta.
985 2954 1056 3002 Ad
1088 2955 1223 3020 quod
1257 2973 1347 3004 nos
1371 2957 1610 3022 praecipue
1634 2956 1802 3003 beatus
1831 2956 2151 3019 Hieronymus
2176 2952 2431 3000 exhortans
2450 2988 2461 3009 ,

339 3031 404 3078 sic
426 3031 683 3079 Heliodoro
716 3032 878 3080 scribit
908 3034 1148 3082 monacho
1176 3038 1190 3061 ⁸
1225 3054 1235 3083 :
1278 3056 1300 3081 «
1324 3039 1641 3103 Interpretare
1664 3035 1953 3084 vocabulum
1987 3032 2236 3092 monachi,
2271 3031 2367 3078 hoc
2398 3041 2467 3077 est

339 3127 516 3158 nomen
542 3121 693 3159 tuum.
722 3113 852 3171 Quid
878 3114 989 3161 facis
1011 3114 1061 3161 in
1084 3115 1224 3163 turba
1249 3117 1333 3181 qui
1357 3117 1487 3164 solus
1513 3117 1597 3164 es?
1623 3136 1646 3161 »
1677 3115 1812 3163 Idem
1833 3125 1880 3163 et
1902 3123 2116 3163 nostram
2134 3129 2162 3160 a
2184 3111 2465 3160 clericorum

340 3190 433 3237 vita
456 3190 777 3256 distinguens,
805 3193 866 3241 ad
892 3194 1093 3241 Paulum
1116 3195 1445 3260 presbyterum
1469 3196 1630 3244 scribit
1654 3195 1728 3243 his
1752 3194 1909 3243 verbis
1931 3196 1945 3220 ”
1978 3212 1988 3241 :
2027 3214 2047 3239 «
2083 3194 2131 3240 Si
2155 3191 2367 3240 officium
2398 3192 2467 3236 vis

388 3403 396 3420 ¹
423 3404 499 3443 1011,
519 3413 591 3448 cap.
611 3416 713 3439 xxxix
727 3431 736 3447 ‚
753 3418 783 3439 v.
803 3407 822 3438 5
839 3414 871 3441 et
883 3418 934 3451 sq.
949 3423 993 3450 5-
1007 3407 1020 3425 ’
1040 3410 1185 3443 Virorum
1201 3409 1226 3443 B
1243 3418 1276 3444 et
1288 3410 1353 3445 MS.
1367 3410 1462 3445 Amb.
1475 3428 1499 3435 -
1514 3410 1667 3444 Vitiorum
1685 3409 1749 3443 MS.
1769 3407 1863 3442 Amb.
1876 3422 1921 3435 -—
1933 3407 1947 3425 ‘
1963 3407 2065 3452 Epist.
2086 3417 2119 3447 v,
2146 3406 2226 3447 Opp.
2247 3411 2272 3438 t.
2295 3403 2350 3443 lV,
2365 3404 2422 3436 col.
2439 3403 2470 3434 9.

348 3480 383 3486 -
398 3462 411 3480 ⁴
426 3462 529 3507 Epist.
545 3474 621 3498 χιιι
635 3489 644 3506 ,
664 3466 745 3508 Opp.
761 3472 786 3500 t.
804 3466 859 3508 lv,
877 3467 942 3502 col.
962 3468 1038 3501 565.
