2970 4152
533 414 582 460 54
597 417 626 461 O
1332 415 1503 462 PETRI
1538 415 1852 465 ABAELARDI

531 516 673 572 atque
695 508 900 573 propriis
922 508 1154 557 vaticiniis
1177 508 1474 574 designatus,
1500 521 1547 558 et
1568 527 1596 559 a
1617 512 1795 559 caeteris
1818 510 2049 559 discretus
2072 511 2230 575 itaque
2252 521 2538 575 segregatus.
2563 513 2651 560 Hic

531 598 601 635 est
623 588 901 636 rhinoceros
923 606 1006 637 seu
1029 606 1317 639 monoceros
1351 590 1428 639 ille
1456 591 1630 658 divinis
1658 593 1804 639 hodie
1832 592 1946 639 loris
1979 591 2256 651 adstrictus,
2287 592 2370 656 qui
2402 593 2652 657 pristinam

532 669 763 718 feritatem
793 670 1036 736 deposuit,
1068 682 1115 720 et
1141 673 1337 720 Domini
1360 673 1476 738 jugo
1499 673 1711 733 deditus,
1738 674 2051 738 divinumque
2073 683 2283 721 aratrum
2311 673 2527 734 trahens,
2554 674 2649 738 gle-

532 750 615 798 bas
636 751 830 798 vallium
857 751 1074 816 frangere
1103 754 1262 819 coepit.
1288 757 1360 802 De
1381 755 1515 818 cujus
1546 754 1753 802 mirabili
1781 754 2098 802 conversione
2125 763 2172 801 et
2202 754 2302 818 ipse
2333 754 2569 801 Dominus
2591 755 2653 803 ad

530 830 723 878 beatum
745 830 836 877 Job
858 831 1083 897 loquens,
1109 843 1156 880 et
1176 834 1402 881 virtutem
1423 851 1576 894 suam,
1593 851 1688 899 qua
1710 834 1759 881 id
1781 834 1960 899 potuit,
1986 832 2297 898 magnificans
2310 871 2321 893 ,
2339 832 2426 881 ait¹
2448 851 2459 880 z
2484 853 2507 879 t<
2528 835 2656 881 Nun-

530 911 645 975 quid
677 911 956 960 rhinoceros
983 913 1112 961 volet
1140 915 1317 962 servire
1339 915 1452 962 tibi?
1471 934 1494 959 »
1520 932 1575 962 ac
1597 916 1635 963 si
1657 915 1837 962 diceret
1866 933 1876 961 :
1903 915 2040 962 sicuti
2063 914 2205 974 mihi,
2235 934 2258 959 «
2284 923 2366 962 aut
2387 913 2654 962 morabitur

530 992 590 1038 ad
624 1009 832 1059 praesepe
860 995 1023 1042 tuum?
1057 996 1284 1061 Nunquid
1311 996 1524 1061 alligabis
1560 996 1916 1043 rhinocerotem
1945 995 2006 1043 ad
2034 995 2270 1043 arandum
2297 995 2404 1042 loro
2431 995 2541 1055 tuo,
2572 1004 2654 1043 au't

530 1075 797 1139 confringet
825 1076 984 1140 glebas
1005 1077 1199 1124 vallium
1221 1088 1330 1142 post
1352 1079 1426 1125 te?
1455 1077 1682 1142 Nunquid
1710 1076 1911 1124 habebis
1934 1076 2159 1124 fiduciam
2182 1076 2231 1123 in
2254 1092 2428 1140 magna
2464 1075 2653 1124 fortitu·

531 1155 642 1202 dine
680 1157 809 1221 ejus,
850 1167 897 1205 et
930 1158 1230 1225 derelinques
1268 1159 1310 1205 ei
1345 1158 1533 1205 labores
1567 1159 1705 1204 tuos?
1743 1157 1970 1221 Nunquid
2004 1157 2170 1205 credes
2207 1158 2280 1216 ei,
2315 1157 2448 1222 quod
2484 1157 2656 1205 reddat

530 1246 792 1283 sementem
810 1236 914 1296 tibi,
941 1246 987 1284 et
1009 1254 1169 1285 aream
1191 1248 1323 1284 tuam
1345 1238 1628 1300 congreget?
1645 1255 1668 1281 »
1695 1236 1839 1294 Quod
1860 1236 2028 1283 beatus
2050 1236 2326 1300 Gregorius,
2344 1235 2470 1283 libro
2490 1238 2654 1283 Mora-

532 1315 645 1362 lium
664 1320 834 1376 XXXI,
860 1317 921 1364 de
942 1318 1084 1365 beato
1108 1317 1314 1382 denique
1344 1317 1491 1364 Paulo
1515 1316 1766 1381 diligenter
1788 1317 2011 1382 exponit’
2038 1335 2048 1363 ε
2085 1335 2108 1361 α
2130 1317 2504 1376 Rhinocerotus‚
2529 1334 2550 1360 n
2581 1316 2657 1364 in-

531 1397 648 1460 quit,
679 1398 962 1445 «indomitae
985 1399 1185 1445 omnino
1210 1408 1388 1445 naturae
1411 1408 1498 1456 est,
1519 1398 1584 1445 ita
1604 1408 1657 1444 ut
1679 1398 1718 1444 si
1740 1397 1937 1462 quando
1960 1407 2126 1463 captus
2148 1397 2306 1465 fuerit,
2326 1397 2479 1444 teneri
2501 1396 2655 1444 nulla'-

529 1487 666 1524 tenus
688 1479 853 1543 possit.
881 1479 1137 1543 Impatiens
1160 1479 1355 1543 quippe,
1381 1488 1433 1525 ut
1452 1478 1617 1536 fertur,
1643 1478 1769 1525 illico
1793 1478 2012 1525 moritur.
2039 1478 2151 1541 Ejus
2167 1493 2283 1524 vero
2305 1482 2485 1524 nomen
2507 1475 2654 1525 latina

529 1557 688 1620 lingua
711 1561 1073 1624 interpretatum
1101 1570 1240 1606 sonat
1269 1578 1278 1605 :
1305 1560 1352 1606 in
1377 1576 1492 1607 nare
1515 1576 1683 1606 cornu.
1709 1577 1840 1603 »—-«
1861 1558 2181 1616 Rhinocerus,
2207 1558 2290 1622 qui
2311 1558 2455 1605 etiam
2478 1572 2653 1605 mono-

529 1656 664 1686 ceros
693 1641 852 1703 graecis
880 1640 1176 1705 exemplariis
1204 1641 1498 1700 nominatur,
1521 1650 1663 1687 tantae
1685 1657 1785 1687 esse
1809 1640 2099 1687 fortitudinis
2122 1639 2318 1698 dicitur,
2344 1649 2397 1686 ut
2418 1639 2549 1687 nulla
2570 1654 2652 1686 ve-

531 1721 747 1766 nantium
770 1721 942 1767 virtute
965 1721 1194 1785 capiatur.
1222 1720 1315 1779 Sed
1337 1721 1457 1768 sicut
1478 1720 1528 1766 hi
1551 1731 1785 1780 asserunt,
1811 1720 1893 1785 qui
1916 1717 2243 1767 describendis
2265 1720 2456 1767 staturis
2477 1719 2655 1767 anima-

530 1801 644 1847 lium
677 1801 918 1849 laboriosa
963 1802 1325 1866 investigatione
1368 1802 1683 1862 sudaverunt,
1725 1803 1860 1866 virgo
1904 1802 1946 1848 ei
1986 1800 2142 1866 puella
2184 1801 2490 1867 proponitur.
2537 1802 2652 1859 Quae

530 1883 737 1929 venienti
759 1883 917 1929 sinum
939 1883 1107 1948 aperit,
1124 1883 1172 1929 in
1196 1900 1293 1947 quo
1316 1882 1393 1930 ille
1416 1884 1549 1930 omni
1573 1883 1817 1930 ferocitate
1839 1882 2057 1948 deposita
2074 1892 2216 1947 caput
2238 1881 2455 1947 deponit.
2481 1881 2652 1945 Sicque

531 1963 589 2009 ab
613 1965 702 2023 eis,
729 1981 757 2011 a
778 1963 950 2028 quibus
972 1964 1078 2028 capi
1100 1964 1349 2029 quaeritur,
1382 1975 1579 2029 repente
1606 1965 1736 2012 velut
1763 1981 1967 2012 enervus
1995 1963 2252 2010 invenitur.
2284 1961 2429 2009 Buxei
2457 1975 2652 2026 quoque

530 2045 704 2092 coloris
715 2062 815 2092 esse
826 2044 1127 2092 describitur.
1155 2046 1248 2103 Qui
1258 2045 1399 2092 etiam
1414 2062 1524 2092 cum
1537 2044 1801 2110 elephantis
1815 2043 2012 2109 quando
2029 2053 2270 2091 certamen
2294 2041 2578 2106 ingreditur,
2593 2057 2652 2088 eo

532 2142 683 2171 cornu
694 2125 826 2190 quod
838 2127 886 2172 in
901 2142 1016 2172 nare
1027 2126 1325 2188 singulariter
1340 2135 1505 2189 gestat,
1523 2136 1740 2173 ventrem
1751 2125 2107 2173 adversantium
2122 2124 2260 2171 ferire
2271 2121 2574 2188 perhibetur;
2601 2132 2653 2169 ut

531 2222 680 2269 quum
702 2222 757 2252 ea
779 2222 882 2270 quae
904 2205 1124 2252 molliora
1145 2215 1256 2252 sunt
1277 2205 1519 2264 vulnerat,
1545 2206 1880 2269 impugnantes
1902 2221 1951 2251 se
1974 2203 2108 2250 facile
2130 2212 2326 2250 sternat.
2355 2203 2516 2248 Potest
2537 2217 2651 2265 ergo

533 2303 616 2349 per
637 2286 766 2332 hunc
788 2285 1161 2345 rhinocerotem,
1187 2286 1261 2333 vel
1283 2296 1410 2333 certe
1432 2296 1818 2343 monocerotem,
1844 2285 2127 2331 unicornem
2143 2321 2154 2342 ,
2179 2282 2257 2330 ille
2285 2282 2491 2347 populus
2512 2281 2651 2329 intel-

536 2364 633 2427 ligi,
660 2365 740 2428 qui
763 2365 879 2411 dum
902 2365 962 2412 de
991 2376 1184 2429 accepta
1206 2365 1308 2429 lege
1330 2383 1429 2412 non
1454 2383 1629 2430 opera,
1659 2364 1743 2412 sed
1766 2364 1917 2411 solam
1939 2365 2063 2410 inter
2085 2373 2284 2411 cunctos
2305 2361 2528 2408 homines
2555 2361 2650 2408 ela-

533 2445 711 2490 tionem
746 2445 971 2510 sumpsit,
1010 2446 1143 2508 quasi
1175 2446 1298 2492 inter
1320 2455 1509 2492 caeteras
1541 2445 1715 2491 bestias
1738 2461 1891 2491 cornu
1913 2443 2140 2507 singulari
2162 2442 2377 2489 certavit.
2409 2441 2527 2488 Inde
2548 2458 2654 2505 pas-

526 2525 707 2571 sionem
746 2542 878 2572 suam
913 2526 1149 2572 Dominus
1168 2563 1178 2583 ,
1211 2525 1447 2589 propheta
1475 2535 1701 2583 canente,
1733 2525 2057 2589 praenuntians
2087 2524 2179 2571 ait⁸
2206 2541 2215 2569 ε
2248 2521 2456 2568 «Libera
2485 2538 2563 2568 me
2591 2522 2653 2569 de

531 2623 551 2644 «
580 2621 661 2650 ore
684 2604 856 2664 leonis,
885 2615 930 2651 et
954 2622 980 2651 a
1003 2604 1232 2652 cornibus
1261 2595 1567 2652 unicornium
1591 2604 1911 2650 humilitatem
1933 2620 2108 2650 meam.
2135 2621 2157 2646 »
2187 2605 2276 2649 Tot
2303 2602 2481 2667 quippe
2501 2602 2550 2648 in
2573 2601 2652 2649 illa

527 2694 663 2744 gente
686 2686 940 2732 unicornes
964 2685 1036 2731 vel
1067 2685 1396 2732 rhinocerotes
1438 2686 1718 2743 extiterunt,
1755 2695 1875 2749 quot
1910 2694 2079 2730 contra
2113 2682 2501 2747 praedicationem
2536 2682 2653 2728 veri-

527 2765 630 2810 tatis
664 2765 724 2811 de
758 2765 871 2828 legis
912 2764 1138 2828 operibus
1182 2764 1366 2827 gloriati
1387 2802 1397 2821 ,
1437 2775 1483 2811 et
1516 2764 1642 2811 fatua
1687 2764 1894 2811 elatione
1938 2762 2108 2810 confisi
2152 2771 2280 2810 sunt.
2324 2765 2468 2808 Beato
2510 2761 2653 2824 igitur

526 2845 613 2889 ‚lob
660 2845 877 2891 Ecclesiae
920 2854 1085 2908 typum
1128 2845 1309 2890 tenenti
1363 2844 1538 2890 dicitur
1581 2863 1590 2890 :
1635 2864 1657 2888 «
1702 2843 1927 2907 Nunquid
1969 2843 2098 2889 volet
2143 2842 2424 2888 rhinoceros
2477 2841 2652 2888 servire

530 2945 550 2966 «
575 2926 685 2971 tibi?
707 2944 729 2969 »
768 2929 832 2972 Ac
860 2926 898 2972 si
939 2925 1125 2972 dicatur
1154 2944 1163 2970 :
1204 2924 1424 2988 nunquid
1467 2925 1600 2970 illum
1651 2924 1885 2989 populum
1904 2962 1914 2982 ,
1961 2941 2106 2988 quem
2154 2922 2400 2987 superbire
2443 2922 2491 2968 in
2513 2928 2515 2930 ’
2534 2937 2653 2969 nece

527 3005 736 3053 fidelium
771 3006 913 3054 stulta
947 3023 1032 3053 sua
1065 3003 1271 3052 elatione
1307 3004 1639 3064 considerans,
1673 3004 1762 3051 sub
1786 3005 1892 3068 jure
1921 3015 2012 3051 tuae
2045 3002 2395 3068 praedicationis
2426 2998 2652 3048 inclinas?

526 3085 776 3134 subaudis:
800 3097 851 3133 ut
871 3103 977 3150 ego,
999 3087 1081 3150 qui
1105 3094 1152 3132 et
1173 3095 1342 3132 contra
1363 3101 1440 3131 me
1463 3084 1596 3131 illum
1619 3083 1845 3147 singulari
1868 3101 2021 3131 cornu
2044 3082 2204 3130 extolli
2226 3081 2494 3147 conspicio;
2520 3090 2566 3127 et
2588 3090 2654 3128 ta-

527 3181 634 3210 men
660 3167 806 3224 mihi,
832 3184 982 3231 quum
1004 3166 1202 3213 voluero
1222 3204 1232 3223 ,
1258 3165 1478 3230 protinus
1508 3164 1683 3211 subdo.
1716 3164 1809 3211 Sed
1839 3164 1935 3211 hoc
1970 3163 2137 3211 melius
2166 3161 2486 3220 ostendimuS,
2510 3160 2556 3208 'si
2591 3160 2652 3208 de

528 3262 698 3307 genere
728 3248 786 3293 ad
817 3249 1024 3311 speciem
1052 3253 1365 3295 transeamus.
1405 3246 1487 3292 Ille
1523 3263 1635 3310 ergo
1659 3263 1714 3292 ex
1736 3245 1831 3293 hoc
1853 3245 2035 3311 populo
2059 3255 2106 3292 et
2126 3245 2309 3311 primus
2330 3244 2380 3290 in
2402 3241 2649 3308 superbia,

528 3336 569 3371 et
596 3328 903 3389 postmodum
934 3330 1197 3393 praecipuus
1226 3329 1356 3375 testis
1386 3329 1433 3374 in
1462 3327 1728 3374 humilitate
1752 3327 1892 3375 nobis
1915 3326 1975 3374 ad
1999 3326 2211 3374 medium
2235 3323 2473 3389 [Paulus]
2498 3323 2652 3371 dedu-

573 3506 582 3521 ¹
607 3508 687 3546 Job,
705 3519 778 3551 cap.
799 3520 921 3550 xxxix,
938 3521 968 3542 v.
991 3512 1023 3542 9.
1038 3528 1078 3534 —-
1094 3510 1106 3527 ¹
1124 3510 1206 3554 Cap.
1227 3523 1268 3551 11,
1292 3511 1373 3551 Opp.
1394 3519 1417 3542 t.
1437 3511 1447 3543 l
1464 3536 1471 3549 ,
1488 3510 1546 3541 col<
1568 3511 1643 3542 995.
1664 3527 1702 3532 --
1718 3508 1731 3526 ⁸
1747 3509 1865 3542 psalm.
1883 3520 1960 3549 xxi,
1978 3518 2010 3540 v.
2027 3508 2080 3539 22.

2959 4026 2970 4152 ειμι-ᾳ.
2967 3996 2970 4005 -
2966 3951 2970 3976 .,
2968 3751 2970 3754 .
