2970 4152
1003 414 1314 463 EXPOSlTIO
1349 415 1409 464 ΙΝ
1441 413 1833 462 HEXAMERON.
2388 418 2481 466 665

364 526 531 557 omnes
555 510 617 557 ad
639 510 846 557 invicem
868 508 1135 572 conjunctae
1157 507 1367 555 sedecim
1395 507 1576 555 faciunt
1591 545 1602 567 ,
1637 508 1721 572 qui
1742 507 1959 573 profecto
1984 524 2212 555 numerus
2235 509 2483 558 duodena—

363 592 435 638 rio
461 592 615 655 major
638 600 725 638 est.
752 590 986 637 Diminuti
1016 605 1132 636 vero
1156 599 1269 636 sunt
1290 605 1500 653 quorum
1529 588 1746 654 partibus
1780 589 2068 654 computatis
2091 599 2138 637 et
2160 589 2251 637 sibi
2283 591 2486 654 conjun-

363 673 450 720 ctis
484 688 671 720 summa
702 671 849 718 totius
883 670 1022 718 reddi
1054 686 1155 717 non
1182 679 1368 735 potest,
1397 679 1450 716 ut
1483 679 1554 717 est
1589 670 1864 717 octonarius
1892 688 1902 717 :
1929 670 2008 717 hic
2043 671 2221 736 quippe
2261 688 2488 720 numerus

364 751 574 799 mediam
595 760 780 816 partem
803 749 951 798 habet
972 750 1356 814 quaternarium,
1385 759 1608 814 quartam
1635 749 1903 808 binarium,
1930 760 2150 798 octavam
2179 768 2357 810 unum3
2384 769 2489 816 quae

362 831 504 877 simul
522 832 698 894 junctae
720 830 1045 895 septenarium
1066 830 1247 877 faciunt
1262 867 1273 888 ,
1298 846 1444 894 quem
1467 829 1718 876 octonario
1741 829 1981 876 minorem
2003 846 2105 877 esse
2127 841 2331 878 constat.

430 930 453 956 «
479 912 627 975 Igitur
648 910 846 976 perfecti
868 920 1009 957 sunt:
1030 930 1052 955 »
1080 911 1204 968 Quia
1234 910 1457 958 videlicet
1492 909 1750 969 elementa,
1776 919 1830 957 ut
1854 909 2037 957 dictum
2065 921 2163 970 est,
2190 922 2348 960 creata
2378 923 2490 959 sunt

363 1001 505 1056 atque
527 991 758 1056 disposita
774 1029 785 1050 ,
811 1000 859 1038 et
881 990 1140 1049 sideribus,
1168 990 1342 1056 plantis
1356 1029 1368 1050 ‚
1395 989 1718 1038 animantibus
1741 990 1977 1038 adornata
2004 1008 2014 1037 z
2042 991 2184 1054 igitur
2207 1009 2308 1038 non
2331 993 2487 1039 solum

363 1071 486 1118 facta
507 1071 557 1118 in
581 1071 847 1130 creatione,
874 1070 959 1118 sed
990 1071 1134 1118 etiam
1163 1070 1374 1135 perfecta
1395 1080 1508 1118 sunt
1530 1071 1579 1117 in
1603 1086 1688 1117 sua
1720 1069 2051 1134 dispositione.
2079 1071 2287 1118 Ornatus
2321 1088 2489 1118 eorum

362 1150 478 1198 dicit
500 1168 599 1198 non
623 1151 791 1199 saltem
823 1167 929 1216 quae
956 1160 1068 1198 sunt
1090 1151 1139 1197 in
1163 1151 1254 1210 eis,
1278 1167 1447 1198 verum
1481 1150 1626 1197 etiam
1655 1165 1760 1214 quae
1782 1159 1894 1196 sunt
1917 1166 1973 1196 ex
2003 1150 2069 1196 eis
2085 1186 2096 1208 ,
2123 1167 2223 1196 non
2258 1151 2490 1215 spiritales

362 1230 565 1295 scilicet,
593 1231 678 1279 sed
700 1230 974 1296 corporales
1005 1230 1319 1290 substantias,
1347 1247 1453 1295 quae
1486 1230 1691 1277 maxime
1719 1229 1783 1277 ad
1811 1229 2283 1277 commendationem
2319 1232 2489 1279 mundi

361 1310 603 1374 pertinent
632 1327 718 1375 per
745 1310 840 1358 hoc
863 1310 997 1375 quod
1020 1327 1076 1357 ex
1099 1327 1158 1358 eo
1182 1311 1371 1357 initium
1403 1310 1600 1358 habent.
1631 1330 1654 1355 «
1681 1310 1850 1357 Omnis
1882 1319 2079 1357 ornatus
2109 1327 2294 1357 eorum.
2326 1330 2348 1355 »
2375 1314 2489 1358 Tam

361 1389 468 1447 coeli
490 1390 734 1451 videlicet,
760 1391 882 1438 sicut
904 1390 1059 1438 sidera
1073 1428 1085 1450 ,
1112 1407 1258 1455 quam
1281 1400 1417 1438 terrae
1437 1390 1514 1438 vel
1537 1407 1687 1455 aqua,
1714 1391 1834 1438 sicut
1857 1389 2028 1454 plantae
2050 1389 2126 1437 vel
2147 1390 2385 1438 animalia.

368 1519 372 1522 ⁴
402 1520 405 1522 ,
430 1489 453 1514 «
480 1470 621 1527 Quod
647 1470 839 1518 fecerat.
873 1490 894 1515 υ
921 1472 1010 1518 Sex
1032 1470 1211 1518 scilicet
1233 1470 1614 1536 praecedentibus
1637 1470 1823 1518 diebus.
1844 1471 1939 1518 Sed
1961 1470 2211 1534 quomodo
2234 1481 2349 1517 tunc
2368 1488 2489 1536 opus

361 1567 501 1598 suum
524 1552 783 1617 complevit
805 1562 853 1600 et
874 1569 974 1600 non
1007 1553 1056 1600 in
1086 1562 1217 1600 sexta
1246 1552 1347 1612 die,
1374 1553 1413 1600 si
1448 1563 1564 1601 tunc
1593 1552 1712 1600 nihil
1742 1552 1878 1600 fecit?
1906 1551 2041 1600 Unde
2072 1553 2329 1617 septimum
2362 1553 2490 1600 diem

361 1632 667 1697 intelligimus
694 1643 850 1681 totum
877 1634 1090 1682 futurum
1113 1634 1270 1682 saeculi
1295 1644 1509 1700 tempus,
1536 1652 1634 1699 quo
1663 1634 1977 1699 multiplicare
2006 1651 2104 1681 non
2137 1644 2288 1682 cessat
2311 1636 2491 1699 species

360 1722 542 1762 creatas
564 1715 613 1760 in
638 1713 799 1779 aliquo
820 1731 981 1762 rerum
1006 1732 1208 1762 numero
1232 1732 1288 1762 ex
1306 1724 1477 1763 natura
1500 1731 1665 1776 earum
1677 1715 1779 1779 jam
1801 1724 2173 1780 praeparatarum
2187 1752 2198 1774 ,
2218 1715 2351 1778 juxta
2373 1715 2490 1763 illud

361 1793 581 1841 Veritatis
602 1796 613 1818 ¹
641 1811 652 1840 ε
683 1813 706 1838 «
734 1796 871 1841 Pater
899 1811 1033 1841 meus
1065 1812 1215 1859 usque
1242 1794 1391 1842 modo
1421 1805 1667 1861 operatur,
1692 1805 1740 1843 et
1765 1812 1853 1859 ego
1883 1811 2059 1860 operor
2086 1814 2095 1841 :
2129 1814 2151 1838 »
2182 1798 2428 1859 Tanquam
2451 1797 2488 1842 si

360 1873 541 1922 diceret
569 1893 578 1921 :
606 1875 736 1922 Sicut
767 1875 844 1923 ille
876 1876 1098 1924 nondum
1130 1877 1318 1941 operari
1354 1887 1529 1936 cessat,
1554 1876 1771 1942 quotidie
1798 1876 1975 1924 scilicet
1999 1876 2361 1942 multiplicando
2385 1894 2490 1940 quae

360 1956 518 2019 primo
543 1955 665 2003 sacta
685 1966 820 2015 sunt3
844 1957 912 2004 sic
937 1974 1027 2005 nec
1050 1975 1138 2022 ego
1162 1959 1339 2023 pariter
1361 1959 1613 2024 cooperari
1649 1968 1879 2023 tanquam
1912 1967 2148 2005 coaeterna
2172 1958 2272 2020 ejus
2301 1957 2488 2021 sapien-

361 2035 449 2094 tia,
475 2052 561 2100 per
584 2052 731 2100 quam
756 2037 919 2084 omnia
945 2037 1070 2085 facit.

429 2133 453 2158 «
482 2118 539 2162 Et
575 2116 823 2181 requievit.
856 2135 879 2160 »
905 2116 1149 2165 Cessando
1187 2118 1392 2178 scilicet,
1429 2119 1552 2165 sicut
1585 2119 1745 2165 statim
1780 2118 1998 2183 exponit,
2035 2134 2062 2164 a
2090 2116 2339 2182 speciebus
2372 2132 2490 2180 quas

360 2203 624 2257 creaverat,
651 2214 751 2245 non
775 2214 805 2245 a
828 2214 1030 2245 numero
1055 2215 1216 2252 rerum
1238 2200 1288 2246 in
1309 2200 1377 2246 eis
1400 2198 1870 2264 multiplicandarum
1899 2218 1908 2245 :
1938 2186 2068 2246 nulla
2090 2198 2270 2263 quippe
2293 2198 2354 2245 de
2382 2215 2489 2262 spe-

359 2275 522 2324 ciebus
541 2276 631 2324 illis
652 2278 966 2343 postmodum
990 2279 1202 2344 peritura
1225 2289 1351 2339 erat,
1381 2289 1434 2327 ut
1457 2279 1518 2327 ad
1545 2296 1651 2327 eam
1675 2278 1995 2345 reparandam
2022 2296 2121 2326 non
2146 2278 2383 2327 sufficeret
2404 2295 2490 2343 per

359 2373 409 2404 se
438 2367 607 2405 natura
637 2358 736 2422 jam
773 2369 1059 2424 praeparata,
1084 2360 1207 2407 sicut
1234 2369 1282 2407 et
1312 2359 1374 2408 ad
1403 2359 1655 2408 individua
1683 2361 1952 2425 specierum
1987 2359 2364 2424 multiplicanda.
2392 2360 2490 2405 Etsi

360 2438 490 2489 enim
513 2454 751 2502 ponamus
773 2439 1046 2504 phoenicem
1068 2441 1278 2505 spec-iem
1301 2457 1427 2499 esse,
1453 2440 1529 2487 vel
1546 2440 1728 2504 aliquas
1745 2441 1925 2505 species
1944 2439 2202 2487 herbarum
2225 2439 2297 2486 vel
2314 2439 2488 2485 florum

360 2517 653 2582 quandoque
676 2518 895 2584 deperire
917 2538 927 2566 ε
943 2520 1045 2583 jam
1068 2530 1229 2568 tamen
1254 2521 1319 2568 ita
1341 2530 1513 2568 natura
1537 2537 1591 2568 ex
1618 2519 2008 2585 primordialibus
2037 2519 2190 2568 causis
2212 2529 2283 2566 est
2305 2534 2487 2583 praepa-

360 2607 485 2656 rata,
511 2607 564 2644 ut
586 2597 648 2645 ad
670 2597 771 2646 haec
796 2599 1109 2647 restauranda
1129 2598 1349 2647 sufficiat.
1377 2602 1503 2648 Bene
1525 2600 1685 2664 itaque
1707 2599 1822 2647 dicit
1850 2618 1872 2643 «
1898 2599 2032 2664 quod
2055 2607 2287 2663 patrarat,
2321 2616 2342 2641 n
2369 2597 2490 2645 scili·

360 2688 435 2729 cet
469 2680 518 2728 in
557 2678 828 2744 speciebus,
871 2696 970 2727 non
1010 2680 1144 2745 quod
1182 2680 1581 2746 multiplicaturus
1619 2690 1722 2728 erat
1765 2681 1813 2728 in
1859 2696 2062 2727 numero
2106 2677 2483 2726 ind1viduorum.

361 2759 591 2817 Quamvis
624 2760 754 2808 enim
787 2759 944 2809 mulus
968 2761 1094 2809 inter
1121 2762 1301 2826 species
1332 2761 1611 2809 animalium
1639 2771 1826 2809 creatus
1857 2777 1955 2807 non
1991 2760 2156 2817 suerit,
2196 2757 2270 2804 vel
2307 2774 2488 2804 vermes

361 2839 498 2892 multi
521 2857 578 2888 ex
599 2839 759 2905 aliqua
785 2840 1039 2905 putredine
1063 2840 1138 2891 vel
1161 2843 1471 2907 corruptione
1494 2841 1808 2907 postmodum
1833 2842 1956 2899 nati,
1990 2841 2039 2887 in
2062 2839 2175 2905 ipsis
2197 2848 2357 2886 tamen
2381 2854 2488 2902 spe·

360 2921 523 2969 ciebus
546 2921 783 2987 praedictis
805 2923 1116 2975 seminarium
1138 2922 1413 2971 habuerunt
1434 2934 1482 2972 et
1503 2924 1602 2971 vim
1624 2922 1886 2988 quamdam
1911 2922 2078 2969 futurae
2099 2936 2194 2967 suae
2215 2920 2485 2966 creationis.

359 3002 540 3049 Animae
562 3019 678 3051 vero
700 3002 810 3051 licet
833 3020 889 3050 ex
914 3003 1167 3052 animabus
1188 3020 1275 3069 per
1301 3003 1550 3052 traducem
1573 3020 1674 3051 non
1698 3011 2048 3068 propagentur3
2074 3001 2186 3065 quia
2210 3009 2370 3046 tamen
2390 2999 2490 3061 jam

360 3080 540 3145 species
563 3081 733 3128 animae
764 3092 924 3130 creata
957 3082 1134 3142 suerat,
1167 3100 1267 3131 non
1304 3083 1505 3149 impedit
1535 3100 1700 3133 earum
1729 3081 2011 3147 quotidiana
2043 3078 2372 3143 multiplicatio
2397 3077 2491 3123 dici

360 3163 517 3218 Deum
539 3163 827 3227 requievisse
849 3163 911 3211 ab
935 3164 1182 3225 universo,
1209 3175 1301 3213 etc.

429 3260 453 3286 α
481 3241 727 3290 Benedixit
747 3252 796 3290 et
817 3242 1146 3292 sanctificavit.
1177 3263 1201 3290 n
1228 3244 1281 3292 Id
1305 3255 1377 3292 est
1399 3245 1578 3292 caeteris
1609 3243 1814 3309 praetulit
1842 3242 2029 3299 diebuS,
2056 3250 2103 3287 et
2135 3240 2182 3286 in
2206 3237 2486 3285 celebratio-

362 3338 473 3369 nem
496 3323 654 3387 ipsum
673 3324 934 3372 constituit.

406 3502 419 3529 =¹
444 3503 555 3547 luam,
574 3514 648 3550 cap.
664 3517 695 3547 v,
712 3516 744 3539 v.
763 3508 814 3539 Π.

528 3572 542 3603 1
2274 3560 2324 3601 84
