2970 4152
980 451 1292 502 EXPOSITIO
1329 453 1388 501 IN
1421 451 1814 500 HEXAMERON.
2270 512 2274 518 1
2360 447 2446 496 661

403 569 428 597 υ
453 549 603 600 Vobis
626 561 673 598 et
699 550 882 598 cunctis
906 549 1231 598 animantibus
1255 559 1409 596 terrae.
1441 567 1464 593 »
1490 547 1591 595 Alia
1615 546 1812 611 quidem
1834 544 1996 603 vobis,
2024 542 2114 591 alia
2138 542 2250 603 illis,
2275 541 2350 589 vel
2380 542 2461 590 ali-

333 649 432 697 qua
453 633 630 697 pariter
651 631 789 679 vobis
814 641 862 679 et
885 631 992 678 illis.
1017 634 1122 678 Non
1148 630 1278 678 enim
1301 628 1466 676 omnia
1487 628 1665 693 pabula
1686 627 1760 674 vel
1784 626 1972 674 homini
1993 624 2070 672 vel
2091 623 2180 671 illis
2203 623 2462 671 convenire

337 712 580 772 videntur,
606 712 826 777 quamvis
850 722 961 759 ante
983 698 1236 777 peccatum
1264 709 1452 757 nullum
1474 725 1592 755 escae
1615 725 1763 772 genus
1784 707 1972 754 homini
1993 706 2221 753 nocivum
2244 714 2366 752 esset
2386 704 2462 752 vel

337 792 547 840 fortassis
572 793 919 855 incongruum3
945 792 1030 840 sed
1052 792 1092 839 si
1113 790 1392 839 hominibus
1415 789 1581 836 omnia
1602 788 1861 836 convenire
1879 803 2134 852 ponamus,
2156 802 2464 850 nequaquam

334 872 563 920 credibile
584 882 678 932 est,
705 882 759 919 ut
780 871 875 919 hoc
899 872 960 919 de
983 872 1306 921 animantibus
1329 886 1622 929 annuamus,
1647 879 1702 916 ut
1723 869 1790 916 eis
1813 884 2007 932 quoque
2029 877 2129 914 tam
2152 866 2336 930 lignum
2357 867 2465 914 vitae

334 969 483 1017 quam
506 963 673 1000 caetera
695 953 861 1000 omnia
882 953 977 999 sint
999 968 1250 1011 concessa,
1276 952 1369 999 nisi
1392 951 1514 998 sorte
1538 950 1644 1014 quis
1667 948 1780 996 velit
1802 965 1858 996 ea
1881 964 2075 1012 quoque
2099 948 2220 994 sicut
2242 947 2465 995 homines

337 1031 452 1100 inde
475 1043 646 1079 contra
668 1042 875 1079 mortem
899 1042 947 1079 et
969 1033 1157 1079 senium
1184 1032 1364 1079 habere
1395 1029 1662 1078 remedium
1691 1048 1702 1076 :
1729 1028 1903 1094 quibus
1933 1029 2077 1075 etiam
2104 1028 2288 1092 lignum
2310 1028 2464 1075 scien-

336 1113 412 1160 tiae
433 1112 550 1160 boni
575 1123 622 1160 et
644 1112 757 1160 mali
781 1129 1030 1177 nunquam
1053 1113 1254 1177 legimus
1288 1129 1390 1160 esse
1411 1111 1711 1177 prohibitum
1727 1147 1738 1169 ,
1770 1111 1892 1157 sicut
1919 1109 2232 1175 postmodum
2252 1108 2464 1155 homini·

336 1190 426 1239 bus
448 1192 622 1239 dicitur
654 1192 978 1240 interdictum.
1009 1195 1115 1239 Non
1152 1193 1282 1239 enim
1313 1201 1513 1257 apparet
1547 1189 1797 1255 quomodo
1833 1189 1894 1236 de
1929 1188 2154 1236 omnibus
2190 1187 2328 1252 lignis
2364 1186 2466 1234 haec

334 1271 583 1318 concessio
616 1270 740 1319 facta
769 1272 829 1318 sit
861 1271 1141 1318 hominibus
1163 1281 1211 1318 et
1236 1272 1415 1319 caeteris
1450 1269 1797 1329 animantibus,
1829 1269 1869 1315 si
1892 1268 2037 1315 arbor
2060 1267 2140 1315 illa
2161 1267 2307 1315 vetita
2337 1283 2462 1313 nun·

337 1367 486 1415 quam
523 1351 664 1399 fuerit
696 1351 975 1416 hominibus
1009 1352 1086 1399 vel
1119 1351 1211 1399 illis
1247 1369 1491 1400 concessa.
1520 1355 1579 1398 Et
1607 1360 1724 1398 nota
1751 1349 1886 1414 quod
1916 1349 2005 1396 illae
2027 1365 2222 1413 quoque
2250 1347 2464 1408 arbores,

336 1446 442 1495 quae
470 1429 777 1478 infructuosae
806 1431 1050 1491 dicuntur,
1077 1430 1273 1496 aliquod
1307 1431 1588 1478 alimentum
1623 1431 1672 1477 in
1706 1429 1830 1476 soliis
1862 1428 2030 1476 saltem
2054 1427 2130 1475 vel
2157 1426 2355 1474 floribus
2383 1443 2467 1474 seu

335 1511 513 1558 cortice
527 1511 771 1559 nonnullis
794 1512 1118 1561 animantibus
1136 1513 1405 1560 ministrare
1427 1521 1646 1577 possunt.
1667 1514 1726 1558 Et
1742 1509 1936 1558 attende
1956 1508 2089 1574 quod
2101 1524 2253 1573 quum
2272 1508 2333 1555 de
2355 1508 2466 1556 cibo

340 1592 487 1639 etiam
520 1592 732 1640 hominis
762 1593 884 1640 sicut
918 1593 979 1640 de
1012 1593 1123 1641 cibo
1152 1593 1432 1641 animalium
1462 1592 1709 1658 providet,
1736 1602 1784 1639 et
1818 1590 2044 1639 omnibus
2071 1590 2248 1656 pariter
2278 1600 2468 1637 terrena

337 1672 560 1720 concedit
581 1672 830 1733 alimenta,
857 1683 1078 1739 patenter
1100 1674 1310 1721 insinuat
1333 1673 1558 1721 mortales
1581 1689 1776 1738 quoque
1798 1672 2021 1719 homines
2040 1680 2225 1718 creatos
2243 1669 2401 1729 fuisse,
2421 1680 2469 1718 et

337 1768 420 1800 eos
442 1753 492 1800 in
515 1752 800 1818 corporibus
825 1753 1112 1801 animalibus
1135 1770 1235 1801 non
1259 1753 1552 1819 spiritalibus
1574 1753 1725 1800 factos
1751 1769 1876 1811 esse,
1903 1761 1951 1798 et
1972 1767 2034 1798 ne
2057 1760 2213 1797 morte
2237 1749 2465 1797 dissolve-

336 1842 521 1894 rentur,
548 1843 666 1881 tunc
688 1850 883 1898 quoque
905 1833 1095 1882 homini
1117 1835 1239 1882 sicut
1262 1851 1393 1882 nunc
1415 1834 1579 1881 cibum
1602 1833 1924 1881 necessarium
1952 1848 2070 1879 esse.
2098 1829 2237 1878 Unde
2268 1847 2358 1878 nec
2381 1831 2469 1879 iste

337 1913 506 1961 animae
529 1914 605 1961 vel
626 1915 734 1961 vitae
767 1925 941 1975 status,
969 1915 1018 1962 in
1052 1932 1150 1980 quo
1175 1915 1398 1963 videlicet
1425 1915 1577 1963 homo
1606 1914 1831 1963 conditus
1862 1914 2037 1973 fuerat,
2062 1912 2256 1961 laudem
2288 1911 2468 1961 habere

339 1993 537 2054 meruit,
564 1997 927 2061 comparatione
957 1996 1135 2044 scilicet
1155 1996 1377 2062 spiritalis
1400 1996 1524 2044 illius
1555 1996 1663 2044 vitae
1691 1995 1753 2044 ad
1781 2011 1928 2060 quam
1956 1993 2315 2042 transferendus
2346 2004 2464 2042 erat.

340 2075 444 2121 Non
469 2074 598 2122 enim
622 2075 684 2122 de
705 2075 904 2123 homine
934 2093 1129 2141 quoque
1159 2086 1321 2125 creato
1354 2077 1477 2124 sicut
1507 2076 1569 2124 de
1600 2076 1779 2124 caeteris
1811 2073 2136 2123 animantibus
2165 2073 2349 2120 dictum
2371 2083 2464 2134 est,

337 2155 450 2219 quia
472 2155 593 2203 vidit
615 2159 744 2204 Deus
760 2156 894 2221 quod
912 2168 1034 2204 esset
1055 2157 1266 2217 bonum,
1295 2158 1406 2222 quia
1423 2157 1755 2205 commendari
1775 2174 1874 2204 non
1896 2155 2063 2203 debuit
2083 2156 2131 2202 in
2150 2154 2350 2202 homine
2372 2155 2469 2202 vita

337 2234 417 2283 illa
438 2235 500 2283 ad
529 2252 676 2301 quam
708 2236 1026 2285 obtinendam
1061 2255 1368 2303 nequaquam
1403 2248 1590 2286 creatus
1623 2247 1749 2298 erat,
1788 2236 1873 2284 sed
1901 2236 1962 2284 de
1986 2235 2067 2284 illa
2090 2235 2375 2283 transiturus
2406 2234 2468 2282 ad

337 2313 480 2378 longe
502 2314 769 2363 meliorem.
796 2316 1128 2364 Communiter
1156 2334 1273 2365 vero
1305 2334 1417 2364 cum
1446 2317 1626 2364 caeteris
1657 2315 1842 2364 laudari
1867 2315 2049 2381 potuit,
2076 2314 2190 2379 quia
2210 2330 2470 2379 compara-

337 2393 469 2440 tione
503 2393 707 2440 aliorum
736 2394 816 2442 hic
839 2396 984 2443 etiam
1014 2396 1229 2444 mortalis
1259 2406 1408 2443 status
1430 2396 1642 2443 hominis
1665 2406 1896 2459 tanquam
1926 2393 2158 2441 excellens
2181 2403 2228 2440 et
2257 2394 2468 2458 optimus

336 2474 755 2521 commendandus
775 2475 885 2537 suit,
914 2493 1065 2541 quum
1088 2487 1248 2524 tamen
1272 2476 1335 2523 ad
1358 2476 1453 2524 hoc
1476 2475 1611 2541 quod
1637 2476 1821 2523 futurus
1844 2485 1946 2523 erat
1964 2490 2269 2539 nequaquam
2292 2475 2341 2521 in
2366 2484 2469 2522 tan-

339 2563 443 2601 tum
465 2554 638 2619 dignus
660 2555 802 2603 laude
826 2558 1128 2618 censebatur,
1154 2568 1208 2605 ut
1229 2573 1315 2623 per
1334 2575 1384 2605 se
1407 2558 1643 2623 optimus,
1668 2556 1719 2604 id
1742 2566 1813 2604 est
1835 2555 1974 2604 valde
1998 2555 2181 2615 bonuS,
2208 2555 2463 2604 diceretur.

409 2652 433 2676 «
460 2636 520 2680 Et
544 2634 721 2681 factum
746 2645 817 2682 est
839 2637 921 2683 ita.
952 2655 975 2681 »
1002 2640 1106 2684 Hoc
1129 2654 1228 2684 non
1254 2637 1316 2685 ad
1339 2637 1632 2684 creationem
1656 2635 1868 2682 hominis
1893 2645 2104 2695 tantum,
2131 2635 2206 2683 vel
2231 2636 2469 2701 operatio-

339 2730 452 2760 nem
474 2724 615 2761 sextae
637 2714 755 2774 diei,
783 2715 868 2763 sed
891 2716 954 2763 ad
977 2726 1129 2764 totam
1151 2717 1525 2782 praecedentium
1548 2733 1752 2782 operum
1785 2732 2023 2763 summam
2058 2715 2364 2763 reserendum
2394 2716 2466 2763 vi-

340 2794 496 2842 detur.
515 2798 630 2853 Quae
656 2796 877 2845 universa
899 2798 1059 2845 statim
1083 2798 1473 2863 comprehendit,
1500 2812 1651 2863 quum
1674 2798 1723 2844 in
1747 2814 1918 2845 eorum
1933 2796 2126 2844 laudem
2147 2813 2468 2861 prorumpens

340 2875 427 2934 ait,
459 2894 483 2921 «
511 2885 684 2923 cuncta
714 2893 820 2940 quae
848 2876 1045 2936 fecerat,
1075 2897 1099 2922 »
1125 2887 1225 2925 tam
1255 2878 1316 2925 de
1343 2878 1586 2925 creatione
1619 2876 1796 2924 scilicet
1825 2875 1932 2924 coeli
1967 2885 2014 2923 et
2047 2886 2205 2934 terrae,
2237 2892 2383 2939 quam
2406 2875 2468 2923 de

339 2954 444 3002 luce
469 2971 670 3019 operum
695 2956 1004 3021 superaddita
1026 2967 1074 3004 et
1098 2958 1147 3004 in
1181 2958 1424 3005 creatione
1458 2957 1670 3004 hominis
1701 2965 2051 3004 consummata.
2079 2955 2150 3002 Ad
2181 2972 2325 3019 quem
2360 2956 2467 3019 qui·

341 3035 452 3083 dem
483 3045 714 3100 tanquam
746 3036 916 3096 finem,
941 3037 1037 3085 hoc
1067 3048 1138 3086 est
1172 3038 1365 3086 finalem
1400 3048 1684 3086 caeterorum
1707 3053 1925 3096 causam,
1963 3037 2127 3083 omnia
2160 3036 2463 3101 spectabant,

340 3131 491 3180 quum
509 3125 706 3180 propter
727 3115 977 3164 hominem
998 3127 1157 3165 creata
1178 3119 1274 3165 sint
1301 3119 1399 3166 sive
1422 3118 1670 3183 disposita.
1697 3121 1855 3164 Homo
1880 3133 1996 3163 vero
2016 3133 2115 3163 non
2139 3126 2338 3181 propter
2361 3116 2463 3177 illa,

339 3194 424 3242 sed
449 3204 646 3259 propter
664 3198 819 3243 Deum
840 3196 997 3263 solum
1020 3196 1403 3260 glorificandum.
1430 3200 1592 3255 Quum
1614 3213 1728 3260 ergo
1753 3196 1832 3243 illa
1855 3212 2005 3260 usque
2028 3195 2089 3243 ad
2110 3194 2358 3243 hominem
2382 3212 2470 3260 per

341 3291 450 3323 suas
474 3276 699 3324 utilitates
735 3278 1066 3342 pervenerint,
1091 3295 1286 3326 cursum
1314 3296 1456 3326 suum
1486 3278 1622 3343 quasi
1651 3278 1700 3324 in
1725 3287 1852 3324 meta
1882 3276 2093 3341 quadam
2123 3286 2170 3323 et
2203 3277 2343 3324 stadii
2371 3287 2465 3324 ter-

344 3354 476 3401 mino
499 3354 589 3402 sibi
611 3355 806 3420 praefixo
829 3356 1252 3405 consummabunt.
1272 3361 1431 3405 Homo
1448 3373 1564 3405 vero
1588 3374 1740 3422 usque
1763 3356 1824 3404 ad
1849 3360 2003 3404 Deum
2026 3356 2277 3421 pervenire
2299 3355 2463 3415 habet,

342 3442 391 3480 et
412 3433 461 3480 in
485 3435 586 3498 ejus
609 3436 793 3484 visione
816 3447 1047 3502 tanquam
1069 3437 1119 3485 in
1142 3437 1344 3486 sabbato
1365 3455 1482 3486 vero
1506 3438 1766 3503 quiescere.

410 3516 468 3561 Et
490 3525 606 3565 nota
627 3517 760 3581 quod
784 3535 884 3565 non
911 3516 998 3578 ait,
1025 3518 1194 3567 videns
1216 3520 1351 3585 quod
1379 3528 1538 3568 essent
1559 3527 1733 3567 cuncta
1767 3517 1904 3567 valde
1926 3516 2082 3578 bona,
2108 3517 2230 3565 sicut
2250 3518 2467 3583 superius
