2970 4152
595 428 688 475 486
1173 427 1341 472 PETRI
1378 424 1692 473 ABAELARDI
1728 426 1803 473 ΕΤ
1835 428 2135 474 HELOISSAE

592 538 726 569 casus
742 557 755 580 ,
790 529 968 585 quanto
1001 518 1150 571 fuerat
1172 519 1482 584 professionis
1507 517 1646 565 altior
1675 519 1863 584 gradus.
1894 523 2048 577 Quem
2073 520 2455 585 quidemzcasum
2482 533 2529 570 et
2556 525 2707 573 stultae

592 600 1085 666 professionisvotum
1103 599 1720 664 Ecclesiastes‘praeveniens
1734 635 1754 659 ,.
1776 600 1839 647 ait
1854 602 1866 624 ¹
1889 617 1899 646 z
1927 619 1950 644 «
1971 601 2018 646 Si
2038 600 2155 664 quid
2173 601 2343 648 vovisti
2362 604 2464 649 Deo
2481 640 2494 662 ,
2522 621 2589 651 ne
2604 621 2706 652 mo·

593 682 706 728 reris
736 678 1212 744 redderesDisplicet
1239 679 1366 725 enim
1395 678 1678 729 etinfidelis
1700 689 1749 726 et
1779 678 1918 725 stulta
1951 680 2217 744 promissio.
2259 680 2352 727 Sed
2386 681 2707 748 quodcunque

592 761 776 807 voveris
793 759 956 806 redde.
981 758 1145 805 Melius
1164 769 1234 806 est
1253 776 1351 806 non
1370 776 1561 819 vovere,
1590 776 1738 823 quamv
1751 768 1859 825 post
1883 768 2048 806 votum
2067 760 2299 824 promissa
2325 778 2424 808 non
2443 762 2659 811 reddere.
2681 783 2705 810 »ι

591 840 900 904 Cui-quoque*
916 838 1129 903 periculo
1156 842 1391 886 occurens'
1419 838 1733 904 apostolicum
1756 838 2007 886 consilium
2030 857 2040 886 z
2074 859 2095 884 «
2120 839 2268 899 Volo,
2294 859 2316 884 »
2352 841 2709 906 inquit-²>,.«‹jn*÷

592 921 749 967 niores
781 919 986 977 nubere,
1018 917 1139 965 filios
1175 935 1449 983 procreare,
1498 918 1868 966 matresfamilias
1893 936 2021 979 esse,
2059 919 2238 969 nullam
2267 922 2710 972 occasionem2dare

590 1000 859 1047 adversario
888 998 1126 1046 maledicti
1139 999 1311 1065 gratia.
1336 999 1585 1046 Jamenim
1610 998 2094 1061 quaedamssconversae
2126 1010 2236 1049 sunt
2267 1010 2393 1052 retro
2419 1003 2704 1054 Satauamaem

591 1081 754 1127 AEtatis
779 1079 1552 1127 infirmaeenaturam‘considerans
1568 1115 1580 1138 ,
1622 1079 1888 1128 remedium
1923 1080 2244 1131 vitaelaxioris
2268 1083 2469 1146 opponit
2495 1082 2709 1147 periculo

592 1160 815 1208 melioris.
842 1159 1057 1209 Consulit
1085 1159 1291 1209 residere
1314 1155 1502 1217 inimo,
1532 1159 2082 1224 nepraecipitiumdetur
2101 1160 2285 1209 exalto.
2308 1161 2711 1218 Quemetheatus

589 1250 776 1288 secutus
800 1240 1144 1303 Hieronymus,
1181 1238 1490 1286 Eustochium
1522 1238 1752 1302 virginem
1774 1239 2055 1299 instituens,
2079 1240 2171 1286 ait³
2202 1259 2224 1290 ε,
2243 1260 2266 1286 «
2289 1241 2712 1294 Siautem-„etmillae

590 1338 695 1385 quae
716 1321 1051 1384 virgines-‘sunt
1069 1356 1080 1377 ‚
1109 1319 1173 1365 ob
1198 1318 1311 1365 alias
1337 1328 1495 1367 tamen
1521 1319 1685 1384 culpas
1704 1336 1811 1386 :non
1829 1320 2071 1369 salvantur
2086 1356 2099 1380 ,
2129 1320 2343 1384 quidfiet
2367 1321 2458 1374 illis
2480 1338 2586 1386 quae
2600 1338 2711 1388 pror

591 1401 845 1449 stituerunt
868 1399 1082 1447 membra
1108 1399 1302 1458 Christi,
1333 1409 1379 1446 et
1409 1409 1713 1450 mutaverunt
1740 1399 1972 1465 templum
1997 1401 2196 1465 Spiritus
2223 1402 2372 1451 sancti
2401 1402 2449 1448 iu
2473 1401 2709 1467 lupanar?

596 1482 779 1528 Rectius
810 1481 960 1527 fuerat
991 1479 1177 1526 homini
1206 1478 1409 1526 subiisse
1437 1479 1742 1543 conjugium,
1776 1478 2042 1528 ambulasse
2074 1496 2160 1544 per
2184 1479 2353 1545 plana,
2385 1497 2530 1546 quam
2558 1481 2713 1537 adal-

591 1562 712 1608 tiora
737 1561 1011 1608 tendentem
1039 1560 1087 1606 in
1119 1559 1414 1625 profundum
1439 1559 1610 1608 inferni
1637 1560 1825 1607 cadere.
1858 1578 1881 1604 n
1911 1560 2055 1617 Quod
2080 1561 2120 1606 si
2142 1561 2284 1607 etiam
2309 1561 2527 1612 universa
2555 1561 2711 1615 revel.-

593 1659 758 1689 vamus
773 1640 986 1706 Apostoli
1002 1640 1148 1699 dicta,
1167 1656 1544 1704 nunquameum
1563 1641 1852 1705 reperiemus
1871 1639 2085 1687 secunda,
2099 1641 2403 1693 matrimonia
2422 1642 2513 1697 nisi
2525 1641 2710 1698 feminis

592 1721 842 1768 indulsisse
857 1722 886 1768 ⁵.
918 1720 1011 1768 Sed
1036 1721 1164 1767 viros
1190 1721 1395 1771 maxime
1420 1720 1482 1767 ad
1506 1720 1850 1768 continentiam
1876 1719 2131 1768 exhortans
2147 1756 2160 1780 ‚
2190 1722 2281 1770 ait³
2309 1739 2319 1767 :
2356 1740 2379 1766 «
2400 1722 2713 1778 Circumcisus

591 1803 763 1867 aliquis
797 1812 993 1850 vocatus
1029 1802 1130 1849 est?
1166 1818 1264 1849 non
1302 1799 1511 1848 adducat
1539 1801 1840 1867 praeputium.
1867 1820 1891 1846 »
1922 1805 1979 1849 Et
2006 1803 2208 1854 iterum⁶
2239 1820 2248 1848 :
2294 1822 2321 1848 α.
2352 1802 2543 1871 Solutus
2564 1802 2712 1857 esziab

593 1884 774 1932 uxore?
806 1883 905 1930 noli
933 1900 1141 1948 quaerere
1168 1900 1380 1932 uxorem.
1406 1902 1430 1927 »
1462 1885 1622 1940 Quum
1647 1885 1832 1946 Moyses
1858 1893 2016 1930 tamen
2047 1883 2158 1930 viris
2187 1884 2333 1948 magis
2357 1900 2503 1947 quam
2527 1883 2713 1938 feminis

592 1965 850 2028 indulgens·
866 1965 950 2011 uni
974 1964 1077 2011 viro
1111 1963 1270 2029 plures
1304 1962 1449 2011 simul·
1493 1963 1717 2022 feminas,
1749 1980 1849 2010 non
1873 1964 1957 2010 uni
1990 1963 2175 2010 feminae
2199 1963 2357 2028 plures
2384 1964 2509 2012 viros
2537 1980 2710 2012 conee-

594 2045 701 2103 dat,
729 2055 774 2092 et
797 2045 1050 2092 districtius
1075 2044 1303 2091 adulteria
1323 2044 1776 2108 feminarumquam
1802 2045 2014 2092 virorum
2039 2045 2207 2108 puniat
2229 2062 2241 2090 ι
2274 2044 2494 2104 «Mulier,
2516 2064 2539 2089 »
2560 2045 2714 2109 inquit

595 2126 846 2190 Apostolus
863 2129 971 2184 ⁷'5⁵³“
1005 2126 1043 2171 si
1075 2135 1292 2171 mortuus
1321 2124 1458 2191 fuerit
1487 2125 1558 2171 vir
1587 2125 1687 2187 ejus
1706 2161 1718 2185 ,
1762 2124 2052 2172 liberata-est
2087 2141 2113 2171 a
2147 2124 2250 2188 lege
2287 2125 2402 2185 viri,
2446 2135 2496 2172 ut
2521 2140 2626 2173 'non
2650 2125 2714 2173 sit

594 2206 829 2262 adultera,
859 2207 900 2253 si*
923 2206 1060 2253 fuerit
1080 2222 1190 2252 cum
1210 2205 1302 2252 alio
1331 2205 1452 2253 viro.
1470 2223 1502 2248 ⁴»
1529 2208 1587 2252 Et
1611 2205 1722 2256 alibi
1736 2207 1749 2230 ⁸
1769 2224 1778 2251 :
1806 2225 1828 2250 «
1851 2205 1970 2251 Dico
1990 2215 2149 2252 autem
2166 2221 2264 2252 non
2282 2205 2442 2270 nuptis
2459 2215 2508 2253 et
2522 2205 2678 2270 viduis
2696 2223 2707 2252 ε

596 2291 781 2335 Bonum
808 2297 878 2334 est
902 2286 1012 2346 illis,
1042 2287 1081 2333 si
1108 2287 1175 2332 sic
1201 2295 1512 2350 permaneant
1533 2286 1657 2336 sssicut
1679 2296 1726 2333 et
1751 2303 1855 2350 ego.
1887 2285 2032 2343 Quod
2056 2286 2096 2332 si
2118 2301 2217 2339 non
2242 2302 2294 2332 se.
2315 2286 2591 2345 continent,
2623 2302 2712 2333 nu·

594 2368 725 2416 bant.
758 2368 926 2414 Melius
951 2377 1022 2414 est
1049 2367 1175 2413 enim
1215 2366 1394 2413 nubere
1430 2383 1575 2430 qua-m
1605 2366 1695 2412 uri.
1721 2385 1744 2410 »
1780 2369 1838 2412 Et
1863 2367 2063 2414 iterum⁰
2092 2379 2105 2411 'z
2141 2365 2378 2424 «Mulier,
2407 2366 2446 2412 si
2469 2365 2714 2416 dormierit

596 2450 666 2496 vir
691 2449 791 2512 ejus
811 2484 823 2507 ,
851 2447 1047 2495 liberata
1072 2456 1157 2494 est.
1188 2447 1273 2493 Cui
1305 2447 1406 2494 vult
1433 2446 1609 2505 nubat,
1639 2456 1824 2494 tantum
1849 2447 1898 2492 in
1924 2446 2152 2493 Domino.
2185 2446 2371 2493 Beatior
2398 2456 2558 2492 autem
2573 2446 2715 2495 eritsi

594 2532 660 2577 sic
683 2529 996 2595 permanserit
1015 2527 1282 2575 secundum
1307 2527 1559 2574 consilium
1584 2544 1761 2574 meum.
1784 2530 1945 2575 »Non
1971 2526 2182 2574 secunda
2206 2536 2390 2573 tantum
2412 2526 2715 2574 matrimonia

594 2610 787 2657 infirmo
811 2610 942 2657 sexui
966 2608 1215 2667 concedit,
1254 2625 1420 2655 verum
1446 2608 1587 2654 etiam
1614 2625 1667 2654 ea
1693 2607 1826 2655 nullo
1857 2607 2144 2672 concludere
2181 2607 2590 2667 audetnumero,
2631 2608 2714 2659 sed

595 2706 745 2755 quum
768 2690 1048 2737 dormierint
1074 2705 1237 2735 earum
1261 2688 1375 2748 viri,
1405 2687 1586 2735 nubere
1611 2688 1711 2734 aliis
1733 2688 1977 2753 permittit.
2007 2687 2200 2734 Nullum
2220 2687 2714 2738 matrimoniis-earum

596 2771 793 2836 praefigit
828 2785 1082 2817 numerum
1100 2805 1112 2828 ,
1145 2768 1412 2815 dummodo
1438 2768 1764 2815 fornicationis
1788 2767 1992 2814 evadant
2025 2777 2225 2814 reatum.
2256 2767 2433 2831 Saepius
2456 2767 2605 2831 magis
2628 2784 2716 2815 nu·-

596 2852 712 2899 bant
735 2848 880 2916 quam
899 2849 1045 2898 semel
1064 2850 1356 2896 fornicentur
1378 2867 1388 2895 t
1413 2866 1474 2896 ne
1497 2849 1536 2895 si
1551 2849 1637 2895 uni
1654 2849 1998 2914 prostituantur
2014 2883 2035 2907 ,f
2050 2847 2209 2896 multis
2225 2847 2426 2910 carnalis
2441 2848 2715 2899 commercii

597 2933 812 2980 debitum
837 2931 1037 2979 solvant.
1069 2934 1184 2988 Quae
1208 2940 1367 2976 tamen
1393 2929 1540 2976 debiti
1565 2929 1739 2976 solutio
1766 2945 1867 2975 non
1888 2939 1959 2975 est
1979 2929 2167 2993 penitus
2191 2928 2417 2975 immunis
2440 2945 2467 2975 a
2486 2938 2683 2994 peccato
2698 2965 2712 2989 ,

598 3013 680 3060 sed
698 3011 1004 3076 indulgentur
1028 3011 1237 3069 minora,
1262 3019 1314 3056 ut
1333 3009 1514 3073 majora
1537 3010 1744 3056 vitentur
1769 3018 1975 3074 peccata.
1999 3008 2128 3067 Quid
2151 3008 2290 3072 igitur
2314 3009 2490 3056 mirum
2509 3008 2642 3069 si-id,
2665 3009 2713 3056 in

598 3109 694 3156 quo
731 3092 916 3138 nullum
951 3091 1020 3138 est
1045 3091 1243 3138 omnino
1261 3126 1273 3149 ,
1312 3089 1590 3136 conceditur
1614 3105 1680 3136 ne
1698 3099 1946 3154 peccatum
1971 3090 2241 3148 incurrant,
2270 3088 2364 3136 hoc
2395 3097 2467 3135 est
2488 3087 2716 3139 alimenta

600 3172 820 3237 quaelibet
843 3172 1104 3219 necessaria
1124 3208 1135 3230 ,
1171 3187 1270 3218 non
1296 3169 1569 3235 superflua?
1596 3172 1701 3216 Non
1726 3180 1795 3216 est
1817 3170 1946 3216 enim
1963 3205 1975 3228 ,
2005 3178 2057 3216 ut
2081 3169 2261 3217 dictum
2287 3177 2386 3228 est,
2416 3168 2551 3220 cibus
2577 3169 2717 3219 inxit-

601 3254 696 3314 tio,
722 3253 807 3300 sed
830 3253 1065 3317 appetitus
1095 3271 1104 3298 ε
1136 3268 1286 3316 quum
1311 3250 1530 3298 videlicet
1552 3249 1667 3297 libet
1693 3249 1827 3314 quod
1852 3266 1951 3297 non
1976 3249 2085 3297 licet
2100 3285 2113 3309 ,
2140 3259 2187 3296 et
2203 3249 2562 3314 concupiscitur
2584 3248 2717 3313 quod

648 3407 658 3425 ¹
677 3409 803 3446 Eccle.,
820 3417 893 3450 cap.
908 3418 940 3447 v,
958 3418 988 3439 v.
1008 3409 1027 3439 2
1041 3414 1074 3439 et
1089 3409 1159 3439 4.—-
1176 3406 1188 3423 ²
1210 3406 1343 3439 Timoth.
1362 3406 1396 3444 I,
1411 3415 1483 3448 cap.
1499 3416 1531 3445 v,
1548 3415 1576 3437 v.
1596 3404 1633 3436 14
1681 3422 1718 3428 -
1738 3404 1750 3420 ⁵
1770 3404 1914 3437 Corinth.
1939 3405 1976 3442 Ι,
2002 3415 2074 3448 cap,
2104 3414 2165 3443 vu,
2193 3414 2223 3436 v.
2256 3405 2305 3437 18.
2323 3421 2365 3428 -
2379 3403 2504 3443 ⁶1bid.‚
2532 3413 2562 3436 v.
2594 3404 2650 3435 27.
2674 3421 2712 3426 -—

601 3471 633 3497 et
653 3465 702 3496 15.
719 3480 762 3489 —-
777 3464 789 3480 ³
806 3464 910 3507 Epist.
926 3475 1001 3496 xvm
1014 3489 1022 3503 ‚
1042 3465 1123 3505 Opp.
1143 3471 1164 3496 t.
1182 3463 1236 3503 lv,
1250 3463 1313 3496 col.
1334 3463 1390 3495 29.
1403 3481 1440 3486 -—
1455 3461 1470 3479 ⁴
1482 3462 1637 3495 luseritur
1682 3460 1693 3478 '¹
1708 3462 1818 3502 Rom„
1837 3472 1911 3505 cap.
1932 3472 1973 3493 vu
1985 3486 1994 3503 ,
2009 3472 2039 3494 v.
2056 3462 2088 3494 3.
2102 3478 2147 3491 -v—
2161 3460 2176 3478 ’
2193 3461 2337 3494 Corinth.
2359 3461 2392 3499 l,
2405 3470 2554 3504 capfvn,
2573 3470 2605 3492 v.
2623 3461 2655 3491 8.
2677 3476 2715 3483 -

603 3524 711 3562 hisque
728 3523 848 3561 solum,
864 3531 943 3561 quas
960 3523 1125 3553 oestuantis
1143 3523 1285 3561 corporis
1298 3521 1395 3561 furor
1411 3521 1521 3561 adeqit
1541 3518 1635 3552 RMS.
1683 3517 1696 3536 ⁰
1714 3517 1785 3551 thid
1806 3543 1814 3558 ,
1827 3528 1856 3550 v.
1877 3519 1918 3550 39
1937 3523 1970 3549 et
1983 3519 2036 3550 ¹10.
