2970 4152
991 411 1304 462 EXPOSITIO
1337 413 1399 463 ΙΝ
1431 412 1825 468 HEXAMERON.
2375 414 2468 468 637

354 517 469 564 dicti
490 513 763 579 significans
784 510 995 577 supponi
1008 510 1104 558 hoc
1115 509 1234 557 loco.
1249 507 1440 568 debuit;
1460 527 1609 574 quum
1622 510 1723 574 jam
1734 509 1957 558 videlicet
1978 510 2120 575 hujus
2137 512 2232 560 diei
2255 515 2470 578 operatio

354 598 476 645 sieut
491 606 538 644 et
554 605 835 643 caeterorum
850 593 900 639 in
919 590 1025 638 luce
1040 589 1165 637 facta
1176 589 1238 637 sit
1246 589 1798 654 οωπρῑεὴεηεᾶσριωω
1815 607 1928 656 ergo
1947 592 1998 639 in
2014 592 2251 641 Hebraico
2271 593 2466 640 dicitur:

358 695 383 721 α
401 676 636 739 dixitque,
660 692 684 719 n
709 683 764 720 ut
789 671 968 719 scilicet
988 668 1318 735 qualiter‘ista·
1332 668 1414 715 lux
1440 669 1565 721 facta
1593 669 1661 717 sic
1690 669 2033 735 distinguatur,
2058 671 2124 719 ita
2147 681 2218 720 est
2240 672 2302 719 ad
2330 689 2471 738 supe-

350 756 483 802 riora
503 752 911 811 continuandum,
936 760 1169 814 tanquam
1196 750 1237 797 si
1262 748 1479 796 dicatur:
1500 751 1643 797 Facta
1663 759 1735 797 est
1760 749 1838 797 lux
1857 788 1869 810 ,
1893 751 1945 798 id
1967 756 2038 798 est
2054 788 2066 809 ‚
2093 751 2337 799 distinctio
2359 768 2473 817 prae-

353 833 570 882 cedentis
590 831 913 891 confusionis,
939 830 1062 879 sicut
1094 828 1217 878 dixit
1237 831 1367 877 Deus
1385 865 1398 886 ‚
1422 838 1471 876 et
1492 828 1558 876 ita
1580 828 1705 876 facta
1727 837 1797 877 est
1819 830 1882 877 ad
1916 831 2172 895 imperium
2204 831 2319 878 dicti
2342 831 2442 894 ejus
2458 869 2468 886 ,

353 915 476 962 sicut
497 923 598 961 tam
618 929 749 960 nunc
770 927 918 976 quam
939 910 1254 976 postmodum
1285 909 1611 973 distinguitur.
1646 912 1718 958 De
1752 909 1886 973 cujus
1923 910 2120 974 quidem
2155 911 2473 957 distinctionis

353 1010 500 1060 opere
521 994 680 1059 primo
702 1008 834 1040 nunc
865 991 1056 1050 dicitur,
1086 1002 1112 1036 ι’(
1134 991 1349 1055 dixitque
1374 993 1526 1049 Deus,
1553 1000 1646 1037 etc.
1668 1009 1693 1035 »
1719 990 1847 1037 Dixit
1874 993 2027 1050 Deus,
2054 990 2104 1038 id
2127 1001 2198 1038 est
2229 992 2279 1038 in
2312 991 2473 1039 Verbo

352 1072 445 1120 sihi
465 1083 705 1120 coaeterno
723 1109 735 1132 ‚
761 1072 884 1119 sicut
900 1070 1001 1134 jam
1023 1070 1395 1118 determinatum
1414 1079 1510 1130 est,
1529 1069 1581 1117 id
1596 1079 1670 1118 est
1690 1070 1741 1116 in
1763 1071 1866 1136 ipsa
1888 1071 2352 1136 propriaesapientiae
2368 1087 2476 1135 pro-

352 1152 565 1200 videntia
585 1154 718 1218 prius
739 1152 790 1199 id
817 1150 1054 1216 disposuit
1073 1166 1232 1214 quam·
1245 1164 1392 1215 opere
1418 1150 1701 1216 compleret.

422 1252 447 1280 «
467 1234 570 1281 Fiat
595 1232 955 1281 firmamentum
981 1232 1031 1278 in
1058 1230 1221 1278 medio
1252 1246 1511 1294 aquarum,
1536 1239 1585 1281 et
1608 1230 1794 1278 dividat
1822 1244 1970 1295 aquas
1992 1231 2054 1279 ab
2076 1228 2228 1296 aquis.
2250 1250 2273 1276 n
2296 1232 2476 1278 Firma-

355 1322 571 1360 'mentum
598 1321 741 1360 vocat
770 1326 965 1359 aereum
988 1309 1206 1357 similiter
1229 1309 1371 1356 simul
1392 1319 1440 1356 et
1460 1308 1722 1357 aethereum
1752 1309 1925 1359 coelum
1945 1348 1957 1370 ‚
1990 1310 2052 1358 de
2085 1310 2260 1375 quibus
2293 1310 2477 1358 dictum

353 1402 446 1453 est,
476 1411 501 1438 a
521 1403 568 1440 et
589 1409 725 1458 aquae
744 1408 851 1457 quae
872 1406 1017 1456 super
1037 1389 1186 1438 coelos
1204 1399 1343 1450 sunt,
1364 1408 1390 1435 ι)
1415 1406 1521 1454 quae
1542 1400 1746 1456 utraque
1771 1407 1903 1443 nunc
1929 1392 2212 1455 interjacent
2239 1392 2363 1438 iuter
2390 1391 2476 1438 has

353 1489 501 1537 aquas
523 1473 797 1521 inferiores¹
818 1473 919 1520 sive
936 1482 1138 1531 terram,
1163 1481 1214 1518 et
1231 1470 1337 1518 illas
1364 1472 1634 1537 superiores
1668 1488 1834 1537 aquas.
1867 1473 2014 1530 Quod
2040 1472 2238 1538 quidem
2260 1472 2371 1520 ideo
2394 1472 2476 1519 fir-

354 1565 653 1603 mamentum
674 1554 866 1613 dicitur,
894 1552 1029 1618 quod
1049 1552 1348 1618 superiorem
1369 1568 1603 1617 aquarum
1625 1553 1827 1603 fluidam
1848 1562 2072 1602 naturam
2095 1571 2157 1601 ne
2179 1554 2375 1601 inferius
2396 1553 2477 1601 de-

354 1634 506 1682 fluant
541 1645 590 1682 et
624 1634 900 1683 relabantur
928 1633 1125 1699 propria
1151 1633 1516 1698 interpositione
1547 1632 1822 1682 confirmat.
1850 1634 1990 1682 Unde
2023 1635 2358 1699 Hieronymus.
2385 1637 2475 1681 Sa-

354 1730 516 1778 maym
549 1714 811 1774 Hebraice5
834 1713 887 1761 id
906 1723 980 1761 est
1011 1712 1183 1773 coelos,
1214 1711 1475 1760 aethereum
1505 1712 1683 1760 seilicet
1719 1723 1864 1779 atque
1897 1730 2063 1763 aerum
2081 1751 2093 1775 ,
2133 1731 2256 1779 quos
2286 1714 2366 1761 hic
2394 1713 2473 1760 fir-

353 1804 653 1842 mamentum
671 1797 860 1859 Moyses
882 1792 1112 1860 appellat5
1139 1807 1196 1840 ex
1217 1793 1354 1857 aquis
1375 1792 1492 1840 dicit
1513 1794 1675 1841 sortiri
1697 1793 2013 1855 voca-bulum,
2038 1794 2090 1842 id
2111 1804 2183 1848 est
2204 1811 2294 1859 pro
2329 1810 2388 1840 eo
2410 1795 2477 1840 sic

354 1873 664 1939 appellatum,
683 1874 819 1939 quod
837 1890 985 1939 aquas
1012 1874 1078 1921 ita
1100 1873 1318 1938 superius
1343 1872 1527 1933 firmat,
1552 1890 1615 1921 ne
1636 1873 1833 1922 inferius
1854 1873 2088 1923 defluant.

419 1955 657 2012 Quaeritur
677 1964 840 2003 autem
860 1953 1111 2019 quomodo
1132 1954 1255 2018 ignis
1277 1963 1325 2002 et
1345 1970 1427 2001 aer
1447 1970 1583 2018 aquae
1602 1953 1921 2004 substantiam
1942 1972 2048 2021 quae
2068 1955 2390 2022 ponderosior
2407 1965 2479 2001 est

353 2044 619 2083 sustentare
640 2035 847 2084 valeant.
867 2035 962 2083 Sed
984 2035 1202 2101 profecto
1223 2044 1357 2083 tanta
1378 2044 1537 2100 potest
1558 2051 1660 2083 esse
1682 2035 1851 2083 raritas
1872 2045 2016 2101 atque
2034 2036 2268 2084 subtilitas
2291 2035 2479 2083 illarum

354 2129 612 2178 aquarum,
637 2124 686 2162 et
706 2125 841 2163 tanta
873 2115 995 2179 ignis
1017 2125 1065 2163 et
1088 2115 1209 2163 aeris
1235 2129 1392 2162 massa
1413 2132 1520 2179 quae
1540 2115 1584 2163 ei
1608 2115 1850 2179 subjacet,
1875 2115 2009 2181 quod
2044 2116 2106 2164 ab
2141 2116 2240 2163 istis
2277 2115 2366 2162 illae
2398 2132 2478 2163 su-

353 2195 551 2242 stentari
577 2204 780 2259 queant;
805 2195 927 2243 sicut
948 2195 1078 2260 ligna
1098 2205 1147 2243 et
1167 2194 1390 2242 nonnulli
1411 2194 1595 2260 lapides
1622 2194 1685 2243 ab
1716 2196 1875 2261 aquis,
1900 2197 2122 2262 quamvis
2149 2197 2254 2263 ipsa
2280 2206 2479 2244 terrenae
2496 2240 2510 2244 -

352 2273 450 2323 sint
466 2284 515 2322 et
531 2275 759 2339 gravioris
777 2285 977 2324 naturae.
999 2275 1118 2334 Quis
1135 2275 1279 2323 etiam
1298 2275 1480 2323 nesciat
1499 2275 1713 2323 vicinum
1731 2291 1891 2325 aerem
1903 2313 1915 2337 ,
1937 2277 2157 2342 quamvis
2176 2277 2311 2342 aquis
2329 2276 2479 2324 levior

354 2355 438 2415 sit,
461 2371 543 2404 eas
564 2365 725 2404 tamen
751 2356 1053 2404 exhalatione
1074 2366 1212 2404 terrae
1236 2355 1526 2421 vaporaliter
1553 2366 1728 2405 tractas
1746 2394 1758 2416 ‚
1794 2367 2055 2422 antequam
2088 2358 2138 2404 in
2177 2367 2331 2421 guttas
2365 2374 2480 2404 con-

356 2434 628 2497 globentur,
654 2435 946 2501 suspendere
968 2445 1112 2500 atque
1137 2437 1437 2484 sustentare?
1458 2436 1508 2482 Si
1531 2452 1646 2500 ergo
1669 2436 1744 2484 his
1766 2437 1902 2501 aquis
1924 2437 2190 2502 vaporatis,
2216 2436 2306 2484 illae
2342 2453 2481 2502 supe-

355 2514 506 2563 riores
529 2515 733 2563 rariores
753 2525 867 2563 sunt
889 2532 944 2564 ac
968 2516 1128 2563 minus
1150 2515 1466 2580 corpulentae,
1491 2531 1578 2563 cur
1599 2532 1701 2563 non
1723 2515 1786 2563 ab
1814 2516 1924 2580 igne
1954 2516 2098 2564 simul
2121 2526 2168 2564 et
2190 2532 2299 2564 aere
2319 2515 2478 2580 subja-

356 2595 575 2643 centibus
608 2596 862 2644 sustentari
894 2595 1169 2661 perenniter
1202 2595 1416 2654 valeant,
1452 2595 1576 2654 sicut
1608 2594 1697 2643 illae
1731 2596 2110 2661 corpulentiores
2139 2596 2201 2644 ab
2229 2612 2338 2644 aere
2373 2595 2478 2643 solo

355 2677 715 2741 suspenduntur
733 2676 799 2725 ad
820 2676 1020 2725 horam?
1043 2678 1164 2723 Nam
1185 2685 1234 2724 et
1255 2675 1408 2723 nubes
1434 2675 1606 2724 densas
1628 2686 1676 2724 et
1696 2676 1908 2741 ingentia
1929 2676 2198 2726 draconum
2220 2676 2296 2724 vel
2318 2676 2478 2724 avium

356 2773 564 2823 corpora
575 2757 637 2806 ab
650 2774 760 2806 aere
772 2758 1027 2806 sustentari
1037 2757 1343 2809 manifestum
1355 2767 1442 2804 est.
1461 2760 1557 2804 Nec
1571 2758 1826 2822 quisquam
1837 2757 2054 2806 fidelium
2067 2757 2256 2806 dubitat
2267 2757 2478 2804 humana

357 2853 592 2902 corpora5
619 2838 838 2902 quamvis
858 2847 1059 2885 terrenae
1081 2847 1264 2885 naturae
1283 2837 1403 2896 sint,
1428 2847 1572 2885 tantae
1591 2837 1866 2887 subtilitatis
1887 2854 1943 2887 ac
1971 2838 2174 2886 levitatis
2196 2847 2307 2904 post
2321 2854 2477 2885 resur-

357 2918 623 2966 rectionem
659 2919 843 2979 sutura,
877 2929 929 2966 ut
964 2934 1065 2966 non
1099 2918 1256 2966 solum
1290 2935 1434 2984 super
1461 2918 1607 2967 ooelos
1628 2920 1891 2968 consistere
1908 2930 2118 2985 queant,
2144 2936 2312 2967 verum
2335 2920 2478 2966 etiam

358 2998 652 3064 ubicumque
674 2999 879 3047 voluerit
901 2999 1101 3065 Spiritus
1122 3000 1225 3046 sine
1254 2998 1484 3047 dilatione
1515 3000 1878 3052 transferantur.
1906 3003 2135 3049 Praeterea
2161 3001 2268 3066 quis
2302 3000 2480 3047 nesciat

358 3078 596 3126 inclusum
617 3092 778 3129 aerem
800 3070 849 3128 in
872 3071 1029 3128 vesica
1051 3081 1441 3128 circumstantem
1460 3080 1635 3146 pellem
1653 3083 1819 3130 vesicae
1844 3082 2060 3148 undique
2081 3081 2374 3147 suspendere
2408 3090 2479 3128 at·

356 3175 453 3224 que
475 3169 765 3221 sustentare,
791 3161 902 3208 licet
924 3162 1024 3226 ipse
1047 3161 1249 3209 omnino
1271 3160 1394 3227 pelle
1416 3161 1496 3209 illa
1519 3163 1581 3210 sit
1600 3161 1779 3211 levior?
1800 3165 1904 3211 Imo
1935 3163 2079 3211 etiam
2112 3172 2479 3229 quantamcum-

357 3255 454 3303 que
485 3254 749 3306 corporum
782 3241 962 3288 molem
989 3249 1254 3289 sustentare
1282 3251 1444 3307 posset
1470 3242 1701 3307 quamdiu
1726 3242 1937 3291 inclusus
1960 3243 2178 3291 cohiberi
2199 3251 2378 3309 posset.
2405 3242 2485 3288 Sic'

358 3321 409 3367 et
425 3320 505 3369 illa
523 3322 648 3373 ,aeris
669 3324 719 3370 et
734 3322 856 3387 ignis
879 3322 1126 3386 congeries
1147 3331 1291 3388 atque
1312 3322 1483 3387 globus
1506 3323 1556 3371 in
1579 3323 1660 3372 illa
1690 3340 1924 3389 aquarum
1957 3324 2257 3391 corpulentia
2287 3322 2482 3372 conclus

408 3496 418 3517 ‘
443 3499 587 3534 limene
603 3501 681 3545 legit
695 3503 886 3542 inter-iores,
905 3502 991 3537 male
1003 3528 1013 3545 ‚
1033 3510 1068 3537 ut
1087 3501 1218 3547 opinor.v
