2970 4152
828 443 885 491 lN
918 441 1129 491 NATALl
1163 440 1368 489 SANCTI
1401 442 1688 491 STEPHANI
1723 441 1937 489 SERMO.
2342 441 2435 487 557

314 537 442 600 jutas
462 535 540 584 ille
560 553 647 584 vos
667 537 717 584 in
741 553 877 585 sacro
898 536 1147 602 proposito
1169 535 1432 599 custodiat,
1457 537 1541 601 qui
1574 536 1691 584 tales
1716 536 1855 585 vobis
1884 534 2131 600 deputavit
2161 534 2432 593 ministros,

320 626 368 664 et
386 616 585 664 eosdem
609 617 738 683 apud
759 635 810 665 se
830 627 1013 666 vestros
1028 617 1205 665 habeat
1226 616 1488 666 advocatos
1506 634 1711 682 sponsus
1729 627 1884 665 vester
1897 616 2133 664 Dominus
2148 618 2173 663 J
2175 632 2280 663 esus
2299 615 2435 663 Chri-

318 707 441 758 stus,
467 700 551 763 qui
571 716 683 747 cum
698 702 851 759 Patre,
874 709 965 747 etc.

468 1193 564 1252 DE
610 1192 859 1252 LAUDE
909 1192 1171 1252 SANCTI
1218 1192 1594 1252 STEPHANI
1639 1190 2293 1251 PROTOMARTYRIS.

362 1356 592 1398 ANCILLIS
629 1357 831 1399 CHRISTI
873 1357 1066 1398 SERVUS
1105 1356 1336 1405 CHRISTI,
1380 1356 1547 1396 ΤΑΝΤΟ
1587 1354 1784 1396 DOMINO
1826 1354 1979 1394 DIGNE
2022 1353 2397 1405 CONFAMULARI.

1211 1516 1359 1547 SERMO
1394 1516 1525 1546 XXXII
1532 1535 1542 1546 .

383 1673 751 1737 Protomartyris
779 1683 827 1720 et
854 1672 1055 1721 coelestis
1087 1673 1296 1737 signiferi
1323 1674 1558 1739 piissimas
1585 1673 1830 1738 exequias,
1863 1672 1961 1719 imo
1990 1669 2328 1734 triumphalem
2363 1685 2440 1715 ce-

314 1751 554 1799 lebrantes
588 1769 816 1816 agonem,
855 1763 990 1801 tanto
1025 1753 1074 1800 id
1109 1754 1290 1818 majore
1328 1753 1542 1820 perficite
1579 1753 1862 1811 devotione,
1900 1762 2082 1817 quanto
2117 1767 2204 1798 vos
2239 1750 2442 1815 amplius

314 1830 427 1878 huic
450 1841 551 1879 tam
582 1832 756 1880 Christi
780 1849 925 1897 quam
960 1843 1120 1880 vestro
1152 1833 1360 1881 diacono
1390 1844 1578 1881 constat
1606 1833 1838 1881 obnoxias
1866 1848 1985 1879 esse.
2025 1830 2153 1888 Quid
2181 1831 2311 1877 enim
2339 1829 2440 1877 dia-

314 1929 466 1959 conus
488 1913 578 1960 nisi
594 1914 811 1961 minister
834 1913 1199 1978 interpretatur?
1221 1915 1338 1972 Quis
1361 1925 1522 1962 autem
1539 1919 1688 1962 Actus
1702 1913 2036 1978 Apostolorum
2059 1911 2324 1976 perlegens,
2340 1927 2441 1957 non

314 1993 505 2040 noverit
524 1992 721 2041 beatum
744 1993 1043 2059 Stephanum
1067 2010 1179 2041 cum
1201 2011 1281 2042 sex
1304 1994 1405 2042 aliis
1426 1995 1605 2059 Spiritu
1627 2003 1795 2041 sancto
1818 1993 1989 2058 plenis,
2006 1992 2140 2055 juxta
2168 1992 2315 2056 ipsius
2337 1992 2442 2056 Spi-

314 2074 431 2121 ritus
453 2074 742 2139 septiformis
765 2076 923 2139 gratiae
946 2092 1227 2134 numerum,
1255 2075 1317 2123 ab
1340 2075 1570 2140 apostolis
1592 2075 1640 2122 in
1664 2075 1983 2122 ministerium
2006 2083 2282 2120 sanctarum
2305 2072 2440 2120 femi·

312 2168 484 2201 narum
507 2154 740 2202 diaconos
761 2154 955 2214 electos,
981 2165 1029 2202 et
1050 2172 1137 2220 per
1161 2155 1521 2220 impositIOnem
1543 2171 1741 2213 manus,
1768 2153 1829 2201 ad
1852 2153 1994 2217 hujus
2017 2152 2442 2200 administrationis

311 2251 477 2282 curam
508 2234 760 2299 diligenter
789 2236 1031 2294 astrictOS,
1057 2245 1104 2283 et
1125 2236 1261 2301 quasi
1290 2236 1562 2300 adjuratos?
1585 2236 1679 2294 Qui
1709 2252 1860 2300 quum
1895 2250 2065 2281 omnes
2088 2233 2289 2299 pariter¹
2312 2233 2441 2298 pleni

311 2315 489 2379 Spiritu
510 2325 677 2363 sancto
702 2315 764 2363 ab
786 2316 1014 2381 apostolis
1037 2316 1243 2381 eligendi
1271 2316 1510 2377 dicantur,
1542 2316 1671 2364 solus
1700 2326 1860 2364 tamen
1895 2314 2165 2380 Stephanus
2187 2314 2312 2362 hanc
2335 2331 2440 2378 gra-

311 2393 427 2441 tiam
464 2395 738 2460 spiritaliter
769 2395 971 2461 adeptus
996 2397 1044 2442 in
1073 2397 1386 2460 sequentibus
1417 2407 1731 2456 memoratur,
1763 2414 1913 2461 quum
1944 2396 2142 2443 dicitur’
2168 2413 2179 2440 ε
2210 2414 2232 2439 «
2258 2398 2316 2441 Et
2344 2394 2439 2441 ele·

312 2484 482 2537 gerunt
503 2474 802 2540 Stephanum
823 2476 981 2522 virum
1003 2475 1201 2540 plenum
1222 2476 1317 2524 fide
1340 2487 1387 2524 et
1407 2478 1585 2541 Spiritu
1608 2487 1774 2525 sancto
1788 2515 1799 2536 ,
1826 2487 1872 2524 et
1897 2476 2168 2541 Philippum
2184 2513 2195 2535 ‚
2221 2485 2312 2522 etc.
2338 2494 2361 2520 »
2382 2479 2440 2522 Et

311 2556 554 2603 rursum':
576 2556 882 2621 «Stephanus
906 2556 1075 2621 plenus
1098 2558 1246 2620 gratia
1268 2567 1316 2605 et
1336 2557 1616 2605 fortitudine
1639 2557 1841 2605 faciebat
1863 2556 2082 2622 prodigia
2106 2567 2152 2603 et
2177 2556 2309 2620 signa
2335 2573 2436 2604 ma-

311 2650 404 2698 gna
440 2636 489 2682 in
528 2635 728 2701 populo.
756 2655 791 2682 A»
831 2636 1046 2683 Gaudete
1076 2636 1266 2701 itaque,
1308 2647 1355 2684 et
1391 2637 1664 2702 spiritaliter
1684 2640 1699 2698 ’ζ
1721 2636 2020 2701 congaudete
2058 2637 2178 2683 tanti
2213 2637 2437 2700 agonistae

309 2717 542 2776 victoriae,
579 2734 724 2782 quem
764 2727 812 2764 et
847 2718 1084 2765 meruistis
1125 2717 1305 2766 habere
1343 2720 1638 2778 ministrum,
1676 2729 1724 2766 et
1758 2719 1805 2766 in
1842 2718 1984 2783 hujus
2013 2717 2437 2766 administrationis

311 2798 532 2845 mercede
555 2799 768 2864 priorem
794 2800 1006 2864 martyrii
1028 2799 1239 2866 palmam
1265 2800 1494 2866 adeptum
1517 2801 1578 2848 de
1602 2800 1836 2865 obsequio
1859 2809 2018 2847 vestro
2048 2800 2238 2847 misistis
2261 2799 2322 2847 ad
2345 2816 2437 2847 cce—

309 2878 427 2926 lum.
456 2879 657 2927 Reddite
686 2890 907 2927 mutuum
941 2898 1084 2946 super
1112 2880 1208 2929 hoc
1242 2881 1415 2929 divinae
1442 2881 1596 2930 laudis
1627 2881 1936 2946 obsequium;
1974 2890 2021 2927 et
2054 2897 2153 2945 quo
2181 2880 2258 2927 ille
2283 2880 2436 2928 fidelis

308 2977 399 3024 pro
421 2962 524 3008 Deo
546 2961 714 3008 vestris
737 2961 1022 3009 ministravit
1043 2962 1246 3021 mensis,
1273 2979 1332 3010 eo
1361 2980 1448 3010 vos
1472 2962 1693 3010 devotius
1716 2963 1765 3009 in
1795 2961 2029 3026 obsequio
2054 2961 2142 3007 Dei
2164 2971 2211 3008 et
2238 2977 2435 3009 venera—

308 3041 439 3088 tione
461 3042 682 3106 martyris
707 3042 983 3107 persistatis.
1011 3045 1063 3089 In
1097 3059 1195 3108 quo
1230 3043 1370 3091 simul
1398 3054 1446 3091 et
1468 3043 1707 3091 honorem
1741 3053 1953 3091 vestrum
1985 3050 2205 3107 pensate,
2238 3051 2285 3088 et
2312 3040 2434 3088 fidu-

308 3121 431 3167 ciam
454 3121 515 3169 de
535 3122 715 3169 meritis
738 3122 838 3186 ejus
860 3139 960 3169 non
984 3121 1280 3171 mediocrem
1308 3125 1498 3171 sumite.
1528 3127 1776 3172 Honorem
1803 3121 2001 3186 quidem
2015 3158 2026 3180 ,
2064 3119 2220 3185 quod,
2246 3130 2299 3167 ut
2320 3136 2434 3186 prae-

309 3201 391 3249 sati
412 3218 601 3263 sumus,
626 3203 771 3251 talem
789 3203 1025 3251 meruistis
1046 3203 1225 3252 habere
1248 3205 1543 3265 ministrum,
1569 3222 1715 3270 quem
1737 3203 1913 3251 militiae
1935 3201 2137 3250 coelestis
2154 3202 2432 3266 signiferum

312 3300 481 3331 omnes
503 3285 673 3333 animae
695 3295 961 3350 sequuntur
972 3285 1109 3349 justae
1138 3304 1147 3333 :
1176 3285 1402 3334 fiduciam
1423 3304 1539 3334 vero
1555 3324 1567 3346 ,
1588 3280 1687 3351 ilua
1709 3287 1865 3350 ipsum
1887 3284 2124 3350 praecipue
2147 3283 2213 3331 ibi
2235 3284 2431 3349 speretis

357 3466 367 3483 ‘
396 3466 461 3500 MS.
491 3466 580 3502 Eine.
605 3485 627 3493 -
646 3468 778 3502 Pariter
805 3468 898 3504 deest
928 3468 989 3502 Ed.
1026 3468 1121 3503 Amh.
1157 3489 1188 3495 ——
1213 3468 1226 3487 ¹
1253 3470 1326 3504 Act.
1358 3471 1484 3512 Apo-st„
1515 3480 1587 3513 cap.
1619 3480 1668 3510 vt,
1695 3480 1727 3502 v.
1754 3469 1785 3502 5.
1812 3485 1849 3492 —
1872 3465 2001 3509 'lbid.‚
2028 3477 2059 3500 v.
2091 3468 2122 3499 8.
2145 3484 2185 3491 -
2209 3464 2223 3483 ⁴
2241 3466 2431 3507 specialiter

307 3526 372 3561 MS.
393 3527 482 3561 Eius·
