2970 4152
1279 330 1597 380 APPENDIX.
2406 333 2502 381 713

373 429 632 478 eruditione
655 439 734 476 tua
756 427 974 488 delector,
993 438 1039 474 et
1056 426 1300 491 praedicata
1325 429 1438 474 mihi
1460 446 1485 474 a
1502 427 1655 475 multis
1673 427 1890 492 religione
1906 437 1984 475 tua
1999 427 2132 493 longe
2154 430 2293 493 magis
2310 428 2500 476 allicior.

376 512 565 560 Utinam
575 521 619 557 te
628 509 868 558 Cluniacus
876 519 1029 556 nostra
1038 506 1283 556 habuisset!
1297 510 1484 556 Utinam
1498 519 1541 556 te
1548 509 1777 573 jucundus
1787 509 2052 556 Marciniaci
2064 527 2326 556 carcereum
2334 510 2505 556 caeteris

378 590 548 637 Christi
567 589 740 638 ancillis
757 589 1012 637 libertatem
1035 589 1142 636 inde
1159 587 1383 636 coelestem
1400 590 1760 653 exspectantibus
1784 587 2055 637 inclusisset!
2083 589 2383 637 Praetulissem
2400 607 2507 653 opes

378 673 608 738 religionis
626 692 678 721 ac
702 674 898 721 scientiae
919 674 1123 720 maximis
1137 672 1446 737 quorumlihet
1467 690 1625 737 regum
1642 674 1884 734 thesauris,
1907 684 1951 719 et
1970 672 2147 720 illarum
2164 690 2371 720 sororum
2395 672 2508 718 illud

378 754 644 820 praeclarum
658 754 896 819 collegium
922 755 1257 801 cohabitatione
1272 764 1349 800 tua
1365 753 1527 800 clarius
1542 753 1728 800 rutilare
1748 754 2006 818 gauderem.
2027 754 2270 801 Retulisses
2283 755 2436 817 etipsa
2452 754 2508 799 ab

377 834 486 899 ipsis
494 852 589 881 non
601 834 829 881 modicum
841 845 1077 897 quaestum,
1093 844 1137 881 et
1150 851 1371 881 summam
1388 834 1549 880 mundi
1566 833 1849 880 nobilitatem
1865 851 1916 880 ac
1928 834 2186 897 superbiam
2197 835 2386 898 pedibus
2401 833 2508 880 sub-

379 925 566 963 stratam
579 916 823 962 mirareris.
849 917 1068 962 Cerneres
1081 917 1347 979 omnigenos
1359 913 1508 962 saeculi
1523 914 1653 961 luxus
1670 915 1876 962 miranda
1889 915 2106 978 parcitate
2123 925 2336 974 mutatos,
2352 925 2396 961 et
2415 932 2513 961 sor-

381 994 488 1041 dida
502 996 733 1058 quondam
746 1013 848 1042 vasa
857 995 1026 1042 diaboli
1039 996 1087 1042 in
1096 996 1390 1043 mundissima
1404 996 1599 1059 Spiritus
1612 997 1756 1042 sancti
1767 995 1934 1059 templa
1942 1012 2172 1042 conversa.
2190 996 2381 1042 Videres
2392 995 2513 1059 puel-

382 1075 449 1123 las
459 1077 564 1135 Dei,
582 1078 757 1123 Satanae
767 1076 836 1123 vel
851 1076 1022 1122 mundo
1035 1075 1159 1123 velut
1171 1077 1294 1123 furto
1314 1077 1581 1136 subtractas,
1596 1093 1730 1139 super
1744 1076 2014 1123 innocentiae
2034 1076 2379 1122 fundamentum
2401 1075 2514 1122 altos

383 1157 603 1203 virtutum
618 1157 789 1220 erigere
808 1157 1001 1219 parietes
1022 1174 1032 1202 :
1054 1167 1099 1201 et
1112 1173 1253 1219 usque
1266 1156 1324 1202 ad
1338 1156 1434 1219 ipsa
1451 1155 1550 1203 coeli
1562 1156 1739 1219 fastigia
1762 1155 1902 1202 felicis
1922 1156 2103 1202 fabricae
2120 1173 2332 1202 cacumen
2349 1156 2516 1223 produ-

383 1255 501 1286 cere.
531 1239 769 1284 Laetareris
792 1236 993 1301 angelica
1020 1238 1279 1301 virginitate
1302 1238 1516 1284 florentes
1546 1237 1802 1284 castissimis
1825 1237 1973 1283 viduis
1992 1237 2193 1299 junctas,
2218 1247 2262 1282 et
2289 1238 2517 1284 universas

383 1321 555 1384 pariter
575 1319 717 1365 beatae
732 1318 851 1365 illius
876 1329 921 1365 et
939 1335 1111 1382 magnae
1134 1319 1477 1365 resurrectionis
1494 1317 1685 1382 gloriam
1703 1319 1990 1378 sustinentes,
2013 1318 2133 1364 infra
2150 1329 2273 1364 arcta
2288 1328 2413 1380 septa
2438 1317 2518 1363 do-

384 1419 565 1449 morum
588 1403 722 1448 etiam
746 1400 1046 1465 corporaliter
1073 1402 1214 1448 heatae
1237 1402 1332 1465 spei
1360 1400 1480 1447 velut
1505 1400 1711 1464 sepulcro
1728 1402 1824 1464 jam
1842 1400 2062 1447 conditas.
2090 1401 2204 1459 Quae
2220 1399 2323 1446 licet
2347 1401 2516 1458 omnia,

384 1493 431 1530 et
452 1483 652 1530 fortassis
680 1482 852 1545 majora
869 1518 882 1542 ,
914 1499 1018 1529 cum
1039 1482 1122 1528 tibi
1143 1483 1260 1529 datis
1277 1500 1302 1528 a
1326 1483 1424 1531 Deo
1447 1481 1627 1546 collegis
1651 1482 1841 1541 habeas,
1869 1481 1974 1528 licet
2001 1482 2118 1527 forte
2142 1480 2254 1526 nihil
2286 1480 2342 1526 ad
2371 1498 2519 1527 sacra-

386 1579 488 1610 rum
501 1580 654 1608 rerum
680 1563 878 1609 studium
897 1563 1129 1626 pertinens
1147 1563 1229 1609 tibi
1254 1562 1359 1608 addi
1384 1563 1524 1625 possit
1545 1580 1556 1608 :
1580 1572 1822 1625 augeretur
1842 1572 1993 1608 tamen
2020 1571 2261 1625 augmento
2275 1560 2521 1624 gratiarum

386 1654 567 1691 tuarum
591 1661 685 1690 non
707 1645 878 1707 parvis,
904 1654 956 1690 ut
977 1644 1193 1703 arbitror,
1220 1643 1472 1690 commodis
1495 1642 1747 1706 respublica
1769 1653 1939 1689 nostra.
1964 1643 2051 1688 Sed
2070 1643 2272 1705 quamvis
2289 1659 2315 1687 a
2340 1641 2522 1704 dispen-

386 1725 546 1772 satrice
570 1726 775 1771 omnium
796 1742 949 1771 rerum
966 1724 1251 1788 providentia
1269 1724 1354 1770 Dei
1373 1724 1460 1770 hoc
1477 1724 1608 1770 nobis
1626 1723 1683 1769 de
1707 1734 1751 1770 te
1770 1733 1980 1787 negatum
1998 1724 2073 1782 sit,
2094 1738 2356 1768 concessum
2371 1732 2522 1767 tamen
2569 1766 2576 1771 ,

387 1816 454 1853 est
479 1806 536 1852 de
567 1806 645 1853 illo
674 1817 771 1866 tuo,
798 1807 854 1852 de
883 1805 986 1866 illo,
1011 1807 1222 1870 inquam,
1252 1822 1368 1869 saepe
1393 1823 1445 1852 ac
1466 1823 1645 1870 semper
1672 1823 1775 1852 cum
1798 1806 1974 1852 honore
2006 1804 2286 1851 nominando
2308 1821 2439 1850 servo
2471 1820 2522 1850 ac

388 1904 493 1933 vere
509 1888 676 1934 Christi
696 1887 971 1951 philosopho
995 1888 1210 1950 magistro
1230 1889 1367 1934 Petro
1388 1904 1399 1933 :
1422 1904 1556 1950 quem
1576 1887 1622 1933 in
1643 1886 1812 1933 ultimis
1826 1887 1928 1933 vitae
1943 1903 2034 1932 suae
2052 1886 2181 1932 annis
2196 1885 2353 1931 eadem
2370 1885 2523 1931 divina

389 1969 627 2032 dispositio
647 1968 914 2016 Cluniacum
940 1970 1188 2016 transmisit
1215 1987 1226 2015 z
1248 1979 1293 2015 et
1312 1986 1410 2015 eam
1434 1970 1482 2015 in
1508 1970 1606 2033 ipso
1630 1979 1673 2015 et
1697 1969 1754 2015 de
1780 1969 1878 2032 ipso
1902 1985 2038 2031 super
2053 1984 2187 2014 omne
2211 1984 2372 2013 aurum
2388 1977 2433 2013 et
2456 1978 2526 2014 to-

390 2051 552 2113 pazion
579 2068 765 2097 munere
790 2052 965 2098 cariore
994 2052 1171 2098 ditavit.
1199 2051 1339 2114 Cujus
1365 2062 1547 2111 sanctae,
1574 2050 1735 2097 humili
1762 2068 1815 2098 ac
1843 2050 2017 2097 devotae
2041 2051 2160 2096 inter
2182 2066 2263 2095 nos
2289 2066 2525 2096 conversa-

390 2131 503 2176 tioni
519 2165 532 2190 ,
558 2131 682 2194 quod
708 2142 983 2194 quantumve
1003 2131 1244 2178 Cluniacus
1268 2132 1576 2178 testimonium
1602 2132 1734 2191 ferat,
1755 2130 1903 2178 brevis
1918 2148 2066 2178 sermo
2085 2148 2177 2176 non
2201 2130 2408 2194 explicat.
2429 2129 2527 2176 Nisi

390 2212 513 2257 enim
530 2211 678 2272 fallor,
707 2229 800 2259 non
826 2212 978 2260 recolo
1000 2212 1163 2260 vidisse
1183 2230 1255 2259 me
1279 2211 1343 2258 illi
1367 2213 1414 2258 in
1439 2212 1706 2259 humilitatis
1729 2213 1889 2260 habitu
1909 2223 2094 2276 et‚gestu
2110 2211 2301 2258 similem
2322 2230 2332 2258 :
2355 2212 2402 2257 in
2429 2222 2526 2257 tan·

393 2301 490 2337 tum
506 2302 558 2338 ut
577 2309 659 2339 nec
675 2295 930 2339 Germanus
954 2293 1187 2355 abjectior,
1213 2310 1296 2339 nec
1318 2294 1412 2356 ipse
1439 2293 1665 2340 Martinus
1687 2294 1803 2339 bene
1828 2293 2101 2339 discernenti
2126 2292 2370 2354 pauperior
2390 2309 2529 2355 appa-

394 2382 530 2418 reret.
557 2373 803 2435 Quumque
834 2373 882 2417 in
912 2389 1078 2435 magno
1104 2372 1182 2419 illo
1207 2373 1398 2419 fratrum
1430 2383 1691 2418 nostrorum
1714 2389 1872 2435 grege,
1902 2388 1973 2417 me
1996 2371 2311 2434 compellente,
2338 2372 2527 2434 gradum

395 2453 676 2515 superiorem
695 2463 886 2513 teneret,
903 2451 1089 2499 ultimus
1108 2454 1309 2500 omnium
1327 2454 1491 2500 vestitu
1511 2453 1807 2500 incultissimo
1823 2452 2078 2499 videbatur.
2099 2452 2301 2498 Mirabar
2324 2469 2459 2516 saepe,
2486 2464 2531 2499 et

396 2533 444 2579 in
470 2533 832 2596 processionibus
862 2550 917 2579 eo
948 2550 1021 2579 me
1049 2551 1152 2580 cum
1184 2532 1369 2597 reliquis
1400 2551 1485 2598 pro
1508 2551 1635 2580 more
1665 2533 1973 2597 praecedente,
1997 2550 2112 2596 pene
2141 2531 2393 2595 stupebam,
2414 2534 2528 2579 tanti

398 2624 580 2677 tamque
603 2614 762 2660 famosi
788 2612 985 2680 nominis
1013 2615 1244 2661 hominem
1277 2615 1340 2662 sic
1365 2615 1561 2679 seipsum
1587 2625 1903 2674 contemnere,
1934 2614 1998 2660 sic
2020 2631 2066 2660 se
2085 2614 2277 2676 abjicere
2301 2630 2446 2675 posse.
2472 2615 2530 2660 Et

392 2694 504 2757 vquia
522 2704 626 2741 sunt
643 2694 827 2757 quidam
849 2694 1080 2758 religionis
1106 2696 1379 2758 professores
1394 2732 1406 2755 ,
1433 2697 1511 2759 qui
1535 2697 1683 2759 ipsum
1706 2713 1840 2759 quem
1860 2705 2024 2759 gerunt
2042 2695 2247 2741 habitum
2272 2694 2530 2756 religiosum

400 2772 533 2820 nimis
551 2791 645 2820 esse
662 2774 853 2837 cupiunt
871 2785 1202 2838 sumptuosum,
1222 2786 1319 2822 erat
1347 2774 1421 2821 ille
1445 2793 1631 2839 prorsus
1654 2793 1814 2839 parcus
1837 2775 1885 2821 in
1909 2775 2021 2834 istis,
2048 2784 2092 2820 et
2115 2774 2433 2836 cujuscumque
2455 2791 2531 2837 ge·

401 2854 522 2899 neris
544 2853 735 2917 simplici
751 2864 872 2901 veste
893 2865 1150 2915 contentus,
1173 2855 1237 2901 nil
1253 2855 1372 2902 ultra
1389 2856 1634 2919 quaerebat.
1659 2858 1759 2902 Hoc
1777 2865 1822 2902 et
1845 2855 1892 2901 in
1915 2855 2037 2915 cibo,
2063 2855 2151 2901 hoc
2168 2865 2212 2900 et
2228 2854 2275 2899 in
2293 2864 2423 2916 potu,
2445 2854 2533 2900 hoc

401 2943 446 2979 et
472 2934 519 2980 in
539 2935 665 2980 omni
687 2952 795 2982 cura
815 2937 1020 2999 corporis
1038 2937 1107 2982 sui
1130 2937 1335 2983 servabat
1353 2956 1362 2983 :
1391 2947 1438 2983 et
1459 2954 1553 2983 non
1570 2936 1672 2983 dico
1689 2936 1932 3000 superflua,
1950 2935 2027 2982 sed
2045 2946 2090 2981 et
2112 2945 2271 2981 cuncta
2295 2935 2378 2980 nisi
2404 2933 2532 2981 valde

404 3016 677 3076 necessaria,
704 3027 794 3063 tam
824 3018 869 3062 in
894 3035 940 3064 se
963 3035 1098 3082 quam
1134 3019 1180 3064 in
1214 3019 1425 3066 omnibus
1450 3019 1590 3065 verbo
1610 3019 1780 3081 pariter
1803 3029 1848 3064 et
1866 3018 1957 3064 vita
1977 3017 2237 3063 damnabat.
2266 3017 2422 3063 Lectio
2438 3027 2533 3063 erat

404 3097 443 3142 ei
468 3096 703 3156 continua,
731 3097 877 3143 oratio
899 3098 1129 3161 frequens,
1156 3098 1384 3145 silentium
1398 3100 1523 3162 juge,
1550 3099 1637 3144 nisi
1660 3108 1738 3145 aut
1761 3098 1953 3145 fratrum
1976 3096 2207 3143 familiaris
2231 3096 2430 3156 collatio,
2456 3107 2535 3143 aut

405 3176 460 3222 ad
479 3178 598 3240 ipsos
623 3178 670 3223 in
694 3188 920 3224 conventu
935 3178 991 3225 de
1007 3179 1172 3225 divinis
1194 3178 1400 3242 publicus
1417 3197 1565 3226 sermo
1584 3196 1687 3225 eum
1711 3178 1836 3242 loqui
1858 3178 2096 3242 urgebant.
2135 3179 2423 3224 Sacramenta
2449 3194 2536 3223 coe·

405 3259 549 3318 lestia,
576 3259 842 3306 immortalis
863 3260 982 3323 Agni
1005 3261 1271 3307 sacrificium
1294 3263 1394 3307 Deo
1418 3261 1672 3321 offerendo,
1701 3271 1839 3325 prout
1858 3270 2060 3324 poterat,
2086 3258 2422 3323 frequentabat,
2445 3258 2535 3304 imo

408 3349 646 3402 postquam
668 3340 830 3386 litteris
855 3351 900 3387 et
920 3340 1075 3388 labore
1094 3358 1195 3388 meo
1212 3341 1469 3405 apostolicae
1491 3343 1644 3405 gratiae
1662 3341 1865 3388 redditus
1884 3351 1972 3400 est,
2002 3357 2118 3404 pene
2141 3338 2450 3387 continuabat.
2477 3339 2535 3383 Et

410 3419 518 3481 quid
545 3419 717 3467 multa?
740 3438 866 3468 mens
888 3422 999 3484 ejus,
1026 3420 1179 3485 lingua
1200 3422 1311 3485 ejus,
1339 3439 1453 3486 opus
1475 3424 1586 3485 ejus,
1613 3433 1799 3485 semper
1811 3422 1982 3482 divina,
2003 3439 2180 3484 semper
2204 3419 2530 3483 philosophica,

594 3512 607 3539 1
2299 3500 2352 3541 90
