2970 4152
1272 415 1586 465 APPENDIX.
2395 421 2489 467 723

375 515 566 560 Vineam
596 514 716 577 apud
751 515 977 559 Sesanam,
1009 514 1194 557 Terram
1214 512 1334 557 inter
1356 512 1599 561 Pisiacum¹
1617 521 1663 556 et
1680 511 1871 557 Aizium.
1900 510 2216 561 Molendinum
2229 511 2285 558 de
2306 514 2492 559 Breten-

374 595 521 640 niaco.
551 593 886 651 Molendinum,
908 603 1075 638 terram
1094 602 1139 638 et
1157 601 1336 655 pratum
1362 591 1481 654 apud
1505 578 1845 637 Marcilliacum.
1873 593 2088 637 Octavam
2107 601 2280 654 partem
2295 594 2493 651 nemoris

373 674 430 721 de
453 675 650 733 pisiaco,
677 673 807 720 aliam
830 683 1006 736 parbem
1026 673 1073 719 in
1089 672 1248 718 eodem
1267 687 1468 717 nemore.
1492 672 1558 716 Ex
1580 671 1702 717 dono
1720 671 1939 717 Gualterii
1955 673 2193 735 Rungifer,
2210 682 2406 736 quatuor
2421 690 2492 719 ar·

372 770 550 816 pennos
579 755 719 817 prati,
740 764 786 799 et
810 753 1106 816 quadraginta
1134 751 1301 799 solidos
1331 767 1504 797 census.
1533 753 1598 796 Ex
1632 751 1755 797 douo
1783 750 1995 797 Heloissae
2018 752 2075 797 de
2098 751 2275 811 villari,
2303 762 2486 810 terram,

373 835 549 880 vineam
572 845 620 880 et
642 833 845 880 domum.
875 833 1106 896 Quicquid
1128 831 1396 895 Rodulphus
1420 832 1558 878 Gaius
1576 832 1770 878 habebat
1792 833 1840 877 in
1863 833 2000 878 bosco
2018 835 2053 878 F
2056 834 2242 879 raxineti
2257 869 2271 894 ,
2296 851 2350 879 ex
2369 833 2490 879 dono

374 915 548 978 praefati
564 915 742 961 comitis
762 913 1029 960 Theobaldi.
1057 913 1288 960 Sexdecim
1312 913 1525 959 sextarios
1548 929 1739 958 annonae
1762 913 1808 958 in
1824 912 2087 959 molendino
2106 914 2162 960 de
2187 899 2372 978 Stagno.
2394 915 2493 958 Mo-

372 994 605 1042 lendinum
635 994 694 1040 de
719 995 967 1058 Changeio.
993 994 1267 1052 Quindecim
1291 994 1505 1039 sextarios
1523 1009 1716 1039 annonae
1743 994 1790 1038 in
1815 993 2078 1040 molendino
2101 994 2157 1040 de
2179 994 2358 1041 Planca.
2388 995 2491 1039 Mo·

374 1074 609 1121 leudinum
631 1074 687 1120 de
709 1074 1021 1137 Justigniac02.
1056 1073 1346 1119 Medietatem
1375 1072 1624 1119 molendini
1647 1073 1703 1118 de
1725 1075 1975 1120 Crevecuer
1995 1083 2041 1119 et
2057 1075 2250 1119 vineam.
2274 1073 2493 1119 Medieta-

375 1166 463 1202 tem
494 1155 616 1201 furni
642 1155 1004 1201 Vicecomitissae.
1038 1153 1327 1200 Medietatem
1356 1154 1474 1216 prati
1502 1153 1658 1199 subter
1679 1152 1908 1201 eeclesiam
1931 1155 2083 1200 Sancti
2107 1154 2298 1200 Nicolai.
2326 1155 2492 1199 Vineas

372 1234 523 1282 Paulae
541 1246 588 1281 et
608 1234 904 1293 Emmellinae,
928 1245 1235 1280 tenementum
1260 1235 1382 1280 Petri
1404 1233 1462 1280 de
1478 1234 1623 1293 Valle,
1645 1245 1691 1281 et
1711 1244 1802 1281 tres
1827 1235 2037 1281 denarios
2054 1251 2210 1281 census
2235 1235 2290 1280 de
2313 1237 2487 1280 Ponne.

371 1316 537 1362 Vincas
562 1315 791 1362 Galeherii
815 1316 1105 1362 Cementarii.
1139 1317 1406 1378 Arpennum
1427 1316 1592 1374 vineae,
1627 1326 1672 1362 et
1694 1313 2036 1379 quatuordecim
2058 1316 2266 1362 denarios
2289 1332 2446 1361 census
2469 1332 2493 1360 a

371 1395 691 1442 Frodemundo
710 1396 971 1459 Peregrino.
997 1397 1189 1442 Vineam
1210 1396 1415 1459 Hugonis
1439 1397 1627 1442 Butarii.
1657 1396 1848 1442 Vineam
1877 1395 2107 1443 Rahaldis.
2140 1396 2318 1459 Septem
2337 1396 2494 1458 jugera

371 1485 502 1520 terrae
525 1491 550 1521 a
568 1477 705 1521 Petro
722 1475 778 1520 de
802 1477 978 1521 Ponne.
1008 1476 1218 1534 Quatuor
1230 1475 1391 1538 jugera
1409 1475 1466 1521 ab
1489 1475 1688 1539 Alburge
1707 1475 1764 1521 de
1787 1478 1961 1522 Ponne.
1988 1477 2094 1523 Duo
2109 1476 2267 1541 jugera
2283 1485 2329 1523 et
2343 1491 2493 1521 aream

371 1572 396 1600 a
417 1554 634 1618 praedicto
651 1555 943 1601 Gualcherio.
972 1557 1152 1618 Septem
1167 1556 1326 1619 jugera
1349 1556 1405 1602 ab
1428 1556 1525 1601 Ada
1541 1556 1598 1602 de
1620 1555 1876 1612 Altomuro.
1904 1558 2170 1619 Arpennum
2195 1557 2330 1620 prati,
2357 1566 2402 1602 et
2427 1555 2495 1600 di-

374 1635 585 1693 midium,
612 1647 658 1682 et
679 1636 965 1682 medietatem
988 1636 1149 1682 domus
1179 1636 1237 1682 ab
1272 1636 1523 1683 Emmelina
1553 1637 1818 1683 Rebursata.
1853 1638 2120 1700 Arpennum
2151 1637 2269 1699 prati
2294 1646 2340 1682 et
2362 1636 2494 1681 dimi-

373 1714 500 1760 dium
522 1731 548 1761 a
565 1715 749 1761 Bonade
768 1717 1012 1762 Prouvino.
1052 1718 1237 1762 Pratum
1272 1716 1527 1762 Teodorici.
1557 1718 1757 1762 Domum
1780 1717 1986 1762 Aseranae
2013 1727 2059 1762 et
2086 1715 2295 1779 plateam.
2324 1717 2495 1762 Domos

373 1793 617 1853 Richeldis‚
641 1794 807 1854 Paulae,
835 1796 1039 1858 Hugonis
1064 1797 1254 1853 Butarii‚
1277 1796 1478 1854 Loberii,
1505 1796 1652 1855 Adan,
1669 1797 1855 1842 Joannis
1872 1796 2071 1859 Tyranni
2093 1806 2137 1842 et
2154 1796 2385 1842 dimidiam
2410 1797 2493 1842 do-

373 1890 496 1919 mum
519 1874 765 1921 Sunbardi.
787 1876 988 1922 Domum
1013 1874 1186 1921 Bonelli
1210 1877 1425 1936 Uvaurae,
1448 1886 1493 1922 et
1512 1876 1799 1922 medietatem
1823 1875 2005 1922 alterius
2024 1875 2200 1922 domus.
2226 1877 2336 1922 Tres
2352 1892 2497 1922 came-

373 1971 445 2002 ras
465 1965 512 2001 et
533 1956 707 2001 vineam
727 1955 941 2018 ejusdem.
976 1956 1184 2003 Modium
1216 1974 1367 2003 avenae
1393 1967 1439 2003 et
1459 1957 1619 2021 viginti
1647 1956 1832 2020 gallinas
1855 1973 1880 2003 a
1904 1958 2156 2020 Margareta
2176 1957 2497 2003 vicecomitissa

373 2034 429 2080 de
446 2034 674 2082 Marrolis.
704 2035 1019 2082 Molendinum
1043 2037 1099 2084 de
1115 2038 1309 2084 Roscha.
1335 2038 1557 2098 Quartam
1571 2048 1746 2101 partem
1761 2032 1922 2084 dom'us
1945 2037 2001 2083 ab
2020 2037 2219 2083 Andrea.
2244 2037 2329 2082 Sex
2339 2038 2497 2099 jugera

374 2123 502 2160 terrae
525 2115 570 2161 in
596 2117 767 2179 Campo
794 2116 956 2176 levato,
977 2127 1023 2163 et
1044 2117 1197 2163 decem
1221 2128 1265 2164 et
1287 2127 1392 2164 octo
1400 2117 1560 2181 jugera
1582 2117 1776 2180 desuper
1797 2127 1998 2162 montem
2016 2119 2255 2179 Hanepon.
2277 2116 2496 2174 Quartam

373 2205 545 2257 partem
565 2205 694 2240 terrae
713 2196 770 2241 de
794 2195 1070 2242 Villa-Creu.
1100 2197 1351 2243 Dimidium
1372 2196 1536 2261 plantae
1559 2197 1615 2242 de
1638 2196 1886 2243 Fuliniaco.
1915 2197 1985 2242 Ab
2009 2196 2230 2255 Evrardo‚
2254 2197 2430 2242 vineam
2454 2206 2498 2241 et

374 2274 612 2320 duodecim
636 2275 843 2321 denarios
865 2294 1040 2322 census.
1067 2279 1392 2323 Tenementum
1414 2279 1566 2324 uxoris
1579 2278 1747 2340 Pagani
1770 2276 1953 2335 sellarii,
1977 2287 2021 2322 et
2038 2288 2127 2323 tres
2152 2276 2317 2323 solidos
2341 2294 2496 2324 census

374 2354 493 2416 apud
517 2355 708 2412 Lisinas,
731 2364 776 2399 et
801 2355 986 2400 domum
1005 2355 1202 2417 ejusdem
1225 2357 1393 2419 Pagani
1412 2357 1532 2419 apud
1549 2357 1815 2402 Pruvinum.
1843 2358 2026 2400 Terram
2048 2355 2276 2418 Radulphi
2293 2358 2496 2402 canonici

374 2434 493 2496 apud
527 2434 817 2480 Lizinuiam’.
851 2434 1142 2481 Medietatem
1165 2435 1326 2482 domus
1344 2437 1393 2482 in
1414 2436 1530 2482 atrio
1553 2436 1704 2481 Sancti
1728 2434 1918 2482 Nicolai.
1949 2436 2129 2498 Septem
2152 2435 2318 2481 solidos
2341 2453 2497 2482 census

375 2513 495 2576 apud
533 2512 795 2559 Calestram.
836 2514 1011 2576 Viginti
1046 2513 1213 2560 solidos
1242 2515 1363 2578 apud
1392 2515 1659 2562 Pruvinum.
1698 2515 1873 2578 Viginti
1903 2514 2069 2561 solidos
2102 2515 2222 2578 apud
2253 2516 2493 2563 Lisinnias.

375 2593 555 2655 Septem
580 2603 624 2638 et
649 2593 885 2639 dimidium
905 2610 929 2639 a
948 2595 1101 2640 Tescia
1125 2595 1374 2656 Majorissa.
1398 2596 1567 2641 Decem
1590 2605 1635 2640 et
1657 2605 1827 2658 septem
1857 2594 1912 2639 de
1937 2605 2090 2640 monte
2115 2598 2354 2658 IIenepon.
2376 2597 2497 2655 Qua·

376 2682 482 2718 tuor
505 2672 671 2718 solidos
687 2683 732 2719 et
755 2673 868 2719 duos
891 2673 1101 2720 denarios
1123 2674 1179 2720 de
1199 2675 1360 2722 Buath.
1382 2677 1509 2721 Duos
1526 2674 1692 2721 solidos
1707 2692 1732 2720 a
1749 2674 2000 2720 Godefrido
2022 2676 2294 2722 Monetario.
2323 2676 2497 2739 Viginti

375 2752 542 2799 solidos
574 2754 620 2799 in
652 2754 783 2800 terris
806 2753 1000 2801 Couleti.
1029 2757 1213 2801 Terram
1237 2757 1519 2802 Greviarum.
1561 2758 1627 2801 Ex
1659 2756 1780 2801 dono
1810 2766 2024 2818 praeterea
2053 2757 2244 2802 Hatonis
2267 2757 2497 2802 Trecensis

375 2833 573 2895 episcopi
597 2832 881 2879 medietatem
905 2835 1052 2881 omnis
1078 2834 1262 2881 decimae
1291 2835 1347 2881 de
1378 2846 1532 2881 sancto
1555 2834 1746 2893 Albino,
1770 2845 1814 2880 et
1837 2835 2121 2881 medietatem
2141 2834 2426 2881 candelarum
2450 2835 2497 2880 in

377 2913 690 2976 purificatione
718 2925 880 2961 sanctae
904 2916 1076 2961 Mariae.
1098 2918 1259 2962 Totam
1285 2916 1503 2963 decimam
1520 2916 1576 2962 de
1592 2919 1763 2962 Aneuz.
1792 2915 2021 2979 Quicquid
2046 2918 2205 2962 Petrus
2220 2927 2397 2963 sanctus
2415 2917 2495 2962 ha-

377 2993 515 3039 bebat
536 2994 582 3038 in
606 2993 834 3041 oblatione
859 2994 1065 3042 Ecclesiae
1092 2996 1148 3042 de
1175 2996 1441 3061 Tranqueil‚
1468 3007 1512 3043 et
1539 3007 1712 3060 partem
1741 2996 1925 3042 decimae
1947 2997 2144 3059 ejusdem
2171 2996 2273 3043 loci.
2303 2996 2498 3042 Tertiam

379 3083 550 3136 partem
571 3073 764 3136 praefatae
781 3074 1039 3135 oblationis,
1056 3086 1101 3124 et
1118 3094 1302 3125 censum
1318 3078 1440 3136 atrii,
1460 3088 1505 3123 et
1521 3078 1735 3140 majorem
1754 3087 1926 3140 partem
1946 3077 2130 3123 decimae
2143 3077 2199 3122 de
2214 3076 2492 3139 Parigniaco.

380 3152 616 3216 Quidquid
646 3153 820 3200 habetis
848 3154 895 3200 in
924 3154 1108 3202 decimis
1133 3155 1190 3202 de
1211 3155 1443 3217 Balbusia,
1475 3168 1521 3203 et
1548 3157 1667 3220 apud
1691 3166 1893 3202 sanctum
1928 3158 2118 3202 Parrum
2149 3157 2195 3202 in
2229 3156 2411 3202 decimis
2443 3156 2498 3202 de

380 3228 627 3293 Quinceio,
656 3244 702 3279 et
728 3234 848 3297 apud
873 3234 1090 3282 Ulmellos
1112 3235 1222 3283 duas
1244 3248 1394 3300 partes
1421 3237 1605 3283 decimae
1629 3237 1685 3282 de
1708 3236 1966 3300 Gurgiuolt.
1999 3235 2235 3300 Quidquid
2258 3236 2431 3282 habetis
2449 3237 2496 3280 in

383 3312 554 3359 decima
571 3314 628 3360 de
652 3313 909 3377 Villagruis.
938 3317 1135 3363 Tertiam
1158 3328 1330 3380 partem
1354 3317 1538 3364 decimae
1559 3317 1616 3363 de
1637 3318 1892 3379 Nogennio.
1925 3318 2156 3364 Decimam
2175 3334 2309 3381 quam
2326 3316 2496 3361 habetis

431 3494 438 3510 ¹
466 3494 538 3537 Pssy
559 3503 588 3528 et
611 3496 698 3539 Aisy.
718 3514 752 3520 —
771 3496 782 3513 '
799 3497 940 3539 Jutigny.
969 3515 994 3520 -r
1011 3497 1023 3513 ²
1039 3497 1175 3530 Lisinec.
