2970 4152
862 421 981 469 CUM
1015 420 1188 469 PETRI
1223 420 1540 468 ABAELARDI
1574 418 2009 469 SOLUTIONIBUS·
2407 417 2502 464 293

377 524 514 579 gent,
544 530 605 561 ne
632 529 716 579 per
744 514 840 562 hoc
870 514 1085 563 incidant
1116 515 1166 562 in
1197 513 1493 562 damnabiles
1521 514 1841 580 corruptelas,
1872 521 2084 573 tentante
2111 512 2282 557 Satana
2309 520 2506 575 propter

376 593 776 642 incontinentiam
813 594 888 642 vel
919 594 1198 656 amborum,
1229 595 1306 642 vel
1329 594 1611 660 cujusquam
1639 612 1825 643 eorum.
1858 591 2130 657 Conjugalis
2170 591 2298 639 enim
2331 607 2506 638 concu-

375 672 505 720 bitus
521 673 780 738 generandi
798 674 945 738 gratia
963 691 1064 722 non
1081 674 1228 722 habet
1241 673 1450 740 culpam.
1474 694 1497 719 »
1518 677 1658 723 ltem¹
1679 692 1691 721 ε
1714 695 1738 720 «
1763 673 1978 722 Reddere
1997 672 2213 719 debitum
2227 671 2477 735 conjugale
2491 708 2501 728 ,

376 752 554 801 nullius
571 763 642 801 est
659 754 868 801 criminis
891 772 902 801 :
924 755 1110 820 exigere
1133 764 1293 802 autem
1311 755 1434 802 ultra
1452 755 1712 819 generandi
1730 755 2055 801 necessitatem
2073 752 2223 817 culpae
2243 751 2452 798 venialis.
2481 772 2503 794 »

376 832 510 881 Idem
527 833 595 880 ad
617 837 666 882 V
659 833 929 881 aberianum
948 836 1190 893 Comitem,
1211 834 1271 882 de
1285 836 1479 900 Nuptiis
1495 846 1545 882 et
1560 835 1961 900 Concupiscentia,
1982 832 2105 879 libro
2122 833 2324 897 primo²2
2346 851 2368 875 «
2391 834 2507 889 Quis

377 923 536 961 autem
558 913 732 961 audeat
751 914 909 962 dicere
925 914 1112 962 donum
1135 916 1224 963 Dei
1248 932 1350 963 esse
1372 915 1653 982 peccatum?
1673 915 1839 962 Anima
1858 923 1904 961 et
1923 930 2124 978 corpus,
2146 922 2192 959 et
2210 929 2505 976 quaecunque

375 992 507 1041 bona
533 994 703 1041 animae
726 1003 773 1042 et
799 995 1040 1061 corporis,
1069 996 1345 1044 naturaliter
1368 997 1507 1043 insita
1529 997 1672 1044 etiam
1701 993 2029 1061 peccatoribus
2045 1029 2058 1052 ,
2091 992 2220 1040 dona
2243 993 2332 1040 Dei
2360 1003 2469 1039 suut
2491 1012 2502 1051 ;

376 1075 604 1140 quoniam
620 1077 775 1136 Deus,
796 1092 896 1122 non
913 1076 1001 1142 ipsi
1019 1112 1032 1136 ,
1054 1076 1142 1124 ista
1158 1077 1387 1125 fecerunt.
1405 1080 1477 1125 De
1491 1077 1567 1124 his
1582 1094 1687 1142 quae
1702 1077 1879 1124 faciunt
1898 1075 2080 1123 dictum
2099 1083 2191 1134 est,
2214 1090 2358 1121 omne
2374 1074 2507 1137 quod

375 1171 475 1203 non
495 1165 565 1203 est
581 1171 639 1203 ex
659 1155 779 1218 fide,
799 1166 1049 1222 peccatum
1068 1173 1186 1204 esse.
1205 1157 1334 1205 Absit
1347 1175 1460 1223 ergo
1477 1158 1707 1223 pudicum
1720 1157 1949 1205 veraciter
1965 1157 2081 1216 dici,
2101 1156 2185 1221 qui
2201 1172 2299 1202 non
2313 1166 2508 1221 propter

375 1251 542 1282 verum
572 1238 727 1283 Deum
744 1272 757 1296 ,
784 1235 929 1284 fidem
954 1236 1186 1284 connubii
1209 1249 1364 1285 servat
1389 1239 1540 1285 uxori.
1576 1237 1826 1304 Copulatio
1852 1238 2011 1302 itaque
2036 1236 2180 1283 maris
2209 1245 2257 1283 et
2291 1235 2475 1283 feminae
2493 1272 2504 1293 ,

376 1314 635 1379 generandi
652 1332 791 1364 causa
807 1353 820 1377 ,
847 1316 1032 1365 bonum
1057 1327 1128 1364 est
1154 1317 1369 1366 naturale
1397 1319 1691 1384 nuptiarum.
1719 1317 1813 1365 Sed
1842 1319 1933 1365 isto
1962 1317 2095 1364 bono
2123 1315 2247 1363 male
2269 1315 2433 1373 utitur,
2457 1327 2508 1361 ut

375 1395 436 1441 sit
458 1395 502 1441 ei
525 1395 728 1443 intentio
756 1397 806 1444 in
832 1397 1077 1464 voluptate
1103 1397 1339 1459 libidinis,
1368 1416 1467 1446 non
1498 1399 1547 1446 in
1574 1399 1819 1446 voluntate
1847 1398 2202 1463 propaginis...
2233 1399 2332 1443 Hac
2355 1397 2508 1443 inten-

376 1475 507 1523 tione
525 1476 711 1538 cordis,
740 1478 821 1542 qui
848 1495 990 1526 suum
1013 1495 1095 1526 vas
1120 1479 1359 1544 possidet,
1391 1479 1442 1526 id
1471 1490 1543 1527 est
1571 1480 1825 1544 conjugem
1851 1495 1987 1526 suam
2010 1496 2021 1525 z
2046 1477 2216 1544 procul
2239 1476 2388 1524 dubio
2408 1493 2506 1523 non

376 1555 588 1620 possidet
608 1557 657 1604 in
682 1558 854 1606 morbo
873 1558 1117 1620 desiderii,
1140 1560 1259 1607 sicut
1284 1577 1398 1625 gens
1423 1577 1527 1625 quae
1546 1561 1732 1625 ignorat
1754 1563 1932 1619 Deum,
1959 1559 2042 1607 sed
2068 1559 2116 1605 in
2138 1557 2508 1606 sanctificatione

378 1646 425 1683 et
447 1635 637 1685 honore
657 1674 670 1698 ,
698 1639 819 1687 sicut
845 1638 1010 1688 fideles
1034 1640 1118 1705 qui
1144 1651 1338 1707 sperant
1362 1642 1409 1688 in
1434 1644 1606 1689 Deum.
1643 1641 1728 1689 lllo
1757 1642 1935 1707 quippe
1962 1639 2368 1705 concupiscentiae
2382 1638 2507 1684 malo

378 1717 526 1764 utitur
546 1718 722 1780 homo,
745 1736 845 1767 non
870 1721 1094 1781 vincitur,
1117 1721 1313 1786 quando
1333 1738 1439 1769 eam
1461 1721 1703 1770 inordinat
1726 1731 1809 1768 aut
1832 1720 2069 1768 indecoris
2086 1718 2294 1767 motibus
2311 1728 2509 1766 aestuan-

377 1806 474 1843 tem
498 1797 661 1868 sraenat
684 1809 731 1847 et
754 1799 968 1861 cohibet,
996 1818 1151 1866 neque
1177 1802 1268 1849 nisi
1291 1803 1544 1868 propagini
1566 1801 1822 1850 consulens
1846 1801 2023 1849 relaxat
2045 1810 2187 1865 atque
2211 1798 2427 1857 adhibet,
2457 1811 2509 1845 ut

376 1877 679 1942 spiritualiter
700 1880 1052 1944 regenerandos
1076 1879 1328 1929 carnaliter
1352 1883 1535 1947 gignat,
1558 1899 1656 1930 non
1685 1893 1737 1929 ut
1761 1883 1979 1947 spiritum
2005 1882 2136 1930 carni
2154 1879 2348 1928 sordida
2367 1882 2508 1927 servi·

378 1966 479 2004 tute
502 1956 757 2023 subjiciat³.
784 1978 807 2004 »
834 1963 953 2008 Item
976 1961 1037 2009 de
1059 1961 1283 2026 conjugio
1308 1962 1486 2028 Joseph
1505 1973 1552 2010 et
1576 1963 1781 2010 Mariae⁴t
1810 1982 1834 2008 «
1856 1966 2013 2010 Omne
2033 1962 2307 2027 nuptiarum
2323 1960 2508 2008 bonum

376 2036 628 2103 impletum
659 2038 805 2087 estin
837 2040 927 2087 illis
957 2041 1235 2106 parentibus
1265 2041 1467 2103 Christi,
1503 2042 1686 2108 proles,
1727 2042 1872 2099 fides,
1911 2052 2279 2109 sacramentum.
2320 2041 2507 2089 Prolem

376 2120 710 2182 cognoscimus
738 2121 896 2185 ipsum
923 2121 1187 2169 Dominum
1214 2125 1402 2182 Jesum,
1443 2123 1614 2181 fidem,
1649 2123 1761 2187 quia
1792 2122 1978 2170 nullum
2005 2122 2292 2170 adulterium
2312 2159 2324 2182 ,
2359 2138 2509 2169 sacra-

376 2208 616 2260 mentum,
639 2201 751 2265 quia
769 2201 955 2249 nullum
982 2201 1258 2250 divortium.
1280 2203 1418 2250 Solus
1437 2203 1503 2250 ibi
1528 2203 1753 2269 nuptialis
1771 2203 2055 2250 concubitus
2073 2219 2172 2251 non
2193 2203 2300 2264 fuit,
2330 2204 2442 2268 quia
2461 2205 2507 2249 in

376 2294 518 2326 carne
546 2281 728 2345 peccati
755 2280 858 2329 fieri
885 2298 985 2329 non
1017 2292 1230 2348 poterat,
1262 2283 1364 2331 sine
1392 2283 1471 2331 illa
1495 2284 1651 2331 carnis
1675 2284 2087 2349 concupiscentia,
2119 2300 2224 2348 quae
2254 2283 2426 2331 accidit
2453 2301 2508 2330 ex

375 2369 595 2423 peccato,
624 2361 725 2409 sine
752 2378 848 2426 qua
873 2363 1064 2429 concipi
1097 2363 1272 2424 voluit,
1310 2364 1395 2429 qui
1424 2363 1610 2412 futurus
1640 2374 1741 2412 erat
1768 2365 1869 2412 sine
1901 2374 2123 2430 peccato,
2158 2382 2257 2412 non
2289 2365 2337 2412 in
2366 2381 2508 2412 carne

376 2443 580 2506 peccati,
603 2443 687 2491 sed
706 2444 754 2491 in
772 2444 1081 2494 similitudine
1103 2447 1257 2494 carnis
1281 2448 1463 2512 peccati
1482 2466 1492 2494 ε
1515 2458 1567 2494 ut
1581 2446 1696 2494 hinc
1715 2447 1858 2495 etiam
1877 2447 2071 2495 doceret
2089 2464 2282 2495 omnem
2294 2483 2306 2507 ,
2327 2464 2432 2512 quae
2449 2449 2508 2494 de

377 2522 635 2571 concubitu
654 2525 880 2584 nascitur,
899 2542 1093 2574 carnem
1115 2543 1217 2574 esse
1236 2527 1439 2592 peccati:
1456 2527 1856 2592 quandoquidem
1872 2563 1884 2587 ,
1907 2527 2007 2575 sola
2025 2544 2129 2592 quae
2149 2544 2248 2575 non
2268 2527 2381 2575 inde
2399 2539 2508 2575 nata

377 2612 473 2661 est,
501 2619 601 2650 non
620 2591 838 2674 fuit-card
860 2606 1058 2671 peccati.
1082 2607 1310 2664 Quamvis
1336 2607 1596 2671 conjugalis
1614 2606 1898 2654 concubitus
1914 2643 1926 2667 ‚
1953 2608 2037 2672 qui
2062 2606 2111 2655 fit
2137 2608 2400 2655 intentione
2425 2626 2505 2672 ge—

376 2682 603 2743 nerandi,
631 2700 730 2731 non
757 2684 817 2731 sit
835 2685 934 2750 ipse
953 2695 1201 2750 peccatum
1223 2703 1233 2732 :
1257 2686 1368 2750 quia
1390 2685 1519 2734 bona
1541 2686 1761 2734 voluntas
1776 2688 1923 2734 animi
1941 2697 2217 2752 sequentem
2244 2688 2393 2748 ducit,
2420 2706 2508 2735 nec

377 2762 634 2812 ducentem
659 2766 872 2830 sequitur
895 2782 1070 2832 corpus
1093 2766 1386 2832 voluptatem
1405 2804 1417 2828 ,
1447 2784 1535 2815 nec
1560 2768 1827 2815 humanum
1851 2767 2100 2816 arbitrium
2126 2768 2326 2817 trahitur
2348 2769 2509 2834 subju—

378 2853 518 2909 gante
545 2854 769 2910 peccato,
801 2863 951 2910 quum
974 2846 1101 2910 juste
1128 2847 1358 2912 redigitur
1387 2847 1437 2894 in
1466 2865 1606 2895 usum
1636 2847 1895 2913 generandi
1921 2849 2059 2914 plaga
2083 2850 2280 2915 peccati.
2317 2869 2339 2895 »
2368 2853 2509 2898 ltem⁵

376 2923 438 2971 de
455 2940 513 2971 eo
533 2924 666 2988 quod
685 2924 798 2972 dicit
818 2925 1123 2991 Apostolus⁶z
1145 2931 1282 2974 «Hoc
1301 2937 1460 2975 autem
1480 2927 1590 2975 dico
1608 2928 1875 2975 secundum
1892 2928 2104 2988 veniam,
2123 2946 2222 2977 non
2241 2930 2505 2978 secundum

380 3023 403 3049 «
430 3005 703 3070 imperium.
730 3024 752 3049 υ
776 3004 868 3052 Ubi
893 3022 1007 3070 ergo
1025 3006 1184 3055 danda
1207 3017 1276 3055 est
1300 3008 1463 3066 venia,
1493 3008 1673 3073 aliquid
1701 3026 1803 3057 esse
1833 3009 1982 3075 culpae
2009 3009 2140 3057 nulla
2162 3011 2346 3058 ratione
2367 3026 2507 3075 nega-

376 3085 519 3133 bitur.
539 3087 700 3143 Quum
716 3086 858 3150 igitur
874 3086 1121 3152 culpabilis
1137 3104 1236 3135 non
1253 3089 1311 3135 sit
1329 3088 1586 3153 generandi
1606 3090 1870 3137 intentione
1888 3089 2171 3138 concubitus
2183 3126 2195 3150 ‚
2213 3092 2294 3155 qui
2314 3092 2507 3157 proprie

377 3169 554 3235 nuptiis
578 3169 888 3235 imputandus
912 3179 1011 3231 est;
1044 3170 1161 3235 quid
1189 3171 1456 3219 secundum
1484 3172 1672 3219 veniam
1701 3171 1922 3219 concedit
1947 3171 2225 3237 Apostolus,
2254 3174 2343 3220 nisi
2374 3173 2505 3238 quod

377 3250 628 3315 conjuges,
657 3250 775 3298 dum
800 3268 851 3299 se
878 3268 978 3299 non
1004 3252 1278 3314 continent,
1309 3253 1523 3301 debitum
1558 3252 1618 3300 ab
1650 3252 1877 3301 alterutro
1908 3252 2064 3300 carnis
2090 3264 2376 3319 exposcunt,
2405 3270 2503 3302 non

422 3456 430 3472 ¹
458 3456 602 3490 Corinth.
622 3457 656 3496 l,
669 3467 743 3502 cap.
766 3468 806 3491 vn
820 3484 828 3499 ‚
847 3469 878 3492 v.
895 3460 929 3492 6.
951 3478 984 3484 -
1005 3457 1018 3475 ¹
1036 3458 1116 3503 Cap.
1135 3470 1190 3501 ni,
1209 3460 1290 3503 Opp.
1309 3467 1334 3494 t.
1355 3460 1382 3493 X
1398 3486 1406 3501 ‚
1467 3460 1561 3497 ibid„
1575 3459 1638 3494 col.
1656 3461 1753 3494 287.-
1781 3453 2072 3505 ’6ὲρ.κιν,11>ἰά.,
2087 3462 2150 3496 col.
2164 3463 2305 3496 ⁶288.—·
2319 3463 2461 3498 Corinth.
2476 3463 2500 3500 1,

376 3511 440 3544 eol.
459 3512 591 3546 281.-
608 3512 717 3558 ⁸Cap.
740 3525 814 3555 vm,
837 3513 933 3557 ibid.¹
958 3514 1022 3550 col.
1049 3517 1128 3550 284.
1146 3533 1185 3541 -
1206 3515 1221 3534 ⁴
1236 3517 1319 3562 Cap.
1339 3528 1384 3550 ιιι
1397 3543 1407 3560 ,
1470 3528 1544 3562 cap.
1562 3528 1626 3558 vn,
1648 3529 1677 3552 v.
1695 3519 1728 3552 6.
