2970 4152
514 407 609 453 450
815 363 827 379 =
1315 401 1487 448 PETRI
1521 401 1835 450 ABAELARDI

518 515 617 545 non
641 497 862 547 differens
876 532 888 557 ,
924 495 1176 542 materialis
1205 494 1346 559 gladii
1370 495 1628 543 vindictam
1657 506 1853 562 usurpat
1878 495 1964 543 sibi
1989 510 2291 560 nequaquam
2313 495 2632 542 commissam.

516 577 654 625 Unde
680 587 726 624 et
749 594 776 624 a
798 576 1007 623 Domino
1031 575 1131 622 sine
1157 591 1292 623 mora
1319 576 1585 647 corrigitur.
1608 575 1753 634 Quod
1777 586 1937 623 tamen
1959 591 2059 622 non
2082 585 2209 622 recte
2234 584 2348 621 tunc
2366 584 2550 638 gestum
2569 584 2639 622 est

516 659 563 704 in
592 674 765 722 opere,
785 657 834 703 in
859 656 1084 720 mysterio
1104 672 1310 703 vacuum
1333 666 1403 704 est
1428 657 1766 721 assumptione.
1788 659 1913 703 Luca
1935 656 2114 721 quippe
2137 655 2388 715 referente,
2415 655 2638 702 novimus

517 737 640 784 duos
665 736 846 801 gladios
861 736 911 783 in
934 753 1070 784 coena
1088 736 1283 783 Domini
1306 736 1462 784 fuisse.
1486 737 1562 783 Sic
1578 737 1755 802 quippe
1772 737 2001 801 scriptum
2018 745 2088 783 est
2104 734 2166 783 de
2181 735 2391 783 Domino
2406 771 2418 795 ,
2440 745 2488 782 et
2502 734 2640 782 disci-

515 817 667 880 pulis:
695 836 717 861 «
738 819 795 863 Et
814 816 930 863 dixit
955 817 1044 863 eis¹
1067 834 1077 863 :
1102 835 1125 861 «
1147 817 1354 874 Quando
1380 818 1487 864 misi
1510 834 1596 865 vos
1621 818 1721 865 sine
1747 817 1936 865 sacculo
1952 853 1964 877 ,
1994 826 2040 864 et
2064 833 2204 882 pera,
2232 827 2280 864 et
2301 815 2636 874 calciamentis,

519 897 772 962 «nunquid
790 897 940 946 defuit
959 897 1124 945 vobis?
1138 917 1161 941 »
1179 901 1234 945 At
1252 898 1320 945 1111
1341 898 1563 946 dixerunt
1584 917 1593 945 :
1616 918 1639 944 «
1657 898 1800 945 Nihil.
1825 917 1848 942 »
1869 898 1996 945 Dixit
2015 914 2128 962 ergo
2146 898 2233 945 eis:
2250 918 2275 942 «
2297 897 2391 944 Sed
2409 912 2539 943 nunc
2557 896 2640 960 qui

520 998 543 1023 «
556 978 700 1026 habet
714 978 974 1040 sacculum,
989 978 1123 1026 tollat
1135 979 1347 1027 similiter
1360 990 1406 1027 et
1421 995 1603 1044 peram,
1618 990 1663 1026 et
1673 979 1755 1043 qui
1771 995 1870 1026 non
1886 978 2048 1040 habet,
2070 978 2245 1026 vendat
2259 978 2471 1026 tunicam
2483 993 2637 1036 suam,

519 1070 601 1107 «et
627 1070 753 1107 emat
777 1059 1003 1124 gladium.
1032 1060 1152 1108 Dico
1175 1061 1304 1108 enim
1323 1060 1485 1120 vobis,
1521 1060 1750 1124 quoniam
1768 1059 1927 1107 adhuc
1947 1060 2080 1125 quod
2105 1060 2334 1124 scriptum
2358 1068 2430 1106 est
2452 1066 2643 1122 oportet

519 1159 540 1205 ‘⁴‘
556 1139 744 1205 impleri
762 1140 811 1186 in
832 1156 910 1187 me
928 1158 938 1187 :
960 1143 1048 1187 «Et
1066 1157 1177 1187 cum
1195 1141 1368 1205 iniquis
1389 1140 1641 1206 deputatus
1660 1150 1779 1188 est.»
1802 1141 1989 1188 Etenim
2006 1157 2060 1187 ea
2079 1157 2184 1205 quae
2198 1149 2308 1186 sunt
2326 1138 2387 1187 de
2403 1155 2481 1185 me
2496 1136 2642 1184 finem

519 1240 541 1264 ι(
555 1220 749 1268 habent.
761 1239 784 1266 »
800 1223 855 1269 At
875 1220 942 1268 illi
955 1221 1175 1268 dixerunt
1193 1240 1202 1267 :
1222 1222 1486 1282 «Domine,
1503 1238 1612 1269 ecce
1626 1221 1724 1268 duo
1744 1221 1886 1286 gladii
1900 1221 1994 1268 hic.
2019 1241 2042 1266 »
2061 1224 2116 1268 At
2135 1220 2212 1277 ikle
2231 1219 2350 1267 dixit
2373 1219 2465 1266 eis:
2490 1218 2645 1265 «Satis

518 1321 539 1345 «
558 1311 643 1348 est.
655 1320 679 1346 »
689 1304 965 1366 Etegressus
980 1300 1080 1349 ibat
1096 1301 1362 1349 secundum
1377 1302 1775 1350 consuetudinem
1785 1303 1834 1349 in
1850 1312 2063 1349 montem
2078 1301 2341 1349 Olivarum.
2354 1298 2515 1345 Secuti
2530 1306 2641 1344 sunt

515 1392 675 1429 autem
699 1382 834 1429 illum
861 1392 906 1429 et
922 1382 1156 1448 discipuli.
1182 1402 1206 1427 »
1228 1382 1452 1430 Saeculus
1477 1383 1630 1447 major
1646 1393 1715 1430 est
1732 1399 1878 1448 quam
1896 1399 2036 1447 pera,
2064 1392 2111 1429 et
2129 1381 2240 1429 ideo
2266 1379 2558 1427 necessarius
2578 1388 2648 1426 est

514 1461 575 1507 ad
596 1461 916 1526 plurimorum
945 1463 1170 1510 viaticum
1194 1462 1524 1510 deferendum.
1550 1467 1667 1510 Pera
1685 1480 1800 1511 vero
1822 1462 2017 1527 singulis
2048 1461 2264 1509 sufficere
2290 1460 2493 1508 videtur.
2522 1461 2648 1506 Bene

513 1558 625 1605 ergo
659 1543 917 1603 DominuS,
945 1543 1062 1590 dum
1088 1559 1294 1608 praesens
1318 1543 1397 1590 hic
1421 1553 1566 1604 esset,
1594 1560 1763 1590 eorum
1786 1542 2217 1591 necessitudinibus
2253 1541 2454 1588 omnino
2489 1539 2650 1604 provi—

512 1621 677 1682 debat,
701 1639 762 1670 ne
788 1623 905 1687 quid
932 1623 999 1670 eis
1021 1623 1071 1670 in
1090 1623 1167 1670 via
1191 1623 1375 1671 deferre
1398 1625 1719 1671 necessarium
1741 1634 1887 1684 esset,
1911 1633 1965 1670 ut
1984 1634 2094 1688 post
2121 1623 2222 1686 ejus
2250 1637 2490 1669 recessum
2510 1636 2538 1666 a
2554 1630 2648 1667 ter·

512 1704 599 1762 ris,
624 1713 756 1750 tanto
783 1703 883 1766 ejus
902 1704 1149 1771 praesentia
1176 1703 1379 1769 amplius
1405 1715 1644 1752 amaretur
1668 1721 1723 1751 ac
1751 1704 2118 1762 desideraretur,
2148 1712 2329 1767 quanto
2353 1701 2405 1748 hi
2429 1717 2536 1749 eam
2559 1699 2648 1748 sibi

514 1783 660 1847 magis
678 1784 993 1830 necessariam
1011 1785 1192 1849 experti
1208 1784 1410 1831 fuerant.
1429 1784 1558 1831 «Sed
1576 1802 1707 1831 nunc
1727 1785 1809 1848 qui
1824 1783 1987 1843 habet,
2008 1802 2031 1828 »
2043 1784 2139 1830 hoc
2152 1784 2294 1830 etiam
2307 1782 2534 1847 deinceps
2549 1791 2646 1829 tam

513 1862 858 1928 vobismetipsis
879 1880 1025 1927 quam
1044 1863 1146 1910 aliis
1161 1864 1210 1910 in
1229 1881 1344 1928 pera
1361 1863 1436 1910 vel
1455 1863 1643 1910 sacculo
1661 1863 1908 1928 providete
1928 1863 2168 1911 sumendo
2191 1881 2200 1909 :
2228 1882 2250 1908 t<
2271 1872 2318 1910 et
2340 1863 2423 1926 qui
2439 1878 2539 1909 non
2559 1860 2645 1907 ha-

512 1942 607 2002 bet,
629 1964 652 1988 »
673 1944 876 1992 subaudi
895 1943 1136 1991 sacculum
1153 1943 1228 1990 vel
1244 1959 1410 2008 peram
1432 1942 1559 1990 unde
1578 1960 1858 2008 comparare
1876 1943 2086 2007 gladium
2103 1943 2270 2008 possit,
2291 1941 2508 1989 «vendat
2519 1941 2646 1988 tuni-

513 2040 634 2083 cam,
659 2044 682 2069 »
709 2041 814 2089 quae
835 2025 984 2089 magis
1002 2024 1267 2072 necessaria
1294 2024 1500 2084 videtur,
1530 2034 1582 2071 ut
1604 2024 1720 2071 hinc
1746 2041 1857 2071 eum
1876 2034 2017 2071 emat.
2047 2023 2192 2082 Quod
2217 2022 2413 2088 quidem
2423 2022 2557 2086 juxta
2578 2021 2651 2068 lit-

514 2116 688 2164 teram,
711 2115 763 2152 ut
781 2106 1027 2170 sequentia
1051 2105 1260 2152 innuunt
1275 2140 1287 2164 ,
1314 2104 1379 2151 ob
1403 2105 1498 2151 hoc
1521 2104 1710 2152 videtur
1734 2105 1917 2154 dictum
1932 2142 1944 2165 ,
1967 2115 2020 2152 ut
2046 2121 2197 2170 quum
2218 2104 2388 2151 armati
2405 2102 2468 2150 ad
2485 2102 2648 2150 locum

515 2185 781 2232 traditionis
803 2187 1046 2249 venirent,
1075 2195 1208 2232 tanto
1235 2185 1389 2248 major
1412 2186 1638 2249 patientia
1661 2186 1856 2232 Domini
1878 2185 2179 2250 probaretur,
2200 2193 2382 2248 quanto
2406 2183 2651 2248 potentior

516 2267 616 2330 ipse
641 2266 824 2313 veniret
848 2267 897 2312 in
922 2282 1006 2313 sua
1025 2265 1319 2313 defensione.
1345 2266 1510 2312 Finem
1535 2265 1714 2312 habent
1729 2302 1741 2326 ,
1770 2265 1821 2313 id
1846 2276 1917 2312 est
1941 2265 2406 2312 consummationem
2422 2298 2435 2324 ‚
2471 2273 2524 2310 ut
2550 2263 2650 2328 ipsa

518 2347 679 2393 omnia
707 2344 1014 2411 perficiantur
1044 2346 1094 2392 in
1123 2363 1201 2392 me
1223 2362 1329 2410 quae
1356 2347 1531 2411 scripta
1562 2357 1674 2393 sunt
1699 2346 1759 2394 de
1784 2363 1878 2393 me.
1902 2349 2010 2392 Duo
2042 2355 2202 2393 autem
2229 2344 2372 2409 gladii
2390 2343 2457 2391 illi
2479 2344 2578 2391 sive
2602 2344 2649 2389 in

517 2444 652 2474 coena
676 2427 870 2474 Domini
893 2426 1087 2473 fortuitu
1117 2427 1320 2491 reperti,
1350 2427 1448 2474 sive
1480 2426 1540 2474 ab
1572 2427 1807 2491 aliquibus
1832 2426 2178 2492 discipulorum
2194 2462 2207 2486 ,
2236 2426 2517 2472 imminente
2543 2431 2652 2489 p'as-

518 2509 667 2568 sione,
689 2507 751 2555 ad
767 2507 1117 2572 protectionem
1134 2506 1228 2554 illic
1247 2507 1390 2568 allati,
1413 2507 1536 2555 duos
1555 2508 1605 2554 in
1621 2507 1830 2555 Ecclesia
1847 2507 2029 2571 gladios
2048 2505 2341 2571 significant,
2358 2504 2650 2552 materialem

518 2605 614 2652 quo
640 2605 722 2635 rex
745 2588 891 2635 utitur
922 2588 971 2634 in
999 2587 1207 2635 vindicta
1231 2588 1498 2653 corporali,
1527 2599 1573 2636 et
1595 2588 1854 2654 spiritalem
1882 2605 1980 2652 quo
2009 2588 2219 2634 animam
2238 2586 2460 2634 sacerdos
2486 2600 2653 2650 percu·
2719 2591 2721 2594 “

519 2668 572 2714 tit
587 2684 672 2733 per
692 2667 974 2714 sententiam
995 2668 1518 2716 excommunicationis.
1536 2671 1675 2716 Hunc
1691 2667 1947 2734 spiritalem
1969 2667 2180 2732 gladium
2199 2670 2365 2714 Petrus
2383 2679 2646 2722 assumens,

519 2748 778 2796 auriculam
802 2748 903 2811 ejus
928 2748 1143 2795 dextram
1166 2748 1388 2809 abscidit,
1418 2750 1500 2814 qui
1529 2749 1755 2797 adversus
1785 2749 2024 2797 Christum
2049 2749 2205 2808 venit,
2234 2747 2346 2812 quia
2370 2746 2454 2810 qui
2480 2743 2651 2791 Christi

520 2831 784 2878 contrarius
810 2839 880 2876 est
904 2830 1150 2895 praeceptis
1165 2866 1177 2889 ,
1209 2831 1444 2877 sententia
1474 2831 1715 2879 feriendus
1741 2841 1811 2878 est
1834 2830 2148 2877 anathematis
2172 2848 2181 2876 :
2204 2838 2251 2877 et
2280 2829 2346 2875 sic
2377 2827 2420 2874 ei
2442 2824 2652 2873 auricula

521 2911 683 2959 dextra
709 2920 1000 2977 amputatur,
1033 2910 1150 2957 dum
1185 2927 1213 2957 a
1246 2911 1396 2958 divini
1423 2912 1557 2960 verbi
1587 2912 1923 2978 praedicatione
1950 2921 2241 2970 removetur,
2270 2918 2316 2956 et
2356 2908 2400 2955 ei
2436 2905 2654 2954 Ecclesiae

521 2992 676 3038 aditus
695 2990 1008 3039 interdicitur.
1033 2990 1229 3037 Sinistra
1261 2991 1439 3056 quippe
1469 2993 1596 3039 auris
1631 3002 1728 3052 est,
1754 3008 1849 3056 qua
1872 2992 2071 3039 terrenis
2093 2989 2412 3047 intendimus,
2447 2985 2565 3032 dum
2593 2984 2656 3031 de

523 3071 595 3117 his
620 3071 914 3118 instruimur.
954 3074 1159 3119 Dextera
1187 3087 1302 3118 vero
1336 3072 1463 3118 auris
1495 3082 1566 3119 est
1583 3109 1596 3132 ,
1631 3089 1736 3136 quae
1763 3071 1837 3119 his
1864 3071 2082 3119 auditum
2111 3069 2317 3136 praebet,
2347 3083 2452 3131 quae
2472 3065 2534 3112 de
2551 3081 2653 3111 scoe-

497 3140 739 3212 ’lestibus,
762 3152 837 3200 vel
860 3169 966 3217 quae
997 3152 1060 3199 ad
1082 3152 1283 3199 salutem
1311 3152 1480 3199 animae
1507 3154 1775 3218 pertinent,
1798 3153 2132 3219 praedicantur.
2162 3150 2307 3208 Quod
2341 3164 2454 3218 ergo
2490 3150 2654 3193 Petrus

525 3233 639 3295 egit,
668 3232 884 3295 quamvis
911 3233 961 3279 in
985 3249 1132 3298 opere
1157 3233 1216 3279 sit
1238 3232 1692 3298 reprehendendum
1710 3271 1722 3294 ,
1748 3235 1797 3280 in
1824 3232 2049 3297 mysterio
2080 3241 2239 3278 tamen
2265 3237 2335 3276 est
2364 3225 2651 3274 officiosum.

529 3311 750 3359 Officium
760 3313 953 3377 ,quippe
978 3313 1153 3361 dicitur
1172 3323 1304 3369 actus
1322 3314 1494 3379 cuique
1510 3331 1726 3380 personae
1745 3331 2002 3379 congruus.
2027 3316 2152 3360 Bene
2171 3320 2330 3358 autem
2349 3308 2474 3355 auris
2491 3306 2654 3354 dextra

581 3488 590 3504 ¹
616 3491 711 3530 Luc„
729 3500 800 3532 cap.
820 3501 888 3522 xxti
907 3516 915 3529 ,
929 3501 960 3522 v.
978 3492 1034 3524 35.
