<?xml version="1.0" encoding="UTF-8"?>
<!DOCTYPE html PUBLIC "-//W3C//DTD XHTML 1.0 Transitional//EN"
    "http://www.w3.org/TR/xhtml1/DTD/xhtml1-transitional.dtd">
<html xmlns="http://www.w3.org/1999/xhtml" xml:lang="en" lang="en">
 <head>
  <title>
</title>
<meta http-equiv="Content-Type" content="text/html;charset=utf-8" />
  <meta name='ocr-system' content='tesseract 3.04.00' />
  <meta name='ocr-capabilities' content='ocr_page ocr_carea ocr_par ocr_line ocrx_word'/>
</head>
<body>
  <div class='ocr_page' id='page_1' title='image "./operahactenusseo01abeluoft_0285.png"; bbox 0 0 2970 4152; ppageno 0'>
   <div class='ocr_carea' id='block_1_1' title="bbox 834 436 2455 495">
    <p class='ocr_par' dir='ltr' id='par_1_1' title="bbox 834 436 2455 495">
     <span class='ocr_line' id='line_1_1' title="bbox 834 436 2455 495; baseline -0.003 0"><span class='ocrx_word' id='word_1_1' title='bbox 834 449 952 495; x_wconf 91' lang='lat' dir='ltr'>CUM</span> <span class='ocrx_word' id='word_1_2' title='bbox 986 444 1156 494; x_wconf 76' lang='lat' dir='ltr'>PETRI</span> <span class='ocrx_word' id='word_1_3' title='bbox 1170 447 1176 483; x_wconf 75' lang='grc' dir='ltr'>ἰ</span> <span class='ocrx_word' id='word_1_4' title='bbox 1194 441 1507 493; x_wconf 60' lang='lat' dir='ltr'>ARAEEARDI</span> <span class='ocrx_word' id='word_1_5' title='bbox 1532 436 1975 491; x_wconf 65' lang='lat' dir='ltr'>SOLUOElONlBUS.</span> <span class='ocrx_word' id='word_1_6' title='bbox 2371 445 2455 490; x_wconf 69' lang='lat'>274</span> 
     </span>
    </p>
   </div>
   <div class='ocr_carea' id='block_1_2' title="bbox 1102 590 1735 629">
    <p class='ocr_par' dir='ltr' id='par_1_2' title="bbox 1102 590 1735 629">
     <span class='ocr_line' id='line_1_2' title="bbox 1102 590 1735 629; baseline -0.005 -6"><span class='ocrx_word' id='word_1_7' title='bbox 1102 592 1343 623; x_wconf 74' lang='lat' dir='ltr'><strong>PROBLEMA</strong></span> <span class='ocrx_word' id='word_1_8' title='bbox 1371 590 1618 629; x_wconf 66' lang='grc' dir='ltr'><strong>ἨΕΒΟῙΕδΕ</strong></span> <span class='ocrx_word' id='word_1_9' title='bbox 1634 591 1716 620; x_wconf 81' lang='lat' dir='ltr'>XX.</span> <span class='ocrx_word' id='word_1_10' title='bbox 1731 595 1735 598; x_wconf 74' lang='grc'>’</span> 
     </span>
    </p>
   </div>
   <div class='ocr_carea' id='block_1_3' title="bbox 349 674 2466 968">
    <p class='ocr_par' dir='ltr' id='par_1_3' title="bbox 349 674 2466 904">
     <span class='ocr_line' id='line_1_3' title="bbox 404 674 2466 741; baseline -0.004 -14.167"><span class='ocrx_word' id='word_1_11' title='bbox 404 681 679 737; x_wconf 66' lang='lat' dir='ltr'>:Quaerimus</span> <span class='ocrx_word' id='word_1_12' title='bbox 702 689 753 726; x_wconf 75' lang='lat' dir='ltr'>et</span> <span class='ocrx_word' id='word_1_13' title='bbox 766 677 883 725; x_wconf 87' lang='lat' dir='ltr'>illud</span> <span class='ocrx_word' id='word_1_14' title='bbox 898 710 912 737; x_wconf 87' lang='lat'>,</span> <span class='ocrx_word' id='word_1_15' title='bbox 935 676 1150 741; x_wconf 62' lang='lat' dir='ltr'>gquod‘in</span> <span class='ocrx_word' id='word_1_16' title='bbox 1163 674 1733 740; x_wconf 50' lang='lat' dir='ltr'>sequentibus&#39;adjungit¹</span> <span class='ocrx_word' id='word_1_17' title='bbox 1759 691 1821 721; x_wconf 50' lang='lat' dir='ltr'>ta«</span> <span class='ocrx_word' id='word_1_18' title='bbox 1835 675 2015 721; x_wconf 69' lang='lat' dir='ltr'>vOmnia</span> <span class='ocrx_word' id='word_1_19' title='bbox 2033 689 2147 738; x_wconf 70' lang='lat' dir='ltr'>ergo</span> <span class='ocrx_word' id='word_1_20' title='bbox 2171 689 2466 738; x_wconf 72' lang='lat' dir='ltr'>quaecunque</span> 
     </span>
     <span class='ocr_line' id='line_1_4' title="bbox 349 754 2460 819; baseline -0.004 -12"><span class='ocrx_word' id='word_1_21' title='bbox 349 759 501 807; x_wconf 78' lang='lat' dir='ltr'>vultis</span> <span class='ocrx_word' id='word_1_22' title='bbox 513 770 563 807; x_wconf 91' lang='lat' dir='ltr'>ut</span> <span class='ocrx_word' id='word_1_23' title='bbox 580 760 749 807; x_wconf 69' lang='lat' dir='ltr'>faciant</span> <span class='ocrx_word' id='word_1_24' title='bbox 763 757 898 805; x_wconf 84' lang='lat' dir='ltr'>vobis</span> <span class='ocrx_word' id='word_1_25' title='bbox 907 757 1156 815; x_wconf 86' lang='lat' dir='ltr'>homines,</span> <span class='ocrx_word' id='word_1_26' title='bbox 1160 765 1233 803; x_wconf 65' lang='lat' dir='ltr'>*tet</span> <span class='ocrx_word' id='word_1_27' title='bbox 1242 771 1345 802; x_wconf 75' lang='lat' dir='ltr'>vos</span> <span class='ocrx_word' id='word_1_28' title='bbox 1351 755 1495 802; x_wconf 77' lang='lat' dir='ltr'>facite</span> <span class='ocrx_word' id='word_1_29' title='bbox 1502 754 1609 802; x_wconf 82' lang='lat' dir='ltr'>illis.-</span> <span class='ocrx_word' id='word_1_30' title='bbox 1630 758 1748 802; x_wconf 86' lang='lat' dir='ltr'>Haec</span> <span class='ocrx_word' id='word_1_31' title='bbox 1757 765 1833 802; x_wconf 89' lang='lat' dir='ltr'>est</span> <span class='ocrx_word' id='word_1_32' title='bbox 1842 755 1971 801; x_wconf 86' lang='lat' dir='ltr'>enim</span> <span class='ocrx_word' id='word_1_33' title='bbox 1986 754 2075 801; x_wconf 86' lang='lat' dir='ltr'>lex</span> <span class='ocrx_word' id='word_1_34' title='bbox 2083 764 2135 801; x_wconf 88' lang='lat' dir='ltr'>et</span> <span class='ocrx_word' id='word_1_35' title='bbox 2152 754 2460 819; x_wconf 69' lang='lat' dir='ltr'>prophetae.»</span> 
     </span>
     <span class='ocr_line' id='line_1_5' title="bbox 349 828 2463 924; baseline -0.003 -36"><span class='ocrx_word' id='word_1_36' title='bbox 349 841 412 887; x_wconf 79' lang='lat' dir='ltr'>Si»</span> <span class='ocrx_word' id='word_1_37' title='bbox 407 841 537 904; x_wconf 84' lang='lat' dir='ltr'>quis</span> <span class='ocrx_word' id='word_1_38' title='bbox 547 841 675 892; x_wconf 86' lang='lat' dir='ltr'>enim</span> <span class='ocrx_word' id='word_1_39' title='bbox 691 839 801 886; x_wconf 81' lang='lat' dir='ltr'>vult</span> <span class='ocrx_word' id='word_1_40' title='bbox 822 846 874 886; x_wconf 79' lang='lat' dir='ltr'>&#39;ut</span> <span class='ocrx_word' id='word_1_41' title='bbox 902 835 1104 884; x_wconf 69' lang='lat' dir='ltr'>iwmalo</span> <span class='ocrx_word' id='word_1_42' title='bbox 1129 832 1493 901; x_wconf 64' lang='lat' dir='ltr'>sibioquisquam</span> <span class='ocrx_word' id='word_1_43' title='bbox 1517 828 1801 924; x_wconf 77' lang='lat' dir='ltr'>consentiat,</span> <span class='ocrx_word' id='word_1_44' title='bbox 1830 834 2052 898; x_wconf 84' lang='lat' dir='ltr'>nunquid</span> <span class='ocrx_word' id='word_1_45' title='bbox 2072 834 2216 882; x_wconf 90' lang='lat' dir='ltr'>debet</span> <span class='ocrx_word' id='word_1_46' title='bbox 2240 834 2342 880; x_wconf 89' lang='lat' dir='ltr'>illi</span> <span class='ocrx_word' id='word_1_47' title='bbox 2336 851 2463 899; x_wconf 83' lang='lat' dir='ltr'>prae-</span> 
     </span>
    </p>

    <p class='ocr_par' dir='ltr' id='par_1_4' title="bbox 349 917 1548 968">
     <span class='ocr_line' id='line_1_6' title="bbox 349 917 1548 968; baseline -0.006 0"><span class='ocrx_word' id='word_1_48' title='bbox 349 920 462 968; x_wconf 85' lang='lat' dir='ltr'>bere</span> <span class='ocrx_word' id='word_1_49' title='bbox 473 936 761 968; x_wconf 84' lang='lat' dir='ltr'>consensum</span> <span class='ocrx_word' id='word_1_50' title='bbox 775 919 831 966; x_wconf 74' lang='lat' dir='ltr'>in</span> <span class='ocrx_word' id='word_1_51' title='bbox 847 935 901 966; x_wconf 91' lang='lat' dir='ltr'>re</span> <span class='ocrx_word' id='word_1_52' title='bbox 914 917 1186 965; x_wconf 78' lang='lat' dir='ltr'>consimili?</span> <span class='ocrx_word' id='word_1_53' title='bbox 1545 931 1548 933; x_wconf 56' lang='grc'><strong>“</strong></span> 
     </span>
    </p>
   </div>
   <div class='ocr_carea' id='block_1_4' title="bbox 1164 1037 1636 1084">
    <p class='ocr_par' dir='ltr' id='par_1_5' title="bbox 1164 1037 1636 1084">
     <span class='ocr_line' id='line_1_7' title="bbox 1164 1037 1636 1084; baseline -0.002 0"><span class='ocrx_word' id='word_1_54' title='bbox 1164 1038 1343 1084; x_wconf 76' lang='lat' dir='ltr'>Solatio</span> <span class='ocrx_word' id='word_1_55' title='bbox 1376 1037 1636 1084; x_wconf 79' lang='lat' dir='ltr'>Aboelardi.</span> 
     </span>
    </p>
   </div>
   <div class='ocr_carea' id='block_1_5' title="bbox 338 1142 2469 2979">
    <p class='ocr_par' dir='ltr' id='par_1_6' title="bbox 338 1142 2469 2974">
     <span class='ocr_line' id='line_1_8' title="bbox 413 1142 2461 1223; baseline -0.002 -29"><span class='ocrx_word' id='word_1_56' title='bbox 413 1150 521 1194; x_wconf 92' lang='lat' dir='ltr'>Duo</span> <span class='ocrx_word' id='word_1_57' title='bbox 545 1147 683 1211; x_wconf 86' lang='lat' dir='ltr'>legis</span> <span class='ocrx_word' id='word_1_58' title='bbox 689 1145 916 1193; x_wconf 86' lang='lat' dir='ltr'>naturalis</span> <span class='ocrx_word' id='word_1_59' title='bbox 937 1154 1174 1223; x_wconf 87' lang='lat' dir='ltr'>praecepta</span> <span class='ocrx_word' id='word_1_60' title='bbox 1198 1154 1308 1190; x_wconf 92' lang='lat' dir='ltr'>sunt</span> <span class='ocrx_word' id='word_1_61' title='bbox 1341 1145 1465 1192; x_wconf 89' lang='lat' dir='ltr'>circa</span> <span class='ocrx_word' id='word_1_62' title='bbox 1489 1143 1795 1190; x_wconf 84' lang='lat' dir='ltr'>dilectionem</span> <span class='ocrx_word' id='word_1_63' title='bbox 1819 1142 2059 1213; x_wconf 84' lang='lat' dir='ltr'>proximi:</span> <span class='ocrx_word' id='word_1_64' title='bbox 2091 1159 2240 1189; x_wconf 89' lang='lat' dir='ltr'>unum</span> <span class='ocrx_word' id='word_1_65' title='bbox 2263 1143 2461 1201; x_wconf 83' lang='lat' dir='ltr'>scilicet,</span> 
     </span>
     <span class='ocr_line' id='line_1_9' title="bbox 351 1216 2428 1292; baseline -0.002 -17"><span class='ocrx_word' id='word_1_66' title='bbox 351 1228 483 1292; x_wconf 92' lang='lat' dir='ltr'>quod</span> <span class='ocrx_word' id='word_1_67' title='bbox 499 1228 593 1274; x_wconf 90' lang='lat' dir='ltr'>hoc</span> <span class='ocrx_word' id='word_1_68' title='bbox 612 1227 719 1274; x_wconf 91' lang='lat' dir='ltr'>loco</span> <span class='ocrx_word' id='word_1_69' title='bbox 735 1226 952 1291; x_wconf 89' lang='lat' dir='ltr'>ponitur;</span> <span class='ocrx_word' id='word_1_70' title='bbox 970 1216 1188 1284; x_wconf 84' lang='lat' dir='ltr'>alterum,</span> <span class='ocrx_word' id='word_1_71' title='bbox 1211 1224 1378 1288; x_wconf 91' lang='lat' dir='ltr'>quod</span> <span class='ocrx_word' id='word_1_72' title='bbox 1366 1242 1416 1271; x_wconf 90' lang='grc' dir='ltr'>ιιι</span> <span class='ocrx_word' id='word_1_73' title='bbox 1442 1223 1582 1283; x_wconf 76' lang='lat' dir='ltr'>Z&#39;obza</span> <span class='ocrx_word' id='word_1_74' title='bbox 1597 1223 1848 1288; x_wconf 74' lang='lat' dir='ltr'>legimus,</span> <span class='ocrx_word' id='word_1_75' title='bbox 1837 1238 1940 1288; x_wconf 76' lang='lat' dir='ltr'>ipso</span> <span class='ocrx_word' id='word_1_76' title='bbox 1960 1222 2022 1269; x_wconf 89' lang='lat' dir='ltr'>ad</span> <span class='ocrx_word' id='word_1_77' title='bbox 2042 1222 2192 1270; x_wconf 85' lang='lat' dir='ltr'>filium</span> <span class='ocrx_word' id='word_1_78' title='bbox 2211 1223 2428 1271; x_wconf 84' lang='lat' dir='ltr'>dicente²</span> 
     </span>
     <span class='ocr_line' id='line_1_10' title="bbox 351 1262 2466 1368; baseline -0 -16"><span class='ocrx_word' id='word_1_79' title='bbox 351 1329 372 1353; x_wconf 85' lang='lat'>«</span> <span class='ocrx_word' id='word_1_80' title='bbox 398 1307 542 1365; x_wconf 86' lang='lat' dir='ltr'>Quod</span> <span class='ocrx_word' id='word_1_81' title='bbox 565 1306 626 1355; x_wconf 88' lang='lat' dir='ltr'>ab</span> <span class='ocrx_word' id='word_1_82' title='bbox 651 1306 742 1353; x_wconf 92' lang='lat' dir='ltr'>alio</span> <span class='ocrx_word' id='word_1_83' title='bbox 768 1305 875 1353; x_wconf 92' lang='lat' dir='ltr'>odis</span> <span class='ocrx_word' id='word_1_84' title='bbox 901 1305 1002 1354; x_wconf 88' lang='lat' dir='ltr'>fieri</span> <span class='ocrx_word' id='word_1_85' title='bbox 1029 1305 1137 1364; x_wconf 88' lang='lat' dir='ltr'>tibi,</span> <span class='ocrx_word' id='word_1_86' title='bbox 1166 1305 1276 1352; x_wconf 87' lang='lat' dir='ltr'>vide</span> <span class='ocrx_word' id='word_1_87' title='bbox 1305 1322 1366 1352; x_wconf 92' lang='lat' dir='ltr'>ne</span> <span class='ocrx_word' id='word_1_88' title='bbox 1399 1304 1533 1352; x_wconf 88' lang='lat' dir='ltr'>alteri</span> <span class='ocrx_word' id='word_1_89' title='bbox 1554 1315 1606 1351; x_wconf 91' lang='lat' dir='ltr'>tu</span> <span class='ocrx_word' id='word_1_90' title='bbox 1625 1303 1882 1368; x_wconf 85' lang='lat' dir='ltr'>aliquando</span> <span class='ocrx_word' id='word_1_91' title='bbox 1902 1304 2115 1351; x_wconf 87' lang='lat' dir='ltr'>facias.»</span> <span class='ocrx_word' id='word_1_92' title='bbox 2140 1305 2268 1351; x_wconf 88' lang='lat' dir='ltr'>Sicut</span> <span class='ocrx_word' id='word_1_93' title='bbox 2287 1321 2399 1367; x_wconf 88' lang='lat' dir='ltr'>ergo</span> <span class='ocrx_word' id='word_1_94' title='bbox 2417 1262 2466 1351; x_wconf 91' lang='lat' dir='ltr'>id</span> 
     </span>
     <span class='ocr_line' id='line_1_11' title="bbox 348 1383 2467 1451; baseline -0.001 -18"><span class='ocrx_word' id='word_1_95' title='bbox 348 1387 482 1434; x_wconf 86' lang='lat' dir='ltr'>malis</span> <span class='ocrx_word' id='word_1_96' title='bbox 500 1424 510 1443; x_wconf 87' lang='lat'>‚</span> <span class='ocrx_word' id='word_1_97' title='bbox 530 1387 593 1433; x_wconf 89' lang='lat' dir='ltr'>ita</span> <span class='ocrx_word' id='word_1_98' title='bbox 612 1386 729 1433; x_wconf 92' lang='lat' dir='ltr'>illud</span> <span class='ocrx_word' id='word_1_99' title='bbox 748 1385 808 1433; x_wconf 93' lang='lat' dir='ltr'>de</span> <span class='ocrx_word' id='word_1_100' title='bbox 833 1385 973 1432; x_wconf 92' lang='lat' dir='ltr'>bonis</span> <span class='ocrx_word' id='word_1_101' title='bbox 991 1384 1323 1451; x_wconf 83' lang='lat' dir='ltr'>accipiendum</span> <span class='ocrx_word' id='word_1_102' title='bbox 1344 1393 1430 1432; x_wconf 86' lang='lat' dir='ltr'>est.</span> <span class='ocrx_word' id='word_1_103' title='bbox 1449 1384 1775 1443; x_wconf 63' lang='lat' dir='ltr'>Ut&#39;vide‘licet,</span> <span class='ocrx_word' id='word_1_104' title='bbox 1805 1384 1924 1431; x_wconf 88' lang='lat' dir='ltr'>sicut</span> <span class='ocrx_word' id='word_1_105' title='bbox 1944 1383 2067 1430; x_wconf 89' lang='lat' dir='ltr'>mala</span> <span class='ocrx_word' id='word_1_106' title='bbox 2085 1384 2309 1430; x_wconf 89' lang='lat' dir='ltr'>nolumus</span> <span class='ocrx_word' id='word_1_107' title='bbox 2329 1385 2467 1431; x_wconf 86' lang='lat' dir='ltr'>nobis</span> 
     </span>
     <span class='ocr_line' id='line_1_12' title="bbox 345 1464 2467 1529; baseline -0.001 -14"><span class='ocrx_word' id='word_1_108' title='bbox 345 1467 633 1525; x_wconf 48' lang='lat' dir='ltr'>inferrirsio,</span> <span class='ocrx_word' id='word_1_109' title='bbox 646 1482 735 1520; x_wconf 81' lang='lat' dir='ltr'>nec</span> <span class='ocrx_word' id='word_1_110' title='bbox 753 1466 855 1515; x_wconf 89' lang='lat' dir='ltr'>aliis</span> <span class='ocrx_word' id='word_1_111' title='bbox 874 1466 1154 1526; x_wconf 72' lang='lat' dir='ltr'>inferamus,</span> <span class='ocrx_word' id='word_1_112' title='bbox 1178 1476 1225 1515; x_wconf 81' lang='lat' dir='ltr'>et</span> <span class='ocrx_word' id='word_1_113' title='bbox 1246 1482 1273 1513; x_wconf 89' lang='lat' dir='ltr'>e</span> <span class='ocrx_word' id='word_1_114' title='bbox 1288 1466 1530 1516; x_wconf 81' lang='lat' dir='ltr'>contrario</span> <span class='ocrx_word' id='word_1_115' title='bbox 1549 1501 1563 1523; x_wconf 89' lang='lat'>,</span> <span class='ocrx_word' id='word_1_116' title='bbox 1582 1464 1723 1513; x_wconf 21' lang='lat' dir='ltr'>&#39;bona</span> <span class='ocrx_word' id='word_1_117' title='bbox 1739 1501 1751 1524; x_wconf 96' lang='lat'>,</span> <span class='ocrx_word' id='word_1_118' title='bbox 1774 1482 1880 1529; x_wconf 82' lang='lat' dir='ltr'>quae</span> <span class='ocrx_word' id='word_1_119' title='bbox 1894 1464 2035 1513; x_wconf 86' lang='lat' dir='ltr'>nobis</span> <span class='ocrx_word' id='word_1_120' title='bbox 2052 1464 2115 1512; x_wconf 83' lang='lat' dir='ltr'>ab</span> <span class='ocrx_word' id='word_1_121' title='bbox 2128 1464 2229 1512; x_wconf 82' lang='lat' dir='ltr'>aliis</span> <span class='ocrx_word' id='word_1_122' title='bbox 2248 1465 2467 1512; x_wconf 89' lang='lat' dir='ltr'>volumus</span> 
     </span>
     <span class='ocr_line' id='line_1_13' title="bbox 345 1533 2469 1612; baseline -0.001 -18"><span class='ocrx_word' id='word_1_123' title='bbox 345 1546 566 1605; x_wconf 88' lang='lat' dir='ltr'>conferri,</span> <span class='ocrx_word' id='word_1_124' title='bbox 595 1546 696 1593; x_wconf 89' lang='lat' dir='ltr'>aliis</span> <span class='ocrx_word' id='word_1_125' title='bbox 720 1546 999 1612; x_wconf 84' lang='lat' dir='ltr'>impendere</span> <span class='ocrx_word' id='word_1_126' title='bbox 1015 1533 1161 1594; x_wconf 86' lang='lat' dir='ltr'>simus</span> <span class='ocrx_word' id='word_1_127' title='bbox 1178 1547 1344 1611; x_wconf 84' lang='lat' dir='ltr'>parati.</span> <span class='ocrx_word' id='word_1_128' title='bbox 1364 1549 1523 1604; x_wconf 89' lang='lat' dir='ltr'>Quum</span> <span class='ocrx_word' id='word_1_129' title='bbox 1546 1562 1659 1609; x_wconf 87' lang='lat' dir='ltr'>ergo</span> <span class='ocrx_word' id='word_1_130' title='bbox 1677 1545 1848 1592; x_wconf 84' lang='lat' dir='ltr'>dicitur</span> <span class='ocrx_word' id='word_1_131' title='bbox 1867 1563 1876 1591; x_wconf 90' lang='lat'>:</span> <span class='ocrx_word' id='word_1_132' title='bbox 1896 1567 1917 1589; x_wconf 89' lang='lat'>«</span> <span class='ocrx_word' id='word_1_133' title='bbox 1935 1548 2050 1603; x_wconf 83' lang='lat' dir='ltr'>Quae</span> <span class='ocrx_word' id='word_1_134' title='bbox 2068 1544 2209 1592; x_wconf 88' lang='lat' dir='ltr'>vultis</span> <span class='ocrx_word' id='word_1_135' title='bbox 2228 1556 2275 1592; x_wconf 84' lang='lat' dir='ltr'>ut</span> <span class='ocrx_word' id='word_1_136' title='bbox 2298 1546 2469 1593; x_wconf 79' lang='lat' dir='ltr'>faciant</span> 
     </span>
     <span class='ocr_line' id='line_1_14' title="bbox 345 1624 2468 1691; baseline -0 -18"><span class='ocrx_word' id='word_1_137' title='bbox 345 1626 724 1686; x_wconf 88' lang='lat' dir='ltr'>vobishomines,</span> <span class='ocrx_word' id='word_1_138' title='bbox 744 1625 872 1673; x_wconf 84' lang='lat' dir='ltr'>»tale</span> <span class='ocrx_word' id='word_1_139' title='bbox 885 1635 977 1673; x_wconf 89' lang='lat' dir='ltr'>est:</span> <span class='ocrx_word' id='word_1_140' title='bbox 990 1626 1133 1683; x_wconf 90' lang='lat' dir='ltr'>Quod</span> <span class='ocrx_word' id='word_1_141' title='bbox 1148 1625 1422 1691; x_wconf 79' lang='lat' dir='ltr'>approbatis</span> <span class='ocrx_word' id='word_1_142' title='bbox 1434 1626 1483 1672; x_wconf 92' lang='lat' dir='ltr'>in</span> <span class='ocrx_word' id='word_1_143' title='bbox 1494 1626 1784 1681; x_wconf 75' lang='lat' dir='ltr'>conscientia</span> <span class='ocrx_word' id='word_1_144' title='bbox 1798 1635 1949 1672; x_wconf 87' lang='lat' dir='ltr'>vestra</span> <span class='ocrx_word' id='word_1_145' title='bbox 1960 1624 2094 1671; x_wconf 85' lang='lat' dir='ltr'>vobis</span> <span class='ocrx_word' id='word_1_146' title='bbox 2107 1625 2166 1671; x_wconf 87' lang='lat' dir='ltr'>ab</span> <span class='ocrx_word' id='word_1_147' title='bbox 2181 1625 2280 1672; x_wconf 85' lang='lat' dir='ltr'>aliis</span> <span class='ocrx_word' id='word_1_148' title='bbox 2294 1625 2468 1673; x_wconf 82' lang='lat' dir='ltr'>debere</span> 
     </span>
     <span class='ocr_line' id='line_1_15' title="bbox 345 1705 2462 1773; baseline -0 -20"><span class='ocrx_word' id='word_1_149' title='bbox 345 1706 462 1754; x_wconf 87' lang='lat' dir='ltr'>fieri.</span> <span class='ocrx_word' id='word_1_150' title='bbox 494 1706 659 1754; x_wconf 90' lang='lat' dir='ltr'>Nullus</span> <span class='ocrx_word' id='word_1_151' title='bbox 698 1707 826 1754; x_wconf 89' lang='lat' dir='ltr'>enim</span> <span class='ocrx_word' id='word_1_152' title='bbox 864 1707 913 1753; x_wconf 92' lang='lat' dir='ltr'>in</span> <span class='ocrx_word' id='word_1_153' title='bbox 951 1706 1239 1773; x_wconf 78' lang='lat' dir='ltr'>conscientia</span> <span class='ocrx_word' id='word_1_154' title='bbox 1265 1705 1529 1772; x_wconf 66' lang='lat' dir='ltr'>approbat,</span> <span class='ocrx_word' id='word_1_155' title='bbox 1553 1705 1642 1760; x_wconf 88' lang='lat' dir='ltr'>sibi</span> <span class='ocrx_word' id='word_1_156' title='bbox 1673 1705 2072 1752; x_wconf 89' lang='lat' dir='ltr'>consentiendum</span> <span class='ocrx_word' id='word_1_157' title='bbox 2092 1722 2191 1752; x_wconf 90' lang='lat' dir='ltr'>esse</span> <span class='ocrx_word' id='word_1_158' title='bbox 2227 1707 2274 1752; x_wconf 89' lang='lat' dir='ltr'>in</span> <span class='ocrx_word' id='word_1_159' title='bbox 2303 1707 2427 1753; x_wconf 89' lang='lat' dir='ltr'>malo</span> <span class='ocrx_word' id='word_1_160' title='bbox 2452 1743 2462 1763; x_wconf 90' lang='lat'><strong>‚</strong></span> 
     </span>
     <span class='ocr_line' id='line_1_16' title="bbox 345 1780 2467 1853; baseline 0 -20"><span class='ocrx_word' id='word_1_161' title='bbox 345 1786 428 1853; x_wconf 86' lang='lat' dir='ltr'>sed</span> <span class='ocrx_word' id='word_1_162' title='bbox 453 1787 502 1833; x_wconf 91' lang='lat' dir='ltr'>in</span> <span class='ocrx_word' id='word_1_163' title='bbox 527 1785 623 1846; x_wconf 85' lang='lat' dir='ltr'>his,</span> <span class='ocrx_word' id='word_1_164' title='bbox 649 1803 754 1851; x_wconf 85' lang='lat' dir='ltr'>quae</span> <span class='ocrx_word' id='word_1_165' title='bbox 769 1780 900 1833; x_wconf 91' lang='lat' dir='ltr'>bona</span> <span class='ocrx_word' id='word_1_166' title='bbox 918 1780 1116 1833; x_wconf 84' lang='lat' dir='ltr'>aestimat</span> <span class='ocrx_word' id='word_1_167' title='bbox 1132 1822 1144 1844; x_wconf 96' lang='lat'>,</span> <span class='ocrx_word' id='word_1_168' title='bbox 1173 1795 1219 1832; x_wconf 91' lang='lat' dir='ltr'>et</span> <span class='ocrx_word' id='word_1_169' title='bbox 1241 1785 1343 1833; x_wconf 79' lang='lat' dir='ltr'>fieri</span> <span class='ocrx_word' id='word_1_170' title='bbox 1367 1781 1525 1850; x_wconf 86' lang='lat' dir='ltr'>digna.</span> <span class='ocrx_word' id='word_1_171' title='bbox 1552 1787 1626 1831; x_wconf 90' lang='lat' dir='ltr'>Sic</span> <span class='ocrx_word' id='word_1_172' title='bbox 1646 1795 1688 1831; x_wconf 83' lang='lat' dir='ltr'>et</span> <span class='ocrx_word' id='word_1_173' title='bbox 1714 1785 1968 1850; x_wconf 86' lang='lat' dir='ltr'>Apostolus</span> <span class='ocrx_word' id='word_1_174' title='bbox 1987 1801 2136 1849; x_wconf 88' lang='lat' dir='ltr'>quum</span> <span class='ocrx_word' id='word_1_175' title='bbox 2157 1787 2247 1832; x_wconf 75' lang='lat' dir='ltr'>ait⁸</span> <span class='ocrx_word' id='word_1_176' title='bbox 2268 1805 2275 1831; x_wconf 94' lang='lat'>:</span> <span class='ocrx_word' id='word_1_177' title='bbox 2314 1806 2335 1829; x_wconf 89' lang='lat'><strong><em>«</em></strong></span> <span class='ocrx_word' id='word_1_178' title='bbox 2362 1790 2467 1833; x_wconf 88' lang='lat' dir='ltr'>Non</span> 
     </span>
     <span class='ocr_line' id='line_1_17' title="bbox 342 1858 2462 1932; baseline -0.001 -18"><span class='ocrx_word' id='word_1_179' title='bbox 342 1866 475 1930; x_wconf 91' lang='lat' dir='ltr'>quod</span> <span class='ocrx_word' id='word_1_180' title='bbox 501 1866 638 1926; x_wconf 88' lang='lat' dir='ltr'>volo,</span> <span class='ocrx_word' id='word_1_181' title='bbox 675 1866 770 1913; x_wconf 89' lang='lat' dir='ltr'>hoc</span> <span class='ocrx_word' id='word_1_182' title='bbox 802 1882 891 1931; x_wconf 87' lang='lat' dir='ltr'>ago</span> <span class='ocrx_word' id='word_1_183' title='bbox 926 1884 935 1912; x_wconf 79' lang='lat' dir='ltr'>z</span> <span class='ocrx_word' id='word_1_184' title='bbox 967 1885 990 1909; x_wconf 77' lang='grc' dir='ltr'><strong>υ</strong></span> <span class='ocrx_word' id='word_1_185' title='bbox 1020 1858 1132 1912; x_wconf 88' lang='lat' dir='ltr'>volo</span> <span class='ocrx_word' id='word_1_186' title='bbox 1154 1866 1271 1912; x_wconf 88' lang='lat' dir='ltr'>dixit</span> <span class='ocrx_word' id='word_1_187' title='bbox 1298 1865 1390 1931; x_wconf 83' lang='lat' dir='ltr'>pro</span> <span class='ocrx_word' id='word_1_188' title='bbox 1422 1864 1525 1912; x_wconf 83' lang='lat' dir='ltr'>fieri</span> <span class='ocrx_word' id='word_1_189' title='bbox 1552 1865 1785 1932; x_wconf 86' lang='lat' dir='ltr'>approbo.</span> <span class='ocrx_word' id='word_1_190' title='bbox 1817 1865 1909 1912; x_wconf 88' lang='lat' dir='ltr'>Sed</span> <span class='ocrx_word' id='word_1_191' title='bbox 1935 1865 2050 1929; x_wconf 90' lang='lat' dir='ltr'>quid</span> <span class='ocrx_word' id='word_1_192' title='bbox 2071 1876 2173 1924; x_wconf 90' lang='lat' dir='ltr'>est,</span> <span class='ocrx_word' id='word_1_193' title='bbox 2199 1866 2330 1930; x_wconf 89' lang='lat' dir='ltr'>quod</span> <span class='ocrx_word' id='word_1_194' title='bbox 2367 1867 2429 1913; x_wconf 89' lang='lat' dir='ltr'>ait</span> <span class='ocrx_word' id='word_1_195' title='bbox 2454 1886 2462 1912; x_wconf 93' lang='lat'>:</span> 
     </span>
     <span class='ocr_line' id='line_1_18' title="bbox 346 1945 2469 2012; baseline 0.001 -21"><span class='ocrx_word' id='word_1_196' title='bbox 346 1966 368 1992; x_wconf 91' lang='lat'>«</span> <span class='ocrx_word' id='word_1_197' title='bbox 390 1947 565 1994; x_wconf 90' lang='lat' dir='ltr'>Omnia</span> <span class='ocrx_word' id='word_1_198' title='bbox 591 1962 888 2012; x_wconf 80' lang='lat' dir='ltr'>quaecunque</span> <span class='ocrx_word' id='word_1_199' title='bbox 913 1945 1083 1993; x_wconf 81' lang='lat' dir='ltr'>vultis?</span> <span class='ocrx_word' id='word_1_200' title='bbox 1108 1965 1131 1990; x_wconf 91' lang='lat'>»</span> <span class='ocrx_word' id='word_1_201' title='bbox 1161 1945 1295 1993; x_wconf 91' lang='lat' dir='ltr'>Multi</span> <span class='ocrx_word' id='word_1_202' title='bbox 1325 1946 1502 2011; x_wconf 90' lang='lat' dir='ltr'>quippe</span> <span class='ocrx_word' id='word_1_203' title='bbox 1532 1962 1620 2011; x_wconf 92' lang='lat' dir='ltr'>pro</span> <span class='ocrx_word' id='word_1_204' title='bbox 1640 1945 1893 2010; x_wconf 85' lang='lat' dir='ltr'>dignitate,</span> <span class='ocrx_word' id='word_1_205' title='bbox 1917 1945 1991 1994; x_wconf 85' lang='lat' dir='ltr'>vel</span> <span class='ocrx_word' id='word_1_206' title='bbox 2009 1945 2277 1995; x_wconf 86' lang='lat' dir='ltr'>diversitate</span> <span class='ocrx_word' id='word_1_207' title='bbox 2307 1964 2469 2011; x_wconf 87' lang='lat' dir='ltr'>perso-</span> 
     </span>
     <span class='ocr_line' id='line_1_19' title="bbox 342 2020 2466 2091; baseline 0 -17"><span class='ocrx_word' id='word_1_208' title='bbox 342 2042 536 2087; x_wconf 89' lang='lat' dir='ltr'>narum,</span> <span class='ocrx_word' id='word_1_209' title='bbox 567 2020 715 2075; x_wconf 87' lang='lat' dir='ltr'>multa</span> <span class='ocrx_word' id='word_1_210' title='bbox 739 2025 827 2073; x_wconf 91' lang='lat' dir='ltr'>sibi</span> <span class='ocrx_word' id='word_1_211' title='bbox 854 2025 1030 2074; x_wconf 89' lang='lat' dir='ltr'>debere</span> <span class='ocrx_word' id='word_1_212' title='bbox 1053 2025 1156 2073; x_wconf 84' lang='lat' dir='ltr'>fieri</span> <span class='ocrx_word' id='word_1_213' title='bbox 1181 2035 1401 2085; x_wconf 89' lang='lat' dir='ltr'>censent,</span> <span class='ocrx_word' id='word_1_214' title='bbox 1432 2042 1536 2091; x_wconf 90' lang='lat' dir='ltr'>quae</span> <span class='ocrx_word' id='word_1_215' title='bbox 1569 2042 1867 2091; x_wconf 88' lang='lat' dir='ltr'>nequaquam</span> <span class='ocrx_word' id='word_1_216' title='bbox 1899 2025 2000 2073; x_wconf 90' lang='lat' dir='ltr'>aliis</span> <span class='ocrx_word' id='word_1_217' title='bbox 2037 2042 2087 2074; x_wconf 91' lang='lat' dir='ltr'>se</span> <span class='ocrx_word' id='word_1_218' title='bbox 2126 2025 2301 2074; x_wconf 86' lang='lat' dir='ltr'>debere</span> <span class='ocrx_word' id='word_1_219' title='bbox 2328 2045 2466 2075; x_wconf 84' lang='lat' dir='ltr'>reco—</span> 
     </span>
     <span class='ocr_line' id='line_1_20' title="bbox 341 2102 2468 2180; baseline 0.001 -25"><span class='ocrx_word' id='word_1_220' title='bbox 341 2117 603 2179; x_wconf 80' lang='lat' dir='ltr'>gnoscunt:</span> <span class='ocrx_word' id='word_1_221' title='bbox 628 2117 679 2154; x_wconf 92' lang='lat' dir='ltr'>ut</span> <span class='ocrx_word' id='word_1_222' title='bbox 697 2107 745 2154; x_wconf 90' lang='lat' dir='ltr'>in</span> <span class='ocrx_word' id='word_1_223' title='bbox 739 2102 961 2173; x_wconf 85' lang='lat' dir='ltr'>praelatis</span> <span class='ocrx_word' id='word_1_224' title='bbox 985 2105 1200 2180; x_wconf 89' lang='lat' dir='ltr'>videmus</span> <span class='ocrx_word' id='word_1_225' title='bbox 1219 2116 1266 2154; x_wconf 91' lang='lat' dir='ltr'>et</span> <span class='ocrx_word' id='word_1_226' title='bbox 1283 2104 1526 2170; x_wconf 83' lang='lat' dir='ltr'>subjectis,</span> <span class='ocrx_word' id='word_1_227' title='bbox 1545 2123 1695 2171; x_wconf 90' lang='lat' dir='ltr'>quum</span> <span class='ocrx_word' id='word_1_228' title='bbox 1718 2107 1791 2153; x_wconf 88' lang='lat' dir='ltr'>isti</span> <span class='ocrx_word' id='word_1_229' title='bbox 1812 2105 1960 2154; x_wconf 90' lang='lat' dir='ltr'>multa</span> <span class='ocrx_word' id='word_1_230' title='bbox 1983 2107 2170 2174; x_wconf 85' lang='lat' dir='ltr'>exigant</span> <span class='ocrx_word' id='word_1_231' title='bbox 2195 2107 2255 2154; x_wconf 86' lang='lat' dir='ltr'>ab</span> <span class='ocrx_word' id='word_1_232' title='bbox 2280 2108 2392 2164; x_wconf 90' lang='lat' dir='ltr'>illis,</span> <span class='ocrx_word' id='word_1_233' title='bbox 2419 2121 2468 2157; x_wconf 88' lang='lat' dir='ltr'>ut</span> 
     </span>
     <span class='ocr_line' id='line_1_21' title="bbox 341 2176 2459 2270; baseline 0.001 -36"><span class='ocrx_word' id='word_1_234' title='bbox 341 2187 431 2251; x_wconf 88' lang='lat' dir='ltr'>sibi</span> <span class='ocrx_word' id='word_1_235' title='bbox 448 2186 586 2249; x_wconf 84' lang='lat' dir='ltr'>fiant,</span> <span class='ocrx_word' id='word_1_236' title='bbox 615 2204 720 2270; x_wconf 76' lang='lat' dir='ltr'>quae</span> <span class='ocrx_word' id='word_1_237' title='bbox 744 2176 1047 2253; x_wconf 87' lang='lat' dir='ltr'>nequaquam</span> <span class='ocrx_word' id='word_1_238' title='bbox 1074 2185 1164 2234; x_wconf 89' lang='lat' dir='ltr'>illis</span> <span class='ocrx_word' id='word_1_239' title='bbox 1183 2186 1333 2234; x_wconf 85' lang='lat' dir='ltr'>facere</span> <span class='ocrx_word' id='word_1_240' title='bbox 1359 2185 1553 2234; x_wconf 89' lang='lat' dir='ltr'>debent.</span> <span class='ocrx_word' id='word_1_241' title='bbox 1582 2186 1676 2234; x_wconf 88' lang='lat' dir='ltr'>Sed</span> <span class='ocrx_word' id='word_1_242' title='bbox 1697 2185 1910 2253; x_wconf 88' lang='lat' dir='ltr'>profecto</span> <span class='ocrx_word' id='word_1_243' title='bbox 1930 2188 1996 2234; x_wconf 90' lang='lat' dir='ltr'>sic</span> <span class='ocrx_word' id='word_1_244' title='bbox 2019 2198 2088 2235; x_wconf 91' lang='lat' dir='ltr'>est</span> <span class='ocrx_word' id='word_1_245' title='bbox 2113 2189 2459 2254; x_wconf 87' lang='lat' dir='ltr'>accipiendum,</span> 
     </span>
     <span class='ocr_line' id='line_1_22' title="bbox 340 2253 2463 2338; baseline 0.001 -22"><span class='ocrx_word' id='word_1_246' title='bbox 340 2259 391 2316; x_wconf 85' lang='lat' dir='ltr'>ut</span> <span class='ocrx_word' id='word_1_247' title='bbox 409 2253 706 2338; x_wconf 66' lang='lat' dir='ltr'>quascunque</span> <span class='ocrx_word' id='word_1_248' title='bbox 734 2267 836 2316; x_wconf 88' lang='lat' dir='ltr'>fieri</span> <span class='ocrx_word' id='word_1_249' title='bbox 864 2268 1041 2317; x_wconf 86' lang='lat' dir='ltr'>debere</span> <span class='ocrx_word' id='word_1_250' title='bbox 1065 2267 1205 2316; x_wconf 90' lang='lat' dir='ltr'>nobis</span> <span class='ocrx_word' id='word_1_251' title='bbox 1228 2267 1289 2315; x_wconf 93' lang='lat' dir='ltr'>ab</span> <span class='ocrx_word' id='word_1_252' title='bbox 1310 2267 1589 2336; x_wconf 80' lang='lat' dir='ltr'>hominibus</span> <span class='ocrx_word' id='word_1_253' title='bbox 1618 2268 1879 2330; x_wconf 82' lang='lat' dir='ltr'>credimus,</span> <span class='ocrx_word' id='word_1_254' title='bbox 1906 2271 2057 2336; x_wconf 87' lang='lat' dir='ltr'>parati</span> <span class='ocrx_word' id='word_1_255' title='bbox 2086 2287 2296 2318; x_wconf 88' lang='lat' dir='ltr'>essemus</span> <span class='ocrx_word' id='word_1_256' title='bbox 2312 2282 2358 2318; x_wconf 89' lang='lat' dir='ltr'>et</span> <span class='ocrx_word' id='word_1_257' title='bbox 2377 2271 2463 2319; x_wconf 93' lang='lat' dir='ltr'>illis</span> 
     </span>
     <span class='ocr_line' id='line_1_23' title="bbox 340 2348 2462 2425; baseline 0.002 -30"><span class='ocrx_word' id='word_1_258' title='bbox 340 2348 514 2409; x_wconf 81' lang='lat' dir='ltr'>facere,</span> <span class='ocrx_word' id='word_1_259' title='bbox 541 2365 641 2418; x_wconf 83' lang='grc' dir='ltr'>ιιοιι</span> <span class='ocrx_word' id='word_1_260' title='bbox 655 2349 859 2425; x_wconf 82' lang='lat' dir='ltr'>quidem</span> <span class='ocrx_word' id='word_1_261' title='bbox 882 2348 1270 2414; x_wconf 88' lang='lat' dir='ltr'>quibuscunque,</span> <span class='ocrx_word' id='word_1_262' title='bbox 1293 2348 1377 2397; x_wconf 89' lang='lat' dir='ltr'>sed</span> <span class='ocrx_word' id='word_1_263' title='bbox 1401 2350 1552 2396; x_wconf 80' lang='lat' dir='ltr'>nostri</span> <span class='ocrx_word' id='word_1_264' title='bbox 1578 2348 1831 2410; x_wconf 86' lang='lat' dir='ltr'>similibus,</span> <span class='ocrx_word' id='word_1_265' title='bbox 1855 2350 1949 2398; x_wconf 90' lang='lat' dir='ltr'>hoc</span> <span class='ocrx_word' id='word_1_266' title='bbox 1969 2361 2061 2410; x_wconf 91' lang='lat' dir='ltr'>est,</span> <span class='ocrx_word' id='word_1_267' title='bbox 2088 2352 2171 2416; x_wconf 89' lang='lat' dir='ltr'>qui</span> <span class='ocrx_word' id='word_1_268' title='bbox 2199 2351 2299 2399; x_wconf 82' lang='lat' dir='ltr'>haec</span> <span class='ocrx_word' id='word_1_269' title='bbox 2322 2369 2348 2399; x_wconf 93' lang='lat' dir='ltr'>a</span> <span class='ocrx_word' id='word_1_270' title='bbox 2379 2370 2462 2400; x_wconf 89' lang='lat' dir='ltr'>no·</span> 
     </span>
     <span class='ocr_line' id='line_1_24' title="bbox 339 2419 2461 2510; baseline 0.002 -35"><span class='ocrx_word' id='word_1_271' title='bbox 339 2427 450 2475; x_wconf 91' lang='lat' dir='ltr'>bis</span> <span class='ocrx_word' id='word_1_272' title='bbox 429 2430 674 2510; x_wconf 84' lang='lat' dir='ltr'>suscipere</span> <span class='ocrx_word' id='word_1_273' title='bbox 695 2419 826 2493; x_wconf 88' lang='lat' dir='ltr'>digni</span> <span class='ocrx_word' id='word_1_274' title='bbox 845 2438 1018 2492; x_wconf 86' lang='lat' dir='ltr'>essent,</span> <span class='ocrx_word' id='word_1_275' title='bbox 1039 2429 1160 2476; x_wconf 88' lang='lat' dir='ltr'>sicut</span> <span class='ocrx_word' id='word_1_276' title='bbox 1183 2445 1272 2483; x_wconf 86' lang='lat' dir='ltr'>nos</span> <span class='ocrx_word' id='word_1_277' title='bbox 1295 2428 1355 2475; x_wconf 88' lang='lat' dir='ltr'>ab</span> <span class='ocrx_word' id='word_1_278' title='bbox 1379 2426 1485 2476; x_wconf 88' lang='lat' dir='ltr'>illis.</span> <span class='ocrx_word' id='word_1_279' title='bbox 1508 2420 1629 2488; x_wconf 86' lang='lat' dir='ltr'>Illud</span> <span class='ocrx_word' id='word_1_280' title='bbox 1645 2446 1838 2494; x_wconf 90' lang='lat' dir='ltr'>quoque</span> <span class='ocrx_word' id='word_1_281' title='bbox 1862 2430 2052 2478; x_wconf 82' lang='lat' dir='ltr'>Tobiae:</span> <span class='ocrx_word' id='word_1_282' title='bbox 2081 2451 2103 2475; x_wconf 88' lang='lat'>«</span> <span class='ocrx_word' id='word_1_283' title='bbox 2134 2431 2276 2489; x_wconf 89' lang='lat' dir='ltr'>Quod</span> <span class='ocrx_word' id='word_1_284' title='bbox 2294 2431 2353 2478; x_wconf 90' lang='lat' dir='ltr'>ab</span> <span class='ocrx_word' id='word_1_285' title='bbox 2371 2432 2461 2479; x_wconf 83' lang='lat' dir='ltr'>alio</span> 
     </span>
     <span class='ocr_line' id='line_1_25' title="bbox 340 2494 2458 2585; baseline 0.002 -30"><span class='ocrx_word' id='word_1_286' title='bbox 340 2506 445 2556; x_wconf 88' lang='lat' dir='ltr'>odis</span> <span class='ocrx_word' id='word_1_287' title='bbox 469 2508 571 2556; x_wconf 85' lang='lat' dir='ltr'>fieri</span> <span class='ocrx_word' id='word_1_288' title='bbox 603 2497 712 2569; x_wconf 83' lang='lat' dir='ltr'>tib&#39;i,</span> <span class='ocrx_word' id='word_1_289' title='bbox 741 2507 849 2585; x_wconf 67' lang='lat' dir='ltr'>yide</span> <span class='ocrx_word' id='word_1_290' title='bbox 874 2525 935 2570; x_wconf 88' lang='lat' dir='ltr'>ne</span> <span class='ocrx_word' id='word_1_291' title='bbox 965 2494 1099 2570; x_wconf 88' lang='lat' dir='ltr'>alteri</span> <span class='ocrx_word' id='word_1_292' title='bbox 1127 2518 1179 2556; x_wconf 87' lang='lat' dir='ltr'>tu</span> <span class='ocrx_word' id='word_1_293' title='bbox 1204 2507 1463 2574; x_wconf 86' lang='lat' dir='ltr'>aliquando</span> <span class='ocrx_word' id='word_1_294' title='bbox 1489 2509 1655 2569; x_wconf 86' lang='lat' dir='ltr'>facias,</span> <span class='ocrx_word' id='word_1_295' title='bbox 1685 2529 1709 2554; x_wconf 89' lang='lat'>»</span> <span class='ocrx_word' id='word_1_296' title='bbox 1741 2509 1961 2557; x_wconf 90' lang='lat' dir='ltr'>nonnihil</span> <span class='ocrx_word' id='word_1_297' title='bbox 1988 2510 2128 2558; x_wconf 81' lang='lat' dir='ltr'>habet</span> <span class='ocrx_word' id='word_1_298' title='bbox 2159 2514 2429 2575; x_wconf 76' lang='lat' dir='ltr'>quaestionis</span> <span class='ocrx_word' id='word_1_299' title='bbox 2447 2550 2458 2571; x_wconf 92' lang='lat'><strong><em>‚</em></strong></span> 
     </span>
     <span class='ocr_line' id='line_1_26' title="bbox 339 2571 2461 2664; baseline 0 -28"><span class='ocrx_word' id='word_1_300' title='bbox 339 2571 488 2664; x_wconf 76' lang='lat' dir='ltr'>quum</span> <span class='ocrx_word' id='word_1_301' title='bbox 503 2590 547 2636; x_wconf 91' lang='lat' dir='ltr'>is</span> <span class='ocrx_word' id='word_1_302' title='bbox 562 2579 778 2661; x_wconf 70' lang='lat' dir='ltr'>scilicet,</span> <span class='ocrx_word' id='word_1_303' title='bbox 800 2588 899 2653; x_wconf 89' lang='lat' dir='ltr'>qui</span> <span class='ocrx_word' id='word_1_304' title='bbox 910 2586 1070 2635; x_wconf 91' lang='lat' dir='ltr'>alium</span> <span class='ocrx_word' id='word_1_305' title='bbox 1059 2598 1277 2659; x_wconf 85' lang='lat' dir='ltr'>propter</span> <span class='ocrx_word' id='word_1_306' title='bbox 1291 2587 1521 2652; x_wconf 82' lang='lat' dir='ltr'>justitiam</span> <span class='ocrx_word' id='word_1_307' title='bbox 1547 2587 1743 2648; x_wconf 88' lang='lat' dir='ltr'>occidit,</span> <span class='ocrx_word' id='word_1_308' title='bbox 1751 2606 2015 2653; x_wconf 89' lang='lat' dir='ltr'>nunquam</span> <span class='ocrx_word' id='word_1_309' title='bbox 2045 2589 2105 2636; x_wconf 87' lang='lat' dir='ltr'>ab</span> <span class='ocrx_word' id='word_1_310' title='bbox 2133 2590 2225 2637; x_wconf 91' lang='lat' dir='ltr'>alio</span> <span class='ocrx_word' id='word_1_311' title='bbox 2245 2591 2293 2637; x_wconf 90' lang='lat' dir='ltr'>id</span> <span class='ocrx_word' id='word_1_312' title='bbox 2325 2594 2461 2638; x_wconf 88' lang='lat' dir='ltr'>susti-</span> 
     </span>
     <span class='ocr_line' id='line_1_27' title="bbox 338 2666 2461 2737; baseline 0.001 -22"><span class='ocrx_word' id='word_1_313' title='bbox 338 2685 452 2716; x_wconf 90' lang='lat' dir='ltr'>nere</span> <span class='ocrx_word' id='word_1_314' title='bbox 468 2667 589 2723; x_wconf 81' lang='lat' dir='ltr'>velle</span> <span class='ocrx_word' id='word_1_315' title='bbox 604 2666 770 2737; x_wconf 80' lang='lat' dir='ltr'>possit.</span> <span class='ocrx_word' id='word_1_316' title='bbox 800 2666 894 2715; x_wconf 87' lang='lat' dir='ltr'>Sed</span> <span class='ocrx_word' id='word_1_317' title='bbox 919 2667 1033 2736; x_wconf 89' lang='lat' dir='ltr'>quia</span> <span class='ocrx_word' id='word_1_318' title='bbox 1055 2683 1206 2732; x_wconf 93' lang='lat' dir='ltr'>quum</span> <span class='ocrx_word' id='word_1_319' title='bbox 1230 2667 1336 2731; x_wconf 87' lang='lat' dir='ltr'>quis</span> <span class='ocrx_word' id='word_1_320' title='bbox 1350 2666 1579 2734; x_wconf 86' lang='lat' dir='ltr'>justitiam</span> <span class='ocrx_word' id='word_1_321' title='bbox 1591 2677 1795 2734; x_wconf 83' lang='lat' dir='ltr'>propter</span> <span class='ocrx_word' id='word_1_322' title='bbox 1818 2671 1973 2716; x_wconf 89' lang='lat' dir='ltr'>Deum</span> <span class='ocrx_word' id='word_1_323' title='bbox 1994 2679 2200 2737; x_wconf 84' lang='lat' dir='ltr'>exercet;</span> <span class='ocrx_word' id='word_1_324' title='bbox 2227 2673 2353 2717; x_wconf 82' lang='lat' dir='ltr'>Deus</span> <span class='ocrx_word' id='word_1_325' title='bbox 2378 2688 2461 2735; x_wconf 91' lang='lat' dir='ltr'>po-</span> 
     </span>
     <span class='ocr_line' id='line_1_28' title="bbox 338 2731 2462 2821; baseline 0.002 -26"><span class='ocrx_word' id='word_1_326' title='bbox 338 2749 430 2809; x_wconf 84' lang='lat' dir='ltr'>tius</span> <span class='ocrx_word' id='word_1_327' title='bbox 453 2748 501 2795; x_wconf 85' lang='lat' dir='ltr'>id</span> <span class='ocrx_word' id='word_1_328' title='bbox 524 2765 668 2819; x_wconf 84' lang='lat' dir='ltr'>quam</span> <span class='ocrx_word' id='word_1_329' title='bbox 694 2746 772 2795; x_wconf 88' lang='lat' dir='ltr'>ille</span> <span class='ocrx_word' id='word_1_330' title='bbox 796 2731 928 2807; x_wconf 84' lang='lat' dir='ltr'>facit,</span> <span class='ocrx_word' id='word_1_331' title='bbox 957 2749 1076 2795; x_wconf 88' lang='lat' dir='ltr'>sicut</span> <span class='ocrx_word' id='word_1_332' title='bbox 1102 2747 1286 2818; x_wconf 86' lang='lat' dir='ltr'>dudum</span> <span class='ocrx_word' id='word_1_333' title='bbox 1322 2748 1551 2816; x_wconf 85' lang='lat' dir='ltr'>superius</span> <span class='ocrx_word' id='word_1_334' title='bbox 1567 2746 1798 2809; x_wconf 80' lang='lat' dir='ltr'>diximus,</span> <span class='ocrx_word' id='word_1_335' title='bbox 1827 2751 2095 2821; x_wconf 78' lang='lat' dir='ltr'>piaecipitur</span> <span class='ocrx_word' id='word_1_336' title='bbox 2121 2761 2171 2797; x_wconf 89' lang='lat' dir='ltr'>ut</span> <span class='ocrx_word' id='word_1_337' title='bbox 2199 2752 2329 2817; x_wconf 91' lang='lat' dir='ltr'>quod</span> <span class='ocrx_word' id='word_1_338' title='bbox 2362 2752 2462 2799; x_wconf 90' lang='lat' dir='ltr'>odit</span> 
     </span>
     <span class='ocr_line' id='line_1_29' title="bbox 339 2811 2456 2913; baseline 0.002 -39"><span class='ocrx_word' id='word_1_339' title='bbox 339 2828 440 2876; x_wconf 83' lang='lat' dir='ltr'>fieri</span> <span class='ocrx_word' id='word_1_340' title='bbox 459 2811 592 2898; x_wconf 46' lang='lat' dir='ltr'>sibi,</span> <span class='ocrx_word' id='word_1_341' title='bbox 560 2825 734 2913; x_wconf 30' lang='lat' dir='ltr'>,Mipse</span> <span class='ocrx_word' id='word_1_342' title='bbox 711 2814 886 2886; x_wconf 80' lang='lat' dir='ltr'>alteri</span> <span class='ocrx_word' id='word_1_343' title='bbox 875 2844 936 2875; x_wconf 89' lang='lat' dir='ltr'>ne</span> <span class='ocrx_word' id='word_1_344' title='bbox 954 2824 1124 2891; x_wconf 83' lang='lat' dir='ltr'>faciat:</span> <span class='ocrx_word' id='word_1_345' title='bbox 1115 2827 1267 2905; x_wconf 91' lang='lat' dir='ltr'>quia</span> <span class='ocrx_word' id='word_1_346' title='bbox 1286 2844 1437 2892; x_wconf 91' lang='lat' dir='ltr'>quum</span> <span class='ocrx_word' id='word_1_347' title='bbox 1453 2826 1659 2892; x_wconf 88' lang='lat' dir='ltr'>aliquem</span> <span class='ocrx_word' id='word_1_348' title='bbox 1681 2839 1808 2877; x_wconf 90' lang='lat' dir='ltr'>recte</span> <span class='ocrx_word' id='word_1_349' title='bbox 1827 2830 1994 2894; x_wconf 86' lang='lat' dir='ltr'>punit,</span> <span class='ocrx_word' id='word_1_350' title='bbox 2017 2833 2142 2877; x_wconf 90' lang='lat' dir='ltr'>Deus</span> <span class='ocrx_word' id='word_1_351' title='bbox 2162 2830 2255 2878; x_wconf 88' lang='lat' dir='ltr'>hoc</span> <span class='ocrx_word' id='word_1_352' title='bbox 2274 2833 2430 2896; x_wconf 83' lang='lat' dir='ltr'>potius</span> <span class='ocrx_word' id='word_1_353' title='bbox 2445 2869 2456 2891; x_wconf 93' lang='lat'>,</span> 
     </span>
     <span class='ocr_line' id='line_1_30' title="bbox 338 2885 1019 2979; baseline 0.003 -25"><span class='ocrx_word' id='word_1_354' title='bbox 338 2905 421 2957; x_wconf 88' lang='lat' dir='ltr'>vel</span> <span class='ocrx_word' id='word_1_355' title='bbox 430 2891 531 2978; x_wconf 63' lang='lat' dir='ltr'>lex,</span> <span class='ocrx_word' id='word_1_356' title='bbox 531 2924 714 2979; x_wconf 84' lang='lat' dir='ltr'>quam</span> <span class='ocrx_word' id='word_1_357' title='bbox 715 2887 870 2954; x_wconf 76' lang='lat' dir='ltr'>bomo</span> <span class='ocrx_word' id='word_1_358' title='bbox 896 2885 1019 2956; x_wconf 85' lang='lat' dir='ltr'>facit.</span> 
     </span>
    </p>
   </div>
   <div class='ocr_carea' id='block_1_6' title="bbox 1074 3044 1704 3076">
    <p class='ocr_par' dir='ltr' id='par_1_7' title="bbox 1074 3044 1704 3076">
     <span class='ocr_line' id='line_1_31' title="bbox 1074 3044 1704 3076; baseline 0.003 -2"><span class='ocrx_word' id='word_1_359' title='bbox 1074 3044 1317 3075; x_wconf 73' lang='lat' dir='ltr'>PROBLEMA</span> <span class='ocrx_word' id='word_1_360' title='bbox 1349 3044 1571 3076; x_wconf 78' lang='lat' dir='ltr'>HELOISSAE</span> <span class='ocrx_word' id='word_1_361' title='bbox 1607 3047 1687 3076; x_wconf 77' lang='lat' dir='ltr'>xx}</span> <span class='ocrx_word' id='word_1_362' title='bbox 1695 3066 1704 3075; x_wconf 85' lang='lat'><em>.</em></span> 
     </span>
    </p>
   </div>
   <div class='ocr_carea' id='block_1_7' title="bbox 405 3134 1916 3201">
    <p class='ocr_par' dir='ltr' id='par_1_8' title="bbox 405 3134 1916 3201">
     <span class='ocr_line' id='line_1_32' title="bbox 405 3134 1916 3201; baseline -0.001 -19"><span class='ocrx_word' id='word_1_363' title='bbox 405 3136 532 3193; x_wconf 90' lang='lat' dir='ltr'>Quid</span> <span class='ocrx_word' id='word_1_364' title='bbox 550 3146 642 3193; x_wconf 89' lang='lat' dir='ltr'>est,</span> <span class='ocrx_word' id='word_1_365' title='bbox 667 3146 715 3182; x_wconf 88' lang='lat' dir='ltr'>ut</span> <span class='ocrx_word' id='word_1_366' title='bbox 741 3136 803 3183; x_wconf 92' lang='lat' dir='ltr'>ait</span> <span class='ocrx_word' id='word_1_367' title='bbox 830 3134 1099 3201; x_wconf 87' lang='lat' dir='ltr'>Apostolus,</span> <span class='ocrx_word' id='word_1_368' title='bbox 1130 3137 1862 3195; x_wconf 29' lang='lat' dir='ltr'>‹54‘sine,intermissionetorare⁶‚²</span> <span class='ocrx_word' id='word_1_369' title='bbox 1895 3159 1916 3181; x_wconf 89' lang='lat'>»</span> 
     </span>
    </p>
   </div>
   <div class='ocr_carea' id='block_1_8' title="bbox 1077 3263 1627 3312">
    <p class='ocr_par' dir='ltr' id='par_1_9' title="bbox 1077 3263 1627 3312">
     <span class='ocr_line' id='line_1_33' title="bbox 1077 3263 1627 3312; baseline 0.004 -3"><span class='ocrx_word' id='word_1_370' title='bbox 1077 3285 1083 3300; x_wconf 84' lang='lat'>‹</span> <span class='ocrx_word' id='word_1_371' title='bbox 1135 3291 1138 3299; x_wconf 43' lang='grc' dir='ltr'>ν</span> <span class='ocrx_word' id='word_1_372' title='bbox 1153 3263 1336 3311; x_wconf 52' lang='lat' dir='ltr'>&amp;Salutio</span> <span class='ocrx_word' id='word_1_373' title='bbox 1372 3264 1627 3312; x_wconf 65' lang='lat' dir='ltr'>&#39;Abaelarde&#39;ss</span> 
     </span>
    </p>
   </div>
   <div class='ocr_carea' id='block_1_9' title="bbox 406 3372 1815 3443">
    <p class='ocr_par' dir='ltr' id='par_1_10' title="bbox 406 3372 1815 3443">
     <span class='ocr_line' id='line_1_34' title="bbox 406 3372 1815 3443; baseline 0 -23"><span class='ocrx_word' id='word_1_374' title='bbox 406 3374 595 3420; x_wconf 86' lang='lat' dir='ltr'>Nullum</span> <span class='ocrx_word' id='word_1_375' title='bbox 621 3384 831 3443; x_wconf 82' lang='lat' dir='ltr'>tempus,</span> <span class='ocrx_word' id='word_1_376' title='bbox 858 3390 955 3438; x_wconf 91' lang='lat' dir='ltr'>quo</span> <span class='ocrx_word' id='word_1_377' title='bbox 980 3372 1239 3441; x_wconf 87' lang='lat' dir='ltr'>debeamus</span> <span class='ocrx_word' id='word_1_378' title='bbox 1257 3390 1420 3434; x_wconf 87' lang='lat' dir='ltr'>orare,</span> <span class='ocrx_word' id='word_1_379' title='bbox 1443 3375 1815 3440; x_wconf 81' lang='lat' dir='ltr'>praetermittere.</span> 
     </span>
    </p>
   </div>
   <div class='ocr_carea' id='block_1_10' title="bbox 385 3526 2283 3571">
    <p class='ocr_par' dir='ltr' id='par_1_11' title="bbox 385 3526 2283 3571">
     <span class='ocr_line' id='line_1_35' title="bbox 385 3526 2283 3571; baseline 0 -13"><span class='ocrx_word' id='word_1_380' title='bbox 385 3526 393 3543; x_wconf 79' lang='lat'>⁸</span> <span class='ocrx_word' id='word_1_381' title='bbox 420 3526 519 3559; x_wconf 78' lang='lat' dir='ltr'>Matth</span> <span class='ocrx_word' id='word_1_382' title='bbox 541 3551 549 3567; x_wconf 87' lang='lat'>,</span> <span class='ocrx_word' id='word_1_383' title='bbox 563 3536 637 3570; x_wconf 82' lang='lat' dir='ltr'>cap.</span> <span class='ocrx_word' id='word_1_384' title='bbox 650 3537 749 3566; x_wconf 79' lang='lat' dir='ltr'>vu,v.</span> <span class='ocrx_word' id='word_1_385' title='bbox 770 3529 822 3559; x_wconf 82' lang='lat'>12.</span> <span class='ocrx_word' id='word_1_386' title='bbox 839 3545 870 3551; x_wconf 85' lang='lat'>--</span> <span class='ocrx_word' id='word_1_387' title='bbox 886 3526 898 3543; x_wconf 79' lang='lat'>²</span> <span class='ocrx_word' id='word_1_388' title='bbox 919 3528 1009 3566; x_wconf 67' lang='lat' dir='ltr'>Tob„</span> <span class='ocrx_word' id='word_1_389' title='bbox 1029 3537 1102 3570; x_wconf 86' lang='lat' dir='ltr'>cap.</span> <span class='ocrx_word' id='word_1_390' title='bbox 1117 3538 1162 3567; x_wconf 77' lang='lat' dir='ltr'>iv,</span> <span class='ocrx_word' id='word_1_391' title='bbox 1179 3538 1209 3559; x_wconf 89' lang='lat' dir='ltr'>v.</span> <span class='ocrx_word' id='word_1_392' title='bbox 1231 3529 1282 3560; x_wconf 91' lang='grc'>16.</span> <span class='ocrx_word' id='word_1_393' title='bbox 1300 3545 1331 3550; x_wconf 77' lang='lat'>--</span> <span class='ocrx_word' id='word_1_394' title='bbox 1352 3527 1364 3544; x_wconf 82' lang='lat'><strong>³</strong></span> <span class='ocrx_word' id='word_1_395' title='bbox 1386 3527 1492 3565; x_wconf 64' lang='lat' dir='ltr'>Rom„</span> <span class='ocrx_word' id='word_1_396' title='bbox 1507 3538 1582 3570; x_wconf 82' lang='lat' dir='ltr'>cap.</span> <span class='ocrx_word' id='word_1_397' title='bbox 1601 3538 1656 3566; x_wconf 82' lang='lat' dir='ltr'>vu,</span> <span class='ocrx_word' id='word_1_398' title='bbox 1671 3538 1700 3559; x_wconf 87' lang='lat' dir='ltr'>v.</span> <span class='ocrx_word' id='word_1_399' title='bbox 1721 3529 1771 3561; x_wconf 83' lang='lat'>15.</span> <span class='ocrx_word' id='word_1_400' title='bbox 1788 3546 1822 3551; x_wconf 85' lang='lat'>--</span> <span class='ocrx_word' id='word_1_401' title='bbox 1838 3528 1851 3544; x_wconf 75' lang='lat'><strong>⁴</strong></span> <span class='ocrx_word' id='word_1_402' title='bbox 1872 3529 1980 3561; x_wconf 69' lang='lat' dir='ltr'>Thess.</span> <span class='ocrx_word' id='word_1_403' title='bbox 1999 3530 2033 3567; x_wconf 80' lang='lat' dir='ltr'>l,</span> <span class='ocrx_word' id='word_1_404' title='bbox 2049 3539 2173 3571; x_wconf 41' lang='lat' dir='ltr'>capsv.</span> <span class='ocrx_word' id='word_1_405' title='bbox 2196 3541 2225 3561; x_wconf 80' lang='lat' dir='ltr'>v.</span> <span class='ocrx_word' id='word_1_406' title='bbox 2250 3531 2283 3559; x_wconf 75' lang='lat'>17</span> 
     </span>
    </p>
   </div>
  </div>
 </body>
</html>
