2970 4152
460 454 553 501 222
1036 451 1204 498 PETRI
1242 452 1555 500 ABAELARDI
1590 454 1664 501 ET
1697 455 1998 503 HELOISSAE

458 546 506 592 in
540 546 774 611 capitulo,
815 555 981 609 quater
1014 546 1063 591 in
1089 562 1217 592 anno
1250 545 1313 593 ad
1343 546 1531 605 minus;
1571 558 1618 595 et
1653 558 1704 595 ut
1726 559 1872 596 status
1897 560 1994 596 tam
2019 548 2399 599 obedientiarum
2433 569 2576 618 quam

458 628 755 690 prioratuum
772 642 798 672 a
814 625 1140 673 claustralibus
1159 637 1501 691 cognoscatur,
1525 633 1777 693 compotus
1800 629 2039 693 redigatur
2054 630 2103 676 in
2123 630 2307 695 scriptis
2332 650 2340 678 :
2364 633 2426 680 ita
2445 634 2576 699 quod

457 716 719 753 conventus
740 722 887 771 penes
912 723 962 752 se
984 707 1184 753 retineat
1214 723 1362 753 unum
1390 708 1618 773 scriptum
1635 744 1647 767 ,
1675 718 1721 754 et
1747 707 1979 755 abbatissa
2002 708 2146 756 aliud.

522 792 594 833 De
616 786 1065 833 sanctimonialibus.
1089 815 1153 825 —-
1175 790 1374 852 Propter
1404 787 1651 847 scandala,
1689 805 1794 852 quae
1829 806 1884 836 ex
1912 790 2191 836 monialium
2216 792 2576 839 conversatione

455 867 767 932 proveniunt,
797 868 1045 914 statuimus
1070 867 1130 914 de
1156 867 1443 915 monialibus
1469 868 1634 932 nigris,
1661 885 1723 915 ne
1756 868 1950 933 aliquod
1976 868 2245 934 depositum
2272 871 2320 917 in
2353 870 2576 918 domibus

455 949 549 994 suis
576 948 805 1013 recipiant
826 947 887 994 ab
924 947 1160 1012 aliquibus
1195 949 1439 1012 personis,
1485 949 1687 995 maxime
1723 966 1856 996 arcas
1891 949 2173 997 clericorum
2199 950 2274 998 vel
2308 951 2540 1000 laicorum
2560 989 2572 1012 ,

454 1045 592 1076 causa
617 1028 865 1088 custodiae,
891 1028 1020 1094 apud
1039 1045 1090 1075 se
1112 1028 1308 1075 minime
1333 1028 1513 1094 deponi
1536 1029 1828 1093 permittant.
1851 1030 1990 1077 Pueri
2009 1040 2056 1077 et
2074 1029 2267 1095 puellae,
2297 1048 2402 1096 quae
2422 1031 2576 1080 solent

452 1107 516 1155 ibi
542 1109 711 1155 nutriri
733 1119 780 1156 et
803 1109 1009 1168 institui,
1035 1109 1224 1174 penitus
1248 1109 1558 1174 expellantur.
1593 1112 1773 1157 Omnes
1798 1111 2118 1158 communiter
2143 1111 2400 1159 comedant
2429 1113 2478 1159 in
2504 1130 2575 1160 re-

453 1189 673 1248 fectorio,
714 1198 759 1235 et
801 1189 849 1235 in
887 1189 1170 1236 dormitorio
1199 1189 1415 1236 solitariae
1449 1190 1705 1236 dormiant.
1742 1192 1950 1238 Camerae
1986 1207 2154 1238 omnes
2181 1192 2461 1239 monialium
2495 1193 2576 1241 de-

452 1279 723 1328 struantur,
755 1269 845 1315 nisi
869 1269 1025 1334 aliqua
1053 1287 1138 1334 per
1165 1269 1509 1334 inspectionem
1535 1269 1747 1334 episcopi
1779 1271 2038 1318 necessaria
2066 1271 2325 1319 retineatur
2357 1272 2419 1319 ad
2443 1271 2575 1319 infir·

453 1350 649 1396 mariam
676 1349 967 1409 faciendam,
997 1349 1072 1396 vel
1095 1349 1183 1396 alia
1205 1348 1266 1396 de
1285 1365 1425 1396 causa
1443 1385 1455 1408 ,
1486 1366 1590 1413 quae
1608 1350 1835 1415 episcopo
1847 1350 1973 1414 justa
1994 1360 2041 1398 et
2061 1352 2321 1399 necessaria
2339 1352 2569 1400 videatur.

451 1435 566 1478 Item
593 1432 821 1479 moniales
846 1431 1115 1478 nullatenus
1136 1432 1261 1479 exire
1286 1432 1621 1496 permittantur
1637 1468 1650 1491 ,
1684 1431 1759 1479 vel
1789 1442 1920 1479 extra
1944 1443 2247 1497 pernoctare,
2271 1434 2360 1481 nisi
2379 1434 2498 1482 forte
2517 1451 2573 1482 ex

450 1528 619 1575 magna
645 1528 786 1558 causa
806 1548 817 1570 ,
850 1521 896 1558 et
920 1528 1027 1558 raro
1058 1529 1067 1557 :
1098 1521 1145 1558 et
1172 1510 1416 1558 abbatissae
1441 1511 1715 1576 injungatur
1730 1547 1743 1571 ,
1776 1528 1838 1559 ne
1862 1512 1997 1559 aliter
2020 1513 2261 1577 permittat
2283 1514 2442 1577 egredi
2469 1531 2573 1561 mo-

448 1591 611 1639 niales.
646 1595 703 1638 Et
730 1593 768 1639 si
791 1591 1048 1655 aliquando
1074 1590 1307 1638 abbatissa
1333 1608 1388 1638 ex
1410 1591 1537 1655 justa
1559 1608 1698 1638 causa
1724 1591 1863 1639 alicui
1887 1593 2151 1657 permittat,
2178 1593 2333 1640 eidem
2360 1594 2576 1659 injungat
2626 1635 2636 1647 .

448 1673 579 1736 quod
606 1674 706 1720 sine
732 1690 866 1719 mora
892 1682 1176 1731 revertatur,
1207 1682 1252 1718 et
1278 1672 1359 1719 det
1377 1673 1422 1720 ei
1439 1673 1618 1719 sociam
1639 1688 1735 1718 non
1758 1671 1819 1719 ad
1838 1671 2134 1720 voluntatem
2150 1690 2303 1734 suam,
2327 1674 2410 1721 sed
2429 1691 2574 1739 quam
2596 1693 2604 1697 ’

446 1754 618 1801 viderit
642 1754 880 1818 expedire.
912 1754 1043 1800 Ostia
1069 1762 1287 1818 suspecta
1312 1762 1358 1799 et
1381 1753 1621 1818 superflua
1647 1751 1971 1800 obstruantur.
2007 1753 2141 1800 Circa
2173 1753 2269 1801 hoc
2288 1764 2449 1802 autem
2474 1756 2573 1820 epi·

444 1835 574 1898 scopi
612 1833 904 1898 diligentiam
939 1833 1201 1880 adhibeant
1225 1843 1270 1880 et
1295 1849 1461 1880 curam
1485 1850 1572 1898 per
1596 1849 1645 1880 se
1668 1843 1715 1879 et
1741 1850 1826 1897 lzer
1850 1833 2093 1881 ministros
2118 1850 2229 1880 suos
2245 1869 2257 1893 ,
2298 1843 2345 1881 et
2378 1835 2499 1881 vitas
2527 1844 2574 1881 et

443 1916 825 1962 conversationes
854 1915 1064 1979 ipsarum
1100 1914 1253 1961 tali-ter
1280 1914 1592 1977 restringant,
1634 1913 1767 1978 quod
1793 1930 1880 1979 per
1917 1930 2086 1961 eorum
2112 1913 2404 1978 diligentiam
2433 1932 2575 1962 scan-

442 1995 576 2054 dala,
606 2012 711 2059 quae
735 1995 795 2042 de
821 2012 986 2042 earum
1012 1995 1105 2042 vita
1130 1995 1179 2041 in
1204 1994 1424 2060 praesenti
1449 1995 1766 2059 proveniunt,
1796 1994 2061 2058 sopiantur.

507 2080 579 2122 De
613 2075 850 2122 sororibus
875 2093 970 2122 non
1008 2073 1290 2122 emittendis.
1310 2075 1585 2121 -Sorores
1615 2083 1787 2121 nostrae
1818 2090 1918 2121 non
1961 2073 2263 2138 egrediantur
2279 2111 2291 2134 ,
2330 2076 2420 2122 nisi
2453 2075 2574 2124 forte

441 2157 688 2203 mittantur
710 2156 771 2202 de
796 2155 1002 2202 claustro
1029 2154 1091 2201 ad
1115 2154 1375 2201 claustrum
1398 2163 1652 2202 moraturae
1677 2153 1739 2201 ad
1765 2154 1923 2201 minus
1944 2170 2032 2220 per
2054 2170 2253 2202 annum.
2291 2157 2470 2202 Verum
2486 2192 2499 2216 ,
2534 2157 2573 2203 si

441 2243 635 2291 evidens
661 2243 914 2290 necessitas
940 2242 1194 2306 ingruerit,
1236 2250 1435 2306 propter
1459 2257 1604 2304 quam
1630 2250 1850 2305 oporteat
1874 2239 2081 2305 aliquam
2104 2240 2293 2305 egredi,
2324 2240 2405 2288 fiat
2436 2242 2496 2289 de
2520 2242 2573 2289 li-

443 2325 596 2371 centia
619 2323 1029 2390 praemonstrensis
1053 2322 1258 2382 abbatis,
1291 2322 1409 2368 dum
1430 2331 1592 2368 tamen
1620 2322 1723 2369 sine
1747 2321 1878 2386 gravi
1895 2321 2109 2386 periculo
2136 2322 2237 2385 ejus
2262 2323 2412 2387 possit
2430 2339 2572 2387 expe-

440 2406 555 2452 ctari
612 2421 844 2452 assensus.
903 2404 951 2450 Si
1004 2403 1110 2468 quis
1149 2402 1294 2449 abbas
1337 2402 1547 2466 aliquam
1587 2401 1722 2450 aliter
1761 2402 1970 2449 emiserit
1985 2438 1997 2462 ,
2026 2402 2264 2467 'puniatur
2307 2403 2570 2450 secundum

440 2478 752 2549 quantitatem
777 2500 995 2530 excessus
1012 2520 1024 2542 ,
1054 2482 1249 2529 arbitrio
1275 2481 1469 2547 capituli
1493 2481 1724 2546 generalis
1742 2518 1754 2541 ,
1777 2491 1825 2529 et
1841 2482 2045 2528 maxime
2062 2482 2098 2528 si
2123 2481 2403 2529 scandalum
2421 2499 2573 2530 emer·

435 2566 545 2612 serit
573 2565 633 2611 de
658 2580 823 2611 sorore
849 2563 1032 2610 emissa.
1063 2565 1297 2627 Tempore
1332 2578 1448 2609 vero
1485 2570 1788 2626 guerrarum,
1822 2560 1961 2608 liceat
1986 2561 2179 2608 cuilibet
2203 2560 2363 2609 abbati
2383 2578 2571 2611 sorores

439 2646 524 2693 sihi
551 2645 763 2692 subditas
791 2643 853 2691 ad
878 2643 984 2690 loca
1012 2652 1111 2690 tuta
1136 2642 1406 2690 transferre.
1436 2641 1581 2700 Quod
1605 2642 1644 2689 si
1675 2642 1808 2689 aliter
1833 2641 1998 2700 fuerit,
2030 2641 2201 2702 abbas,
2240 2641 2331 2689 sub
2354 2659 2454 2707 quo
2478 2642 2573 2690 hoc

440 2727 688 2790 contigerit
703 2762 715 2784 ,
745 2741 831 2790 per
855 2741 1036 2772 annum
1062 2724 1347 2771 continuum
1372 2723 1421 2769 in
1446 2723 1562 2770 feria
1590 2732 1718 2770 sexta
1738 2722 1923 2787 jejunet
1945 2723 1995 2769 in
2021 2739 2146 2788 pane
2170 2731 2218 2770 et
2246 2738 2386 2787 aqua.

503 2811 574 2852 De
596 2805 833 2853 sororibus
858 2822 955 2851 non
979 2802 1275 2867 reecpiendcir.
1292 2829 1358 2838 —
1369 2803 1612 2860 Quoniam
1630 2803 1808 2850 instant
1823 2812 2041 2868 tempora
2057 2802 2341 2867 periculosa,
2364 2813 2412 2850 et
2428 2802 2574 2867 eccle-

438 2888 513 2933 siae
554 2903 694 2952 supra
720 2885 922 2933 modum
952 2893 1237 2948 gravantur,
1269 2883 1517 2930 communi
1540 2882 1741 2930 consilio
1770 2882 1963 2948 capituli
1990 2883 2239 2930 statuimus
2259 2918 2271 2942 ,
2304 2892 2357 2929 ut
2392 2881 2569 2930 amodo

439 2967 618 3016 nullam
640 2983 855 3014 sororem
880 2965 1180 3030 recipiamus.
1212 2964 1260 3010 Si
1292 2964 1399 3028 quis
1424 2973 1584 3012 autem
1617 2963 1761 3027 hujus
1796 2964 1958 3011 statuti
1983 2973 2303 3028 transgressor
2333 2963 2537 3011 extiterit
2553 2998 2565 3021 ,

440 3047 673 3094 abbatissa
698 3064 783 3094 sua
807 3047 909 3093 sine
933 3044 1260 3092 misericordia
1284 3045 1528 3110 punietur.

508 3131 626 3174 Item
669 3128 726 3174 de
770 3126 1006 3175 sororibus
1050 3143 1147 3174 non
1194 3124 1488 3190 recspl'endcir.
1505 3124 1722 3172 —Nulla
1750 3142 1888 3173 soror
1927 3125 1991 3173 de
2033 3135 2203 3172 caetero
2239 3125 2491 3190 recipiatur
2521 3124 2571 3171 in

443 3208 633 3267 ordine,
665 3209 753 3255 nisi
782 3208 900 3255 locis
925 3208 1014 3255 illis
1041 3208 1124 3272 qui
1148 3216 1258 3267 sunt
1291 3206 1351 3253 ab
1389 3206 1587 3270 antiquo
1616 3206 1904 3271 recipiendis
1940 3205 2186 3253 sororibus
2214 3214 2449 3271 perpetuo
2487 3203 2571 3252 de-

446 3298 623 3351 putata.

509 3371 581 3414 De
605 3369 866 3414 testimonio
886 3385 1103 3415 sororum
1132 3365 1526 3433 recipiendarum.
1542 3366 1670 3413 —Si
1687 3365 1909 3413 mulieres
1935 3365 2104 3430 aliquae
2118 3401 2131 3425 ,
2158 3382 2215 3413 ex
2233 3365 2428 3429 antiqua
2453 3379 2570 3411 con-

445 3448 656 3495 cessione
681 3447 827 3507 facta,
856 3449 922 3495 eis
956 3459 1066 3496 ante
1097 3449 1445 3496 institutionem
1469 3446 1647 3496 editam
1669 3446 1730 3495 de
1754 3445 2000 3494 sororibus
2027 3462 2126 3493 non
2153 3444 2439 3510 recipiendis
2455 3480 2468 3504 ,
2503 3460 2575 3491 re-

445 3529 537 3597 cipi
581 3527 816 3576 voluerint
858 3529 907 3576 in
945 3546 1131 3576 sorores
1146 3565 1158 3589 ,
1204 3528 1489 3576 nullomodo
1526 3527 1816 3593 recipiantur
1832 3562 1845 3587 ,
1888 3527 1979 3574 nisi
2017 3525 2327 3591 probaverint
2370 3524 2445 3574 vel
2488 3540 2575 3589 per
