2970 4152
809 389 888 435 DE
923 387 1145 437 SANCTO
1178 388 1406 436 JOANNE
1440 389 1720 436 BAPTISTA
1754 389 1971 436 SERMO.
2359 389 2452 437 583

333 487 464 539 0111111
485 495 674 551 partem
695 484 856 531 Mariae.
879 484 1006 549 parti
1026 482 1302 549 ¹praetulerat
1332 482 1528 530 Marthae
1545 486 1575 542 ²,
1605 500 1913 548 nequaquam
1944 482 2229 530 excellentiae
2257 485 2453 531 Joannis

330 581 596 628 congruere
622 563 874 624 censebat,
898 573 953 612 ut
979 561 1191 619 eum'de
1221 563 1382 627 quiete
1416 563 1582 620 Mariae.
1605 563 1668 611 ad
1691 562 1909 611 laborem
1943 563 2106 610 venire
2144 562 2448 627 compelleret

325 639 542 699 Marthae‘.
567 643 757 692 Sciebat
777 653 826 692 et
850 643 968 709 quid
989 638 1091 709 ipse
1112 642 1203 694 sub
1223 635 1433 708 pei-sona
1452 643 1619 707 sponsi
1648 642 1708 690 de
1742 660 1920 709 sponsa
1949 653 2240 709 praeceperat
2262 643 2379 691 olim
2399 647 2411 668 ²
2437 663 2446 690 ε

328 745 353 770 «
366 727 445 782 ,Νο
463 726 720 784 suscitetis,
743 724 972 790 »'inquit,
1000 743 1024 790 .“
1043 740 1201 789 neque
1223 720 1444 787 evigilare
1468 723 1649 771 faciatis
1676 723 1924 784 dilectam,
1953 724 2110 771 donec
2138 724 2241 790 ipsa
2266 724 2395 771 velit.
2425 744 2446 767 »

325 804 584 868 Quietum,
599 814 654 852 ut
670 821 815 870 supra
829 803 1153 864 meminimus,
1171 803 1389 851 debitum
1401 803 1491 850 sibi
1506 803 1763 868 reliquerat
1777 803 2130 869 pontificatum,
2145 821 2450 869 nequaquam

292 877 307 935 s
322 871 495 950 sponte
518 884 780 949 susciperet
802 883 1143 948 apostolatum.
1163 887 1224 931 Et
1241 884 1326 948 qui
1346 883 1622 931 conversari
1641 901 1741 930 non
1761 884 1986 931 sustinuit
2000 885 2048 930 in
2068 885 2274 944 civitate,
2296 885 2448 933 multo

318 979 482 1039 11110115
513 966 836 1030 acquiesceret
856 981 944 1030 per
964 965 1205 1012 mundum
1225 965 1509 1013 discurrere.

382 1045 676 1113 Monachus,
703 1043 897 1104 fratres,
922 1061 1007 1092 seu
1027 1044 1286 1104 heremita,
1307 1059 1489 1092 nomen
1513 1054 1585 1092 est
1602 1044 1861 1107 religionis.
1881 1045 2145 1109 Episcopus
2171 1057 2331 1093 autem
2349 1047 2446 1094 sive

318 1104 516 1188 0101110115
536 1123 831 1172 vocabulum
854 1134 926 1171 est
953 1123 1100 1172 officii
1133 1135 1180 1171 et
1213 1125 1397 1189 operis,
1424 1124 1573 1188 magis
1594 1140 1742 1188 quam
1773 1122 2061 1171 devotionis.
2090 1124 2228 1172 Unde
2251 1138 2445 1190 aposto-

316 1203 416 1251 1115Ἴ
441 1223 452 1251 :
480 1222 505 1250 «
524 1205 619 1262 Qui
651 1205 1006 1270 episcopatum,
1030 1224 1054 1249 »
1079 1205 1262 1269 inquit,
1291 1224 1314 1250 «
1335 1205 1598 1266 desiderat,
1622 1204 1810 1252 bonum
1831 1221 1955 1269 opus
1981 1204 2288 1252 desiderat.»
2313 1207 2446 1254 Idem

316 1283 431 1332 alibi
460 1285 521 1332 de
556 1285 716 1350 seipso
743 1295 791 1332 et
824 1285 1153 1332 consimilibus
1188 1286 1253 1333 ait
1271 1289 1285 1310 ⁸
1311 1304 1321 1332 z
1362 1286 1484 1332 «Sic
1519 1302 1609 1333 nos
1649 1285 1884 1332 existimet
1918 1284 2070 1332 homo
2108 1295 2161 1332 ut
2203 1286 2446 1336 ministros

315 1362 516 1423 Christi,
548 1374 596 1411 01
623 1364 1002 1429 dispensatores,
1028 1374 1120 1412 etc.
1149 1383 1172 1409 »
1205 1367 1311 1411 Non
1350 1365 1481 1430 apud
1513 1366 1779 1413 Dominum
1813 1364 1987 1412 domus
2022 1365 2238 1429 ejusdem
2272 1368 2444 1430 gradus

251 1489 258 1499 „
313 1441 425 1490 sunt
446 1459 623 1509 sponsa
646 1444 748 1508 ejus
768 1444 818 1491 in
841 1454 1025 1493 secreto
1047 1444 1246 1493 thalami
1269 1461 1493 1504 manens,
1519 1455 1567 1493 et
1588 1446 1806 1493 minister
1828 1445 2141 1493 exterioribus
2162 1446 2439 1507 intendens,

313 1523 532 1595 quam-qis
550 1533 599 1571 et
619 1523 681 1571 de
704 1541 883 1590 sponsa
903 1525 1007 1590 ipsa
1027 1525 1315 1572 nonnullam
1330 1525 1686 1591 providentiam
1709 1535 1756 1573 et
1777 1542 1945 1573 curam
1963 1535 2112 1590 gerat.
2135 1526 2211 1573 Sic
2233 1536 2279 1573 et
2302 1527 2351 1574 in
2373 1545 2443 1575 ec-

311 1594 455 1653 clesia
475 1605 564 1653 Dei
591 1605 880 1653 clericorum
907 1605 983 1653 vel
1019 1607 1359 1671 episcoporum
1392 1608 1646 1672 occupatio
1682 1607 1923 1655 laboriosa
1957 1623 2263 1671 nequaquam
2293 1610 2440 1672 quieti

310 1684 587 1733 monasticae
608 1685 1028 1751 contemplationis
1053 1696 1125 1733 est
1142 1686 1438 1751 coaequanda
1458 1705 1468 1733 :
1492 1697 1729 1751 quantum
1748 1723 1760 1745 ,
1786 1686 2009 1750 inquam,
2036 1686 2098 1733 ad
2123 1687 2279 1733 meriti
2299 1690 2441 1752 perti-

310 1773 392 1812 net
413 1766 731 1829 quantitatem
749 1803 761 1826 ,
787 1783 889 1815 non
911 1766 1280 1816 ecclesiasticam
1311 1767 1610 1831 dignitatem.
1643 1766 1782 1814 Unde
1819 1777 1867 1814 et
1902 1766 2185 1832 plerumque
2221 1768 2438 1816 videmus

307 1859 409 1898 non
430 1843 589 1892 solum
610 1846 809 1894 clericos
826 1883 838 1906 ‚
867 1847 1183 1894 verumetiam
1206 1848 1457 1912 episcopos
1485 1864 1576 1912 pro
1605 1846 1944 1894 emendatione
1973 1847 2080 1894 vitae
2108 1846 2170 1894 ad
2194 1846 2436 1895 humilita-

308 1917 407 1972 t‘em
426 1926 781 1975 monachorum
802 1926 1119 1987 descendere,
1139 1928 1308 1976 habitu
1327 1929 1505 1994 pariter
1523 1945 1636 1976 cum
1651 1929 1749 1976 vita
1768 1938 1972 1975 mutato.
1993 1927 2256 1975 Monachos
2275 1939 2434 1976 autem

254 1993 258 2000 ⁸
306 2003 368 2051 ad
394 2004 555 2062 officia
578 2006 863 2056 clericorum
885 2009 1035 2057 ascire
1061 2026 1162 2056 non
1185 2009 1307 2057 solet
1327 2009 1536 2056 Ecclesia
1559 2025 1870 2075 praesumere,
1896 2008 1986 2055 nisi
2013 2017 2202 2055 tantum
2225 2008 2286 2055 ad
2309 2026 2437 2057 sum-

230 2087 239 2102 “
305 2101 439 2138 mum
471 2088 726 2136 sacerdotii
752 2089 956 2153 gradum
978 2108 989 2137 ε
1010 2100 1057 2137 01
1078 2090 1174 2137 1100
1193 2127 1204 2149 ,
1227 2100 1290 2161 'ut
1323 2090 1552 2149 diximus,
1579 2107 1679 2137 11011
1705 2090 1808 2136 5100
1829 2088 1990 2153 aliquo
2014 2087 2256 2151 religionis
2287 2089 2434 2137 detri-

252 2181 257 2185 ·
305 2174 486 2217 mento.
513 2170 658 2227 Quod
681 2188 832 2236 quum
855 2172 1097 2230 evenerit,
1126 2188 1431 2235 nequaquam
1456 2172 1517 2230 is,
1544 2171 1627 2234 qui
1649 2171 1901 2235 episcopus
1924 2169 2075 2216 factus
2096 2178 2189 2229 est,
2216 2172 2434 2233 quamvis

303 2249 583 2314 religionem
605 2253 814 2311 minuat,
839 2252 1061 2300 habitum
1089 2262 1250 2299 tamen
1276 2252 1518 2316 religionis
1541 2269 1640 2299 non
1668 2262 1839 2299 mutat.
1867 2250 1937 2298 Ad
1968 2267 2115 2315 quam
2143 2250 2340 2315 quidem
2362 2268 2433 2297 re-

301 2328 529 2392 ligionem
551 2348 703 2395 quum
727 2331 811 2379 filii
833 2349 1028 2396 quoque
1058 2332 1365 2380 sacerdotum
1397 2341 1673 2391 transeunt,
1706 2331 1789 2395 qui
1814 2330 1876 2378 de
1911 2329 2147 2378 adulterio
2177 2341 2431 2395 parentum

301 2416 484 2455 tantam
506 2409 713 2458 insamiae
735 2410 895 2458 labem
927 2411 1148 2469 trahunt,
1173 2420 1227 2457 ut
1254 2427 1343 2458 nec
1371 2420 1621 2458 tonsuram
1651 2409 2016 2456 ecclesiasticam
2049 2409 2289 2473 suscipere
2319 2425 2429 2472 per·

301 2488 569 2548 mittantur,
589 2499 846 2554 postquam
867 2490 1097 2539 monachi
1119 2490 1296 2537 fuerint
1313 2527 1325 2548 ,
1350 2500 1454 2538 tota
1474 2489 1554 2537 illa
1575 2489 1707 2538 labes
1728 2489 1990 2536 sanctitatis
2008 2488 2201 2536 lavacro
2221 2487 2424 2547 deletur,

300 2578 352 2615 ut
379 2568 606 2634 deinceps
631 2587 717 2635 per
744 2571 957 2634 singulos
986 2571 1418 2620 ecclesiasticorum
1449 2571 1677 2618 ordinum
1701 2570 1874 2634 gradus
1910 2586 2060 2634 usque
2092 2569 2154 2616 ad
2182 2569 2428 2634 episcopa-

298 2649 392 2698 lem
426 2651 756 2700 conscendant
779 2651 1098 2699 altitudinem.
1126 2655 1374 2710 Quantum
1402 2653 1611 2717 denique
1642 2651 1869 2699 monachi
1896 2650 2078 2698 clericis
2112 2651 2426 2716 praemineant

298 2730 346 2779 in
380 2731 585 2791 meritis,
611 2733 715 2797 ipsa
746 2731 1062 2780 ecclesiastica
1089 2733 1390 2780 consuetudo
1418 2743 1634 2792 testatur,
1672 2749 1823 2796 quum
1857 2731 2078 2779 videlicet
2110 2732 2159 2777 in
2194 2729 2426 2795 supplica·

249 2830 259 2838 ·
296 2811 429 2860 tione
453 2811 639 2860 letaniae
660 2812 846 2861 dicatur
868 2812 930 2860 ab
953 2812 1179 2861 omnibus
1205 2831 1216 2859 ε
1247 2831 1270 2857 «
1289 2815 1469 2860 Omnes
1494 2813 1647 2860 sancti
1679 2811 1908 2859 monachi
1936 2821 1983 2858 et
2004 2810 2263 2869 heremitae,
2290 2822 2423 2857 orate

298 2891 568 2956 pro-nobis.
584 2911 608 2938 »
626 2895 664 2939 A
687 2892 829 2942 nullis
853 2903 1014 2943 autem
1037 2892 1132 2941 dici
1153 2894 1481 2958 praesumitur:
1502 2895 1683 2940 Omnes
1705 2892 1855 2940 sancti
1877 2891 2036 2939 clerici
2052 2929 2063 2950 ,
2089 2891 2162 2938 vel
2188 2891 2418 2955 episcopi,

215 2984 234 3001 ³-
293 2987 378 3020 seu
403 2972 647 3033 canonici,
675 2983 809 3021 orate
830 2990 921 3039 pro
944 2973 1103 3022 1101115.
1129 2977 1315 3039 Horum
1334 2973 1513 3039 quippe
1529 2972 1731 3021 nomina
1747 2989 1831 3020 seu
1845 2972 1942 3019 vita
1961 2972 2142 3019 nonita
2159 2981 2212 3017 ut
2228 2970 2419 3017 illorum

293 3052 544 3101 sanctitate
565 3054 865 3118 praeminent.

358 3132 408 3194 Si
429 3132 572 3196 igitur
597 3131 664 3180 sic
686 3143 778 3192 est,
809 3134 908 3181 imo
933 3134 1047 3198 quia
1068 3135 1135 3182 sic
1158 3145 1252 3193 est,
1278 3144 1331 3181 ut
1353 3133 1573 3181 videlicet
1602 3134 1701 3180 vita
1730 3133 1995 3180 monastica
2025 3132 2273 3180 sanctitate
2308 3146 2420 3197 prae-

293 3212 472 3261 mineat
501 3213 761 3279 episcopali
788 3213 1215 3273 administrationi,
1240 3214 1362 3262 sicut
1384 3231 1410 3261 e
1439 3231 1674 3262 converso
1704 3214 1793 3261 ista
1814 3212 1882 3259 illi
1906 3214 2155 3278 praeminet
2188 3211 2417 3276 dignitate

294 3290 609 3355 praelationis,
635 3310 780 3342 nemo
803 3293 1020 3359 profecto
1047 3303 1117 3341 est
1141 3293 1248 3359 plus
1270 3295 1572 3344 sanctitatem
1587 3310 1733 3360 quam
1756 3293 2037 3357 dignitatem
2057 3302 2311 3358 appetem,
2334 3295 2413 3355 qui

340 3472 456 3517 'Luc.‚
471 3484 545 3519 cap.
561 3486 581 3509 x
595 3501 603 3516 ,
617 3487 649 3510 v.
665 3475 717 3510 ⁴1.
737 3493 772 3499 -
789 3475 802 3493 ⁸
821 3476 928 3515 Cam,
949 3485 1023 3519 cap.
1052 3487 1093 3517 ιι,
1121 3486 1151 3509 v.
1177 3478 1211 3510 ’1.
1230 3494 1267 3501 ·-
1283 3477 1297 3494 ⁸
1316 3477 1392 3511 Tim.
1411 3477 1445 3517 1,
1461 3487 1536 3521 cap.
1551 3488 1605 3518 m,
1620 3488 1652 3510 v.
1676 3481 1703 3509 1.
1720 3495 1755 3501 --
1775 3476 1789 3494 ⁴
1809 3478 1952 3511 Corinth.
1971 3477 1999 3516 1,
2013 3487 2086 3519 cap.
2104 3487 2147 3516 ιν,
2165 3487 2194 3509 v.
2216 3479 2243 3509 1.
