2970 4152
499 447 604 509 ⁴456
1087 443 1256 490 PETRI
1293 443 1606 492 ABAELARDI
1642 446 1715 492 ET
1748 446 2050 493 HELOISSAE

506 538 911 605 concupiscentias
938 547 1039 583 tuas
1064 553 1164 583 non
1190 553 1268 583 eas
1285 573 1297 596 ,
1329 547 1376 584 et
1396 553 1422 584 a
1441 537 1685 600 voluntate
1709 550 1789 586 tua
1817 550 2043 587 avertere.
2068 541 2117 587 Si
2138 551 2328 606 praestes
2344 542 2512 589 animae
2536 553 2625 590 tuae

508 618 914 684 concupiscentias
949 617 1076 681 ejus,
1113 617 1248 664 faciet
1283 627 1328 664 te
1365 618 1413 665 in
1447 618 1674 683 gaudium
1699 619 1901 666 inimicis
1928 621 2033 667 tuis.
2063 640 2086 665 »
2115 623 2276 679 Quum
2301 639 2414 669 vero
2438 623 2501 669 ita
2530 633 2624 670 tam

508 700 648 746 rebus
676 698 850 746 nostris
878 714 1022 762 quam
1048 697 1187 744 nobis
1208 698 1321 763 ipsis
1342 699 1906 763 penitusoeenuntiamus,
1927 710 2042 748 tunc
2061 718 2171 749 vere
2189 703 2321 749 omni
2339 703 2627 768 proprietate

507 781 705 844 abjecta,
730 781 871 827 vitam
899 778 1026 825 illam
1053 778 1361 843 apostolicam
1385 780 1585 840 inimus,
1615 799 1718 845 quae
1739 783 1901 829 omnia
1920 782 1968 829 in
1993 799 2252 830 commune
2275 781 2485 843 reducit,
2507 785 2627 831 sicut

506 861 734 925 scriptum
760 862 854 907 est¹
884 878 892 905 :
927 858 1287 907 «Multitudinis
1321 860 1617 908 credentium
1646 871 1746 908 erat
1790 879 1875 909 cor
1915 879 2067 909 unum
2105 873 2151 910 et
2189 864 2347 911 anima
2389 880 2498 910 una.
2533 866 2628 913 Nec

504 943 754 1006 quisquam
784 958 981 999 eorum,
1021 957 1125 1004 quae
1158 941 1462 1007 possidebat,
1506 942 1684 1006 aliquid
1715 959 1856 990 suum
1886 960 1987 990 esse
2015 943 2216 991 dicebat.
2247 943 2340 991 Sed
2367 954 2502 991 erant
2538 943 2628 991 illis

504 1024 665 1069 omnia
682 1022 973 1069 communia.
993 1021 1306 1069 Dividebatur
1325 1033 1483 1069 autem
1500 1022 1693 1086 singulis
1712 1034 1856 1087 prout
1873 1024 2046 1088 cuique
2062 1041 2184 1090 opus
2204 1035 2318 1071 erat.
2337 1043 2359 1068 »
2377 1026 2481 1071 Non
2501 1025 2627 1071 enim

502 1103 741 1167 aequaliter
772 1119 939 1149 omnes
976 1101 1203 1166 egebant3
1239 1113 1285 1149 et
1310 1103 1419 1149 ideo
1455 1119 1551 1150 non
1582 1103 1823 1167 aequaliter
1851 1104 2075 1152 omnibus
2109 1105 2521 1166 distribuebatur,
2545 1105 2628 1153 sed

503 1184 696 1247 singulis
723 1194 867 1248 prout
895 1199 1017 1248 opus
1042 1193 1156 1230 erat.
1189 1185 1283 1229 Cor
1308 1199 1458 1229 unum
1481 1183 1603 1243 fide,
1633 1184 1743 1248 quia
1767 1185 1914 1231 corde
1937 1185 2160 1232 creditur.
2183 1186 2352 1233 Anima
2375 1202 2495 1245 una,
2518 1187 2629 1250 quia

506 1265 673 1312 eadem
702 1281 757 1311 ex
784 1264 1012 1311 charitate
1039 1263 1261 1311 voluntas
1286 1263 1580 1323 adinvicem,
1609 1282 1756 1328 quum
1784 1265 1879 1312 hoc
1907 1267 2234 1330 unusquisque
2269 1266 2347 1313 alii
2378 1265 2512 1330 quod
2542 1266 2629 1313 sibi

502 1346 672 1404 vellet,
709 1362 798 1392 nec
823 1361 908 1391 sua
933 1345 1081 1408 magis
1113 1361 1257 1408 quam
1286 1344 1489 1391 aliorum
1527 1344 1785 1392 commoda
1812 1356 2070 1410 quaereret,
2114 1346 2189 1393 vel
2225 1346 2286 1393 ad
2322 1363 2630 1394 communem

502 1426 750 1473 utilitatem
777 1425 837 1472 ab
862 1424 1085 1471 omnibus
1108 1425 1269 1471 omnia
1296 1420 1582 1472 referrentur
1605 1444 1614 1471 z
1645 1426 1836 1472 nemine
1865 1442 1969 1489 quae
1994 1442 2077 1472 sua
2101 1436 2238 1485 sunt,
2274 1426 2357 1472 sed
2387 1443 2491 1491 quae
2521 1429 2630 1473 Jesu

502 1507 689 1562 Christi,
721 1516 960 1571 quaerente
985 1522 1066 1552 seu
1088 1505 1352 1552 affectante.
1379 1505 1599 1569 Alioquin
1622 1521 1926 1569 nequaquam
1946 1507 2045 1552 sine
2064 1507 2354 1571 proprietate
2373 1507 2626 1566 viveretur,

502 1605 606 1651 quae
632 1588 780 1651 inagis
804 1588 851 1633 in
880 1585 1172 1645 ambitione,
1213 1603 1357 1650 quam
1396 1587 1443 1632 in
1479 1587 1780 1651 possessione
1813 1587 2044 1634 consistit.
2075 1587 2295 1634 Otiosum
2321 1586 2522 1634 verbum
2548 1604 2631 1635 seu

503 1669 798 1732 superfluum
817 1667 946 1713 idem
965 1676 1035 1713 est
1054 1666 1187 1730 quod
1207 1666 1580 1730 multiloquium.
1603 1666 1742 1714 Unde
1760 1667 2045 1731 Augustinus
2065 1669 2469 1714 Retraetationum
2482 1666 2563 1715 lib.
2581 1672 2598 1715 1
2616 1688 2626 1715 ε

505 1768 526 1791 α
563 1748 719 1808 Absit,
747 1767 770 1791 »
812 1747 1022 1810 inquit²,
1057 1766 1079 1790 «
1109 1756 1161 1792 ut
1197 1745 1553 1811 multiloquium
1584 1746 1839 1812 deputem,
1867 1747 2063 1812 quando
2081 1748 2346 1795 ¹necessaria
2375 1747 2628 1808 dicuntur,

501 1828 795 1892 quantalibet
835 1844 1113 1874 sermonum
1151 1827 1456 1874 multitudine
1486 1845 1540 1875 ac
1568 1827 1835 1893 prolixitate
1873 1828 2107 1875 dicantur.
2138 1848 2160 1872 »
2192 1829 2313 1875 Hinc
2348 1839 2507 1876 autem
2548 1845 2634 1895 per

505 1908 812 1955 Salomonem
839 1908 1012 1956 dicitur
1031 1909 1045 1932 ³
1068 1927 1077 1954 z
1115 1927 1137 1952 «
1162 1911 1214 1954 In
1242 1908 1546 1971 multiloquio
1576 1925 1675 1955 non
1701 1908 1850 1956 deerit
1876 1919 2141 1974 peccatum.
2167 1909 2261 1966 Qui
2285 1919 2444 1956 autem
2469 1909 2635 1956 mode-

502 2000 632 2043 ratur
656 1989 779 2036 labia
805 2006 916 2048 sua,
948 1988 1347 2054 prudentissimus
1374 1999 1458 2036 est.
1488 2008 1511 2033 »
1542 1989 1745 2036 Multum
1777 2006 1889 2054 ergo
1920 1989 2188 2037 cavendum
2217 1999 2287 2036 est
2317 1990 2367 2036 in
2395 2006 2492 2054 quo
2515 2006 2634 2055 pec-

501 2082 659 2117 catum
686 2087 784 2117 non
812 2070 971 2130 deest,
1002 2080 1048 2116 et
1074 2079 1207 2116 tanto
1228 2069 1484 2116 studiosius
1509 2069 1622 2117 huic
1651 2070 1822 2117 morbo
1848 2070 2203 2136 providendum
2224 2080 2319 2130 est,
2344 2080 2525 2134 quanto
2544 2087 2634 2135 pe-

501 2151 750 2198 riculosius
795 2154 890 2198 est“
942 2162 989 2198 et
1033 2150 1270 2197 difficilius
1305 2151 1522 2197 evitatur.
1580 2151 1725 2208 Quod
1764 2151 1932 2198 beatus
1972 2151 2232 2216 providens
2269 2151 2619 2198 Benedictus⁵z

505 2252 527 2276 «
553 2234 699 2279 Omni
724 2242 966 2297 tempore,
990 2251 1013 2276 »
1051 2233 1235 2295 inquit,
1278 2251 1299 2275 «
1323 2231 1511 2278 silentio
1544 2231 1723 2278 debent
1756 2231 1945 2278 studere
1981 2231 2220 2278 monachi,
2252 2250 2274 2275 ι)
2315 2231 2424 2278 Plus
2458 2232 2634 2296 quippe

501 2329 600 2359 esse
640 2322 824 2359 constat
862 2312 1048 2358 silentio
1077 2311 1268 2358 studere
1298 2328 1440 2375 quam
1473 2311 1711 2358 silentium
1747 2311 1940 2358 habere.
1976 2314 2056 2358 Est
2086 2312 2216 2359 enim
2242 2311 2453 2359 studium
2485 2311 2635 2359 vehe—

503 2410 638 2439 mens
666 2392 918 2457 applicatio
945 2392 1091 2438 animi
1117 2391 1178 2438 ad
1207 2391 1387 2455 aliquid
1419 2390 1701 2455 gerendum.
1735 2391 1880 2438 Multa
1906 2408 2021 2439 vero
2048 2392 2340 2456 negligenter
2358 2393 2541 2456 agimus
2561 2392 2636 2439 vel

501 2474 661 2532 inviti,
695 2473 777 2519 sed
803 2472 934 2519 nulla
953 2471 1164 2519 studiose
1193 2472 1283 2518 nisi
1304 2471 1519 2519 volentes
1547 2472 1620 2519 vel
1647 2473 1834 2519 intenti.
1859 2475 2105 2530 Quantum
2128 2489 2243 2519 vero
2264 2471 2454 2519 difficile
2479 2473 2535 2520 sit
2562 2472 2637 2520 vel

505 2554 619 2600 utile
635 2554 845 2617 linguam
862 2552 1129 2611 refrenare,
1160 2551 1404 2616 apostolus
1430 2551 1635 2598 Jacobu's
1661 2551 1911 2616 diligenter
1927 2552 2179 2599 attendens
2193 2588 2205 2612 ,
2226 2552 2335 2599 ait⁶z
2365 2570 2388 2597 «
2402 2555 2454 2598 In
2475 2552 2636 2599 multis

505 2634 633 2680 enim
659 2631 947 2680 offendimus
978 2649 1164 2679 omnes.
1197 2632 1245 2678 Si
1272 2632 1378 2696 quis
1403 2632 1451 2678 in
1477 2631 1626 2679 verbo
1653 2648 1754 2678 non
1781 2631 2007 2692 offendit,
2039 2632 2118 2679 hic
2142 2632 2379 2697 perfectus
2404 2642 2474 2679 est
2497 2633 2583 2678 vir.
2609 2651 2633 2677 υ

505 2714 637 2761 Idem
664 2714 725 2760 ita
751 2732 760 2759 :
795 2734 817 2757 «
839 2714 1008 2759 Omnis
1036 2722 1206 2760 natura
1232 2712 1491 2759 bestiarum
1512 2749 1524 2772 ,
1557 2722 1604 2759 et
1631 2712 1911 2772 volucrum,
1945 2722 1991 2760 et
2024 2713 2343 2778 serpentium,
2373 2722 2420 2759 et
2441 2722 2638 2759 caetero-

506 2812 638 2854 rum,
684 2794 972 2852 domantur,
1015 2803 1061 2839 et
1102 2792 1283 2839 domita
1313 2802 1422 2839 sunt
1451 2808 1477 2838 a
1506 2802 1675 2838 natura
1705 2792 1934 2839 humana.
1962 2811 1985 2836 ιι
2019 2792 2113 2849 Qui
2152 2791 2292 2839 simul
2331 2791 2637 2840 considerans

506 2886 682 2940 quanta
708 2876 766 2922 sit
788 2876 835 2922 in
862 2875 1022 2938 lingua
1048 2873 1285 2920 malorum
1312 2871 1508 2920 materia
1524 2909 1536 2931 ,
1562 2882 1609 2919 et
1628 2872 1846 2919 omnium
1871 2871 2115 2919 bonorum
2135 2872 2468 2937 consumptio,
2495 2871 2638 2936 supra

507 2958 572 3003 sic
601 2967 646 3002 et
673 2956 792 3002 infra
820 2955 1031 3019 loquitur
1060 2973 1069 3000 ε
1115 2974 1137 2998 «
1171 2953 1349 3017 Lingua
1387 2953 1583 3017 quidem
1613 2952 1861 3000 modicum
1889 2952 2165 3000 membrum
2182 2989 2194 3012 ,
2242 2962 2449 3018 quantus
2479 2952 2600 3016 ignis
2619 2987 2631 3011 ,

507 3054 650 3101 quam
692 3053 914 3101 magnam
951 3036 1118 3082 silvam
1145 3033 1449 3082 incenditl...
1483 3035 1767 3081 Universitas
1795 3034 2085 3098 iniquitatis,
2119 3034 2386 3099 inquietum
2427 3032 2633 3093 malum,

509 3117 705 3182 plenum
734 3134 922 3164 veneno
949 3116 1209 3163 mortifero.
1238 3135 1261 3159 »
1295 3114 1422 3172 Quid
1443 3124 1603 3161 autem
1623 3131 1808 3162 veneno
1827 3114 2139 3181 periculosius
2158 3114 2233 3161 vel
2253 3112 2519 3162 cavendum
2540 3129 2638 3161 am-

509 3198 666 3262 plius?
705 3199 834 3246 Sicut
872 3214 984 3262 ergo
1013 3213 1253 3244 venenum
1280 3196 1425 3242 vitam
1456 3196 1714 3260 extinguit,
1753 3197 1819 3241 sic
1847 3195 2109 3260 loquacitas
2143 3194 2421 3259 religionem
2450 3194 2638 3259 penitus

512 3278 695 3324 evertit.
726 3277 865 3324 Unde
890 3277 1019 3324 idem
1045 3277 1261 3341 superius
1278 3277 1291 3299 ⁷
1313 3294 1321 3320 :
1357 3295 1379 3320 «
1403 3275 1451 3321 Si
1480 3275 1586 3339 quis
1614 3285 1749 3339 putat
1774 3292 1849 3334 se,
1875 3295 1899 3320 »
1931 3275 2113 3340 inquit,
2146 3295 2169 3319 «
2206 3274 2474 3338 religiosum
2501 3290 2601 3321 esse
2621 3310 2633 3334 ,

560 3489 569 3506 ¹
596 3491 666 3522 Act.
694 3491 820 3530 etpost„
841 3498 917 3531 cap.
944 3499 987 3529 iv,
1011 3500 1042 3521 v.
1065 3490 1118 3521 32.
1136 3507 1177 3512 —
1199 3488 1210 3505 ¹
1231 3490 1266 3522 ln
1286 3482 1442 3533 prologo,
1466 3489 1548 3530 Opp.
1595 3490 1655 3521 Est
1671 3499 1733 3521 non
1752 3490 1867 3531 legitur
1884 3490 1914 3521 in
1930 3489 2008 3521 edit.
2022 3505 2066 3513 ·-
2081 3488 2094 3505 ⁸
2111 3487 2226 3531 Regul.
2247 3487 2279 3521 S.
2301 3486 2442 3527 Bened„
2465 3495 2636 3530 capsxtu.

518 3556 539 3579 ι.
570 3548 600 3587 1,
633 3547 695 3580 col.
727 3549 755 3579 1.
774 3563 813 3570 -
832 3545 845 3564 ³
872 3547 985 3585 Prov„
1011 3555 1081 3589 cap.
1116 3558 1135 3579 x
1150 3572 1157 3586 ,
1182 3557 1212 3578 v.
1238 3548 1288 3578 19.
1308 3565 1342 3571 —
1371 3545 1383 3563 ⁴
1399 3546 1451 3578 Sic
1475 3545 1508 3577 Β.
1527 3563 1549 3569 -
1594 3545 1653 3571 -0
1667 3545 1796 3586 Jacob„
1816 3556 1889 3588 cap.
1912 3557 1966 3585 ιιι,
1987 3547 2049 3578 ν.2
2070 3552 2101 3578 et
2117 3555 2234 3588 sqq.-
2250 3543 2377 3583 ⁷1b5d..
2393 3553 2467 3584 cap.
2484 3554 2514 3579 ι,
2531 3553 2562 3575 v.
2580 3543 2635 3575 26.
