2970 4152
465 524 579 573 Aquae
594 524 706 560 salem
716 552 725 568 ,
744 525 907 561 cinerem
918 553 929 571 ,

463 585 589 634 Atque
605 585 765 621 humum
783 586 910 623 sociat.

464 678 524 714 Bis
541 680 702 717 intincto
719 681 841 730 digito

461 739 536 775 Per
551 739 677 776 altaris
693 752 834 777 cornua

461 798 620 847 Signum
638 800 760 836 crucis
777 801 961 849 imprimit

460 858 724 896 Consecrantis
746 860 910 896 dextera.

459 951 516 988 De
534 953 675 1002 hysopo
691 954 829 990 deinde

462 1011 611 1048 Tenens
626 1014 875 1062 aspersorium

459 1071 504 1106 In
521 1071 636 1108 altare
654 1074 790 1122 septies

456 1133 632 1180 Aspergit
647 1133 937 1173 circumdatum,

455 1223 595 1272 Ligatis
610 1232 670 1262 ter
686 1226 862 1276 deinceps

455 1283 564 1320 Intus
581 1286 787 1333 parietibus
798 1315 808 1331 ,

457 1342 552 1380 Orat
570 1353 612 1382 ut
632 1346 806 1383 exaudiat

453 1403 510 1439 Ibi
534 1412 617 1441 vota
637 1406 832 1444 Dominus.

451 1497 512 1534 Ad
528 1499 643 1537 altare
662 1501 793 1548 praesul
813 1502 872 1539 his

451 1557 615 1595 Peractis
632 1562 885 1607 convertitur;

450 1618 619 1655 Psalmus
639 1632 724 1656 cum
742 1622 946 1671 antiphona

449 1678 643 1716 Praeeunte
663 1680 814 1718 dicitur.

448 1771 508 1809 Ad
526 1773 651 1810 altaris
668 1774 843 1813 funditur

447 1832 569 1869 Basim
587 1846 690 1884 aquae
712 1836 920 1886 reliquum

448 1893 534 1940 Quo
550 1895 693 1943 extergi
710 1895 868 1933 debetur
884 1902 910 1942 ⁸,

446 1953 634 1991 Mundum
649 1955 755 1992 adest
772 1956 946 1994 linteum.

446 2046 553 2082 Thus
569 2048 723 2084 antistes
744 2048 868 2086 adolet

444 2105 565 2155 Super
581 2108 704 2156 ipsum
727 2109 911 2155 Domino;
966 2105 969 2107 ’

444 2167 540 2203 Tam
558 2168 682 2216 ipsum
699 2181 812 2218 quam
830 2170 951 2220 angeli

441 2225 723 2275 Consignantur
740 2228 836 2266 oleo.

442 2321 630 2359 Unctione
647 2323 861 2360 chrismatis

442 2379 569 2418 Altare
586 2382 840 2430 perfunditur,

442 2439 489 2476 Et
507 2440 618 2476 simul
635 2442 842 2490 antiphona

437 2499 679 2536 Decantanda
697 2503 872 2538 sumitur.

441 2593 580 2631 Cruces
595 2594 685 2630 hinc
702 2594 899 2632 duodecim

428 2653 706 2691 Chrismantur
723 2656 923 2704 parietum,

441 2713 567 2751 Altare
587 2716 819 2764 contegitur,

439 2773 486 2810 Et
502 2773 543 2810 fit
559 2775 794 2812 sacrificium.

438 2864 528 2910 Quae
546 2864 642 2901 fiunt
662 2867 846 2912 exterius,
868 2873 939 2904 etc.

435 2957 515 2994 Deo
530 2959 627 3007 patri
650 2959 788 3008 gloria,
808 2967 881 2999 etc.

783 3095 881 3131 LIX.

433 3199 528 3236 Ecce
546 3199 679 3236 domus
699 3201 873 3249 Domini,

434 3259 490 3295 En
509 3258 627 3296 fidelis
646 3261 826 3310 populus,

432 3319 605 3365 Psalmis,
630 3320 803 3368 hymnis,
827 3324 980 3361 canticis

434 3379 581 3417 vacans
598 3381 839 3429 spiritalibus.

360 3500 369 3517 ⁸
398 3501 479 3535 Cod.
498 3520 516 3526 —
535 3505 709 3553 Debentur.

1229 431 1236 448 ²
1266 432 1550 480 CARMINA.

1555 530 1729 570 Christus
1748 535 1853 582 cujus
1869 534 2004 571 domus
2018 542 2096 580 est,

1554 592 1678 640 lpsam
1697 594 1767 631 sibi
1785 603 1977 645 protegat,

1554 653 1601 689 Et
1619 654 1713 691 ovile
1731 657 1873 704 proprii

1553 713 1691 763 Gregis
1712 723 1836 763 pastor
1855 718 2012 753 muniat.

1553 800 1707 836 Manum
1726 802 1953 849 spiritalium

1553 860 1726 897 Tutelam
1745 861 1933 898 adhibeat.

1553 921 1676 969 Lupos
1692 921 1893 958 invisibiles

1550 980 1673 1029 Super
1690 980 1772 1017 illos
1789 989 1925 1018 arceat.

1551 1068 1783 1116 Angelorum
1802 1069 2001 1117 praesidens

1550 1127 1706 1175 Semper
1726 1129 1789 1165 hic
1808 1129 1998 1176 custodia,

1550 1187 1612 1223 Ad
1630 1187 1755 1224 fideles
1780 1190 1908 1237 populi

1553 1247 1699 1296 vigilet
1717 1249 1895 1298 praesidia.

1549 1334 1610 1372 Ad
1626 1338 1829 1386 superbum
1852 1339 2022 1375 Zabulon

1549 1397 1831 1435 Conterendum
1853 1400 2037 1447 Michael‚

1548 1457 1609 1493 Ad
1633 1449 1859 1496 medendum
1884 1462 2015 1497 sauciis

1548 1518 1746 1567 Dirigatur
1755 1509 1943 1570 Raphael.

1525 1654 1529 1657 ι
1548 1606 1672 1643 Corda
1698 1607 1942 1645 titubantium

1547 1667 1704 1704 Gabriel
1720 1668 1955 1714 corroboret,

1547 1727 1596 1763 Et
1614 1730 1886 1776 perseverantia

1544 1787 1692 1824 stantes
1709 1788 1809 1825 idem
1827 1788 1986 1837 adjuvet.

1544 1877 1766 1926 Nunquam,
1788 1890 1905 1927 quum
1924 1880 1972 1915 sit
1989 1879 2087 1928 regis
2104 1879 2175 1915 hoe

1541 1937 1713 1974 Coelestis
1729 1938 1923 1987 palatium,

1543 1997 1726 2034 ministris
1742 1997 1952 2035 coelestibus

1541 2058 1658 2094 Decet
1675 2070 1753 2095 esse
1772 2070 1947 2096 nocuum.

1540 2144 1689 2180 Horum
1706 2145 1918 2182 ministerio

1540 2203 1798 2252 Disponantur
1816 2206 1941 2243 omnia

1538 2265 1616 2311 Qui
1641 2272 1782 2302 norunt
1799 2278 1880 2315 quae
1898 2267 2063 2305 Domino

1538 2324 1622 2362 Sint
1640 2324 1695 2361 vel
1717 2338 1793 2362 nou
1813 2326 1887 2363 sint
1903 2327 2050 2376 placita.

1536 2416 1679 2453 Christi
1696 2423 1779 2453 vota
1801 2417 1956 2466 populi,

1536 2475 1613 2523 Ipsi
1630 2487 1758 2523 preces
1774 2476 1931 2514 offerant
1943 2506 1953 2523 ‚

1535 2535 1583 2571 Et
1601 2534 1695 2584 quid
1714 2536 1793 2584 ipse
1812 2545 1962 2581 voveat,

1535 2594 1639 2642 Quid
1656 2602 1831 2643 precetur
1853 2597 2022 2635 doceant.

1534 2683 1643 2720 Nihil
1659 2684 1769 2721 cassis
1787 2685 1962 2734 precibus
1975 2715 1986 2732 ,

1533 2744 1639 2781 Nihil
1657 2744 1751 2781 votis
1769 2745 1886 2782 irritis

1531 2805 1631 2842 Hinc
1650 2803 1776 2841 fideles
1795 2805 1987 2853 postulent

1538 2864 1605 2903 Vel
1629 2864 1701 2901 sibi
1718 2864 1774 2901 vel
1792 2864 1887 2901 aliis.

1529 2947 1626 2994 Quis
1643 2954 1768 2983 autem
1787 2947 1953 2985 fidelium

1529 3008 1662 3044 Preces
1677 3007 1757 3043 Deo
1771 3007 1915 3045 fuderit
1925 3038 1936 3056 ‚

1529 3065 1751 3114 Impetrasse
1773 3065 1932 3114 gaudeat

1526 3126 1590 3171 Se,
1612 3125 1799 3176 quidquid
1815 3127 1976 3176 petierit.

1526 3212 1672 3249 Hiezita
1689 3211 1813 3248 nullus
1832 3212 1912 3257 hic,

1525 3271 1660 3308 Nullus
1677 3271 1919 3317 simoniacus,

1523 3332 1752 3380 Corrumpat
1769 3331 1944 3369 hereticis

1522 3392 1688 3440 Gregem
1709 3391 1851 3429 Christi
1870 3394 2051 3441 pestibus.

2372 441 2466 487 317
