2970 4152
902 437 960 484 ΙΝ
993 436 1200 484 DlEBUS
1233 430 1626 482 ROGATIONUM
1660 433 1874 479 SERMO.
2350 429 2444 475 469

325 533 595 596 stinguitur.
625 535 840 590 Quarum
862 532 1016 596 prima
1037 547 1147 596 pars
1175 540 1245 577 est
1273 529 1514 576 invocatio
1538 545 1633 592 qua
1655 528 1857 575 dicitur:
1889 546 1911 571 ι(
1931 529 2068 573 Pater
2096 534 2257 571 noster
2284 524 2366 588 qui
2396 540 2444 570 es

328 613 377 659 in
401 613 546 659 coelis.
571 631 594 656 >›
619 612 805 659 Deinde
827 622 1010 676 septem
1032 611 1285 676 petitiones
1308 618 1591 673 sequuntur.
1611 611 1722 655 Tres
1744 623 1860 654 vero
1881 606 2064 671 priores
2088 604 2149 651 ad
2172 607 2327 651 Deum
2342 620 2444 668 per-

326 693 481 739 tinent
495 730 506 752 ,
526 702 732 756 quatuor
746 709 861 738 vero
877 691 1069 755 reliquae
1091 690 1153 737 ad
1163 707 1277 736 nos.
1298 689 1447 752 Hujus
1466 689 1609 751 igitur
1624 687 1806 734 ordinis
1822 686 2123 733 intendentes
2140 685 2440 750 expositioni,

325 772 484 836 ipsum
505 773 636 836 prius
659 788 851 818 oremus
873 771 1160 828 Dominum,
1186 779 1239 815 ut
1261 769 1491 815 orationis
1513 784 1608 814 suae
1638 766 1779 813 nobis
1810 765 2024 812 conferat
2052 764 2411 828 intelligentiam
2430 803 2440 822 ,

320 867 430 914 quae
451 852 604 915 ipsam
628 850 768 897 nobis
793 851 932 897 saciat
955 850 1264 896 fructuosam.
1291 850 1452 905 Quum
1475 848 1590 894 dicit
1613 866 1624 893 ε
1655 866 1678 891 «
1698 850 1850 905 Pater,
1875 865 1897 889 »
1925 846 2084 910 potius
2106 861 2251 908 quam
2271 864 2281 891 :
2312 863 2335 888 «
2353 848 2446 891 Do·

323 932 476 991 mine,
501 950 525 975 »
551 948 640 977 nos
663 932 706 977 ei
729 948 815 995 per
837 946 1053 977 amorem
1082 930 1241 994 potius
1269 945 1415 993 quam
1448 945 1535 993 per
1564 928 1787 974 timorem
1820 926 2049 973 admonet
2083 925 2336 971 deservire.
2368 925 2439 970 Ti-

324 1027 453 1057 mere
477 1011 655 1076 quippe
677 1027 927 1057 servorum
949 1020 1041 1068 est,
1069 1026 1229 1057 amare
1252 1009 1477 1055 filiorum.
1507 1008 1645 1055 Unde
1668 1017 1715 1054 et
1740 1007 1991 1072 Apostolus
2015 1006 2322 1053 christianam
2343 1022 2441 1052 ser-

322 1090 521 1138 vitutem
557 1107 584 1137 a
613 1090 806 1154 judaica
849 1089 1145 1152 distinguens
1163 1126 1174 1147 ,
1221 1089 1464 1135 conversis
1499 1088 1599 1151 jam
1639 1087 1811 1134 Judaeis
1854 1086 2009 1133 aiebat
2030 1089 2041 1110 ¹
2069 1104 2079 1132 z
2117 1105 2142 1131 «
2172 1088 2279 1132 Non
2314 1086 2442 1132 enim

319 1169 500 1217 subditi
530 1171 640 1216 estis
664 1171 837 1216 iterum
858 1170 907 1215 in
931 1169 1127 1227 timore,
1154 1167 1239 1215 sed
1271 1168 1516 1231 accepistis
1551 1168 1771 1231 spiritum
1807 1166 2102 1230 adoptionis,
2135 1166 2184 1212 in
2219 1182 2315 1230 quo
2345 1165 2440 1212 cla-

319 1265 528 1297 mamus:
551 1250 738 1308 «Abba,
765 1259 956 1314 pater.»
980 1248 1255 1295 Notandum
1278 1264 1393 1294 vero
1417 1247 1512 1293 hoc
1535 1247 1668 1306 loco,
1691 1264 1843 1310 quum
1866 1246 2056 1306 dicitur,
2083 1249 2268 1305 «Pater,
2289 1264 2311 1290 υ
2341 1263 2440 1292 non

320 1345 466 1377 unam
487 1340 676 1377 tantum
698 1330 936 1376 Trinitatis
959 1345 1217 1394 personam
1248 1328 1469 1391 intelligi,
1495 1328 1579 1375 sed
1614 1328 1942 1374 indifferenter
1977 1327 2038 1374 ad
2073 1331 2227 1373 Deum
2263 1328 2440 1373 oratio-

318 1426 430 1456 nem
453 1411 614 1474 dirigi,
648 1411 725 1457 cui
748 1410 1068 1457 communiter
1090 1426 1118 1456 a
1140 1409 1359 1455 fidelibus
1387 1425 1473 1473 per
1502 1425 1716 1455 amorem
1744 1409 2024 1455 deservitur.
2052 1411 2157 1454 Non
2188 1408 2441 1455 mediocris

317 1489 506 1536 videtur
528 1490 861 1537 benivolentiae
882 1490 1090 1555 captatio
1104 1527 1115 1547 ,
1141 1506 1291 1554 quum
1315 1506 1426 1536 eum
1449 1506 1594 1553 quem
1617 1505 1810 1535 oramus
1833 1498 2018 1553 patrem
2042 1505 2286 1547 vocamus,
2306 1490 2439 1552 quasi

314 1586 372 1616 ex
401 1579 501 1617 tam
531 1570 661 1617 dulci
694 1571 892 1617 nomine
930 1570 991 1617 ad
1022 1580 1231 1635 paternae
1268 1569 1536 1616 dilectionis
1570 1569 1795 1616 affectum
1830 1579 2102 1628 moveatur,
2135 1579 2182 1616 et
2210 1586 2310 1616 non
2341 1580 2439 1616 tam

313 1649 450 1713 quod
491 1651 637 1697 servis
677 1666 823 1714 quam
859 1650 992 1714 quod
1030 1649 1136 1696 filiis
1172 1649 1347 1696 debeat
1393 1649 1688 1696 recordetur.
1735 1651 1895 1706 Quum
1946 1649 2062 1696 dicit
2111 1651 2438 1714 unusquisque

318 1740 522 1777 «noster
546 1750 568 1774 »
597 1732 757 1796 potius
793 1747 939 1795 quam
976 1747 1133 1790 meus,
1171 1729 1322 1776 filium
1348 1747 1398 1777 se
1428 1731 1516 1776 Dei
1544 1747 1630 1795 per
1661 1730 1972 1794 adoptionem
2010 1730 2143 1794 quod
2180 1747 2437 1778 commune

314 1810 474 1858 multis
503 1821 595 1870 est,
633 1812 792 1876 potius
820 1828 966 1875 quam
995 1827 1081 1876 per
1114 1810 1453 1869 substantiam,
1495 1810 1629 1875 quod
1662 1810 1808 1857 solius
1837 1810 2010 1857 Christi
2039 1821 2132 1869 est,
2164 1810 2431 1876 profitetur.

313 1892 439 1937 Bene
470 1901 630 1938 autem
674 1891 774 1939 haec
820 1892 973 1938 oratio
994 1895 1008 1916 ²
1034 1908 1133 1938 non
1169 1891 1493 1954 singulariter,
1526 1891 1610 1937 sed
1642 1890 1887 1956 pluraliter
1920 1890 1981 1938 ab
2017 1908 2312 1956 unoquoque
2355 1893 2432 1954 fit,

312 1985 462 2033 quum
502 1971 713 2019 dicitur:
754 1982 940 2031 noster,
980 1972 1055 2019 vel
1101 1983 1344 2030 nostrum,
1392 1971 1532 2018 nobis
1560 1971 1635 2018 vel
1671 1989 1783 2030 nOS,
1822 1973 1980 2037 potius
2012 1989 2158 2036 quam
2200 1991 2333 2022 meus
2359 1976 2435 2022 vel

311 2066 496 2109 meum,
533 2051 609 2098 vel
644 2051 761 2098 mihi
803 2052 877 2099 vel
913 2069 989 2099 me
1017 2053 1167 2117 :quia
1211 2062 1344 2100 tanto
1375 2051 1554 2099 facilius
1589 2052 1899 2116 impetramus
1936 2053 2068 2117 quod
2110 2054 2430 2118 postulamus,

309 2139 491 2193 quanto
526 2147 611 2195 per
653 2131 868 2178 fraternae
906 2132 1174 2179 dilectionis
1209 2131 1433 2179 affectum
1463 2131 1580 2178 alios
1617 2132 1757 2179 nobis
1794 2133 1842 2179 in
1874 2133 2142 2180 orationem
2176 2135 2428 2183 sociamus.

313 2210 455 2267 «Qui
488 2210 536 2257 in
573 2210 701 2258 coelis
733 2228 806 2271 es,
836 2231 855 2255 υ
894 2211 990 2259 hoc
1021 2222 1090 2259 est
1118 2229 1205 2278 per
1240 2213 1440 2276 gratiam
1475 2212 1712 2259 inhabitas
1746 2214 1793 2259 in
1830 2213 1904 2260 his
1938 2214 2020 2278 qui
2049 2216 2183 2279 quasi
2221 2216 2432 2264 coelestes

306 2300 440 2350 sunt,
466 2291 639 2339 coelum
661 2294 820 2358 potius
843 2310 990 2358 quam
1013 2304 1189 2341 terram
1211 2294 1505 2353 habitantes,
1532 2304 1577 2341 et
1600 2296 1649 2341 iu
1673 2295 2000 2359 superioribus
2018 2334 2029 2354 ,
2057 2314 2156 2343 non
2181 2298 2229 2344 in
2255 2298 2431 2347 infimis

280 2392 282 2394 ·
305 2372 566 2418 constituti.
594 2376 664 2419 De
692 2373 913 2438 qualibus
935 2375 1171 2422 Dominus
1194 2376 1279 2421 ait³
1303 2393 1315 2421 z
1346 2395 1368 2419 «
1388 2375 1575 2422 Coelum
1598 2374 1716 2422 mihi
1738 2375 1874 2422 sedes
1896 2386 1989 2435 est,
2013 2396 2035 2421 »
2060 2377 2156 2424 hoc
2178 2388 2248 2425 est
2270 2380 2430 2428 anima

305 2450 519 2499 sublimis
541 2453 796 2501 virtutibus
819 2465 865 2501 et
889 2455 1135 2502 desideriis
1165 2456 1351 2502 fervens
1375 2456 1681 2520 spiritalibus.
1791 2454 1793 2457 ’

373 2551 395 2576 α
415 2532 744 2580 Sanctificetur
766 2551 944 2581 nomen
968 2545 1122 2582 tuum.
1145 2554 1167 2580 υ
1194 2539 1305 2582 Post
1327 2536 1683 2583 invocationem
1706 2537 1960 2601 petitiones
1984 2538 2221 2602 adjungit,
2249 2550 2294 2586 et
2317 2542 2428 2605 quia

303 2611 408 2676 plus
446 2612 645 2675 gloriam
672 2614 759 2660 Dei
794 2630 940 2678 quam
975 2614 1227 2662 utilitatem
1259 2626 1474 2663 nostram
1509 2633 1719 2680 quaerere
1751 2634 1841 2663 nos
1873 2619 2099 2665 convenit
2123 2619 2227 2682 (hic
2249 2621 2427 2685 quippe

303 2690 410 2738 finis
425 2709 526 2739 esse
542 2692 685 2739 debet
702 2693 750 2739 in
771 2693 996 2740 omnibus
1011 2711 1116 2758 quae
1135 2695 1318 2758 agimus
1331 2733 1342 2753 ‚
1359 2705 1412 2742 ut
1429 2695 1719 2760 glorificetur
1737 2697 1906 2761 Deus),
1925 2707 2018 2745 tres
2036 2699 2133 2746 istae
2151 2701 2422 2764 petitiones,

302 2781 353 2818 ut
375 2772 602 2832 diximus,
628 2774 811 2838 priores
840 2773 1236 2837 glorificationem
1267 2776 1366 2839 ejus
1388 2776 1650 2841 postulant.
1678 2780 1764 2824 Per
1786 2778 2083 2826 Ezechielem
2106 2781 2341 2828 Dominus
2364 2782 2425 2830 de

300 2852 517 2917 reprobis
544 2853 715 2900 Judaeis
743 2871 1067 2918 conquerens,
1100 2865 1147 2902 et
1175 2873 1273 2902 eos-
1286 2857 1567 2922 increpans,
1600 2858 1685 2904 ait⁵
1711 2877 1721 2904 z
1752 2861 1982 2906 «Nomen
2013 2871 2232 2908 sanctum
2263 2879 2424 2909 meum

299 2933 431 2997 quod
465 2934 699 2999 polluistis
732 2935 779 2980 in
817 2935 1053 2998 gentibus.
1075 2955 1097 2980 υ
1134 2939 1292 2994 Quam
1326 2947 1373 2984 et
1405 2938 1659 3003 Apostolus
1694 2940 1980 2987 sententiam
2010 2942 2265 3002 inducenS,
2298 2944 2381 2990 ait⁸
2408 2961 2418 2990 ε

301 3033 324 3057 «
347 3016 530 3061 Nomen
554 3015 683 3061 enim
706 3015 791 3061 Dei
814 3032 899 3079 per
926 3032 1012 3062 vos
1040 3015 1399 3081 blasphematur
1429 3019 1552 3065 inter
1582 3029 1768 3083 gentes,
1801 3021 1922 3067 sicut
1944 3023 2174 3087 scriptum
2198 3033 2289 3082 est,
2316 3043 2337 3067 η
2372 3025 2419 3071 in

297 3092 391 3141 hoc
413 3095 536 3160 ipso,
558 3095 752 3153 scilicet,
773 3105 824 3142 ut
841 3095 1023 3142 dictum
1040 3107 1110 3143 est
1126 3114 1212 3162 per
1227 3098 1531 3163 prophetam.
1554 3101 1978 3158 Quemadmodum
1998 3119 2110 3166 ergo
2129 3120 2308 3151 nomen
2332 3107 2421 3153 Dei

296 3174 445 3238 pollui
461 3177 558 3223 sive
580 3176 927 3241 blasphemari,
943 3175 1038 3223 hoc
1057 3187 1128 3224 est
1142 3178 1330 3225 irrideri
1350 3179 1423 3226 vel
1443 3179 1659 3226 vilificari
1677 3180 1737 3227 ab
1755 3180 2027 3228 infidelibus
2044 3183 2250 3243 videtur,
2270 3202 2420 3249 quum

297 3271 515 3318 perverse
544 3273 681 3320 agere
702 3256 886 3303 videret
908 3273 990 3303 eos
1013 3257 1094 3321 qui
1118 3274 1167 3304 se
1190 3258 1425 3323 populum
1447 3260 1535 3306 Dei
1557 3260 1798 3307 vocabant
1823 3279 1832 3307 :
1860 3262 1924 3309 ita
1948 3279 1973 3308 e
1996 3264 2239 3311 contrario
2263 3265 2420 3330 ipsum

343 3460 350 3476 ¹
378 3461 485 3499 Rom„
503 3471 575 3504 cap.
593 3472 667 3502 vui,
687 3473 718 3495 v.
742 3464 793 3496 15.
808 3481 848 3487 —
861 3462 874 3479 ¹
889 3463 943 3496 Sic
959 3463 1042 3496 cod.
1065 3462 1179 3497 vict.-
1194 3464 1328 3497 oratio-
1385 3476 1399 3492 «
1415 3475 1497 3497 mea.
1515 3478 1529 3493 n
1548 3464 1660 3507 (lsaiae
1673 3475 1744 3508 cap.
1763 3477 1855 3506 uvi,
1872 3478 1902 3499 v.
1928 3467 2011 3509 1.)-
2025 3467 2037 3485 ⁴
2054 3469 2185 3508 Ezech.,
2201 3480 2273 3514 cap.
2294 3482 2390 3503 xxxv·
2404 3497 2413 3511 ,

296 3525 365 3547 nem
381 3515 467 3550 Edit.
481 3516 591 3550 Amb.-
604 3517 641 3540 -⁸
661 3530 675 3547 ι
691 3518 767 3551 Haec
784 3518 864 3551 dicit
879 3519 1052 3553 Dominus:
1068 3532 1083 3549 π
1095 3520 1215 3553 Coelum
1233 3520 1328 3554 sedes
1383 3532 1413 3553 v.
1429 3523 1528 3553 22—
1546 3521 1558 3538 ⁸
1573 3523 1678 3561 Rom„
1695 3533 1769 3566 cap.
1786 3535 1827 3565 n,
1846 3535 1877 3557 v.
1896 3526 1950 3558 94.
