2970 4152
967 397 1278 447 EXPOSITIO
1313 397 1373 446 IN
1405 396 1797 444 HEXAMERON.
2350 397 2444 444 677

324 500 412 562 cit,
448 498 510 547 ad
531 497 742 564 speciem
761 493 973 543 hominis
994 493 1044 540 in
1068 492 1150 546 illo
1174 491 1495 545 communiter
1524 491 1755 566 loquitur,
1789 506 1891 537 non
1913 489 2179 556 specialiter
2201 490 2262 537 ad
2286 507 2451 555 perso-

327 591 441 628 nam
475 578 607 626 illam
628 591 902 624 sermonem
928 572 1208 631 intendens,
1247 570 1332 618 sed
1354 570 1638 634 generaliter
1660 571 1722 618 ad
1744 580 1968 618 naturam
1995 570 2284 629 humanam,
2310 570 2361 617 id
2386 582 2454 618 est

326 659 517 723 penitus
538 656 829 704 interdicens
856 670 918 701 ne
943 636 1304 724 quisqhiimanae
1331 659 1514 697 naturae
1541 650 1592 696 id
1619 660 1890 715 praesumat.
1918 650 1994 696 Sic
2024 660 2071 697 et
2099 649 2322 698 sacerdos
2344 666 2454 696 cum

327 737 488 803 aliqua
514 754 639 802 aqua
659 744 942 802 praesentem
975 730 1285 780 sanctificans·
1310 729 1497 790 dicenS,
1528 748 1551 774 «
1578 731 1662 794 qui
1690 747 1833 795 super
1856 740 1903 776 te
1926 729 2131 795 pedibus
2165 729 2453 790 ambulavit,

327 819 411 884 qui
430 828 479 866 te
499 819 549 865 in
571 818 739 865 vinum
758 814 1016 875 convertit,
1037 832 1060 858 »
1081 812 1143 860 ad
1164 811 1456 860 elementum
1471 827 1606 875 aquoe
1628 827 1728 857 non
1752 811 1814 858 ad
1836 821 2119 875 praesentem
2134 811 2265 859 illam
2281 827 2455 876 aquam

328 915 487 946 sermo
510 897 746 961 dirigitur.
770 895 863 942 Sed
887 885 1138 959 quomodo
1159 909 1328 940 verum
1347 901 1418 938 est
1439 891 1574 956 quod
1595 894 1723 938 Deus
1746 890 1997 937 hominem
2018 892 2232 955 posuerit
2253 892 2302 938 in
2326 908 2459 957 para-

328 977 434 1026 diso
457 977 519 1025 ad
539 977 635 1024 hoc
657 985 711 1023 ut
731 992 843 1023 eum
869 973 1122 1032 excoleret,
1136 989 1191 1020 ac
1215 972 1307 1019 sibi
1329 971 1608 1031 custodiret,
1623 988 1774 1036 quum
1795 970 1891 1017 hoc
1916 970 2187 1018 nullatenus
2208 973 2268 1018 sit
2289 989 2458 1019 conse-

328 1067 520 1116 cutum,
545 1067 600 1104 ut
619 1056 770 1103 homo
793 1054 885 1102 sibi
906 1071 1019 1102 eum
1042 1052 1320 1100 custodiret.
1337 1051 1539 1099 Duobus
1555 1052 1734 1116 quippe
1751 1050 1909 1097 modis
1932 1051 2135 1098 dicimus
2157 1052 2337 1117 aliquid
2357 1052 2458 1100 fieri

328 1145 382 1184 ut
403 1135 669 1184 aliudinde
687 1134 934 1198 contingat
948 1133 1024 1181 vel
1041 1132 1124 1180 fiat
1135 1169 1147 1192 ,
1166 1142 1270 1179 tum
1285 1131 1507 1179 videlicet
1522 1131 1788 1179 secundum
1805 1132 2123 1179 intentionem
2139 1170 2150 1188 ,
2176 1142 2280 1179 tum
2297 1149 2461 1180 secun-

329 1216 447 1265 dum
470 1216 695 1264 effectum
716 1215 1088 1263 consecutionis.
1114 1213 1273 1261 Veluti
1294 1214 1333 1260 si
1361 1213 1422 1260 de
1445 1213 1607 1278 aliquo
1631 1213 1813 1272 dicam,
1848 1213 1961 1277 quia
1983 1212 2094 1260 exiit
2120 1213 2181 1260 ad
2202 1213 2383 1261 bellum
2407 1222 2460 1259 ut

330 1295 594 1355 occideret,
618 1294 695 1342 vel
722 1295 834 1341 exiit
854 1303 908 1341 ut
939 1293 1256 1352 occideretur,
1281 1293 1403 1340 sicut
1424 1291 1543 1339 illud
1568 1291 1845 1356 intelligitur
1875 1291 1967 1339 hac
1990 1293 2257 1339 intentione
2281 1293 2459 1339 factum

330 1375 391 1424 ab
413 1375 495 1423 illo
518 1385 572 1422 ut
603 1375 750 1422 alium
771 1373 1011 1421 occideret
1039 1391 1049 1420 :
1076 1373 1144 1420 sic
1166 1372 1295 1420 istud
1321 1372 1388 1419 ita
1410 1372 1589 1420 factum
1614 1382 1667 1419 ut
1689 1388 1802 1419 eum
1824 1371 1980 1419 occidi
2005 1372 2118 1419 inde
2141 1373 2456 1436 contingeret.

330 1459 388 1504 At
402 1473 518 1504 vero
532 1473 682 1522 quum
693 1455 913 1514 dicimus,
934 1454 1047 1518 quia
1067 1454 1229 1519 posuit
1249 1455 1378 1500 Deus
1398 1452 1650 1500 hominem
1671 1453 1721 1499 in
1746 1453 1970 1518 paradiso
1990 1463 2043 1499 ut
2061 1470 2173 1500 eum
2195 1453 2284 1500 sibi
2307 1464 2461 1500 custo-

330 1535 453 1583 diret
448 1542 807 1617 3⁶nequaquam
825 1535 926 1600 ipse
949 1533 1042 1581 hac
1063 1533 1331 1603 intentione
1353 1532 1404 1579 id
1427 1532 1537 1580 secit
1559 1531 1693 1597 quod
1714 1531 1893 1579 sciebat
1915 1549 2222 1597 nequaquam
2246 1533 2458 1580 futurum

331 1632 455 1675 esse,
479 1632 635 1680 neque
656 1616 723 1663 ita
743 1624 797 1662 ut
817 1613 935 1661 illud
957 1613 1072 1661 inde
1093 1604 1408 1677 contingeret.
1435 1615 1506 1660 lta
1527 1628 1644 1676 ergo
1672 1612 2007 1677 accipiendum
2035 1623 2129 1673 est,
2157 1633 2179 1659 «
2206 1624 2259 1661 ut
2289 1631 2460 1679 opera-

331 1705 479 1756 retur,
504 1707 596 1743 etc.
627 1715 653 1758 .”
677 1712 732 1743 ac
755 1696 794 1743 si
816 1694 1055 1742 diceretur
1077 1694 1189 1758 quia
1216 1691 1448 1759 ponendo
1483 1709 1594 1739 eum
1618 1692 1684 1739 ibi
1699 1729 1711 1752 ‚
1748 1692 1995 1740 constituit
2023 1709 2133 1740 eum
2158 1693 2391 1742 cultorem
2415 1706 2461 1742 et

332 1787 722 1825 conservatorem
758 1775 881 1823 illius
904 1774 1025 1834 loci,
1062 1773 1386 1840 praecipiendo
1411 1773 1590 1821 scilicet
1611 1774 1655 1820 ei
1677 1783 1731 1820 ut
1753 1790 1864 1821 eum
1893 1774 2129 1822 excoleret
2152 1792 2206 1822 ac
2230 1775 2320 1822 sibi
2342 1793 2460 1823 con-

331 1867 541 1905 servaret
561 1857 830 1905 :excoleret
859 1855 1057 1921 quidem
1087 1871 1200 1902 eum
1232 1853 1550 1902 delectatione
1579 1854 1730 1918 magis
1759 1854 1919 1920 aliqua
1947 1855 2014 1902 ibi
2043 1855 2316 1921 operando,
2341 1858 2462 1904 sicut

332 1937 528 1986 arbores
551 1939 677 2004 ipsas
699 1938 775 1986 vel
796 1937 973 1986 herbas
993 1936 1272 2003 purgando,
1297 1937 1458 2002 potius
1480 1953 1626 2002 quam
1643 1953 1759 1984 cum
1774 1937 2062 2001 fatigationis
2078 1937 2262 1985 labore.

397 2019 555 2077 Quaeri
578 2019 722 2066 etiam
743 2027 902 2084 potest
933 2018 972 2064 si
1002 2017 1098 2065 hoc
1128 2027 1422 2083 praeceptum
1449 2016 1659 2064 audibile
1683 2017 1793 2077 suit,
1820 2034 1915 2081 qua
1947 2017 2108 2081 lingua
2140 2018 2381 2083 prolatum
2405 2020 2463 2065 sit

332 2114 479 2162 quam
503 2098 655 2161 Adam
683 2098 944 2162 intelligere
963 2107 1125 2163 posset
1137 2133 1156 2157 ,.
1182 2115 1335 2163 quum
1363 2097 1678 2162 postmodum
1711 2098 1812 2162 ip'se
1841 2097 2074 2144 referatur
2095 2098 2308 2162 linguam
2330 2100 2463 2146 inve-

333 2178 476 2238 nisse,
497 2195 648 2243 quum
661 2178 880 2230 adductis
902 2177 966 2225 ad
986 2195 1037 2225 se
1061 2177 1348 2225 animalibus
1370 2178 1571 2225 nomina
1594 2177 1684 2225 illis
1707 2178 1996 2243 imponeret.
2018 2178 2109 2226 Sed
2125 2180 2299 2227 scimus
2317 2180 2466 2227 multa

333 2258 383 2305 in
394 2259 649 2324 Scripturis
671 2276 757 2324 per
772 2259 1176 2306 intermissionem
1193 2258 1271 2306 vel
1289 2258 1684 2324 anticipationem
1701 2269 1831 2307 extra
1854 2259 2076 2306 ordinem
2095 2260 2163 2307 rei
2186 2270 2325 2324 gestae
2348 2278 2467 2308 non-

333 2355 584 2403 nunquam
608 2339 809 2387 narrari.
836 2342 958 2391 Ecce
990 2339 1121 2386 enim
1145 2339 1363 2404 superius
1385 2348 1518 2386 sexto
1545 2338 1623 2386 die
1645 2348 1746 2386 tam
1766 2340 1871 2386 viro
1897 2356 2044 2403 quam
2071 2339 2247 2387 femina
2275 2342 2462 2400 creatis,

334 2418 421 2466 sed
441 2419 662 2466 nondum
686 2419 903 2484 exposito
926 2418 1076 2466 modo
1102 2417 1226 2465 illius
1255 2418 1535 2478 creationis,
1566 2418 1881 2483 postmodum
1904 2420 2135 2484 repetitur
2163 2419 2243 2467 illa
2265 2422 2462 2481 creatio,

335 2514 391 2546 ac
412 2498 480 2546 sic
502 2497 753 2562 diligenter
776 2507 824 2546 et
845 2498 1029 2562 integre
1051 2507 1297 2557 narratur,
1322 2507 1554 2562 tanquam
1588 2507 1704 2545 tunc
1738 2508 1928 2546 tantum
1961 2508 2008 2546 et
2037 2515 2137 2546 non
2169 2510 2279 2547 ante
2310 2500 2462 2548 fieret.

336 2577 467 2625 Sicut
488 2594 602 2641 ergo
624 2578 728 2642 ipsa
749 2578 882 2643 prius
904 2577 1033 2626 facta>
1049 2576 1363 2642 postmodum
1388 2577 1587 2625 iteratur
1608 2588 1806 2643 propter
1823 2579 2147 2626 intermissum
2167 2579 2344 2627 scilicet
2367 2582 2467 2645 ejus

337 2658 564 2718 modum,
590 2658 656 2706 ita
685 2668 734 2705 et
754 2675 840 2724 per
869 2658 1262 2723 anticipationem
1292 2657 1529 2706 nonnulla
1551 2658 1630 2705 hic
1661 2659 1825 2706 referri
1856 2669 1989 2708 extra
2016 2660 2243 2721 ordiner-
2262 2678 2363 2709 non
2397 2675 2466 2711 est

337 2740 746 2806 improbandum,
769 2750 822 2787 ut
851 2740 983 2805 prius
1011 2739 1189 2788 scilicet
1220 2739 1375 2787 Adam
1407 2757 1551 2788 voces
1584 2741 1840 2788 instituerit
1872 2741 1934 2788 ad
1962 2741 2284 2807 loquendum,
2319 2760 2478 2809 quanm,

338 2830 629 2885 praeceptum
651 2820 847 2868 Domini
866 2819 1052 2868 audiret
1070 2820 1119 2867 in
1137 2818 1227 2867 illis
1241 2819 1443 2868 vocibus
1459 2836 1578 2885 quas
1601 2821 1702 2886 ipse
1717 2821 1996 2869 instituisset
2007 2860 2019 2882 ,
2047 2833 2099 2870 ut
2115 2839 2193 2871 eas
2206 2823 2468 2888 intelligere

339 2911 529 2967 posset,
549 2901 726 2965 quibus·
751 2911 797 2948 et
826 2901 933 2966 ipse
960 2900 1276 2966 postmodum
1302 2900 1507 2966 loquens
1535 2901 1748 2950 diceret:
1778 2922 1802 2948 «
1828 2906 1933 2950 Hoc
1962 2921 2093 2951 nunc
2114 2921 2168 2951 os
2190 2922 2246 2952 ex
2282 2905 2468 2969 ossibus

340 2982 458 3029 meis
472 3018 485 3042 ,
505 2991 597 3029 etc.
620 3000 644 3027 υ
665 2981 839 3060 (1¹3,spOE
862 2992 909 3028 et
927 2998 1123 3047 serpens
1135 2998 1251 3030 cum
1264 2982 1464 3030 muliere
1485 2982 1779 3048 loqueretur,
1799 2984 1875 3031 vel
1898 2985 2069 3032 mulier
2090 3003 2202 3033 cum
2220 2997 2465 3053 serpente3

340 3072 387 3110 et
406 3062 507 3128 ipse
528 3079 719 3110 rursum
741 3063 986 3110 Dominus·
996 3063 1046 3110 in
1063 3063 1394 3128 increpatione
1415 3064 1600 3129 peccati
1630 3081 1742 3111 cum
1770 3064 1921 3112 Adam
1941 3075 1988 3112 et
2004 3069 2126 3126 Eva,
2149 3067 2223 3114 vel
2241 3069 2333 3133 ipsi
2358 3085 2470 3117 cum

340 3143 569 3190 Domino.
598 3145 667 3189 Ex
690 3159 788 3207 quo
812 3142 1029 3208 profecto
1054 3160 1156 3190 non
1177 3144 1439 3191 minimum·
1451 3144 1650 3191 rationis
1671 3143 1850 3192 habere
1875 3145 2116 3207 videntur,
2144 3148 2227 3212 qui
2250 3148 2356 3196 illos
2374 3150 2470 3215 pri-

340 3239 456 3272 mos-
486 3233 716 3290 parentes
753 3222 990 3288 aliquibus
1026 3223 1170 3271 annis·
1201 3224 1252 3271 in
1292 3223 1516 3290 paradiso
1557 3234 1668 3272 ante
1706 3235 1958 3290 peccatum
1993 3227 2162 3274 vixisse
2205 3229 2464 3290 aestimant,

342 3305 566 3368 quamvis.
586 3304 776 3352 nullum·
796 3304 864 3352 ibi
883 3303 1035 3352 filium
1053 3305 1322 3369 genuerint.
1341 3307 1447 3353 Non
1471 3305 1600 3352 enim
1625 3304 1772 3353 breve
1797 3308 2026 3373 temporis
2051 3310 2283 3373 spatium,
2306 3319 2359 3357 ut
2385 3327 2469 3358 cae-

343 3394 444 3434 tera
468 3387 769 3445 omittamus,
793 3385 857 3434 ad
879 3385 1022 3433 unius
1045 3384 1218 3450 linguae
1235 3386 1568 3434 inventionem
1589 3385 1807 3434 sufficere
1826 3398 2037 3453 poterat,
2064 3406 2155 3438 nec
2179 3390 2280 3438 sola
2299 3391 2466 3438 inven-

343 3466 412 3515 tio
429 3468 681 3516 nominum
698 3484 803 3534 quae
820 3466 899 3515 hic
912 3476 1101 3516 tantum
1122 3477 1530 3517 commemoratur
1547 3467 1597 3516 in
1616 3467 1692 3516 his
1709 3467 2034 3519 locutionibus
2050 3472 2344 3532 continetur,
2358 3489 2465 3537 quae
