2970 4152
939 384 1017 430 DE
1052 383 1276 431 SANCTA
1311 382 1575 431 SUSANNA
1609 384 1827 431 SERMO.
2355 385 2446 431 545

329 477 442 526 dem
474 477 667 542 spiritus
698 476 1003 523 suscitatione
1033 476 1095 523 ad
1125 475 1333 541 pudicae,
1360 485 1414 522 ut
1435 476 1617 523 dictum
1639 486 1732 535 est,
1765 475 2095 523 defensionem
2121 486 2376 534 matronae,
2403 488 2450 524 et

330 557 791 605 condemnationem
811 556 1168 620 impudicorum
1190 571 1376 613 senum,
1393 555 1444 600 id
1467 571 1566 601 non
1590 556 1829 602 immerito
1849 571 2052 619 puerum
2067 554 2199 601 hunc
2221 556 2449 602 meruisse

328 636 586 695 credimus,
611 646 665 682 ut
684 645 925 700 perpetuae
945 635 1227 699 virginitatis
1248 634 1418 681 florem
1440 634 1695 681 obtineret.
1722 635 1843 681 Hinc
1860 651 2053 699 quoque
2070 652 2169 681 non
2186 636 2448 699 incongrue

329 715 572 762 credimus
593 716 644 761 in
667 725 851 761 tantam
873 731 1077 779 puerum
1100 714 1277 761 famam
1299 731 1355 760 ex
1376 713 1472 760 hoc
1494 724 1592 759 tam
1615 713 1820 761 mirabili
1837 714 2019 777 judicio
2043 731 2129 761 suo
2152 715 2370 775 crevisse,
2398 726 2450 761 ut

329 794 431 858 ipse
453 788 648 858 qu‘oque
671 793 1138 852 Nabuchodonosor,
1156 793 1238 857 qui
1261 810 1370 839 eum
1392 793 1731 857 captivaverat,
1748 810 1859 839 cum
1880 794 2058 840 caeteris
2080 810 2190 840 eum
2213 795 2448 858 praecipue

330 873 420 921 toti
442 883 579 920 terrae
600 889 696 918 suae
717 873 853 936 quasi
870 873 1084 935 judicem
1105 871 1380 937 praeficeret.

402 970 426 995 «
456 950 749 997 Exclamavit
781 961 941 998 autem
962 968 1081 997 voce
1116 967 1314 1013 magna,
1346 961 1393 997 et
1421 951 1599 997 dixit¹·:
1629 951 1880 998 «Mundus
1908 968 1996 1015 ego
2031 968 2136 998 sum
2165 968 2192 999 a
2220 954 2449 1015 sanguine

335 1029 534 1093 «hujus.
554 1049 577 1074 υ
601 1034 660 1077 Et
679 1046 938 1078 conversus
957 1031 1114 1077 omnis
1133 1030 1340 1095 populus
1360 1030 1421 1078 ad
1438 1045 1565 1089 eum,
1586 1030 1703 1077 dixit
1721 1048 1731 1076 :
1753 1049 1776 1075 «
1795 1031 1911 1087 Quis
1933 1042 2004 1078 est
2025 1032 2112 1079 iste
2127 1049 2285 1079 sermo
2305 1050 2450 1096 quem

335 1108 562 1159 «locutus
584 1110 661 1156 es?
677 1129 700 1153 »
728 1110 822 1166 Qui
849 1127 1000 1174 quum
1022 1120 1168 1156 staret
1188 1111 1238 1156 in
1262 1110 1423 1157 medio
1446 1126 1616 1156 eorum
1638 1110 1703 1156 ait
1730 1129 1740 1156 :
1771 1129 1793 1154 «
1811 1110 1887 1156 Sic
1909 1110 2025 1157 fatui
2047 1112 2136 1158 viri
2159 1112 2321 1172 Israel,
2349 1130 2448 1159 non

335 1209 358 1234 «
376 1189 669 1253 judicantes,
695 1206 852 1253 neque
873 1190 1008 1254 quod
1036 1206 1203 1236 verum
1231 1201 1302 1236 est
1330 1200 1703 1254 cognoscentes,
1729 1190 2085 1237 condemnastis
2107 1191 2253 1237 filiam
2281 1192 2449 1239 Israel?

336 1289 361 1314 «
378 1270 684 1321 Revertimini
706 1270 767 1317 ad
789 1270 1048 1333 judicium,
1069 1266 1184 1334 quia
1204 1270 1374 1317 falsum
1396 1271 1724 1317 testimonium
1739 1269 1887 1317 locuti
1901 1281 2013 1317 sunt
2034 1271 2260 1317 adversus
2282 1288 2404 1318 eam.
2423 1292 2445 1316 »

334 1351 563 1396 Reversus
591 1358 662 1396 est
689 1365 802 1412 ergo
832 1348 1038 1413 populus
1066 1366 1177 1395 cum
1206 1349 1526 1396 festinatione.
1564 1348 1708 1406 Quod
1729 1365 1845 1396 vero
1868 1358 1968 1395 tam
1990 1349 2229 1406 mirabile,
2254 1349 2327 1395 vel
2351 1360 2450 1396 tam

333 1427 505 1477 divinae
530 1429 716 1476 virtutis
750 1429 1055 1477 manifestum
1082 1430 1295 1494 signum,
1328 1440 1381 1477 ut
1407 1440 1507 1477 tam
1535 1431 1631 1477 cito
1660 1430 1721 1477 ad
1749 1430 1891 1476 unius
1911 1430 2048 1494 pueri
2075 1430 2283 1477 subitam
2304 1432 2451 1477 incre-

334 1508 581 1570 pationem
609 1517 737 1555 totus
761 1508 1038 1556 subsisteret
1065 1509 1296 1574 populus,
1328 1519 1375 1556 et
1396 1526 1455 1556 eo
1480 1508 1732 1572 diligenter
1752 1509 1941 1567 audito,
1973 1508 2036 1556 ad
2058 1509 2293 1572 judicium
2321 1510 2449 1556 festi-

335 1600 506 1638 nanter
526 1589 730 1637 rediret?
752 1590 880 1647 Quid
903 1591 951 1636 in
975 1606 1034 1637 eo
1056 1589 1305 1649 cernebat,
1331 1607 1476 1654 quem
1496 1600 1608 1637 aetas
1628 1590 1882 1655 parvulum
1910 1590 2211 1637 monstrabat
2231 1601 2278 1637 et
2300 1591 2452 1654 despi-

334 1669 559 1730 cabilem,
599 1685 689 1716 nec
720 1670 921 1716 omnino
950 1670 1012 1717 ad
1045 1679 1233 1717 tantum
1261 1671 1508 1734 negotium
1540 1669 1854 1717 sufficientem
1889 1670 2198 1717 ostendebat?
2232 1670 2449 1717 Profecto

335 1765 436 1796 non
458 1759 529 1796 est
550 1748 893 1812 ambigendum
920 1765 1032 1795 eum
1060 1766 1158 1813 quo
1187 1749 1394 1814 repletus
1417 1759 1511 1809 est,
1536 1749 1755 1814 spiritum
1777 1749 1938 1813 aliquo
1967 1749 2218 1796 manifesto
2241 1750 2377 1813 signo
2400 1751 2448 1796 in

334 1844 394 1874 eo
416 1845 518 1875 esse
539 1829 714 1887 visum,
740 1838 786 1875 et
809 1828 1040 1892 quiddam
1063 1829 1281 1876 divinum
1302 1830 1352 1876 in
1376 1829 1511 1876 vultu
1534 1830 1634 1893 ejus
1655 1828 1732 1876 vel
1746 1828 1914 1876 habitu
1937 1829 2227 1894 apparuisse,
2247 1830 2367 1876 sicut
2389 1830 2450 1876 de

334 1908 545 1954 Domino
568 1907 796 1967 creditur,
822 1925 972 1972 quum
995 1909 1097 1973 ipse
1118 1908 1247 1956 solus
1270 1925 1438 1956 omnes
1459 1909 1638 1975 pariter
1659 1919 1759 1956 tam
1781 1919 1993 1956 ementes
2021 1925 2167 1973 quam
2188 1910 2450 1957 vendentes

334 1986 395 2034 de
417 1987 598 2052 templo
621 1987 826 2050 ejiceret.
854 1991 1059 2036 Reverso
1082 1999 1242 2036 autem
1264 1989 1326 2036 ad
1342 1989 1578 2054 judicium
1599 1989 1800 2055 populo,
1825 2005 1972 2054 quam
1993 1999 2285 2048 constanter,
2305 2006 2450 2053 quam

333 2066 572 2131 sapienter
587 2066 734 2129 judex
756 2084 926 2114 senum
948 2085 1084 2133 puer,
1099 2069 1198 2115 imo
1220 2069 1270 2116 in
1292 2085 1444 2134 puero
1470 2070 1671 2135 Spiritus
1686 2078 1879 2116 sanctus
1900 2069 2125 2133 loquatur
2146 2068 2418 2116 audiamus*
2437 2087 2446 2114 ε

338 2163 363 2190 «
387 2146 612 2210 Separate
633 2162 716 2193 eos
738 2146 800 2194 ab
823 2147 1028 2195 invicem
1046 2148 1232 2213 procul,
1258 2159 1305 2196 et
1327 2149 1603 2213 dijudicabo
1619 2165 1720 2196 eos.
1738 2168 1762 2194 »
1789 2152 1847 2195 Et
1863 2149 2019 2213 primo
2036 2149 2232 2213 quidem
2248 2150 2451 2212 graviter

334 2224 629 2289 increpando
658 2235 801 2290 atque
834 2228 1081 2290 arguendo
1112 2245 1195 2275 eos
1216 2228 1399 2276 dixerat
1425 2247 1436 2275 ε
1466 2229 1583 2275 «Sic
1607 2228 1723 2276 fatui
1747 2228 1831 2275 filii
1852 2228 2017 2287 lsrael,
2043 2244 2143 2276 non
2161 2229 2446 2292 judicanteS‚

335 2320 491 2369 neque
512 2305 646 2369 quod
668 2322 835 2353 verum
857 2317 928 2354 est
949 2318 1312 2371 cognoscentes,
1340 2318 1432 2356 ete.
1454 2327 1478 2353 »
1510 2312 1627 2366 Quae
1655 2319 1726 2356 est
1757 2310 1869 2367 ista,
1901 2308 2127 2367 obsecro,
2160 2309 2452 2355 confidentia

335 2385 459 2447 ejus,
485 2386 568 2450 qui
590 2403 691 2432 non
713 2387 870 2433 solum
891 2405 1027 2452 puer,
1053 2389 1138 2436 sed
1160 2400 1207 2436 et
1229 2390 1395 2453 junior
1422 2400 1740 2450 memoratur,
1771 2399 1825 2436 ut
1851 2406 1976 2436 unus
2005 2390 2127 2436 duos
2155 2399 2253 2436 tam
2282 2391 2451 2436 acriter

336 2475 525 2528 arguat,
565 2474 665 2512 tam
705 2465 895 2529 publice
934 2483 1053 2531 puer
1088 2468 1302 2532 increpet
1332 2470 1566 2528 seniores,
1598 2478 1645 2515 et
1675 2479 1774 2515 tam
1809 2469 1905 2515 cito
1931 2469 2165 2531 judicium
2205 2470 2306 2532 ipse
2341 2486 2453 2516 con-

335 2546 567 2592 summet?
589 2545 794 2592 Audistis
816 2547 952 2611 pueri
973 2549 1310 2607 constantiam,
1335 2548 1419 2595 sed
1441 2549 1680 2595 miramini
1694 2548 2016 2612 prudentiam,
2037 2548 2098 2595 de
2110 2564 2205 2612 qua
2219 2550 2267 2594 in
2283 2550 2452 2595 exami-

337 2625 508 2673 nandis
530 2625 729 2673 testibus
749 2626 971 2673 universa
991 2643 1077 2691 per
1099 2627 1268 2674 orbem
1289 2627 1505 2675 Ecclesia
1518 2628 1720 2692 sumpsit
1741 2628 2088 2674 auctoritatem.
2119 2631 2239 2674 Puer
2261 2639 2377 2687 erat,
2403 2639 2451 2675 et

337 2706 574 2770 captime,
606 2705 750 2754 etiam
784 2705 1001 2753 Ecclesiae
1028 2706 1181 2770 legem
1209 2724 1309 2754 non
1338 2708 1539 2772 scripto,
1565 2707 1650 2754 sed
1678 2707 1803 2754 facto
1826 2707 2176 2772 promulgabat.
2210 2708 2337 2765 Quid
2359 2719 2445 2766 est,

337 2802 478 2850 puer,
510 2785 644 2849 quod
677 2785 824 2832 audes
851 2803 1158 2851 praesumere,
1190 2797 1238 2835 et
1263 2804 1407 2853 supra
1430 2798 1615 2835 aetatem
1645 2789 1803 2853 pueri,
1835 2798 1883 2835 et
1909 2805 2009 2835 non
2033 2788 2242 2852 trepidas
2264 2788 2445 2835 dicere:

341 2884 364 2909 «
390 2864 676 2928 Dijudicabo
710 2866 820 2912 eos?
841 2883 863 2910 »
900 2867 988 2913 Dic
1015 2867 1213 2914 saltem:
1240 2867 1532 2931 Dijudicabit
1571 2884 1654 2915 eos
1694 2869 1946 2915 Dominus.
1986 2863 2091 2915 Sed
2115 2870 2250 2932 quia,
2294 2878 2346 2915 ut
2385 2870 2450 2916 ait

339 2943 617 3009 Apostolus⁸
643 2963 653 2990 :
684 2963 707 2989 «
725 2946 818 3003 Qui
841 2945 1050 2993 adhaeret
1079 2950 1182 2995 Deo
1213 2965 1338 2995 unus
1365 2948 1557 3012 spiritus
1585 2957 1673 3006 est,
1695 2967 1718 2992 υ
1748 2964 1914 2994 secure
1942 2947 2178 3012 profiteris
2204 2949 2335 3012 quod
2367 2965 2450 3013 per

338 3023 556 3070 divinum
590 3034 779 3087 agatur,
813 3042 899 3089 per
927 3035 1064 3072 tuum
1095 3026 1198 3074 fieri
1220 3028 1466 3092 spiritum3
1504 3028 1764 3092 praesertim
1792 3044 1943 3091 quum
1971 3038 2018 3074 et
2048 3029 2226 3075 Veritas
2255 3028 2407 3074 dicat*
2435 3048 2444 3074 :

342 3121 365 3146 «
393 3105 498 3150 Non
528 3103 657 3150 enim
685 3120 772 3151 vos
799 3105 909 3151 estis
938 3106 1021 3169 qui
1048 3105 1325 3170 loquimini,
1356 3107 1440 3154 sed
1468 3108 1659 3172 spiritus
1689 3107 1838 3154 Patris
1865 3108 2008 3154 vestri
2042 3108 2123 3171 qui
2159 3107 2368 3170 loquitur
2402 3109 2447 3154 in

338 3180 491 3228 vobis.
522 3201 545 3227 »

405 3262 532 3318 Quid
556 3263 745 3309 interim
768 3264 888 3327 agis,
927 3282 956 3310 o
993 3267 1238 3313 Susanna?
1266 3277 1444 3330 quanta
1467 3267 1680 3313 subsistis
1703 3266 2018 3313 admiratione
2041 3269 2295 3331 suspensa?
2318 3268 2450 3331 quod

386 3441 394 3457 ⁸
422 3441 519 3483 Dan„
535 3452 610 3486 cap.
625 3454 700 3484 xm,
718 3455 748 3477 v.
766 3445 871 3478 ⁴G.—
885 3445 897 3463 ¹
920 3446 1017 3487 lbid„
1035 3459 1065 3481 v.
1081 3449 1133 3480 41.
1150 3465 1191 3471 —-
1206 3448 1219 3465 ³
1237 3449 1378 3483 Corinth.
1398 3450 1431 3488 Ι,
1448 3458 1521 3492 cap.
1538 3460 1587 3489 vi,
1606 3460 1636 3481 v.
1660 3451 1707 3481 17.
1728 3467 1767 3474 -
1785 3449 1797 3466 ⁴
1812 3449 1939 3487 Matth„
1960 3459 2030 3491 cap.
2052 3460 2070 3480 x
2084 3475 2092 3489 ,
2108 3460 2138 3481 v.
2156 3451 2208 3481 20.

503 3510 515 3540 1
2237 3510 2289 3547 ὃϋ
