2970 4152
972 411 1298 468 ‘EXPOSITIO
1332 417 1393 468 IN
1425 416 1815 467 HEXAMERON.
2096 455 2110 470 .
2366 415 2461 463 675

415 514 628 563 «Evilat.
652 534 677 559 »
702 514 756 561 Id
784 523 878 574 est,
904 513 1064 573 India,
1097 529 1203 578 quae
1235 511 1349 559 inde
1379 511 1528 559 habet
1555 511 1651 559 hoc
1680 525 1888 570 nomen,
1920 507 2054 575 quod
2086 516 2198 575 post
2229 505 2463 556 diluvium

345 598 564 660 possessa
586 596 646 643 sit
676 594 738 642 ab
759 594 893 642 Evila
921 593 1019 641 filio
1049 596 1213 641 Jectan
1226 630 1238 652 ,
1262 592 1348 639 filii
1373 592 1550 651 Heber,
1575 591 1706 639 unde
1732 591 1935 639 Hebraei.
1963 591 2143 639 Plinius
2168 588 2285 638 dicit
2316 588 2464 639 Indiae

345 675 564 740 regiones
584 675 686 723 auri
707 675 841 722 venis
861 660 958 739 prae
979 674 1157 721 caeteris
1179 667 1428 720 abundare
1448 672 1602 719 terris.

416 774 442 800 α
465 755 700 805 Bdellium
722 774 748 800 »
786 761 867 802 est'
883 753 1029 802 arbor
1054 753 1316 802 aromatica
1347 751 1511 799 colore
1544 752 1680 816 nigra
1698 789 1710 811 ,
1739 751 1950 816 lacryma
1982 751 2083 815 ejus
2114 749 2275 798 lucida
2288 787 2300 810 ,
2325 758 2464 814 gustu

346 851 508 884 amara
524 872 536 895 ‚
561 831 679 882 boni
700 835 887 894 odoris,
912 835 998 882 sed
1018 835 1133 882 vino
1155 834 1346 899 perfusa
1366 831 1630 881 odoratior.

415 933 440 960 «
454 916 611 979 Onyx,
631 934 655 960 »
681 914 801 980 lapis
822 915 1058 980 pretiosus
1083 915 1148 961 ita
1169 913 1450 980 appellatus,
1470 911 1604 977 quod
1625 913 1675 959 in
1699 929 1750 959 se
1769 911 1919 959 habet
1939 911 2228 976 permixtum
2249 910 2464 958 colorem

346 993 422 1043 vel
442 994 493 1042 in
515 994 878 1050 similitudinem
898 995 1070 1059 unguis
1090 994 1307 1041 humani.
1333 993 1485 1040 Graeci
1507 993 1637 1040 enim
1658 1009 1867 1056 unguem
1891 999 2034 1055 ’όνυχον
2055 991 2238 1038 dicunt.
2258 991 2466 1055 Antiqua

344 1073 592 1122 translatio
614 1060 761 1122 habet
782 1091 872 1139 pro
894 1073 994 1134 his,
1023 1094 1046 1119 «
1067 1073 1388 1122 carbunculus
1410 1082 1457 1120 et
1477 1072 1597 1138 lapis
1618 1073 1878 1137 prassinus.
1901 1091 1926 1117 n
1953 1070 2281 1119 Carbunculus
2302 1075 2374 1118 e'st
2394 1070 2464 1117 la-

344 1154 419 1219 pis
444 1154 572 1218 ignei
592 1155 768 1202 coloris
782 1192 794 1214 ,
819 1156 903 1220 qui
926 1155 1082 1202 noctis
1103 1153 1325 1202 tenebras
1352 1153 1571 1201 illustrat.
1597 1153 1847 1220 Prassinus
1868 1152 2034 1200 viridis
2064 1161 2299 1217 aspectus.
2326 1149 2466 1198 Unde

346 1243 394 1283 et
414 1251 443 1283 a
464 1251 612 1300 porro
644 1252 825 1283 nomen
853 1226 1058 1301 accepit,
1083 1235 1218 1300 quod
1239 1252 1268 1283 a
1293 1235 1468 1282 Graecis
1489 1244 1645 1300 πρᾶσον
1672 1233 1864 1282 dicitur.
1894 1236 2056 1292 Quum
2087 1218 2286 1280 laudem*
2309 1232 2467 1296 cujus-

345 1328 553 1379 cumque
580 1315 712 1362 fluvii
741 1315 802 1362 de
830 1314 1053 1380 paradiso
1084 1315 1369 1379 egredientis
1397 1315 1720 1380 prosequitur,
1745 1315 1796 1362 in
1823 1313 2297 1361 commendationem
2326 1312 2468 1376 hujus

344 1392 439 1440 loci
461 1393 734 1455 redundare
754 1394 963 1454 videtur,
990 1405 1220 1459 tanquam
1243 1411 1300 1441 ex
1321 1394 1430 1442 loco
1453 1395 1711 1442 nativitatis
1732 1411 1828 1442 suae
1854 1393 2012 1441 trahat
2029 1430 2041 1453 ,
2067 1391 2201 1457 quod
2223 1392 2299 1439 his
2325 1391 2468 1438 bonis

345 1471 576 1521 abundet.
610 1477 669 1521 Et
700 1484 817 1522 nota
848 1474 982 1540 quod
1012 1474 1074 1522 ad
1102 1475 1336 1539 majorem
1363 1474 1541 1522 horum
1568 1474 1828 1523 fluviorum
1847 1474 2072 1522 notitiam
2095 1489 2196 1520 non
2230 1472 2388 1519 solum
2412 1488 2470 1518 ex

345 1554 624 1602 nominibus
639 1555 735 1603 suis
753 1572 836 1603 eos
859 1555 1107 1620 distinguit
1118 1593 1130 1616 ,
1148 1573 1317 1604 verum
1336 1557 1480 1604 etiam
1499 1573 1555 1604 ex
1572 1557 1690 1604 locis
1708 1566 1945 1604 terrarum
1963 1555 2026 1603 ad
2041 1571 2147 1620 quae
2161 1554 2465 1620 perveniunt,

345 1642 398 1682 ut
418 1650 476 1682 ex
501 1634 703 1683 utilitate
723 1636 940 1701 ipsorum
961 1636 1029 1684 ibi
1050 1637 1286 1702 praecipue
1312 1637 1503 1700 cognita
1528 1637 1731 1702 amplius
1753 1636 2172 1684 commendentur.
2199 1637 2361 1692 Quum
2394 1633 2469 1680 di·

344 1714 408 1761 cit
430 1714 490 1761 de
514 1714 589 1761 his
612 1714 892 1763 fluminibus
914 1732 1090 1775 unum,
1115 1715 1192 1763 vel
1212 1716 1503 1776 secundum,
1528 1717 1605 1765 vel
1635 1717 1830 1764 tertium
1856 1734 1940 1764 seu
1962 1725 2187 1781 quartum
2204 1752 2215 1774 ‚
2245 1730 2346 1762 non
2375 1713 2470 1760 hoc

339 1795 472 1857 juxta
501 1794 722 1842 ordinem
753 1796 1006 1860 positionis
1041 1813 1233 1855 eorum,
1270 1796 1355 1844 sed
1389 1797 1540 1861 magis
1577 1798 1866 1845 narrationis
1895 1796 2229 1862 accipiendum
2258 1794 2464 1850 videtur,

342 1873 436 1920 nisi
458 1874 580 1922 forte
602 1875 708 1939 quis
731 1875 859 1922 dicat
879 1875 930 1922 in
958 1875 1184 1940 praedicta
1216 1893 1411 1941 quoque
1446 1876 1682 1925 divisione
1715 1877 1931 1942 ipsorum
1965 1876 2096 1923 hunc
2127 1875 2350 1923 ordinem
2382 1874 2469 1920 ha-

345 1952 448 2002 beri
460 1990 473 2016 ,
498 1965 552 2002 ut
573 1954 692 2003 alius
715 1955 809 2002 alio
826 1956 957 2020 prius
973 1955 1217 2004 dividatur
1233 1958 1282 2003 in
1303 1957 1492 2004 alveum
1520 1975 1662 2004 suum
1680 1957 1742 2004 ab
1758 1958 1863 2023 ipsa
1876 1956 2062 2020 origine
2077 1955 2337 2009 nativitatis
2354 1971 2466 2002 suae.

413 2052 437 2079 α
459 2037 563 2099 Ipse
585 2044 655 2082 est
678 2034 961 2100 Euphrates.
986 2054 1009 2080 υ
1035 2039 1175 2083 Hunc
1197 2053 1298 2083 non
1321 2037 1387 2084 ita
1409 2036 1637 2084 describit
1658 2054 1714 2084 ex
1735 2037 1854 2085 locis
1875 2053 1962 2102 per
1984 2053 2090 2101 quae
2111 2034 2335 2083 discurrit
2344 2035 2472 2094 ⁴sicut

344 2123 566 2173 caeteros3
592 2131 766 2179 quum,
799 2124 853 2162 ut
880 2116 1014 2162 aiunt
1028 2152 1040 2175 ,
1072 2116 1276 2163 vicinior
1304 2127 1448 2181 atque
1475 2117 1637 2164 notior
1669 2109 1853 2181 populo
1887 2116 2164 2163 Judaeorum
2189 2124 2330 2162 esset.
2362 2117 2471 2160 Haec

343 2194 543 2244 flumina
579 2196 799 2260 gentibus
825 2213 913 2262 per
942 2213 1062 2262 quas
1092 2197 1250 2245 fluunt
1278 2198 1529 2246 notissima
1556 2208 1684 2246 sunt.
1717 2197 1920 2246 Duobus
1948 2214 2119 2246 eorum
2144 2188 2354 2244 vetustas
2385 2212 2473 2242 no-

342 2275 475 2323 mina
499 2276 718 2324 mutavit.
748 2296 771 2321 «
790 2277 916 2324 Gion
935 2295 959 2321 »
987 2278 1167 2343 quippe
1195 2278 1298 2343 ipse
1319 2287 1390 2326 est
1412 2280 1497 2343 qui
1526 2295 1658 2326 nunc
1685 2278 1816 2326 Nilus
1849 2288 2065 2331 vocatur.
2097 2296 2122 2322 «
2140 2276 2316 2324 Phison
2340 2295 2364 2321 »
2391 2293 2473 2324 au-

343 2364 440 2414 tem
462 2354 541 2402 ille
564 2354 813 2404 dicebatur
833 2373 980 2420 quem
1001 2374 1132 2405 nunc
1154 2360 1353 2422 Gangen
1379 2357 1638 2423 appellant.
1667 2361 1776 2406 Duo
1805 2374 1920 2405 vero
1948 2358 2110 2421 Tygris
2134 2366 2182 2404 et
2203 2355 2470 2420 Euphrates

342 2435 539 2500 antiqua
559 2432 761 2484 nomina
781 2447 1109 2485 servaverunt.
1129 2437 1225 2485 Sed
1243 2453 1439 2485 movere
1463 2447 1623 2502 potest
1641 2437 1777 2502 quod
1799 2437 1861 2486 de
1883 2437 1957 2484 his
1978 2435 2256 2484 fluminibus
2273 2435 2466 2495 dicitur,

344 2514 548 2563 aliorum
574 2515 731 2564 fontes
753 2533 856 2564 esse
880 2527 1024 2565 notos
1041 2553 1054 2577 ,
1079 2517 1285 2565 aliorum
1306 2534 1503 2583 prorsus
1522 2519 1737 2582 ignotos,
1759 2527 1808 2566 et
1829 2517 1940 2565 ideo
1959 2534 2060 2565 non
2080 2533 2221 2582 posse
2239 2517 2390 2582 accipi
2406 2516 2469 2564 ad

343 2596 550 2659 litteram
572 2596 706 2661 quod
737 2614 792 2644 ex
821 2614 921 2645 uno
952 2597 1085 2645 sonte
1114 2597 1408 2658 dividantur,
1439 2616 1591 2664 quum
1626 2600 1787 2664 potius
1818 2597 2114 2646 credendum
2143 2598 2203 2645 sit
2238 2597 2469 2662 quoniam

342 2676 477 2724 locus
499 2676 577 2724 ille
599 2677 808 2742 paradisi
830 2688 1044 2726 remotus
1065 2688 1138 2726 est
1158 2694 1187 2727 a
1208 2679 1484 2743 cognitione
1507 2678 1791 2739 hominum,
1816 2679 1900 2744 qui
1922 2679 1971 2725 in
1997 2688 2204 2744 quatuor
2234 2693 2469 2742 aquarum

343 2766 502 2821 partes
524 2756 771 2817 dividitur,
788 2759 910 2806 sicut
930 2758 1206 2807 fidelissima
1226 2760 1461 2824 scriptura
1483 2770 1699 2808 testatur.
1716 2759 1811 2807 Sed
1829 2775 1886 2808 ea
1910 2759 2110 2807 flumina
2129 2771 2342 2824 'quorum
2367 2758 2471 2805 son·

344 2847 414 2885 tes
445 2839 549 2886 noti
577 2837 805 2886 dicuntur
838 2839 1014 2888 alicubi
1036 2857 1139 2888 esse
1159 2840 1250 2888 sub
1272 2841 1433 2901 terris,
1462 2851 1510 2890 et
1537 2851 1647 2907 post
1677 2850 1854 2889 tractus
1890 2840 2182 2906 prolixarum
2215 2840 2468 2904 regionum

343 2916 462 2964 locis
485 2917 586 2965 aliis
609 2919 842 2986 erupisse,
862 2919 945 2967 uhi
962 2929 1193 2985 tanquam
1209 2921 1258 2968 in
1276 2922 1373 2968 suis
1391 2920 1605 2969 fontibus
1629 2922 1733 2969 noti
1757 2938 1859 2969 esse
1880 2920 2212 2986 perhibentur.
2239 2922 2359 2968 Nam
2371 2919 2468 2981 hoc

343 2994 497 3044 facere
520 2997 673 3046 solere
695 2998 953 3047 nonnullas
977 3015 1124 3065 aquas
1146 3001 1252 3065 quis
1276 3001 1498 3065 ignorat?
1523 3001 1601 3048 Sic
1628 3011 1677 3049 et
1699 3000 1818 3048 illud
1839 3001 1991 3048 Boetii
2019 2999 2202 3048 absolvi
2219 2998 2461 3063 judicant,

342 3076 478 3142 quod
513 3077 637 3125 libro
672 3081 713 3126 V
743 3078 801 3126 cle
825 3079 1155 3128 Consolatione
1188 3080 1264 3129 his
1299 3080 1458 3129 verbis
1480 3081 1542 3129 de
1559 3081 1698 3146 Tygri
1731 3091 1778 3129 et
1805 3081 2048 3147 Euphrate
2070 3079 2211 3128 dixit¹
2235 3099 2246 3127 ε

771 3211 899 3266 Rupis
916 3210 1175 3254 Achemeniae
1191 3212 1372 3268 scopulis
1389 3212 1459 3254 ubi
1476 3225 1595 3255 versa
1611 3218 1852 3268 sequentum

879 3279 1122 3323 Pectoribus
1137 3280 1227 3335 figit
1246 3281 1402 3337 spicula
1424 3293 1564 3336 pugna
1581 3280 1725 3335 fugax,

770 3347 914 3402 Tygris
931 3353 973 3389 et
994 3348 1222 3403 Euphrates
1240 3362 1323 3391 uno
1342 3361 1387 3391 se
1410 3348 1524 3390 fonte
1545 3348 1766 3391 resolvunt.

390 3502 399 3519 ⁸
425 3503 552 3537 Consol.
568 3504 686 3546 philos.
706 3504 745 3537 V.
