2970 4152
528 416 624 465 676
939 475 942 477 ‚
1328 419 1499 468 PETRI
1533 419 1846 469 ABAELARDI

594 512 826 572 Isidorus,
864 512 1071 576 Etymol.
1109 512 1194 560 lib.
1226 516 1331 561 XIII
1359 533 1370 562 :
1400 534 1425 561 «
1451 517 1578 564 Gion
1612 527 1818 565 vocatur
1848 512 1981 580 quod
2021 514 2318 560 incremento
2361 527 2457 560 suae
2493 529 2643 561 exun-

528 592 735 640 dationis
771 603 946 640 terram
986 594 1175 658 AEgypti
1214 594 1391 658 irriget.
1435 604 1490 648 Γῆ
1527 614 1673 660 graece
1709 597 1854 643 latine
1897 605 2074 641 terram
2107 592 2356 656 significat.
2393 593 2480 639 Hic
2516 587 2645 658 ap'ud

529 673 775 737 AEgyptios
804 671 934 720 Nilus
961 683 1161 721 vocatur
1197 685 1395 740 propter
1429 675 1597 724 limum
1626 693 1771 741 quem
1801 675 1969 734 trahit,
2003 673 2086 738 qui
2126 673 2269 720 efficit
2305 672 2647 721 fecunditatem

528 763 665 800 terrae
689 738 708 800 z*
726 753 859 801 unde·
878 763 925 801 et
947 754 1078 802 Nilus
1100 754 1255 803 dictus
1278 766 1348 804 est
1372 758 1530 822 quasi¹
1555 758 1844 805 Niahomon.
1878 758 1998 803 Nam
2029 765 2168 803 antea
2190 754 2320 818 Nilus
2347 753 2492 801 latine
2522 752 2646 801 Melo

530 832 794 881 dicebatur.
817 854 839 879 »
866 837 1054 898 Ganges
1088 852 1233 899 quem
1267 837 1510 902 Scriptura
1540 857 1562 883 α
1591 838 1769 884 Phison
1798 855 1822 881 η
1861 835 2193 900 cognominat,
2220 834 2374 899 pergit
2404 833 2469 881 ad.
2503 832 2648 880 Indiae

528 913 762 976 regiones.
801 915 966 961 Dictus
1007 924 1077 961 est
1111 924 1272 962 autem
1307 915 1484 964 Phison
1506 954 1517 976 ,
1556 917 1606 964 id
1642 926 1712 964 est
1750 919 1976 975 Caterva,
2016 916 2129 980 quia
2165 914 2333 962 decem
2370 913 2648 962 fluminibus

528 994 713 1056 magnis
746 993 841 1040 sibi.
870 994 1105 1058 adjunctis
1135 995 1359 1060 impletur
1386 1007 1434 1044 et
1461 996 1664 1043 efficitur
1692 1013 1833 1043 unus.
1860 999 2048 1059 Ganges
2075 1004 2234 1042 autem
2261 1003 2462 1042 vocatur
2489 1010 2517 1041 a
2539 1010 2648 1057 rege

529 1075 751 1137 Gangaro
774 1074 935 1122 Indiae.
962 1078 1129 1122 Fertur
1151 1085 1311 1123 autem
1333 1076 1422 1123 Nili
1446 1076 1594 1123 modo
1618 1076 1811 1123 exaltari
1835 1086 1882 1123 et
1909 1092 2052 1140 super
2082 1074 2290 1121 Orientis
2317 1084 2465 1120 terras
2489 1089 2647 1120 erum-

529 1169 660 1217 pere.
685 1155 846 1218 Tygris
868 1154 1040 1203 fluvius
1064 1157 1419 1222 Mesopotamiae
1441 1174 1644 1222 pergens
1672 1166 1841 1204 contra
1863 1157 2075 1220 Assyrios
2098 1165 2207 1219 post
2229 1154 2405 1201 multos
2427 1153 2650 1200 circuitus·

529 1234 579 1280 in
604 1251 735 1282 mare
758 1237 1001 1283 Mortuum
1023 1236 1196 1284 influit.
1219 1240 1430 1285 Vocatur
1451 1248 1612 1285 autem
1635 1237 1731 1285 hoc
1753 1237 1951 1284 nomine
1969 1222 2167 1301 prdpter
2183 1234 2490 1282 velocitatem
2504 1234 2652 1281 instar

528 1314 689 1363 bestiae
712 1317 856 1380 tygris
878 1318 1025 1364 nimia
1050 1318 1335 1383 pernicitate·
1353 1319 1603 1366 currentis.
1632 1319 1896 1383 Euphrates
1918 1318 2090 1364 fluvius
2111 1315 2466 1381 Mesopotamiae
2484 1314 2650 1379 copio-

528 1396 740 1444 sissimus
762 1399 961 1461 gemmis
983 1416 1069 1463 per
1090 1399 1299 1447 mediam
1322 1400 1634 1465 Babyloniam
1657 1400 1830 1447 influit.
1856 1400 1944 1447 Hic
1966 1415 1994 1446 a
2016 1398 2228 1462 frugibus
2257 1397 2332 1444 vel
2354 1395 2414 1443 ab
2435 1396 2655 1444 ubertate

531 1492 711 1524 nomen
743 1480 926 1544 accepit
951 1498 961 1525 :
988 1496 1101 1527 nam
1125 1479 1346 1527 hebraice
1361 1472 1610 1546 Euphrata
1617 1480 1855 1545 fertilitas
1875 1481 2230 1544 interpretatur.
2256 1477 2655 1542 Mesopotamiam⁴

529 1557 705 1603 etenim
729 1558 794 1605 ita
816 1559 863 1605 in
888 1559 1177 1622 quibusdam
1198 1560 1316 1607 locis
1338 1561 1523 1624 irrigat,
1549 1562 1670 1608 sicut
1692 1560 1822 1607 Nilus
1845 1558 2194 1607 Alexandriam.
2218 1557 2478 1605 Sallustius·
2494 1565 2667 1605 autem-

529 1646 697 1685 auctor
725 1640 1014 1686 certissimus
1044 1641 1209 1688 asserit
1237 1642 1413 1705 Tigrim
1435 1651 1483 1689 et
1511 1641 1805 1707 Euphratem
1833 1658 1933 1688 uno
1958 1641 2091 1688 fonte
2121 1655 2316 1687 manare
2338 1639 2387 1685 in
2411 1637 2650 1696 Armenia,

529 1718 611 1782 qui
632 1734 719 1782 per
741 1719 927 1768 diversa
950 1730 1123 1768 euntes
1139 1720 1327 1785 longius
1352 1721 1629 1769 dividantur
1663 1723 1816 1787 spatio
1856 1721 2017 1768 medio
2054 1720 2221 1768 relicto
2250 1718 2513 1766 multorum
2547 1715 2654 1764 mil·

527 1796 663 1845 lium.
690 1801 806 1856 Quae
830 1809 991 1847 tamen
1014 1810 1146 1848 terra⁴
1162 1818 1268 1866 quae
1291 1801 1359 1849 ab·
1374 1802 1488 1867 ipsis
1511 1802 1738 1862 ambitur,
1758 1801 2106 1866 Mesopotamia
2126 1800 2317 1847 dicitur.
2344 1803 2412 1846 Ex
2433 1815 2531 1863 quo
2553 1797 2658 1844 Hie-

528 1894 759 1942 ronymus
777 1880 1113 1928 animadvertit
1134 1881 1271 1929 aliter
1293 1880 1354 1930 de
1377 1883 1586 1947 paradisi
1605 1882 1884 1929 fluminibus
1906 1881 2285 1946 intelligendum.
2307 1880 2451 1939 Beda,
2477 1878 2534 1925 (ὗε
2554 1882 2656 1928 Na·-

529 1967 637 2005 tum
664 1961 842 2005 Rerum
862 1978 875 2004 .·
903 1979 926 2004 «
948 1960 1039 2006 Nili
1067 1960 1265 2007 flumine
1301 1978 1392 2025 pro
1423 1962 1596 2026 pluviis
1623 1963 1772 2009 utitur
1794 1966 2050 2026 AEgyptus,
2076 1970 2274 2025 propter
2303 1959 2416 2007 solis
2447 1958 2659 2007 calorem·

529 2039 706 2087 imbres
728 2049 775 2086 et
797 2038 966 2087 nubila·
982 2057 1211 2106 respuens
1235 2060 1245 2088 t
1273 2058 1438 2089 mense
1462 2043 1592 2090 enim
1615 2043 1742 2091 maio
1761 2043 1880 2090 dum
1902 2043 2025 2090 ostia
2046 2042 2146 2106 ejus
2170 2040 2344 2110 quibus
2366 2041 2416 2087 in
2439 2051 2570 2087 mare
2592 2039 2661 2086 in·

528 2117 650 2177 fluit,
675 2118 885 2184 zephyro
912 2119 1058 2167 flante
1073 2157 1084 2179 ,
1110 2120 1253 2169 undis
1275 2122 1435 2185 ejectis
1457 2138 1713 2169 arenarum
1734 2122 1937 2170 cumulis
1965 2130 2319 2187 perstruuntur,
2342 2119 2571 2184 paulatim
2591 2118 2660 2166 in·

529 2207 799 2245 tumescens
817 2234 829 2257 ,
856 2214 912 2245 ac
933 2209 1062 2247 retro
1091 2200 1347 2264 propulsus
1369 2201 1515 2265 plana
1536 2202 1699 2265 irrigat
1721 2202 1936 2267 AEgypti3
1961 2210 2115 2248 vento·
2131 2209 2291 2247 autem
2313 2208 2527 2246 cessante
2548 2235 2560 2257 ,
2585 2213 2662 2244 ru-

530 2280 720 2344 ptisque
744 2281 1249 2340 arenarumaeumulis,
1271 2298 1360 2328 suo
1383 2281 1601 2329 redditur
1623 2282 1777 2329 alveo.
1807 2301 1830 2327 »

600 2380 622 2405 «
648 2359 773 2406 Tulit
793 2377 934 2423 ergo„
955 2380 980 2405 »
1007 2361 1132 2419 Quia
1152 2361 1375 2408 videlicet
1396 2372 1496 2409 tam
1519 2362 1812 2409 delectabilis
1834 2372 1882 2409 et
1904 2378 2120 2409 amoenus
2149 2370 2251 2408 erat
2271 2359 2349 2407 ille
2370 2359 2504 2406 locus
2525 2374 2663 2424 para-

530 2441 637 2489 disi.
665 2441 933 2488 Commode
955 2441 1028 2488 vir
1055 2451 1188 2489 extra
1208 2442 1491 2507 paradisum>
1508 2443 1659 2491 factus
1682 2453 1775 2503 est,
1802 2453 1850 2490 et
1871 2443 1986 2490 inde
2007 2443 2056 2490 in
2081 2442 2358 2508 paradisum
2380 2439 2658 2499 translatus,

531 2533 584 2569 ut
621 2531 756 2570 tanto
793 2522 997 2586 amplius
1034 2504 1361 2570 amoenitatem
1403 2523 1613 2588 paradisi
1647 2524 2033 2589 concupisceret,
2081 2539 2136 2577 ac
2169 2523 2385 2570 retinere·
2411 2522 2674 2578 niteretur,

531 2613 719 2667 quanto
738 2619 850 2650 eam⁴
866 2612 1001 2649 terrae
1024 2603 1090 2649 illi
1112 2604 1333 2650 exteriori
1355 2621 1453 2668 qua
1474 2604 1698 2652 conditus
1724 2605 1876 2651 fuerat
1892 2603 2159 2669 praecellere
2177 2601 2447 2650 videbatur.

602 2703 625 2728 «
653 2687 715 2731 Ut
735 2693 1030 2747 operaretur.
1062 2702 1084 2727 »
1110 2683 1164 2730 Id
1201 2693 1271 2731 est
1301 2683 1365 2732 ad
1394 2684 1712 2732 excolendum
1733 2685 1895 2749 ipsum
1913 2683 2212 2749 paradisum,
2241 2691 2289 2728 et
2318 2697 2405 2746 per
2427 2678 2659 2727 obedien-

534 2767 650 2813 tiam
684 2775 921 2813 servatam
954 2765 1045 2812 sibi
1078 2765 1473 2825 custodiendum,
1510 2782 1572 2813 ne
1605 2766 1826 2813 videlicet
1859 2782 1946 2830 per
1978 2763 2406 2827 transgressionem
2444 2758 2670 2824 expulsus.

537 2861 649 2892 eum
685 2845 939 2892 amitteret.
972 2847 1173 2909 De'quo
1201 2855 1361 2893 autem
1396 2856 1635 2913 praecepto
1672 2845 1868 2893 deberet
1903 2845 1976 2892 ibi?
2006 2844 2203 2891 obedire
2236 2842 2395 2890 statim
2429 2839 2660 2896 insinuat,

539 2941 690 2989 quum
713 2925 778 2972 ait
803 2943 813 2971 ε

609 3026 633 3051 α
661 3007 983 3071 Praecepitque
1005 3007 1065 3053 ei.
1095 3026 1116 3050 n
1143 3010 1249 3054 Non
1279 3006 1395 3055 dicit
1420 3027 1444 3053 (ι
1470 3009 1536 3055 eis
1560 3027 1582 3052 υ
1607 3007 1869 3073 pluraliter,
1895 3007 1980 3055 sed
2007 3026 2037 3051 «r
2056 3006 2100 3053 ei
2126 3024 2149 3050 υ
2174 3002 2491 3068 singulariter,
2515 2999 2664 3065 respi-

542 3087 672 3135 ciens
695 3086 757 3133 ad
778 3086 937 3133 solum
958 3088 1146 3146 virum,
1174 3104 1318 3152 quem
1347 3088 1465 3136 dixit
1486 3089 1536 3135 in
1561 3089 1785 3155 paradiso
1808 3088 2116 3145 translatum,
2142 3101 2294 3150 quum
2312 3094 2472 3131 tamen
2497 3078 2667 3127 mulier

544 3166 857 3231 postmodum
881 3167 1082 3215 fateatur
1103 3168 1194 3215 sihi
1215 3169 1393 3233 pariter
1413 3178 1467 3216 ut
1487 3169 1591 3216 viro
1614 3173 1769 3216 Deum
1790 3169 1886 3216 hoc
1910 3167 2188 3234 praecepisse
2211 3166 2375 3214 dicens
2403 3181 2413 3210 :
2444 3182 2466 3207 α
2489 3164 2560 3208 De
2577 3159 2669 3207 fru-

545 3256 626 3294 ctu
656 3246 772 3309 ligni
794 3247 928 3311 quod
950 3257 1021 3314 est
1048 3247 1098 3294 in
1131 3248 1292 3296 medio
1327 3249 1535 3314 paradisi
1568 3250 1793 3315 praecepit
1825 3248 1972 3296 nobis
1996 3251 2134 3296 Deus
2148 3263 2209 3293 ne
2231 3242 2609 3292 comederemus.
2639 3258 2663 3284 υ

550 3324 689 3373 Unde
711 3325 1073 3389 intelligendum
1089 3338 1185 3388 est,
1202 3328 1336 3393 quod
1348 3346 1503 3395 quum.
1520 3315 1616 3377 hoc
1638 3328 1747 3377 loco
1770 3329 2012 3376 Dominus
2023 3328 2207 3393 lignum
2223 3323 2342 3394 illud
2356 3323 2461 3370 viro
2476 3318 2669 3368 interdi-

600 3505 609 3522 ¹
632 3505 710 3548 Lug.
725 3508 806 3539 Νέαν
825 3506 926 3540 uma.
