2970 4152
466 386 560 434 296
1267 394 1439 440 PETRI
1474 394 1788 442 ABAELARDI

467 477 704 520 fidelissime
721 480 890 522 reddere
903 514 913 533 ‚
932 495 1057 536 quum
1077 496 1182 538 opus
1196 484 1297 526 illud
1316 485 1501 527 nondum
1520 485 1663 527 fuisset
1681 486 1834 527 editum
1849 517 1860 537 ,
1880 484 2000 526 officii
2019 484 2149 524 nostri
2166 494 2255 524 esse
2271 483 2368 532 rati,
2390 494 2591 536 perpauca

468 553 620 588 tantum
642 549 889 590 mutavimus
908 550 978 591 ubi
998 558 1138 606 aperta
1155 554 1369 608 scripturae
1393 555 1490 596 vitia
1514 554 1803 605 occurrebant,
1829 554 1955 595 variis
1981 553 2102 594 etiam
2129 550 2373 592 lectionibus
2402 551 2445 591 in
2476 556 2590 604 parte

469 616 706 668 paginarum
731 617 923 659 inferiore
955 619 1196 675 subjunctis.
1640 621 1650 627 ⁴

520 685 663 736 Operae
685 685 856 737 pretium
887 692 950 727 est
971 688 1292 732 animadvertere
1316 690 1595 740 Ahoelardum,
1619 704 1744 745 quum
1769 691 1811 730 in
1830 696 1912 730 tres
1937 694 2073 743 partes
2093 688 2270 742 hymnos
2293 685 2528 738 dividisset,
2547 686 2590 726 in

468 758 601 804 partes
624 752 793 794 totidem
813 754 1009 797 dividisse
1023 759 1236 811 epistolam
1248 759 1412 814 hymnis
1431 760 1680 814 adjunctam,
1690 771 1862 814 quarum
1875 769 2128 812 unaquaeque
2142 755 2398 810 sequentium
2412 755 2591 808 hymno—

468 832 555 859 rum
578 821 749 872 seriem,
776 824 965 876 prooemii
988 825 1103 877 loco,
1127 828 1351 880 antecedit,
1376 835 1421 869 ut
1438 829 1593 883 primus
1613 827 1897 869 animadvertit
1910 828 2028 867 Dom.
2050 828 2104 866 Le
2121 824 2248 866 Noble
2262 824 2304 864 in
2320 823 2592 875 Philosophioe

467 888 703 929 christianae
715 876 945 933 Annalibus
960 894 984 933 ¹.

523 958 692 1010 Hymnis
711 964 751 999 et
763 960 993 1014 Sequentiis
1005 971 1263 1006 accesserunt
1277 965 1354 1006 alia
1369 965 1554 1020 quaedam
1569 964 1771 1007 Abaelardi
1796 963 1990 1014 carmina,
2013 974 2185 1016 quorum
2202 960 2405 1014 originem
2430 959 2591 1000 indica-

469 1024 602 1065 bimus
627 1032 748 1079 prout
771 1040 837 1069 res
856 1030 1093 1083 postulabit.

1507 1388 1554 1437 I.

540 1516 607 1562 Ad
631 1527 820 1564 tuarum
845 1535 1042 1583 precum
1066 1521 1358 1583 instantiam,
1375 1540 1512 1570 soror
1537 1523 1655 1569 mihi
1680 1522 1912 1582 Heloissa,
1929 1523 1979 1569 in
2005 1522 2166 1569 seculo
2189 1521 2436 1586 quondam
2460 1536 2592 1579 cara,

472 1613 600 1643 nunc
637 1598 686 1643 in
719 1598 906 1646 Christo
953 1601 1221 1662 carissima,
1249 1603 1456 1667 hymnos
1498 1621 1646 1667 graece
1685 1604 1860 1663 dictos,
1900 1602 2120 1650 hebraice
2163 1602 2296 1649 tillim
2324 1604 2338 1625 2
2381 1602 2598 1649 nomina-

472 1687 546 1723 tos
571 1679 846 1743 composui3
880 1679 942 1727 ad
973 1698 1095 1745 quos
1122 1683 1319 1746 quidem
1345 1701 1422 1731 me
1455 1683 1735 1731 scribendos
1761 1701 1911 1748 quum
1935 1693 2031 1730 tam
2057 1694 2108 1730 tu
2132 1699 2276 1748 quam
2302 1700 2406 1747 quae
2440 1693 2597 1730 tecum

472 1768 722 1804 morantur
751 1769 923 1807 sanctae
946 1762 1252 1826 professionis
1274 1764 1461 1811 feminae
1495 1765 1663 1829 saepius
1693 1765 1942 1828 urgeretis,
1970 1774 2174 1811 vestram
2209 1781 2351 1829 super
2384 1763 2480 1810 hoc
2519 1763 2598 1809 in-

473 1838 737 1885 tentionem
771 1841 1011 1904 requisivi.
1054 1843 1317 1891 Censebam
1355 1846 1533 1911 quippe
1569 1845 1867 1909 superfluum
1901 1861 1978 1891 me
2008 1844 2145 1891 vobis
2181 1859 2332 1893 novos
2348 1842 2594 1907 condere,

473 1936 623 1982 quum
648 1930 863 1967 veterum
887 1923 1077 1987 copiam
1101 1923 1316 1972 habeatis
1330 1927 1357 1983 ³,
1383 1936 1429 1972 et
1454 1926 1590 1990 quasi
1614 1925 1911 1990 sacrilegium
1926 1924 2078 1972 videri
2096 1924 2302 1988 antiquis
2325 1935 2598 1971 sanctorum

474 1999 763 2047 carminibus
786 2018 914 2048 nova
936 2014 1245 2067 peccatorum
1267 2006 1486 2070 praeferre
1518 2006 1592 2054 vel
1619 2023 1822 2070 aequare.
1852 2009 2015 2064 Quum
2039 2015 2196 2052 autem
2234 2022 2262 2052 a
2292 2004 2488 2052 diversis
2527 2003 2600 2051 di-

476 2097 610 2127 versa
633 2080 751 2127 mihi
775 2083 1198 2147 responderentur,
1225 2095 1275 2132 tu
1296 2087 1418 2133 inter
1442 2096 1610 2134 caetera
1633 2087 1792 2146 talem,
1818 2086 2032 2146 memini,
2062 2085 2303 2149 subjecisti
2325 2085 2560 2132 rationem
2585 2102 2595 2129 :

475 2161 680 2220 Scimus,
716 2161 963 2225 inquiens,
1000 2163 1198 2211 latinam
1233 2176 1279 2213 et
1312 2167 1517 2213 maxime
1556 2167 1836 2231 gallicanam
1861 2166 2142 2225 Ecclesiam,
2181 2166 2302 2212 sicut
2329 2165 2379 2211 in
2406 2165 2601 2229 psalmis

476 2242 538 2288 ita
563 2252 608 2289 et
632 2243 678 2289 in
703 2242 895 2307 hymnis
920 2246 1069 2310 magis
1095 2247 1493 2295 consuetudinem
1520 2259 1682 2296 tenere
1709 2265 1856 2313 quam
1886 2248 2217 2295 auctoritatem
2246 2247 2398 2311 sequi.
2440 2249 2602 2294 Incer-

475 2332 575 2369 tum
602 2324 778 2370 etenim
821 2324 980 2372 adhuc
1016 2326 1251 2374 habemns
1292 2329 1427 2392 cujus
1462 2330 1669 2376 auctoris
1700 2329 1801 2376 haec
1831 2330 1890 2376 sit
1928 2328 2169 2376 translatio
2208 2327 2420 2374 Psalterii
2455 2343 2601 2391 quam

476 2413 662 2463 nostra,
692 2403 742 2450 id
765 2414 862 2465 est,
892 2405 1120 2468 gallicana
1156 2407 1422 2472 frequentat
1461 2409 1685 2457 Ecclesia.
1733 2413 1890 2468 Quam
1913 2410 1951 2456 si
1976 2426 2030 2456 ex
2057 2425 2226 2456 eorum
2250 2408 2387 2455 dictis
2422 2407 2602 2472 dijudi-

477 2500 583 2530 care
620 2484 820 2531 velimus
851 2486 934 2549 qui
975 2486 1340 2536 translationum
1376 2489 1668 2537 diversitates
1703 2489 1843 2536 nobis
1875 2499 2192 2555 aperuerunt,
2226 2488 2366 2553 longe
2404 2488 2465 2536 ab
2499 2489 2602 2536 uni-

476 2566 621 2612 versis
647 2566 1117 2631 interpretationibus
1142 2568 1414 2629 dissidebit,
1449 2580 1495 2617 et
1519 2570 1726 2630 nullam,
1755 2581 1807 2617 ut
1833 2570 2058 2629 arbitror,
2086 2570 2379 2617 auctoritatis
2402 2569 2604 2634 dignita-

478 2655 574 2691 tem
598 2644 850 2692 obtinebit.
878 2649 931 2693 ln
956 2664 1051 2711 qua
1075 2648 1271 2712 quidem
1294 2649 1415 2696 adeo
1440 2649 1666 2714 longaevae
1690 2648 2049 2697 consuetudinis
2083 2665 2195 2696 usus
2215 2648 2315 2712 jam
2340 2647 2601 2712 praevaluit,

478 2734 546 2783 ut,
564 2741 715 2788 quum
740 2725 789 2771 in
811 2726 989 2774 caeteris
1012 2738 1226 2775 correcta
1251 2730 1381 2776 Beati
1402 2729 1669 2776 Hieronimi
1691 2739 1938 2776 teneamus
1961 2728 2266 2794 exemplaria,
2284 2728 2333 2774 in
2358 2726 2600 2787 Psakerio,

479 2803 612 2867 quod
652 2805 855 2852 maxime
894 2806 1273 2870 frequentamus,
1315 2825 1573 2873 sequamur
1609 2807 1899 2873 apocrypha.
1940 2812 2243 2872 Hymnorum
2279 2822 2395 2854 vero
2432 2805 2605 2870 quibus

481 2902 608 2931 nunc
636 2885 812 2932 utimur
837 2897 968 2934 tanta
987 2898 1057 2935 est
1082 2889 1299 2936 consusio
1325 2890 1504 2955 utqui,
1545 2906 1753 2954 quorum
1791 2889 1906 2949 sint,
1945 2890 2076 2936 nulla
2106 2889 2182 2936 vel
2220 2904 2326 2936 rara
2361 2887 2606 2936 titulorum

480 2967 772 3031 praescriptio
798 2967 1079 3034 distinguat3
1110 2980 1157 3017 et
1181 2970 1219 3017 si
1243 2970 1388 3035 aliqui
1414 2981 1569 3020 certos
1605 2970 1783 3018 habere
1819 2980 2038 3018 auctores
2072 2970 2348 3029 videantur,
2397 2985 2606 3033 quorum

482 3048 624 3112 primi
656 3048 859 3097 Hilarius
891 3060 1035 3114 atque
1059 3051 1337 3099 Ambrosius
1362 3053 1568 3100 extitisse
1602 3051 1887 3112 creduntur,
1915 3051 2090 3100 deinde
2112 3050 2397 3098 Prudentius
2430 3059 2478 3097 et
2509 3050 2608 3115 ple-

484 3129 617 3190 rique
642 3129 741 3189 alii,
771 3141 901 3179 tanta
924 3142 994 3180 est
1022 3132 1294 3197 frequenter
1317 3133 1609 3197 inaequalitas
1634 3132 1921 3196 syllabarum
1936 3169 1948 3192 ‚
1978 3142 2030 3180 ut
2052 3132 2128 3179 vix
2156 3131 2327 3178 cantici
2348 3129 2606 3178 melodiam

484 3208 740 3271 recipiant,
780 3211 879 3258 sine
912 3229 1004 3276 qua
1030 3212 1300 3260 nullatenus
1338 3213 1547 3276 hymnus
1584 3212 1842 3259 consistere
1876 3221 2060 3278 potest,
2092 3211 2226 3274 cujus
2257 3209 2514 3275 descriptio
2537 3221 2608 3258 est

485 3287 587 3332 laus
610 3287 696 3333 Dei
732 3305 843 3336 cum
868 3293 1070 3339 cantico.
1112 3292 1352 3358 Plerisque
1386 3293 1528 3340 etiam
1554 3291 1933 3340 solemnitatibus
1958 3290 2169 3339 addebas
2192 3289 2357 3337 deesse
2387 3290 2608 3354 proprios

535 3461 543 3478 ¹
555 3462 694 3495 Annales
710 3466 748 3496 de
763 3463 972 3507 Philo-sophie
983 3469 1177 3510 chr-etimne,
1188 3469 1287 3503 ira-80.
1298 3470 1431 3504 Janvier
1444 3469 1586 3503 1844.-
1595 3468 1608 3486 ¹
1623 3449 1710 3512 Lege
1721 3468 1867 3502 tehillim.
1880 3486 1925 3494 —
1937 3468 1950 3486 ³
1966 3468 2051 3510 Lege
2064 3467 2235 3499 haberem·
