2970 4152
950 426 1009 474 IN
1042 424 1323 473 PASSIONE
1357 423 1563 473 DOMINI
1597 424 1813 473 SERMO.
2343 422 2430 469 454

324 542 424 573 non
453 527 636 572 tamen¹
670 524 797 572 auris
826 524 921 571 hoc
955 523 1064 571 loco
1102 521 1276 569 dicitur
1303 518 1450 586 quain
1485 522 1720 581 auricula,
1744 521 1841 568 hoc
1864 529 1934 567 est
1962 519 2088 567 auris
2110 534 2275 583 parva.
2301 517 2443 564 Pauci

323 606 501 671 quippe
524 615 636 653 sunt
659 605 819 664 electi,
847 604 909 652 ad
931 621 988 652 ea
1009 620 1114 669 quae
1142 602 1382 650 desalute
1399 600 1583 650 animae
1611 603 1836 650 dicuntur
1865 598 2287 649 accommodantes
2316 596 2446 645 audi—

322 695 426 732 tum
447 704 458 732 ε
478 695 526 733 et
546 685 680 750 quod
702 685 764 732 de
786 683 1054 732 coelestibus
1076 670 1362 749 prassdicatur
1382 683 1461 749 vix
1483 683 1592 748 capi
1613 693 1794 748 potest,
1821 692 1869 729 et
1890 699 1980 748 pro
2003 681 2260 729 subtilitate
2279 677 2447 726 intelli-

325 767 515 830 gentiae,
541 767 677 831 quasi
699 767 832 814 tenui
854 767 981 814 auris
1004 765 1238 813 foramine
1262 763 1324 812 ad
1346 764 1494 811 animi
1517 765 1735 830 pervenit
1750 763 2062 811 intellectum.
2083 762 2227 822 Quod
2245 778 2361 810 vero
2385 759 2446 806 de

326 845 517 893 duobus
539 846 775 913 praedictis
797 846 964 910 gladiis
986 846 1223 893 Dominus
1247 845 1335 892 ait:
1356 863 1378 889 «
1403 844 1524 892 Satis
1547 854 1642 904 est,
1667 864 1690 888 »
1717 854 1764 891 et
1786 854 1896 909 post
1918 843 2297 909 amputationem
2328 840 2450 888 auri-

327 926 444 973 culae
465 926 613 974 dixit:
644 945 668 971 «
688 927 837 974 Sinite
859 927 956 974 huc
991 943 1139 991 usque
1152 964 1163 986 ,
1196 945 1219 970 n
1259 925 1321 973 ad
1355 926 1636 990 mysterium
1672 925 1876 990 respexit
1912 925 1982 972 rei
2017 923 2303 988 significatae.
2338 925 2447 969 Duo

326 1009 506 1073 quippe
528 1008 671 1072 gladii
692 1009 910 1075 superius
939 1008 1151 1055 distincti
1180 1008 1242 1055 ad
1270 1007 1585 1055 exercendam
1601 1007 1835 1071 justitiam
1864 1005 2107 1054 sufficiunt
2130 1004 2371 1063 Ecclesiae,
2398 1013 2450 1049 ut

325 1089 739 1153 quemadmodum
767 1090 917 1138 homo
942 1107 998 1137 ex
1021 1090 1181 1137 anima
1209 1099 1398 1137 constat
1427 1099 1475 1136 et
1502 1105 1669 1147 carne,
1702 1089 1768 1136 ita
1795 1089 1846 1135 in
1875 1087 1949 1135 his
1979 1086 2169 1134 duobus
2198 1086 2296 1133 duo
2327 1101 2453 1131 exer-

325 1181 525 1219 ceantur
546 1171 713 1236 gladii,
740 1173 862 1236 regis
885 1171 1082 1237 quidem
1105 1172 1155 1218 in
1179 1188 1406 1236 corpore,
1433 1169 1694 1218 sacerdotis
1717 1170 1765 1216 in
1791 1169 1968 1217 anima.
1999 1188 2023 1213 «
2044 1168 2193 1215 Sinite
2209 1205 2220 1227 ,
2246 1186 2270 1211 »
2297 1167 2451 1230 inquit

326 1251 592 1317 discipulis,
623 1272 647 1298 «
674 1270 827 1318 usque
849 1253 1015 1312 huc,·»
1041 1262 1094 1300 ut
1123 1252 1346 1299 videlicet
1373 1252 1589 1300 contenti
1617 1261 1775 1299 vestra
1802 1261 2062 1316 potestate,
2099 1266 2200 1296 non
2235 1247 2365 1314 plus,
2401 1258 2452 1293 ut

325 1331 509 1380 dictum
531 1343 624 1392 est,
650 1335 947 1398 praesumatis
969 1333 1214 1391 vindictae,
1242 1349 1390 1396 quam
1413 1332 1630 1380 dextram
1653 1331 1916 1379 auriculam
1939 1340 2205 1395 amputare.
2233 1331 2456 1392 Amputa—

325 1421 424 1460 tam
446 1429 476 1460 a
496 1416 636 1460 Petro
660 1414 923 1461 auriculam
946 1414 1183 1460 Dominus
1206 1413 1484 1470 restituens,
1516 1429 1797 1476 percussum
1826 1421 1986 1470 sanat,
2011 1410 2125 1475 quia
2147 1410 2247 1473 ejus
2270 1419 2339 1456 est
2362 1426 2458 1473 poe-

326 1493 577 1540 nitentiam
595 1494 853 1558 inspirare,
874 1510 970 1556 qua
989 1503 1213 1557 peccator
1235 1492 1422 1549 redeat,
1442 1501 1489 1538 et
1503 1491 1654 1538 verbo
1677 1490 1840 1539 salutis
1862 1490 2195 1538 reconciliatus
2218 1487 2453 1535 intendat.

327 1575 370 1620 Ο
393 1573 721 1621 misericordia
742 1571 1022 1621 Salvatoris!
1053 1589 1082 1618 o
1107 1572 1326 1636 impietas
1349 1570 1700 1636 persequentis!
1729 1574 1876 1619 Sanat
1898 1587 2179 1636 percussum
2201 1570 2454 1627 Dominus,

328 1663 374 1700 et
398 1654 619 1718 persequi
644 1670 744 1700 non
769 1663 922 1700 cessat
943 1662 1155 1700 sanatus.
1182 1651 1475 1699 Beneficium
1505 1653 1726 1717 suscipit,
1761 1662 1808 1699 et
1837 1653 1887 1699 in
1920 1651 2244 1699 obstinatione
2276 1667 2361 1698 sua
2391 1651 2460 1696 in-

328 1744 487 1797 gratus
509 1735 734 1799 persistit.
758 1733 936 1780 Vident
951 1743 1281 1798 persecutores
1297 1732 1607 1791 miraculum,
1631 1749 1721 1780 nec
1738 1732 2061 1798 persequendi
2084 1733 2342 1779 immutant
2364 1732 2460 1778 ani-

328 1831 479 1861 mum.
507 1815 772 1878 Corrigitur
793 1824 1088 1879 perseeutor,
1116 1823 1167 1860 ut
1190 1823 1340 1860 cesset
1362 1814 1649 1878 persecutio.

396 1914 420 1937 «
440 1896 702 1953 Converte,
733 1913 756 1939 n
783 1895 939 1959 inquit
968 1897 1106 1941 Petro
1125 1931 1136 1952 ,
1166 1913 1189 1938 «
1210 1893 1422 1957 gladium
1444 1904 1582 1940 tuum
1612 1894 1661 1940 in
1685 1893 1926 1957 vaginam.
1945 1893 2115 1940 Omnis
2138 1893 2268 1940 enim
2283 1888 2367 1957 qu‘i
2386 1907 2460 1938 ac-

329 1976 508 2040 ceperit
531 1975 764 2039 gladium,
785 1976 943 2040 gladio
968 1975 1156 2041 peribit.
1174 1976 1304 2033 »Qui
1329 1976 1587 2041 acceperit,
1614 1975 1791 2040 inquit,
1820 1974 1881 2023 ad
1905 1973 2250 2033 occidendum,
2271 1990 2371 2021 non
2386 1974 2461 2019 cui

330 2054 530 2102 traditus
546 2066 617 2103 est
639 2073 667 2103 a
690 2066 952 2121 potestate,
976 2057 1075 2121 ipse
1101 2055 1259 2120 gladio
1282 2055 1454 2120 dignus
1479 2065 1549 2103 est
1572 2055 1782 2102 interire.
1804 2074 1828 2099 «
1847 2058 1916 2101 An
1941 2064 2081 2120 putas
2103 2055 2215 2119 quia
2233 2070 2333 2100 non
2349 2068 2461 2117 pos-

329 2151 436 2182 sum
458 2151 627 2199 rogare
651 2146 837 2201 patrem
861 2153 1024 2183 meum
1040 2174 1051 2195 ,
1079 2146 1126 2183 et
1145 2135 1387 2183 exhibebit
1403 2135 1521 2183 mihi
1535 2135 1684 2183 modo
1699 2135 1806 2201 plus
1819 2151 1967 2200 quam
1978 2134 2237 2182 duodecim
2252 2133 2462 2196 legiones

329 2215 638 2279 angelorum?
658 2236 681 2261 »
709 2219 774 2264 Ac
796 2218 834 2265 si
858 2227 1022 2283 aperte
1045 2217 1174 2265 dicat
1194 2236 1204 2264 ε
1228 2220 1332 2265 Non
1357 2234 1475 2282 egeo
1504 2217 1648 2264 vestri
1678 2216 1937 2264 duodecim
1972 2216 2228 2263 hominum
2261 2214 2464 2279 patroci-

331 2297 437 2357 nio,
464 2298 564 2357 cui,
598 2299 636 2345 si
660 2298 854 2358 vellem,
882 2300 931 2346 in
957 2298 1131 2346 auxilio
1156 2299 1341 2347 adesset
1370 2309 1504 2347 tanta
1526 2298 1807 2363 angelorum
1830 2297 2106 2345 multitudo.
2140 2299 2194 2343 In
2229 2294 2309 2343 illa
2341 2294 2463 2342 hora

331 2376 448 2424 dixit
470 2381 603 2426 Jesus
626 2378 777 2426 turbis
791 2382 805 2404 ²
830 2398 842 2426 ε
873 2383 1162 2444 «Tanquam
1186 2380 1246 2427 ad
1270 2380 1509 2427 latronem
1532 2380 1689 2427 existis
1712 2396 1824 2426 cum
1848 2378 2012 2442 gladiis
2037 2388 2084 2424 et
2107 2375 2308 2424 fustibus
2336 2391 2464 2422 com-

331 2457 629 2522 prehendere
653 2476 747 2506 me.
775 2460 1003 2517 Quotidie
1027 2460 1156 2525 apud
1179 2478 1266 2507 vos
1297 2460 1525 2508 sedebam
1556 2462 1605 2506 in
1642 2459 1823 2525 templo
1842 2497 1853 2519 ,
1893 2469 1940 2506 et
1975 2476 2075 2506 non
2112 2474 2189 2505 me
2224 2457 2459 2505 tenuistis.

332 2539 494 2594 Quum
518 2538 734 2603 quotidie
755 2539 1007 2587 vobiscum
1031 2541 1079 2586 in
1104 2540 1286 2605 templo
1317 2540 1512 2599 fuerim,
1539 2557 1639 2587 non
1665 2539 1942 2587 extendistis
1972 2540 2021 2586 in
2045 2555 2122 2586 me
2147 2554 2334 2585 manus.
2368 2537 2461 2583 Sed

330 2616 433 2664 haec
455 2628 526 2665 est
548 2617 670 2666 hora
691 2629 870 2679 vestra,
898 2630 944 2667 et
966 2630 1177 2685 potestas
1205 2620 1531 2668 tenebrarum.
1565 2623 1669 2667 Hoc
1698 2630 1858 2668 autem
1888 2629 2046 2666 totum
2075 2619 2255 2666 factum
2285 2627 2355 2665 est
2372 2654 2383 2674 ,
2411 2627 2463 2663 ut

334 2696 647 2762 implerentur
669 2701 914 2765 scripturae
937 2700 1302 2766 prophetarum.
1325 2705 1457 2749 Tunc
1480 2701 1700 2767 discipuli
1723 2717 1909 2760 omnes,
1931 2700 2096 2747 relicto
2116 2716 2193 2759 eo,
2221 2698 2459 2762 fugerunt.

308 2838 311 2841 y
335 2776 621 2825 Adolescens
643 2779 842 2844 quidam
864 2780 1153 2845 sequebatur
1177 2798 1288 2829 eum
1312 2783 1513 2829 amictus
1542 2781 1748 2829 sindone
1777 2798 1920 2846 super
1950 2780 2108 2840 nud0,
2136 2790 2182 2827 et
2205 2789 2464 2827 tenuerunt

336 2873 463 2903 eum.
485 2860 542 2904 At
566 2857 660 2917 ille,
688 2859 850 2907 relicta
872 2861 1095 2921 sindone,
1122 2861 1281 2909 nudus
1303 2862 1514 2927 profugit
1539 2861 1665 2910 foras
1687 2861 1748 2909 ab
1772 2862 1895 2909 eis.»
1923 2864 2151 2909 Latrones
2174 2860 2224 2906 in
2248 2860 2335 2906 viis
2359 2859 2467 2906 insi-

336 2938 439 2986 dias
473 2939 701 2999 tendunt,
729 2941 855 2989 fures
883 2943 933 2989 in
964 2942 1206 2991 domibus.
1242 2943 1387 3001 Quod
1420 2954 1581 2991 autem
1616 2945 1706 3002 ait,
1737 2963 1760 2988 «
1788 2954 2019 3008 tanquam
2055 2942 2116 2990 ad
2151 2941 2413 2999 latronem,
2439 2959 2461 2983 »

336 3018 429 3066 tale
451 3030 522 3067 est
546 3030 778 3085 tanquam
794 3022 856 3070 ad
872 3040 983 3070 eum
997 3061 1008 3083 ,
1028 3025 1111 3088 qui
1129 3025 1258 3072 viam
1276 3015 1521 3085 obsidens,
1540 3024 1898 3073 transeuntibus
1914 3023 2182 3082 insidiatur,
2203 3039 2294 3070 nec
2309 3031 2467 3068 tutum

338 3108 420 3146 aut
442 3098 647 3148 liberum
670 3103 737 3149 eis
761 3104 1015 3151 transitum
1037 3106 1293 3169 permittit,
1321 3123 1472 3170 quum
1496 3116 1571 3164 tu,
1598 3106 1830 3163 Domine,
1857 3105 1960 3170 ipsa
1982 3105 2044 3152 sis
2066 3103 2227 3169 potius
2249 3103 2351 3165 via,
2384 3103 2467 3166 qui

338 3178 521 3227 dixisti³
536 3199 552 3227 Ἰε
584 3201 606 3226 «
629 3185 730 3245 Ego
753 3199 860 3230 sum
882 3185 960 3231 via
974 3221 985 3242 ,
1011 3185 1209 3244 veritas,
1236 3195 1284 3232 et
1306 3186 1420 3233 vita.
1443 3205 1466 3230 »
1494 3185 1745 3244 Quotidie,
1771 3185 1867 3232 hoc
1890 3195 1961 3232 est
1985 3184 2259 3248 frequenter
2282 3183 2331 3230 in
2356 3192 2472 3229 tem-

341 3259 446 3324 plo,
472 3260 555 3308 ubi
579 3279 748 3311 omnes
770 3265 1092 3324 conveniunt,
1118 3265 1289 3313 sedens
1312 3267 1448 3331 quasi
1471 3283 1690 3325 securus,
1715 3282 1815 3312 non
1838 3266 1888 3312 in
1913 3264 2223 3324 abscondito,
2250 3280 2386 3311 more
2409 3262 2472 3309 la-

341 3341 493 3387 tronis
518 3340 686 3389 latens.
716 3343 854 3391 Unde
878 3354 925 3391 et
948 3361 976 3392 a
997 3345 1193 3392 latendo
1218 3346 1340 3393 latro
1364 3356 1434 3393 est
1457 3346 1737 3412 appellatus.
1766 3350 1824 3393 Et
1853 3363 2003 3410 quum
2033 3345 2282 3392 manifeste
2309 3345 2376 3389 sic
2404 3358 2470 3388 se-

391 3521 399 3538 *
427 3523 504 3556 Tam
522 3532 610 3558 certe
625 3526 810 3570 legendum⁴
830 3548 870 3553 —-
883 3528 896 3546 ²
915 3529 1041 3570 matth„
1056 3541 1084 3563 c.
1105 3541 1199 3569 xxvi,
1217 3541 1250 3564 v.
1269 3530 1321 3562 56.
1335 3549 1358 3555 -
1372 3531 1487 3570 Marc„
1508 3540 1580 3573 cap.
1603 3541 1670 3570 xiv,
1686 3540 1717 3562 v.
1737 3530 1791 3562 48.
1808 3546 1852 3553 —
1869 3529 1882 3546 ³
1901 3529 2011 3568 Joan„
2029 3538 2102 3571 cap.
2121 3537 2187 3567 xiv,
2204 3537 2234 3558 v.
2251 3526 2284 3557 6.
