2970 4152
1310 404 1630 452 EPISTOLAE.
2446 399 2540 447 215
2558 380 2562 387 '

416 507 543 553 nem.
572 502 717 561 Quod
748 512 795 550 et
820 502 1017 550 facimus
1042 501 1090 548 in
1117 500 1360 567 principiis
1388 500 1619 547 omnium.
1635 499 1864 546 horarum
1885 533 1897 557 ,
1925 497 1976 544 in
2001 493 2251 561 praecipuis
2275 492 2543 541 solemnita-

416 583 541 631 tibus
568 583 808 631 cantando
827 619 839 643 ,
881 582 1062 630 caeteris
1092 581 1260 629 diebus
1302 581 1404 628 sine
1423 590 1610 630 cantu..
1629 577 2016 627 Hebdomadaria
2041 575 2229 639 incipit,
2263 575 2540 645 «Domine,

407 664 539 712 -labia
561 681 697 725 mea,
721 684 746 709 »
775 674 823 711 et
837 663 1173 729 prosequimur
1188 662 1407 710 divinum
1425 660 1636 709 officium
1657 696 1669 720 ‚
1693 659 1828 724 juxta
1844 656 2241 707 consuetudinem
2258 655 2545 719 regularium

416 745 738 793 ecclesiarum.
770 747 880 792 Post
898 743 1082 811 'vigilias
1105 743 1378 808 egredimur
1401 758 1571 790 omnes
1591 778 1603 802 ,
1633 751 1680 789 et
1698 740 1915 788 firmatur
1940 738 2204 787 oratorium
2223 773 2234 796 ,
2257 738 2294 784 si
2315 736 2417 785 dies
2446 755 2544 785 non

416 826 572 887 fuerit,
590 836 636 874 et
648 841 850 873 accenso
863 824 1062 885 lumine,
1077 825 1126 872 in
1143 823 1351 890 capitulo
1364 822 1644 887 sedentquae
1656 822 1874 870 lectionis
1888 820 1962 868 vel
1973 820 2131 885 operis
2145 818 2373 882 indigent.
2389 819 2438 865 Si
2447 818 2547 866 dies

417 906 571 968 fuerit,
593 908 748 955 statim
766 907 978 971 sequitur
994 907 1166 972 prima.
1189 907 1240 953 ln
1258 903 1588 953 festivitatibus
1605 914 1651 951 et
1674 903 1929 951 dominicis
1947 901 2133 960 diebuS,
2159 901 2256 947 sive
2275 900 2376 947 dies
2386 900 2543 965 fuerit,

417 990 515 1038 sive
538 1007 637 1037 non
655 989 794 1036 fuerit
810 1024 822 1048 ,
853 989 1138 1036 revertimur
1161 1004 1331 1036 omnes
1357 988 1405 1036 in
1430 987 1786 1046 dormitorium,
1813 994 2068 1051 pausantes
2085 983 2135 1029 in
2151 982 2335 1045 lectulis
2352 1019 2364 1043 ,
2392 982 2548 1030 donec

418 1069 494 1117 die
519 1069 690 1117 clarius
707 1068 1009 1116 illucescente
1029 1105 1041 1128 ,
1071 1068 1134 1116 ad
1163 1068 1376 1115 sonitum
1394 1066 1663 1114 dormitorii
1678 1065 1928 1114 veniamus
1953 1065 2001 1111 in
2019 1063 2294 1110 claustrum.
2332 1062 2550 1109 Pulsatur

415 1151 569 1215 prima
585 1187 598 1211 ,
628 1160 675 1198 et
697 1150 897 1197 faciente
926 1151 1115 1214 signum
1147 1149 1374 1214 priorissa
1390 1185 1402 1208 ,
1433 1147 1729 1212 ingredimur
1755 1162 1924 1194 omnes
1948 1144 2196 1192 ecclesiam
2214 1181 2226 1204 ,
2252 1143 2549 1209 praecedente

416 1231 580 1279 schola
609 1240 657 1279 et
676 1229 964 1294 junioribus.
995 1230 1220 1277 Similiter
1238 1240 1349 1277 ante
1380 1245 1550 1276 omnes
1573 1228 1718 1276 horas
1737 1264 1749 1288 ,
1779 1236 2053 1293 expectatur
2077 1226 2264 1290 signum
2295 1225 2545 1290 priorissae.

418 1314 536 1358 Ante
559 1312 764 1376 primam
783 1347 796 1371 ,
830 1309 883 1358 fit
908 1310 1207 1358 oratio-inter
1224 1310 1402 1357 formas
1422 1345 1434 1369 ,
1465 1310 1585 1357 sicut
1607 1318 1718 1356 ante
1747 1307 1941 1372 vigilias.
1965 1310 2077 1354 Post
2095 1307 2316 1372 primam,
2340 1306 2551 1369 sequitur

417 1393 560 1440 missa
583 1392 890 1440 matutinalis.
921 1391 1038 1439 Inde
1061 1392 1156 1440 itur
1179 1392 1228 1445 in
1248 1390 1512 1457 capitulum
1533 1427 1545 1452 ,
1567 1400 1614 1438 et
1638 1389 1760 1437 fiunt
1779 1389 2087 1437 clamationes
2105 1398 2152 1435 et
2169 1387 2546 1445 emendationes,

411 1472 544 1534 juxta
571 1472 773 1520 modum
809 1472 1086 1538 culparum,
1131 1471 1516 1519 consideratione
1548 1471 1753 1519 tenentis
1792 1469 2070 1536 capitulum.
2100 1468 2400 1527 Quibusdam
2434 1468 2553 1516 sole-

418 1551 693 1599 mnitatibus
711 1553 910 1600 veniunt
933 1569 1122 1600 sorores
1148 1553 1197 1599 in
1223 1551 1487 1618 capitulum
1503 1587 1516 1612 ,
1542 1561 1589 1599 et
1613 1550 1932 1599 emendantur
1954 1549 2105 1615 culpae
2123 1566 2304 1597 earum.
2335 1549 2553 1607 Quoties-

416 1649 606 1698 cunque
643 1644 803 1682 autem
839 1634 1005 1681 fratres
1045 1633 1249 1698 graviter
1287 1633 1604 1698 delinquunt,
1635 1642 1871 1680 vocantur
1909 1632 1956 1678 in
1988 1630 2279 1697 capitulum,
2315 1640 2363 1678 et
2390 1646 2551 1678 coram

417 1716 665 1763 communi
698 1714 909 1779 capitulo
947 1714 1283 1778 corriguntur,
1327 1724 1378 1761 ut
1411 1713 1582 1777 majori
1620 1711 1977 1760 confundantur
2007 1711 2349 1760 erubescentia.
2391 1712 2553 1758 Praeci—

417 1796 523 1860 puis
548 1795 930 1843 solemnitatibus
947 1832 959 1855 ,
992 1794 1198 1842 habetur
1221 1811 1379 1842 sermo
1406 1796 1455 1842 in
1482 1794 1709 1860 capitulo.
1737 1797 1944 1858 Egressae
1968 1792 2029 1840 de
2063 1792 2271 1857 capitulo
2291 1828 2304 1852 ,
2330 1808 2553 1839 vacamus

416 1875 609 1923 lectioni
637 1893 787 1941 usque
812 1876 875 1924 ad
902 1876 1089 1924 tertiam
1106 1912 1118 1936 ,
1149 1876 1187 1923 si
1211 1875 1335 1927 hora
1359 1876 1643 1941 permiserit.
1677 1875 1900 1939 Sequitur
1927 1874 2092 1934 tertia,
2122 1883 2169 1921 et
2200 1873 2354 1937 major
2392 1873 2546 1920 missa.

416 1957 638 2022 Sequitur
654 1968 700 2005 et
718 1967 847 2005 sexta
861 1957 964 2005 sine
989 1955 1256 2004 intervallo.
1282 1959 1396 2004 Post
1414 1966 1594 2004 sextam
1611 1992 1623 2015 ,
1652 1972 1876 2003 vacamus
1893 1954 2085 2003 lectioni
2101 1971 2253 2019 usque
2271 1954 2334 2001 ad
2352 1969 2547 2001 nonam.

416 2038 640 2086 Ministrae
676 2048 723 2086 et
747 2038 911 2086 lectrix
951 2038 1191 2104 accipiunt
1229 2038 1448 2085 mixtum.
1492 2040 1604 2084 Post
1634 2053 1843 2096 nonam,
1886 2035 2181 2100 ingredimur
2215 2035 2550 2095 refectorium,

417 2118 609 2166 auditur
630 2119 772 2167 lectio
796 2137 907 2167 cum
933 2136 1124 2166 summo
1153 2118 1341 2166 silentio
1359 2154 1371 2176 ,
1405 2128 1452 2165 et
1476 2119 1523 2165 in
1545 2117 1723 2165 caeteris
1742 2117 1963 2165 ordinem
1983 2116 2270 2182 regularium
2290 2117 2548 2182 sequimur.

415 2199 553 2246 Dicto
582 2220 606 2244 «
632 2203 699 2247 Tu
736 2210 920 2259 autem,
961 2219 984 2244 >1
1026 2198 1336 2265 procedimus
1369 2198 1588 2246 ordinate
1638 2199 1809 2262 gratias
1853 2207 2126 2258 cantantes,
2168 2207 2215 2245 et
2260 2197 2555 2262 ingredimur

417 2281 696 2328 oratorium.
727 2281 890 2329 Finitis
929 2281 1088 2346 gratiis
1115 2281 1163 2328 in
1190 2280 1413 2340 ecclesia,
1447 2279 1745 2344 ingredimur
1769 2279 2029 2346 capitulum
2051 2316 2062 2339 ,
2091 2290 2137 2327 et
2159 2281 2454 2327 conveniunt
2477 2297 2553 2327 so·

417 2355 549 2408 rores
570 2360 699 2409 laicae
715 2399 727 2422 ,
759 2372 806 2409 et
830 2362 1087 2427 exponitur
1110 2360 1291 2426 aliquid
1315 2359 1640 2408 aedificationis
1665 2360 1713 2406 in
1738 2361 1983 2407 communi
2011 2359 2252 2407 audientia
2272 2396 2284 2420 ,
2324 2359 2555 2408 referente

417 2440 495 2488 illa
518 2442 596 2489 cui
617 2442 887 2506 injunctum
913 2442 1068 2491 fuerit.
1106 2443 1155 2490 Si
1189 2452 1379 2507 tempus
1416 2441 1728 2507 superfuerit,
1767 2441 1990 2489 sedemus
2016 2442 2064 2488 in
2088 2441 2294 2489 claustro
2319 2458 2468 2507 usque
2494 2441 2555 2488 ad

418 2538 652 2587 vesperas.
682 2525 946 2570 Cantantur
971 2539 1195 2589 vesperae.
1223 2522 1484 2570 Sciendum
1510 2532 1581 2571 est
1597 2557 1610 2582 ,
1651 2522 1764 2586 quia
1799 2522 1930 2569 nulla
1954 2522 2159 2570 chorum
2186 2509 2425 2586 egreditur
2453 2522 2554 2570 sine

417 2601 620 2651 licentia.
652 2606 764 2651 Post
790 2620 1036 2669 vesperaS,
1065 2603 1287 2651 sedemus
1314 2604 1364 2650 in
1389 2603 1597 2650 claustro
1619 2640 1631 2663 ,
1666 2602 1964 2650 meditationi
1998 2603 2276 2663 servientes,
2306 2613 2353 2651 et
2376 2604 2425 2650 in
2451 2620 2555 2651 cor-

416 2684 556 2732 dibus
580 2695 798 2745 orantes,
828 2685 1009 2750 absque
1043 2685 1210 2750 signis,
1240 2685 1430 2750 penitus
1467 2702 1579 2732 cum
1609 2701 1801 2732 summo
1833 2683 2038 2732 silentio.
2064 2687 2183 2732 Ante
2212 2684 2517 2732 collationem
2539 2722 2550 2744 ,

416 2765 627 2813 bibimus
656 2767 706 2814 in
733 2767 1001 2814 refectorio.
1029 2765 1416 2814 Hebdomadaria
1434 2765 1647 2814 donante
1663 2765 2081 2826 benedictionem,
2110 2766 2268 2813 statim
2284 2766 2556 2814 accedimus

418 2847 479 2895 ad
502 2847 807 2896 collationem
825 2885 838 2909 ‚
868 2848 998 2896 nulla
1025 2848 1290 2897 divertente
1310 2847 1500 2896 alicubi.
1527 2851 1639 2896 Post
1657 2847 1990 2908 collationem,
2013 2858 2261 2896 cantamus
2290 2848 2338 2895 in
2357 2847 2555 2896 ecclesia

419 2929 808 2995 completorium.
838 2931 979 2978 Dicto
1009 2950 1033 2977 α
1057 2931 1370 2996 Requiescant
1389 2931 1438 2978 in
1463 2947 1606 2997 pace,
1634 2950 1658 2976 »
1685 2931 1883 2978 facimus
1908 2931 2177 2978 orationem
2199 2931 2322 2977 inter
2358 2930 2549 2978 formas.

421 3008 489 3056 Ad
514 3010 703 3075 signum
728 3009 975 3058 abbatissae
998 3011 1073 3059 vel
1097 3011 1333 3076 priorissae
1355 3021 1553 3072 erectae,
1579 3011 1918 3076 consignamus
1935 3028 2051 3072 nos,
2082 3021 2128 3059 et
2153 3010 2448 3075 egredientes
2470 3028 2556 3078 per

419 3089 637 3138 ordinem
657 3128 669 3151 ,
711 3091 992 3157 incipientes
1023 3108 1050 3139 a
1076 3091 1342 3140 senioribus
1361 3129 1373 3153 ,
1412 3093 1618 3158 aspergit
1648 3109 1737 3140 nos
1771 3109 1896 3157 aqua
1930 3091 2182 3140 benedicta
2213 3091 2450 3140 abbatissa
2480 3094 2554 3140 vel

418 3171 656 3235 priorissa.
689 3172 1009 3221 Ascendentes
1033 3173 1082 3220 in
1103 3173 1466 3235 dormitorium,
1494 3174 1774 3223 divertimus
1790 3173 1852 3222 ad
1870 3173 2070 3222 lectulos
2091 3184 2310 3236 nostrOS,
2341 3186 2388 3223 et
2409 3175 2554 3223 collo·

418 3268 582 3299 camus
607 3270 698 3301 nos
720 3255 899 3302 vestitae
921 3264 969 3302 et
990 3254 1156 3302 cinctae
1174 3254 1402 3318 jacentes.

482 3336 556 3379 De
591 3332 839 3382 dominic-12⁵·
871 3334 1046 3382 diebus.
1067 3335 1328 3384 —Diebus
1364 3336 1648 3396 dominicis,
1691 3347 1917 3384 exeuntes
1944 3336 2005 3384 de
2039 3337 2247 3402 capitulo
2266 3374 2278 3397 ,
2317 3339 2555 3403 accipiunt

418 3428 591 3476 aquam
616 3412 918 3462 benedictam
945 3415 1004 3462 ab
1033 3415 1268 3464 abbatissa
1298 3416 1374 3464 vel
1399 3418 1651 3482 priorissa,
1683 3427 1726 3463 et
1757 3416 1952 3463 facimus
1975 3418 2332 3482 processionem
2353 3418 2399 3464 in
2425 3418 2551 3465 clau—

419 3502 547 3552 str0,
578 3510 672 3541 una
699 3506 918 3559 portante
944 3513 1133 3544 crucem
1152 3533 1164 3557 ,
1194 3507 1239 3544 et
1267 3497 1452 3544 duabus
1478 3514 1656 3544 cereos.
1687 3500 1798 3544 Post
1823 3507 2028 3556 sextam,
2056 3497 2311 3546 reficimus.
2349 3502 2460 3546 Post
2484 3516 2553 3544 re.-
