2970 4152
1198 421 1516 471 Erisrotffl.
1620 386 1622 390 ’
2338 416 2430 465 173

310 525 440 571 ribus
467 532 634 589 praeest
660 521 931 585 frequenter
953 520 1115 583 loqui,
1144 528 1192 565 et
1223 518 1428 565 maxime
1456 517 1495 563 si
1523 515 1668 580 aliqui
1696 515 1758 562 de
1786 514 2008 562 fratribus
2032 531 2120 580 per
2143 514 2238 560 hoc
2259 513 2434 560 laedun-

310 616 404 652 tur.
436 630 504 642 —·
534 603 828 668 Responsio:
859 600 1087 666 Apostolo
1113 599 1329 646 dicente¹
1357 616 1368 644 :
1403 617 1434 667 γα
1465 600 1527 644 Ut
1560 596 1677 660 quid
1703 597 1832 643 enim
1868 596 2060 643 libertas
2092 595 2334 659 judicatur
2373 594 2433 641 ab

314 704 338 729 a
365 685 518 732 aliena
539 682 860 730 conscientia?
884 701 907 725 »
936 685 1124 728 Bon-um
1139 690 1212 727 est
1233 679 1407 726 imitari
1431 695 1544 725 eum
1562 677 1801 723 dicentem
1814 680 1829 701 ²
1850 695 1861 723 ι
1888 678 2047 734 «Quia
2065 693 2164 722 non
2184 693 2290 723 sum
2309 676 2436 722 visus

313 785 336 810 ι(
368 775 596 830 potestate
633 780 740 810 mea
763 763 862 822 uti,
892 779 954 809 ne
978 760 1322 830 offendiculum
1346 758 1542 823 aliquod
1568 774 1802 823 ponerem
1825 757 2082 822 Evangelio
2105 757 2294 804 Christi.
2320 776 2343 800 »
2378 759 2437 802 Et

310 855 544 908 quantum
558 843 660 890 fieri
674 852 848 908 potest,
872 851 918 888 et
933 842 1089 887 rarius⁴
1101 840 1319 887 videndae
1333 849 1463 897 sunt,
1481 848 1527 884 et
1539 837 1730 884 brevius
1743 847 1814 883 est
1826 837 2160 889 sermocinatio
2176 836 2434 883 finienda.»

313 927 433 972 Hinc
469 935 516 972 et
555 924 674 971 illud
707 933 776 969 est
807 921 1087 987 hispalensis
1128 919 1316 967 concilii
1351 921 1363 965 'z
1407 938 1431 964 «
1451 922 1697 965 Consensu
1738 919 1985 965 communi
2019 918 2342 977 decrevimus,
2385 929 2438 964 ut

314 996 596 1052 monasteria
622 1004 857 1068 virginum
882 1003 931 1048 in
960 1002 1203 1066 provincia
1229 1000 1383 1047 betica
1402 999 1754 1045 monachorum
1780 999 2124 1046 ministratione
2144 999 2437 1064 acpraesidio

310 1084 649 1149 gubernentur.
673 1087 805 1130 Tunc
833 1083 960 1130 enim
982 1081 1188 1128 salubria
1211 1080 1398 1127 Christo
1419 1079 1584 1126 dicatis
1606 1079 1866 1143 virginibus
1888 1080 2218 1144 providemus,
2242 1080 2438 1143 quando

312 1166 378 1212 eis
403 1165 632 1231 spiritales
657 1164 872 1228 eligimus
894 1173 1051 1228 patres
1069 1198 1081 1222 ,
1110 1178 1319 1226 quorum
1346 1177 1447 1207 non
1472 1160 1629 1207 solum
1654 1159 1986 1224 gubernaculis
2011 1161 2162 1219 tueri,
2194 1161 2278 1207 sed
2298 1161 2440 1207 etiam

312 1245 542 1293 doctrinis
577 1244 800 1292 aedificari
831 1244 1018 1309 possint
1049 1261 1058 1289 :
1092 1243 1183 1289 hac
1208 1252 1370 1288 tamen
1395 1241 1520 1288 circa
1548 1240 1813 1287 monachos
1842 1240 2025 1287 cautela
2049 1251 2261 1301 servata,
2294 1252 2347 1288 ut
2369 1259 2440 1288 re-

313 1325 433 1372 moti
455 1325 516 1372 ab
542 1341 706 1372 earum
736 1323 1060 1389 peculiaritate
1078 1358 1090 1382 ‚
1123 1338 1213 1369 nec
1238 1338 1390 1386 usque
1414 1321 1476 1368 ad
1502 1321 1789 1368 vestibulum
1814 1320 2023 1367 habeant
2046 1321 2305 1368 accedendi
2338 1339 2441 1387 per-

314 1406 510 1452 missum
541 1404 797 1463 familiare3
830 1414 875 1451 et
907 1420 1065 1467 neque
1098 1401 1320 1448 abbatem
1357 1401 1433 1448 vel
1473 1418 1585 1447 eum
1618 1402 1701 1465 qui
1740 1400 2021 1465 praeficitur,
2050 1412 2186 1448 extra·
2205 1418 2311 1448 eam
2336 1418 2442 1466 quae

314 1496 504 1550 praeest,
526 1485 660 1549 loqui
686 1484 947 1549 virginibus
964 1483 1137 1530 Christi
1164 1481 1367 1546 aliquid,
1395 1482 1528 1546 quod
1553 1481 1614 1529 ad
1633 1482 1978 1529 institutionem
2004 1499 2194 1529 morum
2218 1484 2438 1548 pertinet,

313 1565 487 1613 licebit.
518 1569 613 1613 Nec
638 1582 749 1612 cum
773 1564 874 1611 sola
898 1581 1002 1628 quae
1027 1573 1193 1629 praeest
1218 1563 1491 1626 frequenter
1516 1579 1626 1609 eum
1651 1562 1862 1626 colloqui
1886 1572 2076 1628 oportet
2097 1599 2109 1623 ,
2143 1564 2228 1610 sed
2254 1563 2342 1610 sub
2373 1574 2443 1610 te—

313 1647 539 1695 stimonio
567 1646 770 1693 duarum
806 1655 887 1691 aut
912 1645 1057 1691 trium
1081 1660 1330 1702 sororum,
1362 1643 1427 1690 ita
1458 1653 1512 1690 ut
1535 1659 1641 1690 rara
1665 1644 1725 1690 sit
1747 1644 1954 1690 accessio
1971 1679 1994 1703 ‚-
2011 1644 2168 1692 brevis
2197 1645 2391 1692 locutio.
2418 1664 2438 1688 »

315 1725 445 1773 Absit
469 1726 597 1773 enim
627 1735 677 1772 ut
702 1743 763 1772 ne
789 1724 1053 1771 monachos
1074 1760 1085 1783 ,
1115 1723 1248 1788 quod
1277 1723 1420 1770 etiam
1450 1722 1579 1769 dictu
1609 1723 1741 1770 nefas
1768 1733 1868 1783 est,
1894 1724 2066 1771 Christi
2092 1725 2353 1788 virginibus
2379 1725 2443 1772 fa-

315 1806 518 1854 miliares
542 1822 644 1852 esse
668 1805 895 1863 velimus,
926 1803 1011 1850 sed
1032 1804 1167 1866 juxta
1190 1803 1324 1867 quod
1344 1803 1473 1866 jussa
1505 1803 1738 1867 regularia
1762 1803 1838 1851 vel
1874 1821 2118 1851 canonum
2145 1806 2409 1853 admonent
2425 1843 2436 1865 ‚

313 1886 454 1951 longe
479 1885 708 1933 discretos
733 1894 875 1948 atque
893 1883 1150 1946 sejunctos.
1173 1885 1353 1930 Eorum
1374 1892 1559 1929 tantum
1576 1883 1906 1947 gubernaculis
1925 1885 2115 1932 easdem
2136 1885 2438 1950 deputamus,

313 1966 655 2014 constituentes
674 2000 686 2024 ,
715 1974 766 2011 ut
792 1981 916 2011 unus
942 1963 1291 2010 monachorum
1311 1962 1675 2028 probatissimus
1697 1964 1924 2029 eligatur,
1947 1966 2081 2029 cujus
2107 1983 2231 2013 curae
2255 1968 2314 2014 sit
2331 1984 2445 2033 prae-

314 2047 394 2095 dia
418 2063 582 2095 earum
606 2046 845 2093 rusticana
862 2045 937 2093 vel
965 2044 1147 2092 urbana
1166 2044 1439 2104 intendere,
1459 2044 1659 2092 fabricas
1682 2055 1887 2107 struere,
1915 2047 1991 2094 vel
2010 2048 2048 2094 si
2064 2048 2181 2112 quid
2199 2048 2354 2108 aliud,
2384 2050 2445 2096 ad

316 2128 643 2176 necessitatem
671 2127 946 2173 monasterii
975 2124 1231 2191 providere
1251 2161 1263 2182 ‚
1300 2135 1352 2172 ut
1391 2125 1566 2173 Christi
1602 2126 1788 2174 famulae
1813 2143 1904 2193 pro
1934 2129 2103 2175 animae
2128 2147 2221 2177 suae
2260 2140 2446 2177 tantum

315 2203 515 2256 utilitate
539 2208 747 2254 sollicitae
767 2243 780 2268 ,
811 2206 1125 2254 solisdivinis
1147 2205 1354 2254 cultibus
1375 2207 1539 2254 vivant
1554 2243 1566 2264 ,
1594 2207 1820 2273 operibus
1847 2210 1942 2256 suis
1970 2209 2244 2257 inserviant.
2268 2212 2391 2258 Sane
2409 2211 2449 2257 is

315 2288 399 2352 qui
427 2289 488 2336 ab
513 2288 684 2336 abbate
712 2304 800 2335 suo
824 2288 1120 2353 praeponitur
1138 2324 1150 2347 ,
1171 2287 1355 2351 judicio
1382 2289 1454 2335 sui
1475 2289 1687 2354 episcopi
1710 2289 2068 2355 comprobetur.
2099 2294 2263 2339 Vestes
2287 2301 2446 2338 autem

316 2369 404 2417 illae
424 2361 592 2416 iisdem
618 2368 849 2416 coenobiis
874 2369 1074 2428 faciant,
1103 2385 1130 2415 a
1155 2368 1330 2432 quibus
1359 2369 1610 2417 tuitionem
1637 2380 1919 2435 expectant,
1959 2371 2020 2419 ab
2057 2372 2226 2420 iisdem
2251 2372 2413 2419 denuo
2430 2409 2442 2431 ,

317 2460 370 2498 ut
386 2450 667 2515 praedictum
687 2460 756 2497 est
770 2485 782 2509 ‚
805 2449 1027 2496 laborum
1043 2449 1247 2509 fructus,
1270 2459 1317 2497 et
1335 2451 1685 2516 procurationis
1717 2452 1992 2517 suffragium
2011 2464 2285 2519 recepturae.
2316 2457 2448 2500 Hanc

318 2546 406 2577 uos
425 2531 583 2594 itaque
601 2530 951 2596 providentiam
977 2540 1259 2595 sequentes,
1289 2532 1578 2578 monasteria
1603 2532 1888 2579 feminarum
1913 2535 2211 2581 monasteriis
2234 2535 2447 2581 virorum

317 2611 380 2657 ita
404 2626 592 2674 semper
625 2626 726 2656 esse
762 2608 973 2672 subjecta
1008 2609 1255 2670 volumus,
1292 2619 1346 2657 ut
1386 2626 1609 2658 sororum
1642 2628 1808 2669 curam
1832 2613 1997 2660 fratres
2031 2624 2202 2678 agant,
2242 2625 2289 2661 et
2327 2631 2449 2662 unus

317 2691 529 2754 utrisque
548 2700 777 2754 tanquam
805 2699 940 2755 pater
963 2689 1211 2754 praesideat
1227 2726 1243 2749 ,
1268 2689 1330 2737 ad
1354 2691 1491 2753 cujus
1515 2692 1867 2756 providentiam
1889 2704 2089 2759 utraque
2115 2704 2329 2760 spectent
2346 2711 2449 2742 mo-

317 2770 548 2830 nasteria,
583 2781 631 2817 et
667 2779 980 2833 utrorumque
1003 2770 1051 2816 in
1076 2770 1288 2817 Domino
1316 2771 1453 2834 quasi
1482 2788 1632 2818 unum
1660 2772 1719 2819 sit
1743 2773 1868 2820 ovile
1892 2784 1938 2821 et
1966 2791 2089 2821 unus
2121 2785 2297 2840 pastor.
2332 2777 2447 2833 Quae

317 2850 514 2914 quidem
542 2849 760 2915 spiritalis
787 2849 1089 2896 fraternitatis
1130 2850 1331 2898 societas
1366 2860 1498 2898 tanto
1533 2853 1710 2916 gratior
1733 2862 1831 2900 tam
1856 2857 1960 2902 Deo
1991 2872 2136 2920 quam
2172 2855 2448 2903 hominibus

318 2929 485 2988 fuerit,
522 2939 703 2993 quanto
731 2929 834 2993 ipsa
871 2929 1125 2994 perfectior
1161 2930 1297 2977 omni
1335 2931 1468 2977 sexui
1502 2931 1564 2978 ad
1592 2933 1954 2981 conversionem
1990 2936 2199 2982 venienti
2232 2935 2447 2983 sufficere

318 3010 495 3074 possit;
546 3019 598 3056 ut
646 3008 866 3057 videlicet
918 3009 1143 3057 monachi
1183 3011 1310 3058 viros
1329 3047 1342 3072 ‚
1386 3012 1618 3059 moniales
1655 3013 1853 3061 feminas
1888 3017 2173 3081 suscipiant,
2226 3027 2273 3064 et
2313 3018 2447 3064 omni

318 3091 487 3138 animae
517 3089 579 3138 de
609 3089 758 3136 salute
786 3105 870 3137 sua
901 3090 1128 3153 cogitanti
1155 3092 1306 3156 possit
1340 3092 1441 3158 ipsa
1478 3092 1754 3153 consulere;
1801 3104 1847 3141 et
1877 3096 2151 3160 quicunque
2187 3114 2337 3161 quum
2373 3098 2447 3144 vel

319 3180 495 3229 matre,
517 3180 599 3217 aut
623 3187 821 3230 sorore,
849 3169 923 3216 vel
954 3169 1074 3230 filia,
1113 3187 1194 3218 seu
1223 3171 1411 3237 aliqua,
1439 3173 1573 3237 cujus
1596 3190 1759 3221 curam
1786 3176 1931 3239 gerit,
1966 3178 2180 3225 converti
2209 3178 2441 3237 voluerit;

319 3251 515 3316 plenum
547 3251 614 3298 ibi
640 3251 860 3299 solatium
903 3252 1109 3317 reperire
1148 3254 1327 3318 possit;
1371 3264 1418 3302 et
1456 3265 1590 3302 tanto
1630 3256 1822 3319 majoris
1852 3257 2093 3306 charitatis
2134 3260 2320 3307 affectui
2355 3260 2442 3308 sibi

319 3343 519 3397 utraque
544 3333 831 3381 monasteria
858 3333 953 3379 sint
976 3349 1192 3381 connexa
1207 3370 1219 3394 ,
1253 3344 1301 3383 et
1332 3352 1423 3400 pro
1461 3352 1510 3382 se
1546 3336 1750 3383 invicem
1778 3337 1975 3386 sollicita
1990 3376 2002 3400 ,
2040 3351 2221 3404 quanto
2247 3357 2351 3405 quae
2376 3341 2450 3388 ibi,
2476 3351 2479 3355 “

364 3522 375 3539 “
403 3522 546 3556 Corinth.
569 3523 602 3563 I,
622 3533 696 3567 cap.
717 3534 739 3556 x
755 3548 762 3559 .
784 3533 814 3556 v.
834 3523 887 3555 29.
903 3540 946 3548 -
964 3523 977 3540 “
1000 3523 1144 3558 Corinth.
1160 3524 1198 3564 Ι,
1214 3535 1289 3570 cap.
1305 3536 1358 3566 ix,
1375 3535 1405 3558 v.
1424 3527 1476 3558 122
