2970 4152
959 389 1039 438 DE
1072 387 1297 437 SANCTO
1331 387 1525 435 PETRO
1559 385 1775 435 SERMO.
2339 390 2432 438 509

311 502 502 552 quoque
523 485 687 532 civitas
714 501 771 532 ex
800 483 874 531 his
903 482 1093 531 duobus
1115 483 1274 547 gratiae
1295 481 1435 529 donis
1457 481 1594 546 quasi
1617 481 1911 545 geminatum
1932 481 2167 547 acciperet
2188 483 2425 548 spiritum,

311 568 431 615 sicut
453 576 499 613 et
520 565 581 612 de
602 565 696 612 hoc
718 565 884 612 Elisaeo
906 574 1074 612 nostro
1097 562 1277 629 praefati
1304 579 1485 609 sumus.
1523 562 1662 609 Unde
1690 561 1869 609 factum
1898 572 1968 609 est
1982 599 1993 621 ,
2018 572 2071 609 ut
2091 562 2193 610 haec
2215 564 2379 612 civitas
2402 583 2429 613 a

311 646 502 694 duobus
523 645 746 693 fratribus
767 648 917 692 Remo
938 643 1164 692 videlicet*
1182 653 1229 691 et
1250 642 1456 690 Romulo
1478 642 1609 707 prius
1630 641 1876 701 aedificata,
1901 642 2053 690 multo
2076 643 2255 692 felicius
2277 661 2305 692 a
2326 663 2428 694 ma-
2510 660 2513 664 ·

306 727 492 792 joribus
519 726 742 774 fratribus
770 730 911 774 Petro
940 735 988 773 et
1016 725 1164 773 Paulo
1190 725 1251 772 sit
1277 722 1590 790 postmodum
1611 722 1660 769 in
1683 722 1871 770 Christo
1894 722 2108 771 fundata.
2133 726 2216 772 His
2238 725 2428 775 duobus

311 817 413 854 tota
446 805 699 854 distributa
735 815 805 853 est
841 805 993 870 gratia
1024 820 1129 870 quae
1163 803 1225 851 ad
1252 803 1399 850 totius
1426 801 1595 849 mundi
1622 801 1973 849 confessionem
1994 802 2253 864 sufficeret,
2280 822 2430 870 quum

314 891 478 935 Petrus
508 888 558 934 in
588 886 850 945 miraculis,
888 884 1060 934 Paulus
1093 885 1325 933 emineret
1352 885 1402 931 in
1423 882 1600 931 verbis.
1632 882 1988 945 Quaehvidelicet
2009 882 2107 930 duo
2129 885 2229 950 ipse
2260 887 2431 934 Paulus

311 968 624 1032 distinguens,
646 967 733 1014 ait¹
751 984 761 1012 :
784 985 807 1011 «
828 965 977 1013 Judaei
997 966 1133 1030 signa
1153 975 1339 1031 petunt,
1356 974 1403 1013 et
1423 964 1575 1012 Graeci
1596 963 1877 1029 sapientiam
1898 975 2131 1028 quaerunt.
2151 984 2175 1010 »
2202 969 2269 1013 Ne
2288 984 2433 1031 quem

312 1047 435 1095 forte
457 1058 665 1106 moveat,
691 1045 824 1111 quod
847 1063 903 1093 ex
924 1046 1173 1111 privilegio
1196 1043 1346 1092 divini
1374 1044 1576 1102 amoris,
1601 1046 1810 1091 Joannes
1839 1047 1979 1092 Petro
2006 1044 2215 1111 praeferri
2238 1046 2434 1094 videba-

313 1139 390 1177 tur
410 1131 460 1176 in
482 1129 686 1188 meritis,
711 1145 862 1193 quum
883 1128 971 1175 iste
991 1127 1098 1192 plus
1120 1143 1149 1174 a
1170 1127 1381 1173 Domino
1400 1125 1691 1189 diligeretur,
1711 1124 1832 1172 sicut
1848 1125 1926 1172 ille
1949 1125 2150 1192 amplius
2171 1129 2435 1176 Dominum

312 1209 507 1274 diligere
527 1209 759 1267 creditur,
785 1216 1034 1271 agnoscat,
1059 1204 1326 1253 secundum
1351 1204 1548 1252 beatum
1570 1204 1906 1267 Augustinum,
1931 1205 2026 1254 hoc
2047 1224 2350 1273 nequaquam
2375 1210 2436 1257 de

313 1291 530 1356 personis
550 1290 663 1354 ipsis
684 1305 786 1336 esse
807 1286 1140 1352 accipiendum
1153 1324 1164 1345 ,
1189 1285 1274 1333 sed
1296 1285 1358 1333 de
1380 1285 1568 1333 duabus
1588 1285 1764 1332 vitibus
1786 1302 1874 1351 per
1894 1303 1976 1335 eos
1998 1288 2269 1353 significatis
2293 1290 2433 1338 intel-

312 1370 575 1435 ligendum.
598 1372 695 1417 Nec
714 1368 845 1416 enim
865 1367 1054 1415 dubitat
1075 1383 1209 1426 eum,
1231 1364 1315 1431 qui
1335 1366 1443 1431 plus
1466 1365 1617 1429 diligit
1639 1363 1903 1426 Christum,
1928 1383 2030 1415 esse
2051 1368 2322 1429 meliorem,
2348 1387 2436 1418 nec

314 1466 425 1497 eum
452 1449 535 1514 qui
556 1448 662 1515 plus
683 1464 712 1497 a
733 1447 922 1496 Christo
943 1446 1171 1511 diligitur,
1196 1445 1477 1494 beatiorem.
1512 1443 1656 1502 Quod
1677 1444 1717 1492 si
1738 1445 1815 1492 cui
1842 1445 1964 1494 forte
1991 1446 2238 1514 displiceat
2260 1467 2349 1497 nos
2376 1450 2436 1498 ad

314 1531 592 1596 mysterium
618 1529 697 1577 hic
725 1529 989 1588 declinare,
1020 1543 1110 1576 nec
1137 1528 1188 1575 in
1216 1526 1329 1593 ipsis
1355 1525 1574 1592 personis
1595 1525 1845 1573 veritatem
1865 1525 2073 1577 historiae
2094 1529 2367 1590 dissentire,
2401 1533 2440 1579 si

314 1614 364 1660 in
387 1629 446 1660 eo
461 1649 473 1671 ,
504 1622 557 1659 ut
578 1611 834 1676 opinamur
848 1647 860 1669 ,
885 1612 1093 1657 Joannes
1113 1607 1264 1673 magis
1285 1624 1313 1656 a
1334 1607 1524 1655 Christo
1547 1605 1679 1671 diligi
1706 1605 1915 1667 dicatur,
1940 1609 2073 1674 quod
2096 1610 2309 1661 Christus
2331 1629 2434 1659 ma·

309 1691 468 1755 jorem
495 1691 539 1738 ei
566 1690 847 1738 charitatem
866 1688 943 1736 vel
971 1687 1337 1736 familiaritatem
1366 1685 1624 1734 exhibebat
1655 1685 1705 1734 in
1735 1702 1904 1752 opere,
1940 1697 2044 1736 tum
2077 1706 2167 1755 pro
2201 1690 2435 1739 munditia

314 1770 496 1829 carnis,
533 1785 628 1834 qua
662 1768 740 1816 ille
773 1778 1004 1833 tanquam
1024 1768 1160 1832 virgo
1187 1765 1524 1834 praeminebat,
1550 1775 1654 1813 tum
1676 1766 1821 1814 etiam
1842 1766 1954 1832 quia
1973 1784 2063 1833 pro
2080 1770 2279 1833 juvenili
2300 1781 2435 1820 aetate

316 1851 547 1915 majorem
583 1850 711 1898 circa
743 1865 854 1897 eum
893 1848 1206 1916 providentiae
1238 1864 1404 1896 curam
1439 1846 1665 1895 habebat.
1707 1846 1816 1895 Plus
1855 1847 1997 1912 igitur
2028 1850 2186 1916 ipsum
2222 1852 2436 1902 Christus

316 1947 475 1979 amare
497 1930 671 1978 dicitur
691 1946 778 1995 per
800 1930 1023 1977 effectum
1045 1929 1228 1996 operis,
1252 1933 1353 1976 non
1381 1944 1469 1994 per
1489 1927 1714 1976 affectum
1735 1926 2022 1978 dilectionis.
2054 1930 2239 1980 Habeat
2277 1933 2436 1998 itaque

316 2013 524 2059 Joannes
544 2010 676 2058 hunc
698 2010 968 2058 dilectionis
989 2010 1238 2058 effectum¹
1256 2025 1284 2058 a
1304 2009 1515 2057 Domino
1538 2018 1768 2073 tanquam
1789 2009 1948 2074 virgo,
1970 2010 2036 2059 ita
2053 2020 2213 2059 tamen
2238 2024 2290 2061 ut
2312 2030 2436 2062 mar-

315 2091 430 2155 tyri,
455 2102 502 2139 et
523 2108 609 2158 per
629 2092 853 2140 affectum
875 2092 1052 2139 amoris
1073 2090 1260 2140 meliori
1281 2107 1382 2139 non
1403 2089 1616 2138 invideat
1645 2092 1802 2138 Petro.
1831 2091 2029 2157 Utrique
2050 2102 2210 2142 autem
2232 2096 2327 2143 suis
2350 2114 2439 2145 nos

317 2171 500 2234 magnis
533 2171 712 2221 meritis
748 2171 812 2220 ita
843 2171 1013 2236 juvent
1046 2170 1176 2239 apud
1208 2170 1496 2229 Dominum,
1527 2178 1581 2218 ut
1608 2167 1670 2218 ad
1699 2185 1868 2218 eorum
1900 2171 2169 2236 pertingere
2197 2174 2439 2223 valeamus

317 2261 630 2301 consortium.

1268 2451 1495 2466 ——n

751 2650 830 2710 IN
872 2648 1392 2712 CONVERSIONE
1441 2651 1702 2712 SANCTI
1751 2653 2003 2713 PAULI,

1212 2808 1364 2841 SERMO
1395 2808 1508 2841 XXIV
1516 2827 1527 2840 .

385 2956 609 3023 Praecipui
632 2958 844 3022 gentium
865 2957 1077 3006 doctoris
1098 2959 1350 3006 conversio
1372 2968 1508 3006 tanto
1530 2958 1749 3007 devotius
1771 2975 1800 3007 a
1820 2961 2063 3008 conversis
2084 2977 2171 3026 per
2194 2977 2305 3009 eum
2328 2979 2439 3026 gen-

317 3039 443 3087 tibus
465 3048 536 3086 est
556 3037 866 3098 celebranda,
891 3048 1073 3103 quanto
1094 3038 1219 3105 ipsas
1247 3040 1338 3104 ipsi
1359 3039 1561 3105 amplius
1584 3056 1686 3087 esse
1707 3050 1895 3088 constat
1916 3040 2165 3089 obnoxias.
2197 3042 2309 3090 Sola
2337 3043 2436 3106 ejus

317 3119 586 3179 conversio,
611 3136 696 3185 per
717 3135 862 3184 quam
884 3119 1132 3167 universus
1153 3136 1413 3169 conversus
1435 3131 1506 3168 est
1527 3121 1754 3180 mundus,
1780 3120 1854 3168 vel
1877 3121 2147 3186 diligentius
2170 3121 2230 3170 de
2252 3122 2347 3170 fide
2370 3123 2438 3170 in-

318 3209 544 3259 structus,
570 3215 625 3247 ac
646 3198 898 3265 perfectius
919 3198 1141 3260 edoctus,
1167 3198 1518 3249 solemnitatem
1541 3202 1590 3248 in
1614 3200 1821 3249 Ecclesia
1842 3202 2015 3248 meruit
2037 3201 2273 3250 obtinere.
2301 3203 2438 3251 Solus

319 3281 442 3328 inter
474 3279 718 3346 apostolos
750 3280 851 3345 ipse
887 3289 982 3340 est,
1012 3280 1096 3345 qui
1123 3279 1415 3347 propheticis
1446 3282 1694 3347 praeconiis
1717 3280 1833 3328 olim
1856 3281 2040 3332 mundo
2063 3283 2326 3348 promissus
2349 3293 2436 3343 est,

365 3474 374 3491 ¹
402 3474 543 3507 Corinth.
561 3474 597 3513 1,
613 3483 684 3517 cap.
706 3484 736 3514 ι,
752 3484 783 3506 v.
800 3474 905 3506 22.-
919 3472 931 3490 ⁸
951 3473 1089 3514 Esseceio
1104 3472 1197 3506 Amb.
