2970 4152
544 367 638 415 356
807 383 815 391 ·
1344 374 1512 421 PETRl
1550 376 1863 423 ABAELARDI

544 461 674 525 quod
700 462 869 510 divinae
891 467 1046 529 gratiae
1071 466 1253 513 donum
1271 503 1283 527 ,
1307 468 1392 515 sed
1424 469 1472 515 in
1497 470 1692 517 Mariam
1718 470 2015 534 supervenit,
2045 485 2195 533 quum
2225 470 2269 517 ei
2296 471 2590 536 superiorem
2618 482 2665 520 et

545 542 925 590 excellentiorem
948 546 1172 594 omnibus
1189 548 1387 611 gratiam
1406 549 1675 597 contulerit.
1703 550 1831 609 Quid
1849 559 2009 597 autem
2029 550 2227 615 Spiritus
2246 551 2359 611 Dei,
2381 552 2472 598 nisi
2495 551 2665 600 divinae

544 621 763 670 bonitatis
789 642 926 672 amor
947 643 1029 673 seu
1049 626 1235 675 donum
1257 629 1546 694 intelligitur,
1575 633 1726 695 quur'n
1752 630 1931 695 aliquid
1952 630 2090 677 nobis
2116 646 2260 695 supra
2284 632 2450 678 merita
2476 633 2667 679 confer-

546 704 651 749 tur?
686 708 845 762 Quum
874 724 985 771 ergo
1016 711 1294 773 mysterium
1312 711 1406 759 hoc
1434 712 1778 759 Incarnationis
1803 722 1959 758 totum
1977 728 2063 777 per
2095 712 2425 776 operationem
2442 711 2666 761 bonitatis

545 783 711 832 <livinae
735 788 881 850 magis
905 805 1049 852 quam
1080 807 1167 855 per
1190 791 1379 839 solitam
1396 793 1743 840 institutionem
1761 802 1940 839 naturae
1963 792 2101 839 fuerit
2126 803 2339 856 gestum,
2369 802 2494 840 recte
2520 794 2664 858 Spiri-
2708 804 2711 806 ’

546 865 609 910 tui
646 876 809 913 sancto
848 878 918 915 est
949 871 1222 936 ascriptum.
1267 892 1290 917 «
1320 875 1376 919 Et
1411 874 1558 920 virtus
1590 873 1813 919 Altissimi
1849 871 2156 919 obumbrabit
2187 871 2287 919 tibi.
2325 891 2348 916 υ
2380 873 2542 920 Virtus
2577 875 2666 920 Dei

543 946 685 1006 filius,
714 948 808 996 hoc
840 961 910 997 est
941 963 1175 1001 coaeterna
1197 954 1297 1018 ejus
1329 956 1556 1020 sapientia
1579 954 1869 1019 intelligitur,
1897 955 2030 1018 juxta
2060 954 2178 1001 illud
2208 954 2442 1019 Apostoli1
2471 973 2481 1001 ε
2518 974 2540 999 α
2570 957 2666 1002 Nos

542 1038 699 1075 autem
727 1031 1040 1095 praedicamus
1073 1034 1312 1083 Christum
1339 1036 1426 1083 Dei
1445 1036 1670 1082 virtutem
1692 1045 1738 1082 et
1755 1036 1843 1082 Dei
1870 1035 2166 1101 sapientiam.
2197 1054 2219 1079 »
2242 1035 2371 1082 Sicut
2392 1035 2521 1082 enim
2538 1038 2667 1082 Deus

542 1110 702 1157 omnia
735 1111 784 1158 in
819 1113 1048 1178 sapientia
1072 1132 1157 1162 sua
1187 1116 1320 1176 fecit,
1355 1118 1421 1163 sic
1452 1127 1498 1163 et
1526 1133 1612 1181 per
1643 1116 1794 1181 ipsam
1824 1115 2010 1181 perdita
2040 1116 2347 1175 restauravit,
2377 1115 2437 1162 ab
2465 1115 2585 1175 hoc,
2616 1125 2667 1163 ut

543 1206 684 1254 supra
702 1194 1030 1256 meminimus,
1048 1207 1220 1244 nostrae
1239 1197 1583 1262 redemptionis
1608 1197 1805 1245 exordio
1831 1198 2225 1244 restaurationem
2250 1197 2386 1244 istam
2412 1197 2660 1245 inchoans.

540 1272 698 1319 Virtus
728 1274 887 1339 itaque
907 1277 995 1324 Dei
1019 1276 1143 1324 filius
1168 1277 1356 1338 dicitur,
1392 1279 1474 1343 qui
1492 1278 1742 1326 brachium
1762 1278 1862 1342 ejus
1888 1295 1969 1325 seu
1997 1277 2250 1338 fortitudo,
2282 1277 2345 1324 ad
2369 1278 2532 1324 omnia
2562 1293 2667 1342 quae

541 1352 824 1418 disposuerit
857 1358 1127 1422 peragenda
1160 1358 1412 1406 sufficiens.
1450 1362 1558 1406 Haec
1589 1361 1737 1406 virtus
1776 1358 2080 1406 obumbravit
2113 1359 2320 1423 Virgini,
2350 1358 2466 1405 dum
2490 1359 2539 1405 in
2564 1358 2666 1423 ipsa
2738 1350 2741 1353 ¹

539 1449 633 1480 suae
672 1434 927 1483 divinitatis
964 1438 1195 1502 fulgorem
1231 1438 1463 1486 velamine
1487 1440 1641 1486 carnis
1679 1441 1891 1504 operuit,
1920 1450 1968 1487 et
2001 1440 2066 1486 sic
2098 1439 2159 1486 ad
2184 1456 2285 1486 nos*
2304 1439 2439 1503 quasi
2472 1438 2665 1487 calciata

541 1513 757 1561 divinitas
793 1518 1047 1581 processit;
1077 1529 1128 1564 ut
1163 1519 1210 1564 in
1237 1529 1400 1566 nostra
1424 1523 1551 1566 Deus
1588 1519 1779 1567 visibilis
1809 1530 2058 1584 appareret
2085 1530 2276 1579 natura,
2306 1520 2388 1583 qui
2419 1530 2667 1585 permanet

542 1594 781 1642 invisibilis
812 1596 860 1642 in
895 1614 995 1644 sua.
1038 1602 1146 1646 Haec
1177 1610 1335 1647 autem
1369 1599 1538 1646 divinae
1567 1600 1821 1663 majestatis
1846 1599 2152 1646 obumbratio
2179 1600 2229 1646 in
2260 1599 2342 1647 illo
2372 1599 2668 1664 praefigurata

540 1687 607 1722 est
628 1677 828 1738 electro,
852 1680 986 1743 cujus
1012 1683 1218 1746 speciem
1238 1682 1298 1729 de
1318 1682 1477 1729 medio
1495 1682 1614 1746 ignis
1633 1682 1870 1747 propheta
1893 1681 2109 1729 Ezechiel
2135 1681 2397 1746 conspexit.
2427 1681 2667 1728 Electrum

539 1758 715 1823 quippe
745 1771 813 1807 est
838 1762 1082 1809 metallum
1101 1780 1158 1810 ex
1183 1780 1300 1810 auro
1326 1763 1466 1810 simul
1491 1774 1536 1810 et
1555 1774 1751 1828 argento
1774 1762 2104 1810 commixtum.
2135 1765 2186 1809 In
2209 1779 2303 1827 qua
2331 1762 2524 1826 quidem
2545 1763 2666 1809 mix-

540 1848 641 1885 tura
666 1851 913 1904 argentum
932 1843 994 1890 ad
1011 1843 1272 1891 claritatem
1297 1844 1509 1910 proficit,
1533 1861 1702 1891 aurum
1722 1861 1836 1892 vero
1856 1861 1884 1891 a
1903 1860 1990 1890 suo
2009 1853 2301 1908 temperatur
2317 1843 2514 1907 fulgore.
2537 1842 2668 1889 Elec-

539 1931 663 1967 trum
680 1922 821 1986 igitur
836 1925 962 1972 istud
979 1927 1079 1992 ipse
1096 1926 1371 1991 intelligitur
1390 1927 1628 1986 Christus,
1652 1927 1700 1972 in
1727 1926 1861 1989 cujus
1889 1942 1982 1972 una
2005 1941 2210 1989 persona
2228 1924 2485 1971 divinitatis
2510 1933 2557 1970 et
2579 1923 2668 1971 hu—

540 2001 775 2050 manitatis
797 2005 902 2053 duae
929 2017 1110 2055 naturae
1127 2008 1189 2054 ita
1208 2007 1296 2054 sibi
1321 2008 1381 2054 ad
1402 2008 1604 2055 invicem
1623 2017 1734 2053 sunt
1754 2007 1922 2066 unitae,
1952 2016 2005 2052 ut
2029 2005 2223 2052 inferior
2239 2014 2408 2051 natura
2426 2040 2437 2063 ,
2459 2020 2564 2068 quae
2582 2021 2668 2068 per

536 2094 784 2146 argentum
811 2087 1106 2150 exprimitur,
1140 2104 1240 2134 sese
1270 2087 1502 2135 visibilem
1527 2086 1758 2151 praebeat,
1792 2096 1838 2133 et
1857 2085 2027 2133 divinae
2051 2084 2306 2148 majestatis
2324 2083 2553 2149 splendor
2568 2100 2667 2131 car-

537 2164 608 2209 nis
642 2164 877 2213 velamine
911 2159 1249 2227 obumbratus,
1285 2154 1377 2233 qui*
1403 2185 1489 2233 per
1520 2183 1691 2215 aurum
1732 2165 1977 2231 figuratur,
2013 2163 2257 2211 invisibilis
2292 2163 2524 2228 persistat.
2564 2166 2667 2209 Hoc

539 2244 766 2293 electrum
790 2248 838 2294 in
863 2248 993 2312 igne,
1022 2252 1150 2296 Deus
1174 2249 1324 2296 homo
1349 2260 1419 2296 est
1440 2251 1488 2296 in
1512 2250 1747 2315 passione.

606 2345 629 2370 «
659 2327 870 2392 Ideoque
895 2339 942 2375 et
961 2329 1093 2393 quod
1117 2340 1338 2377 nascetur
1360 2347 1416 2377 ex
1431 2340 1478 2377 te
1498 2340 1737 2388 sanctum,
1766 2328 2015 2376 vocabitur
2033 2327 2157 2374 filius
2183 2328 2287 2374 Dei.
2316 2345 2338 2369 »
2362 2329 2426 2373 Ac
2445 2327 2484 2372 si
2505 2335 2667 2391 aperte

540 2404 664 2452 dicat
693 2425 702 2451 :
737 2410 798 2453 Ac
822 2425 909 2472 per
934 2408 1058 2456 hanc
1088 2410 1319 2457 unionem
1345 2410 1485 2456 Verbi
1517 2410 1604 2456 Dei
1629 2408 1690 2455 ad
1714 2408 1962 2454 hominem
1989 2406 2105 2454 vitae'
2126 2407 2320 2465 factam,
2357 2423 2457 2452 non
2487 2404 2665 2451 solum-

539 2486 687 2533 modo
724 2489 880 2552 ipsum
918 2489 1124 2536 Verbum
1155 2489 1278 2552 filius
1312 2490 1400 2537 Dei
1430 2490 1637 2548 dicetur,
1671 2488 1984 2535 verumetiam
2020 2488 2119 2551 ipse
2153 2487 2304 2533 homo
2339 2502 2367 2532 a
2405 2484 2560 2532 Verbo
2597 2501 2667 2532 as-

539 2578 755 2633 sumptus
779 2568 902 2617 filius
935 2572 1024 2618 Dei
1053 2570 1316 2618 vocabitur.
1351 2574 1408 2618 Et
1432 2570 1652 2629 attende,
1689 2569 1822 2634 quod
1847 2569 1939 2628 ait,
1974 2589 1996 2613 «
2028 2569 2299 2627 vocabitur,
2331 2587 2355 2612 »
2383 2567 2444 2614 de
2472 2566 2668 2613 homine

539 2649 719 2712 potius,
756 2667 902 2714 quam
933 2651 993 2698 de
1023 2652 1201 2712 Verbo,
1235 2653 1313 2699 cui
1344 2652 1573 2717 competit
1600 2667 1717 2698 esse.
1750 2649 1894 2708 Quod
1926 2649 2176 2713 diligenter
2207 2647 2492 2711 evangelista
2515 2646 2669 2694 consi-

540 2729 761 2790 derabat,
803 2749 951 2796 quum
988 2732 1185 2781 diceret²
1212 2752 1221 2780 ε
1254 2754 1276 2778 «
1309 2736 1362 2780 In
1398 2733 1632 2798 principio
1662 2741 1763 2779 erat
1790 2730 2020 2778 Verbum.
2058 2749 2083 2775 »
2110 2720 2216 2776 Non
2244 2729 2371 2775 enim
2394 2727 2543 2773 dixit:
2571 2729 2666 2773 Vo-

540 2811 735 2859 cabatur
768 2813 1007 2873 Verbum,
1048 2814 1131 2861 sed
1161 2833 1170 2860 :
1210 2835 1231 2859 «
1265 2817 1390 2861 Erat.
1429 2832 1452 2857 »
1481 2816 1593 2859 Esse
1624 2829 1831 2876 namque
1865 2811 2116 2877 proprium
2151 2820 2220 2857 est
2259 2807 2669 2877 incommutabili-

539 2893 644 2938 tatis
683 2893 851 2940 divinae
871 2929 883 2952 ,
930 2894 1047 2940 sicut
1086 2894 1187 2958 ipse
1221 2894 1283 2940 ad
1320 2896 1519 2940 Molsem
1546 2892 1814 2956 loquitur³z
1849 2911 1872 2935 «
1906 2894 2013 2938 Haec
2042 2890 2170 2937 dices
2204 2889 2310 2935 filiis
2336 2887 2507 2938 lsrael:
2534 2888 2668 2945 «Qui

545 2992 568 3016 «
588 2984 681 3033 est,
716 2975 841 3028 misit
872 2992 949 3022 me
978 2974 1039 3021 ad
1072 2992 1212 3021 vos.»
1241 2975 1336 3032 Qui
1363 2984 1458 3032 est,
1490 2973 1670 3037 inquit,
1698 2972 1793 3019 hoc
1824 2982 1918 3031 est,
1959 2972 2042 3035 qui
2074 2967 2527 3035 incommutabiliter
2553 2983 2668 3014 con-

543 3054 661 3099 sistit
684 3072 693 3099 :
715 3054 826 3118 quia
851 3071 1155 3119 nequaquam
1178 3071 1347 3101 verum
1370 3053 1516 3100 habet
1540 3069 1666 3112 esse,
1690 3053 1780 3100 nisi
1797 3051 1930 3116 quod
1947 3062 2017 3099 est
2032 3043 2438 3098 incommutabile.
2460 3047 2668 3094 Ubicun—

546 3150 638 3196 que
656 3135 857 3181 mutatio
885 3134 961 3195 fit,
991 3152 1092 3182 esse
1120 3135 1295 3200 pariter
1322 3145 1368 3181 et
1396 3150 1495 3181 non
1515 3150 1616 3180 esse
1632 3143 1940 3180 concurrunt.
1964 3132 2035 3179 Illi
2054 3147 2167 3195 ergo
2190 3130 2440 3195 proprium
2455 3137 2526 3175 est
2539 3143 2663 3188 esse,

545 3215 626 3278 qui
651 3215 839 3278 penitus
859 3216 1043 3279 ignorat
1067 3233 1167 3263 non
1194 3232 1312 3263 esse.
1336 3214 1475 3262 Unde
1500 3214 1623 3262 bene
1642 3214 1823 3261 dictum
1849 3215 1937 3261 est⁴
1961 3231 1970 3259 :
2007 3233 2030 3258 «
2059 3214 2170 3259 Erat
2186 3209 2425 3269 Verbum,
2456 3227 2480 3252 »
2509 3208 2668 3273 potius

545 3311 689 3358 quam
711 3295 985 3343 vocabatur.
1008 3298 1204 3345 Vocatio
1230 3297 1408 3362 quippe
1425 3312 1524 3343 non
1552 3305 1622 3342 est
1638 3294 1931 3354 aeternitatis,
1954 3292 2038 3341 sed
2059 3291 2310 3356 temporis;
2332 3305 2421 3336 nec
2446 3287 2508 3335 ad
2526 3299 2666 3336 natu-

590 3478 599 3496 ¹
628 3480 770 3514 Corinth.
786 3481 821 3520 Ι,
840 3491 913 3524 cap.
933 3492 961 3522 1,
977 3492 1008 3514 v.
1027 3482 1082 3516 23.
1098 3500 1140 3506 -
1156 3481 1168 3499 ¹
1186 3483 1298 3523 Joan.‚
1315 3492 1388 3526 cap.
1406 3494 1437 3523 1,
1454 3492 1486 3514 v.
1511 3484 1541 3514 l.
1555 3498 1595 3504 —
1611 3480 1624 3498 ³
1639 3481 1763 3519 Exoct„
1779 3489 1852 3523 cap.
1869 3490 1922 3519 m,
1938 3491 1968 3513 v.
1993 3478 2041 3511 14.
2061 3495 2105 3503 —
2121 3476 2135 3494 ⁴
2148 3477 2259 3516 Joan„
2280 3485 2354 3518 cap.
2375 3485 2405 3514 ι,
2424 3484 2455 3507 v.
2474 3476 2504 3506 1.
