2970 4152
1161 412 1490 461 SERMONES.
2321 410 2416 456 473

960 689 1037 746 IN
1087 687 1214 744 DIE
1259 684 1766 747 ASCENSIONIS.

1226 871 1374 902 SERMO
1408 872 1470 901 XV
1478 890 1488 901 .

364 984 664 1031 Ascensionis
698 984 951 1031 dominicae
998 984 1165 1031 festiva
1205 983 1480 1047 jucunditas
1493 1020 1504 1042 ,
1552 981 1786 1046 ,quaedam
1822 991 1893 1028 est
1932 981 1993 1027 ab
2021 981 2198 1045 angelis
2234 981 2421 1029 Christo

300 1063 615 1129 triumphanti
635 1080 817 1129 pompa
837 1063 1095 1111 victorialis
1118 1064 1344 1111 exhibita.
1372 1067 1477 1129 Ipse
1500 1054 1680 1127 quippe
1702 1079 1783 1108 rex
1804 1061 2059 1108 hominum
2084 1062 2259 1126 pariter
2281 1072 2423 1126 atque

300 1144 597 1208 angelorum,
614 1144 812 1195 alteram
830 1144 892 1191 ab
910 1143 1213 1203 hominibus,
1240 1144 1438 1192 alteram
1460 1143 1521 1191 ab
1546 1141 1724 1206 angelis
1745 1141 2022 1205 hujusmodi
2043 1142 2418 1201 venerationem,

299 1225 421 1272 sicut
436 1226 619 1289 justum
641 1226 816 1285 fuerat,
841 1226 1063 1289 suscepit.
1090 1229 1144 1272 In
1169 1226 1327 1272 Ramis
1350 1226 1529 1290 quippe
1551 1223 1821 1271 Palmarum
1843 1222 2189 1287 Jerosolymam
2204 1223 2419 1282 veniens,

300 1306 532 1370 imperiali
554 1322 706 1365 more,
732 1322 761 1354 a
782 1305 933 1353 turbis
955 1322 1067 1352 cum
1088 1305 1311 1352 laudibus
1333 1315 1404 1352 est
1425 1315 1690 1370 susceptus,
1710 1314 1941 1368 tanquam
1959 1320 2041 1350 rex
2056 1303 2198 1350 Israel
2215 1313 2262 1350 et
2276 1303 2424 1350 haeres

300 1384 528 1432 davidicae
540 1386 697 1451 stirpis
710 1386 771 1434 ab
784 1386 850 1433 eis
863 1385 1090 1433 salutatus
1104 1401 1158 1432 30
1170 1385 1468 1432 benedictus.
1481 1385 1624 1448 Cujus
1638 1383 1825 1442 humili,
1849 1383 1926 1430 cui
1942 1382 2198 1442 insidebat,
2205 1383 2423 1447 jumento

299 1463 557 1512 devotione
579 1466 746 1531 populi
768 1483 868 1513 non
891 1465 1048 1513 solum
1071 1482 1230 1513 ramos
1252 1465 1509 1524 arborum,
1529 1465 1614 1512 sed
1631 1465 1775 1512 etiam
1798 1465 1993 1529 propria
2014 1465 2293 1511 vestimenta
2318 1464 2426 1511 sub·
2484 1516 2486 1518 ,

299 1555 568 1606 sternente,
600 1546 780 1611 aliquid
807 1563 951 1612 supra
978 1546 1378 1594 consuetudinem
1406 1556 1708 1594 terrenorum
1735 1562 1901 1609 regum
1930 1545 2031 1592 haec
2059 1545 2158 1609 ejus
2180 1546 2423 1592 veneratio

300 1625 484 1675 habuit.
510 1627 628 1674 Inde
650 1627 712 1675 ad
735 1627 969 1692 templum
991 1637 1223 1691 tanquam
1251 1626 1313 1675 ad
1341 1627 1594 1692 proprium
1622 1625 1853 1692 palatium
1882 1625 2071 1691 populis
2093 1625 2257 1673 laudes
2280 1625 2427 1673 accla-

300 1706 543 1754 mantibus
559 1707 811 1767 deductus,
834 1707 1132 1772 sacrilegium
1154 1708 1508 1771 negotiatorum
1532 1706 1646 1753 inde
1668 1716 1890 1771 potenter
1912 1706 2173 1771 expellens,
2196 1716 2426 1770 tanquam

300 1786 428 1849 regia
445 1803 557 1834 usus
572 1797 807 1852 potestate
823 1787 981 1852 ipsum
997 1787 1219 1853 expiavit,
1242 1797 1290 1834 et
1307 1787 1470 1834 divina
1492 1787 1665 1834 virtute
1688 1802 1836 1833 caecos
1859 1785 1953 1832 illic
1970 1785 2261 1845 illuminans,
2287 1787 2427 1833 mira-

300 1864 519 1914 culorum
541 1866 784 1915 beneficiis
807 1866 1011 1915 domum
1032 1885 1169 1916 suam
1181 1869 1495 1916 consecravit.
1519 1868 1650 1915 Sicut
1668 1878 1829 1915 autem
1844 1867 1911 1914 ibi
1928 1877 2043 1914 tunc
2065 1867 2127 1914 ab
2149 1867 2426 1914 hominibus
2493 1874 2507 1888 ⁶

301 1960 435 1992 more
458 1946 758 2012 triumphalis
773 1965 963 2014 pompae
975 1986 986 2008 ,
1008 1958 1061 1996 ut
1079 1948 1308 2008 diximus,
1331 1959 1402 2013 est
1419 1947 1713 2006 honoratus;
1735 1948 1801 1994 ita
1818 1947 2053 1995 hodierna
2072 1947 2149 1994 die
2166 1946 2428 1995 ascendens

301 2025 351 2071 in
374 2025 548 2073 coelum
563 2064 574 2085 ,
601 2027 661 2074 ab
685 2028 862 2092 angelis
884 2029 928 2076 ei
950 2014 1323 2077 occurrentibus·
1335 2039 1406 2076 est
1427 2039 1691 2095 susceptus.
1718 2030 1938 2086 Quorum
1961 2028 2059 2075 duo
2083 2028 2350 2075 assistentes
2378 2028 2428 2075 in

301 2103 420 2152 albis
448 2103 742 2155 solemnibus
769 2109 849 2174 pia
884 2109 1174 2156 allocutione
1209 2109 1468 2175 discipulos
1503 2109 1839 2169 consolantur,
1866 2109 2097 2156 dicentes¹
2125 2128 2135 2155 ε
2165 2128 2188 2153 «
2212 2109 2312 2156 Viri
2333 2111 2426 2157 Ga·

299 2183 428 2244 lilaei,
450 2195 541 2233 etc.
563 2205 586 2231 »
608 2187 758 2251 Hujus
774 2198 935 2235 autem
949 2205 1171 2236 ascensus
1193 2188 1463 2236 mirabilem
1485 2188 1686 2253 gloriam
1708 2188 1797 2236 illis
1821 2198 1988 2236 mutua
2009 2188 2151 2235 laude
2173 2189 2430 2236 concinen-

300 2263 450 2324 tibus,
476 2283 627 2331 quum
649 2266 751 2314 aliis
782 2267 1131 2315 admirantibus
1152 2269 1322 2333 saepius
1344 2270 1636 2332 quaererent²
1662 2287 1672 2314 :
1703 2269 1862 2326 «Quis
1885 2278 1955 2315 est
1978 2269 2064 2315 iste
2087 2285 2167 2315 rex
2191 2268 2382 2332 gloriae?
2402 2288 2424 2313 υ

299 2343 379 2390 alii
412 2346 757 2410 respondentes
791 2347 1017 2395 dicebant
1044 2367 1054 2395 :
1097 2348 1378 2395 «Dominus
1413 2347 1547 2395 fortis
1581 2358 1629 2395 et
1662 2358 1859 2412 potens,
1896 2349 2131 2395 Dominus
2166 2359 2340 2413 potens
2378 2350 2427 2396 in

302 2424 481 2488 praelio.
503 2444 526 2470 »ι
554 2429 612 2472 Et
630 2429 843 2474 rursum³
865 2446 874 2473 :
905 2447 927 2472 «
947 2428 1184 2474 Dominus
1206 2428 1437 2475 virtutum
1460 2427 1561 2492 ipse
1583 2438 1654 2474 est
1681 2445 1762 2474 rex
1791 2428 1966 2490 gloriae.
1990 2447 2012 2472 »
2048 2431 2232 2475 Horum
2254 2429 2429 2494 duplex

302 2505 574 2569 responsio,
606 2523 815 2570 quorum
844 2517 892 2554 et
925 2507 1100 2572 duplex
1129 2518 1431 2572 praecesserat
1448 2508 1623 2571 jussio,
1649 2508 1723 2555 bis
1746 2509 1809 2556 ita
1832 2508 2115 2555 dicentium'·
2141 2527 2151 2554 ε
2183 2509 2430 2557 «Attollite

302 2593 489 2648 portas,
511 2585 773 2650 principes,
801 2596 1003 2647 vestras,
1029 2596 1076 2633 et
1098 2586 1374 2645 elevamini,
1400 2597 1549 2652 portae
1578 2587 1838 2635 aeternales.
1861 2607 1884 2631 ι)
1911 2589 2063 2652 Super
2096 2604 2195 2651 quo
2226 2588 2303 2635 alii
2335 2589 2429 2637 hoc

302 2663 572 2724 audien-tes,
599 2666 734 2729 quasi
762 2666 972 2730 quadam
1000 2666 1319 2714 admiratione
1347 2668 1603 2726 commoti,
1637 2668 1885 2732 geminatae
1908 2668 2110 2731 jussioni
2139 2670 2427 2733 geminatam

301 2743 591 2791 subnectunt
612 2746 1060 2810 interrogationem,
1093 2763 1243 2811 quum
1271 2746 1492 2793 videlicet
1514 2747 1648 2794 aiunt
1675 2767 1685 2794 ε
1716 2748 1868 2805 «Quis
1891 2757 1962 2794 est
1983 2749 2070 2796 iste
2092 2766 2173 2796 rex
2195 2749 2380 2813 gloriae?
2401 2769 2424 2794 »

302 2824 520 2887 Legimus
557 2826 821 2873 Dominum
852 2826 1011 2890 ejectis
1053 2843 1081 2874 3
1113 2827 1324 2874 terrestri
1359 2827 1581 2893 paradiso
1604 2829 1770 2894 primis
1804 2828 2107 2890 hominibus,
2151 2830 2427 2894 diligentem

302 2912 445 2968 atque
467 2903 690 2951 solertem
715 2905 995 2969 angelorum
1016 2906 1307 2966 custodiam,
1334 2924 1438 2971 quae
1460 2908 1658 2955 minime
1681 2908 1776 2956 falli
1798 2910 1970 2974 possit,
2000 2909 2066 2956 ibi
2088 2911 2421 2957 constituisse⁵.

306 2984 444 3031 Unde
467 2994 514 3031 et
535 2984 660 3032 bene
682 2985 959 3046 cherubim,
985 2986 1035 3034 id
1057 2997 1128 3034 est
1150 2986 1400 3052 plenitudo
1423 2988 1636 3036 scientiae·
1653 3006 1681 3036 a
1695 2990 1932 3055 propheta
1954 3001 2204 3038 vocantur.
2233 2992 2290 3037 Hi
2313 3008 2426 3054 ergo

303 3065 462 3128 gladio
485 3066 699 3130 quodam
722 3067 946 3115 flammeo
976 3078 1118 3133 atque
1148 3069 1356 3116 versatili
1384 3069 1560 3133 ejectos
1588 3069 1694 3117 illos
1723 3071 1784 3118 ab
1814 3071 1945 3118 aditu
1978 3072 2185 3136 paradisi
2213 3082 2428 3119 arcentes

302 3155 445 3210 atque
467 3135 765 3207 inhibentes,
797 3148 891 3195 hoc
920 3149 1024 3214 ipso
1048 3149 1206 3213 gladio
1236 3151 1373 3214 quasi
1401 3150 1693 3215 quibusdam
1715 3153 1867 3216 portis
1890 3153 2140 3199 introitum
2163 3153 2429 3201 clauserant

304 3236 446 3290 atque
484 3228 819 3277 obstruxerant
852 3229 1078 3294 paradisi.
1114 3230 1186 3277 Ad
1221 3247 1342 3295 quos
1364 3231 1562 3295 quidem
1591 3233 1857 3297 principes,
1890 3233 1939 3279 id
1966 3243 2036 3280 est
2057 3233 2250 3297 angelos
2274 3234 2339 3281 ibi
2367 3234 2428 3281 ad

303 3305 570 3354 custodiam
593 3308 721 3355 illam
743 3309 1047 3374 praesidentes
1075 3310 1123 3356 in
1154 3309 1304 3374 figura
1332 3310 1534 3358 coelestis
1559 3311 1789 3376 paradisi,
1822 3312 1968 3360 hodie
1991 3313 2131 3360 nobis
2159 3314 2208 3360 in
2232 3330 2428 3361 ascensu

350 3486 359 3502 ‘
386 3488 456 3519 Act.
475 3489 601 3529 Apost„
622 3500 696 3533 cap.
716 3502 744 3530 ι,
760 3501 789 3523 v.
813 3493 862 3524 11.
878 3490 946 3515 —¹
965 3490 1081 3524 Psalm.
1100 3502 1199 3532 xxm,
1217 3502 1246 3524 v.
1265 3493 1295 3524 8.
1314 3509 1353 3516 —
1372 3491 1384 3509 ⁸
1404 3491 1503 3532 ibid„
1524 3503 1553 3525 v.
1577 3494 1615 3525 10
1642 3492 1830 3536 -⁴1bid.‚
1849 3505 1878 3527 v.
1898 3497 1929 3528 9.
1947 3513 1968 3518 -
1997 3495 2009 3512 “
2025 3496 2152 3535 Genes„
2171 3506 2230 3539 cap
2261 3506 2310 3533 ιιι,
2329 3506 2358 3528 v.
2379 3496 2441 3529 ⁶24.

466 3558 478 3584 ι
2216 3556 2269 3594 60
