2970 4152
850 400 910 447 lN
942 400 1041 446 mr:
1068 398 1279 447 sANcT1
1313 398 1664 447 MARCELLlNl
1699 399 1915 447 SERMO.
2185 373 2190 381 ’
2352 403 2435 451 534

329 504 463 542 tanto
484 494 713 541 vitiorum
734 494 950 557 emergit,
968 492 1100 540 illam
1120 508 1149 540 a
1168 492 1381 539 Domino
1402 493 1776 558 postulationem
1795 493 2020 559 adeptus¹
2049 512 2060 541 ε
2090 513 2114 539 «
2140 497 2246 541 Non
2269 511 2347 542 me
2372 497 2451 544 de-

327 584 510 638 mergat
536 583 793 639 tempestas
821 590 977 638 aquae,
1014 589 1171 637 neque
1201 572 1459 643 absorbeat
1487 590 1565 620 me
1595 574 1910 638 profundum,
1936 590 2094 639 neque
2115 585 2281 638 urgeat
2307 593 2463 641 super,

327 671 405 701 me
433 664 605 720 puteus
627 671 682 701 os
704 671 860 701 suum.
885 673 908 698 n
933 654 1089 700 Tertio
1115 654 1306 717 negavit
1331 657 1515 713 Petrus,
1535 655 1707 719 septies
1728 655 1857 702 cadit
1872 656 2045 719 justus.
2075 656 2230 704 Semel
2249 658 2448 704 Marcel-

327 734 453 781 linus
473 734 696 781 titubavit
718 735 868 798 magis
890 750 1038 799 quam
1071 733 1266 794 cecidit,
1293 734 1376 798 qui
1394 743 1494 780 tam
1516 734 1612 780 cito
1640 736 1857 795 surrexit,
1882 745 1931 782 et
1953 735 2290 784 titubationem
2312 753 2448 785 suam

327 815 581 863 confestim
598 832 699 862 non
714 825 815 862 tam
826 815 1118 880 poenitentiae
1130 814 1352 879 lacrymis
1363 825 1417 862 ut
1441 818 1621 874 Petrus,
1641 831 1788 879 quam
1798 816 1974 863 virtute
1996 818 2229 881 passionis
2245 819 2449 883 expiavit

328 896 611 961 intrepidus.
649 899 721 943 De
754 912 850 960 qua
883 896 1081 960 quidem
1109 895 1402 961 perfectione
1428 896 1616 944 virtutis
1642 897 1879 943 Dominus
1910 897 2029 944 ait²:
2060 917 2083 942 «
2102 898 2332 961 Majorem
2356 899 2447 946 hac

328 974 638 1024 dilectionem
660 992 805 1023 nemo
827 975 991 1035 habet,
1017 986 1109 1023 etc.
1128 994 1153 1020 »

391 1057 576 1104 Scimus
589 1093 600 1115 ,
627 1056 794 1104 fratres
805 1094 818 1116 ,
842 1056 1007 1104 divina
1026 1057 1313 1122 disponente
1331 1057 1480 1121 gratia
1492 1093 1504 1116 ,
1528 1073 1744 1104 summos
1761 1058 1811 1104 in
1826 1058 2082 1105 virtutibus
2100 1059 2229 1107 viros
2247 1077 2447 1124 magnos

327 1136 621 1201 quandoque
636 1146 946 1202 peccatorum
966 1137 1216 1202 pertulisse
1241 1153 1401 1197 casus,
1429 1147 1590 1185 tamen
1615 1148 1813 1203 propter
1833 1138 2113 1186 humilitatis
2135 1141 2447 1188 concordiam

326 1231 383 1263 ac
404 1215 717 1280 providentiae
739 1218 942 1263 curam³.
955 1252 964 1262 .
976 1252 986 1262 .
1012 1225 1183 1263 contra
1203 1216 1549 1282 desperationis
1570 1217 1806 1264 insaniam
1824 1218 2035 1265 Domino
2053 1235 2138 1283 per
2153 1219 2447 1267 Psalmistam

327 1312 417 1344 nos
449 1297 515 1344 ita
547 1296 856 1343 consolante‘
879 1315 890 1343 ε
922 1316 946 1341 κ
968 1297 1194 1361 Nunquid
1223 1298 1307 1361 qui
1337 1297 1517 1345 dormit
1534 1335 1545 1356 ,
1582 1315 1683 1345 non
1721 1298 1910 1362 adjiciet
1930 1309 1983 1346 ut
2013 1301 2252 1364 resurgat?
2271 1320 2294 1345 υ
2331 1301 2448 1359 Quis

326 1375 457 1422 enim
484 1376 730 1422 dormiens
757 1392 858 1422 non
879 1376 1014 1440 piger
1037 1376 1099 1423 ad
1121 1376 1441 1440 operandum,
1461 1387 1509 1425 et
1528 1395 1615 1442 per
1636 1379 1973 1442 negligentiam
1994 1389 2191 1444 torpens
2219 1390 2361 1444 atque
2385 1381 2446 1428 ad

326 1453 499 1502 horam
517 1454 770 1502 deficiens?
792 1455 967 1513 Quales
985 1455 1183 1520 quidem
1200 1456 1464 1504 adhortans
1485 1458 1740 1522 Apostolus
1761 1459 1878 1506 ait⁸:
1899 1461 2100 1524 «Surge,
2118 1477 2222 1524 quae
2244 1460 2443 1519 dormis,

326 1545 375 1582 et
395 1551 591 1599 exsurge
612 1551 641 1583 a
663 1536 883 1595 mortuis,
908 1545 1000 1582 etc.
1021 1554 1045 1580 »
1071 1539 1194 1583 Ecce
1215 1539 1379 1584 Petrus
1394 1573 1406 1596 ,
1435 1538 1517 1601 qui
1539 1539 1670 1603 prius
1691 1539 1858 1586 Simon
1881 1539 2036 1587 dictus
2049 1578 2060 1599 ,
2084 1541 2397 1606 postmodum
2420 1558 2446 1588 a

327 1613 517 1662 Christo
548 1625 684 1680 petra
716 1618 881 1662 Petrus
913 1624 984 1662 est
1018 1615 1299 1680 appellatus,
1323 1616 1420 1663 hoc
1441 1626 1513 1664 est
1534 1633 1562 1664 a
1583 1616 1807 1666 firmitate
1834 1618 2018 1678 firmus,
2045 1621 2123 1667 cui
2144 1630 2191 1668 et
2212 1621 2447 1668 Dominus

327 1693 471 1741 dixit⁸
493 1713 504 1740 τ
534 1714 558 1739 «
581 1697 681 1758 Ego
696 1695 861 1758 rogavi
884 1712 974 1760 pro
992 1705 1056 1754 te,
1078 1705 1132 1742 ut
1156 1712 1257 1742 non
1280 1695 1471 1743 deficiat
1491 1696 1610 1744 fides
1634 1707 1739 1757 tua,
1767 1707 1815 1745 et
1836 1708 1890 1745 tu
1909 1698 2169 1763 aliquando
2189 1717 2447 1748 conversus

326 1773 562 1822 confirma
579 1774 746 1822 fratres
770 1784 896 1822 tuos.
916 1793 941 1819 »
967 1775 1124 1822 Tertio
1148 1775 1308 1840 lapsus
1330 1792 1413 1823 ore
1436 1776 1767 1837 solummodo,
1791 1794 1892 1824 non
1915 1788 2077 1826 mente
2094 1779 2336 1827 Christum
2360 1780 2445 1827 ab·

327 1864 485 1917 negat.
522 1857 644 1902 Ecce
674 1855 974 1902 Marcellinus
1003 1856 1129 1903 Petri
1161 1872 1429 1916 successor,
1455 1866 1502 1904 et
1526 1867 1626 1904 tam
1653 1857 1941 1906 infirmitatis
1966 1859 2285 1924 trepidatione
2301 1876 2446 1924 quam

327 1934 641 1998 postmodum
661 1951 774 1982 cum
796 1935 1076 1982 fortitudine
1091 1936 1295 2001 vicarius
1317 1936 1441 2000 ejus,
1466 1937 1612 1984 semel
1634 1937 1810 1985 labitur
1828 1937 2063 1998 titubans,
2091 1956 2181 1986 nec
2200 1939 2444 1999 deficienS,

327 2013 579 2061 confestim
606 2015 971 2075 convalescens;
996 2015 1071 2062 his
1092 2015 1266 2080 quibus
1292 2027 1528 2081 praeerant
1545 2019 1595 2064 in
1618 2018 1837 2084 exemplo
1855 2028 1967 2065 sunt
1987 2019 2148 2084 positi,
2168 2036 2229 2066 ne
2251 2029 2448 2085 propter

328 2094 591 2157 quemlibet
614 2095 802 2160 lapsum
825 2095 1099 2161 desperent.
1127 2097 1321 2144 Dictum
1337 2107 1409 2145 est
1432 2101 1572 2146 Petro
1595 2115 1623 2147 a
1640 2100 1853 2147 Domino
1876 2101 2095 2165 quamvis
2118 2112 2369 2165 negaturo,
2396 2114 2449 2150 ut

327 2175 637 2223 confirmaret
672 2175 856 2223 fratres.
882 2178 1112 2225 Novimus
1135 2187 1182 2225 et
1203 2178 1532 2226 Marcellinum
1553 2179 1888 2228 confirmatam
1917 2197 1945 2228 a
1966 2197 2017 2228 se
2044 2180 2278 2229 thebaeam
2300 2183 2448 2247 legio-

329 2270 442 2302 nem
463 2255 512 2301 in
537 2253 632 2302 fide
654 2255 716 2302 ad
741 2255 887 2303 coelos
914 2256 1213 2321 praemisisse.
1250 2258 1395 2321 Cujus
1422 2268 1470 2305 et
1497 2258 1759 2324 discipulus
1782 2259 2032 2307 Marcellus
2054 2277 2181 2326 papa
2202 2271 2249 2308 et
2271 2273 2450 2325 martyr

328 2335 372 2381 ei
392 2335 653 2383 succedens
667 2346 888 2385 sanctum
909 2338 1122 2401 magistri
1139 2339 1318 2386 exitum
1339 2338 1659 2399 confirmavit,
1678 2341 1800 2387 sicut
1815 2350 1863 2389 et
1884 2351 1995 2388 ante
2017 2351 2172 2389 actam
2186 2343 2286 2406 ejus
2302 2344 2450 2390 vitam

328 2412 576 2462 thebaeana
600 2415 724 2478 legio
755 2416 1115 2480 comprobavit3
1146 2427 1200 2464 ut
1234 2427 1334 2465 tam
1356 2419 1519 2483 priora
1548 2416 1649 2482 ejus
1676 2435 1823 2483 quam
1851 2421 2119 2484 posteriora
2146 2421 2453 2468 commenda·

330 2492 460 2540 tione
483 2494 628 2558 digna
654 2504 807 2542 totam
836 2494 983 2542 medii
1007 2495 1359 2544 dubitationem
1387 2498 1558 2546 tollant
1579 2498 1653 2545 vel
1688 2499 2090 2564 desperationem.
2129 2502 2260 2548 Sicut
2289 2512 2449 2549 autem

328 2571 445 2620 istos
466 2574 703 2621 Dominus
725 2574 774 2620 in
797 2573 945 2633 clero,
970 2575 1036 2622 ita
1057 2576 1212 2623 David
1235 2576 1544 2624 Salomonem
1569 2579 1795 2642 praemisit
1809 2580 1858 2625 in
1880 2580 2082 2644 populo,
2107 2581 2190 2644 qui
2212 2582 2343 2644 gravi
2360 2598 2448 2628 suo

329 2652 465 2718 lapsu
489 2657 788 2718 peccata7....
816 2654 1104 2714 solarentur,
1131 2673 1192 2703 ne
1219 2667 1330 2722 post
1353 2667 1724 2723 quantacunque
1747 2660 1948 2707 crimina
1963 2659 2024 2708 de
2046 2660 2341 2724 indulgentia
2362 2661 2447 2709 de-

329 2743 594 2797 sperarent.
619 2734 851 2782 Maximus
873 2734 951 2782 ille
972 2751 1140 2799 regum
1162 2752 1218 2783 ac
1242 2737 1590 2802 prophetarum
1612 2738 1790 2798 David,
1816 2739 2003 2787 adulter
2024 2740 2182 2800 simul,
2208 2741 2444 2806 proditor,

330 2820 378 2857 et
398 2810 661 2872 homicida,
682 2823 866 2877 quanto
893 2814 943 2860 in
965 2814 1220 2862 virtutibus
1244 2816 1447 2880 amplius
1472 2827 1702 2877 creverat,
1730 2827 1866 2866 tanto
1887 2820 2040 2883 majus
2062 2821 2373 2886 praecipitium
2389 2822 2450 2869 de

331 2891 540 2940 culmine
560 2894 755 2958 pertulit
768 2895 1018 2942 virtutum.
1047 2898 1157 2954 Quo
1173 2898 1304 2943 enim
1319 2897 1460 2945 altior
1473 2897 1664 2962 gradus,
1683 2909 1819 2947 tanto
1837 2901 2027 2964 gravior
2047 2916 2200 2949 casus.
2221 2902 2450 2951 Salomon

330 2973 408 3021 ille
426 2973 586 3034 Idida,
610 2974 706 3022 hoc
728 2986 800 3023 est
823 2975 1024 3024 dilectus
1044 2978 1265 3037 Domini,
1294 2978 1355 3026 de
1379 2995 1477 3043 quo
1502 2989 1551 3027 et
1568 2981 1805 3028 Dominus
1826 2981 2130 3046 praedixerat⁸
2156 3001 2167 3029 :
2196 3002 2219 3029 «
2245 2987 2345 3047 Ego
2368 3000 2451 3031 ero

331 3052 398 3100 illi
415 3054 465 3100 in
486 3064 691 3119 patrem,
717 3056 883 3120 etipse
906 3057 995 3104 erit
1014 3056 1134 3104 mihi
1159 3058 1209 3104 in
1228 3057 1398 3118 filium,
1417 3077 1440 3104 »
1466 3060 1516 3106 in
1536 3069 1723 3107 tantum
1746 3060 2187 3110 abominationibus
2207 3063 2367 3129 lapsus
2384 3075 2454 3112 est

331 3144 547 3197 puteum,
566 3145 620 3181 ut
642 3136 1031 3201 concupiscentia
1047 3139 1203 3186 carnis
1225 3138 1440 3187 devictus
1457 3139 1676 3187 divinum
1696 3141 1879 3188 cultum
1901 3143 2103 3190 omnino
2121 3143 2358 3191 desereret
2371 3182 2382 3203 ,
2408 3155 2455 3192 et

331 3222 466 3261 tanto
491 3224 709 3280 tempore
724 3215 865 3263 idolis
888 3216 1164 3277 deserviret,
1192 3234 1221 3265 a
1241 3235 1340 3283 quo
1363 3235 1453 3266 nec
1475 3219 1719 3266 idolorum
1745 3220 1925 3268 excelsa
1947 3231 2059 3269 sunt
2082 3222 2256 3271 ablata.
2286 3226 2381 3271 Nec
2405 3224 2452 3270 id

380 3407 391 3425 ¹
414 3408 531 3443 Psalm.
560 3422 677 3452 zxvm,
701 3424 733 3447 v.
763 3413 1022 3456 16.—¹Joan.‚
1046 3425 1119 3458 cap.
1138 3425 1239 3456 xv,v.
1261 3417 1366 3450 13.-
1421 3427 1494 3461 cap.
1518 3429 1556 3458 v,
1579 3428 1610 3451 ν.
1643 3418 1693 3451 14.
1712 3436 1750 3442 —
1767 3417 1781 3436 ⁶
1797 3417 1892 3460 Luc„
1914 3428 1989 3462 cap.
2011 3430 2099 3456 xxn.
2131 3431 2162 3453 v.
2190 3421 2243 3454 34.
2262 3437 2303 3444 -
2323 3418 2334 3437 ⁷
2350 3419 2455 3452 Locus

334 3462 347 3479 ⁸
362 3462 466 3498 Locus
486 3475 667 3510 corruptus.
683 3486 725 3494 —
743 3469 758 3487 ⁴
771 3470 890 3504 Psalm.
918 3481 979 3511 xi..
1008 3481 1037 3503 v.
1071 3471 1106 3504 9.
1128 3489 1169 3496 -
1189 3471 1202 3488 “
1227 3471 1365 3513 Ερὴεε.,
1420 3480 1604 3518 corruptus.
1623 3493 1661 3499 -
1677 3473 1689 3492 ⁸
1703 3475 1783 3518 Περ.
1806 3476 1856 3515 lt,
1874 3485 1949 3519 cap.
1965 3486 2026 3517 vn,
2042 3488 2071 3510 v.
2092 3478 2128 3509 ¹4
