2970 4152
508 381 600 429 586
1305 379 1486 444 ΡΕΤΒΙ,
1510 363 1824 433 ABAELARm

508 474 739 538 perdidit;
767 475 834 524 sic
857 491 882 521 e
912 490 1145 521 converso
1162 474 1420 539 pharisaeus
1439 475 1500 524 de
1521 479 1880 543 comparatione
1904 477 2027 525 illius
2056 486 2287 540 tanquam
2314 472 2507 536 majoris
2534 484 2621 536 per

506 555 823 603 humilitatem
845 556 1052 602 excrevit
1072 557 1122 603 in
1145 557 1341 604 meritis.
1369 557 1495 605 Nihil
1516 559 1694 624 quippe
1717 559 1778 606 ad
1800 558 2074 623 superbiam
2102 557 2168 604 ita
2188 572 2278 614 nos
2299 552 2445 601 trahit
2459 589 2471 612 ,
2502 551 2623 598 sicut

508 636 755 695 inferiores
778 636 1034 700 respicere,
1060 646 1107 683 et
1129 653 1234 701 quae
1256 637 1346 684 illis
1369 637 1498 686 bona
1523 638 1731 687 desunt
1719 657 1768 686 1n
1792 639 1881 686 illis
1904 638 2167 686 attendere.
2194 634 2321 683 Nihil
2346 634 2412 681 ita
2433 630 2624 697 proficit

507 716 567 762 ad
591 715 905 762 obtinendam
927 715 1003 762 vel
1024 716 1406 764 conservandam
1427 717 1768 777 humilitatem,
1789 717 2202 785 quemadmodum
2223 731 2305 762 eos
2327 711 2523 779 intueri,
2542 711 2626 775 qui

506 811 594 841 nos
624 794 936 858 praecedunt
924 812 972 841 m
1007 795 1210 855 meritis,
1250 806 1303 844 ut
1335 797 1540 845 sciamus
1568 798 1685 862 quid
1714 797 1836 844 desit
1864 797 2027 856 nobis,
2065 813 2166 843 non
2176 780 2315 860 quid
2348 792 2470 840 desit
2502 748 2621 838 iliis.

506 874 649 931 Quod
683 873 932 938 diligenter
960 875 1214 939 Apostolus
1243 877 1575 936 considerans,
1612 877 1993 942 Philippensibus
2024 874 2259 936 scribens,
2299 874 2364 921 ait
2383 874 2395 897 ¹
2422 890 2432 918 :
2463 889 2486 915 «
2501 865 2626 916 Fra-

505 966 621 1015 tres,
648 972 736 1019 ego
759 973 836 1003 me
858 956 1080 1003 nondum
1102 957 1309 1004 arbitror
1330 958 1768 1047 comprehendisse.
1799 961 1957 1005 Unum
1974 967 2151 1017 autem,
2167 972 2273 1021 quae
2285 953 2402 1020 quid
2496 960 2625 999 retro

505 1046 638 1096 sunt,
672 1035 980 1095 obliviscens,
1008 1036 1070 1084 ad
1097 1054 1154 1085 ea
1173 1053 1290 1084 vero
1316 1055 1420 1102 quae
1446 1048 1557 1085 sunt
1578 1038 1741 1102 priora
1763 1037 2024 1085 extendens
2046 1037 2306 1102 meipsum,
2332 1034 2394 1083 ad
2404 969 2641 1098 ‘iffistintij

505 1125 607 1162 tum
647 1132 914 1180 prosequor
946 1116 1166 1164 bravium
1199 1134 1417 1182 supernae
1449 1118 1716 1165 vocationis
1746 1118 1834 1164 Dei
1868 1118 1917 1164 in
1953 1117 2143 1164 Christo
2183 1119 2308 1162 Jesu.
2342 1100 2643 1174 Quicunque¹

505 1212 618 1259 ergo
650 1196 847 1260 perfecti
874 1214 1061 1255 sumus,
1098 1196 1194 1244 hoc
1227 1198 1560 1245 sentiamus.»
1586 1197 1730 1254 Quod
1759 1214 1874 1261 ergo
1907 1197 2143 1244 Dominus
2181 1194 2243 1242 ad
2272 1189 2630 1258 reprimendam
2653 1247 2661 1249 Ἰ

505 1275 779 1340 superbiam
801 1276 1056 1323 consilium
1084 1276 1307 1336 dederat,
1341 1293 1620 1342 proponens
1657 1277 1797 1324 nobis
1825 1277 2043 1341 pharisaei
2072 1285 2120 1322 et
2148 1272 2392 1339 publicani
2419 1267 2627 1336 parabof

507 1355 619 1414 lam,
639 1356 700 1402 ad
723 1356 817 1402 hoc
840 1356 1153 1421 postmodum
1171 1356 1423 1421 Apostolus
1444 1358 1644 1421 proprio
1667 1357 1881 1405 incitavit
1904 1354 2143 1421 exemplo,
2163 1354 2327 1401 dicens
2343 1369 2393 1400 se
2408 1350 2630 1399 nondum

507 1435 727 1483 arbitrari
754 1453 803 1482 se
827 1435 1248 1500 comprehendisse
1271 1436 1321 1481 id
1350 1436 1411 1482 ad
1435 1436 1570 1499 quod
1591 1437 1761 1483 tendit.
1789 1440 1892 1483 Hoc
1923 1446 2016 1495 est,
2050 1434 2271 1482 nondum
2299 1449 2348 1480 se
2376 1431 2500 1479 illius
2528 1445 2629 1479 0550

508 1515 663 1561 meriti
696 1515 830 1578 quod
862 1514 1102 1561 desiderat
1135 1514 1349 1578 adipisci.
1384 1515 1528 1571 Quod
1562 1515 1759 1578 quidem
1787 1525 1840 1562 ut
1868 1514 2108 1573 obtineat,
2146 1512 2349 1577 qualiter
2376 1511 2436 1567 id
2453 1504 2644 1592 Ρῆξίί,

507 1594 755 1657 diligenter
779 1594 952 1659 aperit,
978 1593 1142 1640 dicens
1165 1609 1215 1640 se
1238 1593 1288 1639 in
1310 1593 1406 1640 hoc
1429 1611 1528 1641 uno
1552 1595 1801 1660 occupari,
1827 1604 1880 1642 ut
1903 1611 2009 1659 quae
2026 1603 2156 1641 retro
2172 1602 2284 1640 sunt
2302 1585 2663 1681 obliviscatmgss

508 1684 563 1722 01
576 1673 637 1720 ad
659 1691 716 1721 03
736 1691 840 1738 quae
863 1684 973 1721 ante
995 1683 1108 1721 sunt
1129 1674 1353 1721 extendat
1375 1691 1448 1733 se,
1480 1675 1576 1721 hoc
1598 1685 1669 1722 est
1695 1675 1857 1722 113110
1845 1692 1895 1722 111
1919 1674 2147 1739 operibus
2167 1673 2245 1720 vel
2269 1672 2450 1720 meritis
2469 1669 2630 1718 holm*-
2695 1691 2708 1704 ·

508 1771 625 1801 num
656 1754 894 1802 rationem
920 1752 1119 1813 habeat,
1150 1764 1205 1801 ut
1235 1771 1340 1818 quae
1368 1754 1598 1818 dignitate
1626 1756 1790 1820 priora
1817 1765 1930 1803 sunt
1957 1754 2020 1823 ad
2047 1753 2320 1819 exemplum
2351 1724 2657 1800 imitationi?-

509 1836 733 1900 aspiciat,
771 1838 872 1883 11011
907 1852 1011 1900 quae
1045 1836 1314 1900 posteriora
1343 1846 1455 1883 sunt
1488 1837 1725 1901 respiciat.
1760 1840 1910 1885 Nemo
1948 1837 2150 1903 quippe,
2185 1845 2239 1882 ut
2266 1835 2378 1900 ipse·
2393 1819 2633 1893 Dominus

509 1916 572 1963 ait
594 1920 607 1941 ²
635 1936 644 1963 :
676 1936 699 1961 «
725 1917 917 1964 Mittens
939 1933 1139 1963 manum
1163 1916 1224 1963 ad
1247 1926 1485 1976 aratrum,
1512 1927 1559 1964 et
1580 1918 1839 1983 respiciens
1862 1928 2016 1977 retro,
2044 1927 2182 1982 aptus
2204 1925 2274 1963 est
2296 1930 2445 1978 regno
2467 1911 2580 1970 Dei,
2603 1929 2627 1955 »

508 1998 620 2060 quia
642 1998 854 2061 quisquis
877 1997 938 2044 ad
959 1997 1092 2044 bona
1115 2014 1262 2061 opera
1284 1997 1498 2056 festinat,
1526 1999 1565 2044 si
1587 1998 1848 2046 deteriores
1876 1998 2097 2063 respiciat
2119 2013 2192 2056 se,
2219 2006 2266 2043 et
2287 2011 2388 2042 non
2410 1992 2632 2044 1110110105
2651 2055 2664 2069 .

509 2077 746 2129 attendat
772 2077 921 2139 regni·
915 2076 1128 2123 -coelestis
1151 2076 1334 2123 aditum
1356 2077 1447 2123 sibi
1469 2077 1670 2137 claudit,
1702 2079 1815 2142 quia
1837 2078 1897 2125 de
1927 2077 2287 2143 comparatione
2317 2074 2561 2126 minorum
2571 2066 2634 2117 ifi-

510 2158 605 2203 suis
628 2157 806 2203 meritis
835 2156 1038 2220 amplius
1059 2156 1283 2215 confidit,
1309 2157 1447 2203 sicuti
1469 2158 1725 2221 pharisaeus
1746 2159 1848 2218 ille,
1880 2159 1963 2223 qui
1985 2174 2136 2222 quum
2159 2155 2397 2202 Abraham
2425 2163 2472 2200 et
2495 2142 2660 2216 supe!
2632 2142 2663 2171 ”

511 2237 660 2283 riores
689 2237 739 2282 in
768 2236 948 2282 meritis
971 2245 1130 2300 patres
1153 2237 1363 2300 aspicere
1386 2236 1648 2296 debuisset,
1675 2238 1987 2302 publicanum
2017 2237 2243 2301 respexit,
2269 2251 2415 2298 quem
2442 2231 2634 2292 inferio·
2651 2238 2676 2260 ·'

513 2334 615 2364 rem
638 2317 816 2364 meritis
838 2317 1103 2364 aestimavit.
1128 2320 1213 2376 Ita,
1236 2317 1425 2377 fratres,
1452 2335 1603 2382 quum
1626 2319 1732 2384 quis
1755 2319 1815 2366 de
1838 2328 1964 2366 coetu
1986 2317 2341 2365 monachorum
2362 2314 2425 2367 ad
2447 2314 2632 2379 episco-

513 2409 679 2462 patum
702 2408 972 2463 assumptus
994 2415 1044 2445 se
1066 2400 1244 2445 caeteris
1267 2409 1499 2463 tanquam
1521 2400 1825 2447 inferioribus
1853 2409 2125 2465 comparat,
2151 2398 2326 2463 quibus
2347 2413 2397 2443 se
2423 2395 2485 2442 ad
2506 2394 2634 2442 hanc

515 2480 977 2527 administrationem
990 2479 1259 2542 digniorem
1275 2480 1496 2539 aestimat,
1517 2481 1791 2528 mirandum
1805 2519 1816 2540 ,
1838 2481 2072 2545 valdeque
2095 2478 2371 2526 mirandum
2393 2485 2485 2534 est,
2511 2474 2550 2522 si
2572 2466 2647 2535 δὲ

515 2576 599 2606 sua
628 2558 860 2606 electione
883 2559 1061 2606 caeteris
1091 2559 1359 2624 reprobatis
1388 2561 1438 2607 in
1474 2559 1732 2607 elationem
1760 2578 1861 2607 non
1891 2560 2087 2608 incidat.
2133 2562 2195 2605 Ut
2228 2557 2359 2604 enim
2385 2555 2658 2614 rhetoricaej
2692 2549 2732 2593 Ὀ

515 2640 858 2705 complexionis
887 2641 1301 2703 argumentatione
1329 2651 1454 2701 utar,
1491 2659 1638 2706 quam
1667 2652 1926 2689 cornutum
1957 2629 2285 2705 syllogismtim
2315 2630 2634 2700 Hieronymus

517 2730 681 2780 vocat,
717 2719 933 2785 profecto
970 2730 1051 2767 aut
1079 2720 1327 2768 meliorem
1356 2738 1405 2768 se
1439 2722 1641 2781 caeteris,
1673 2731 1721 2768 et
1749 2721 1811 2769 ad
1838 2721 1933 2768 hoc
1964 2719 2257 2784 digniorem,
2294 2718 2518 2775 aestimat,
2553 2723 2635 2761 aut

519 2818 617 2846 non
640 2801 856 2848 aestimat.
883 2800 927 2845 Si
951 2801 1173 2858 aestimat,
1193 2818 1291 2864 quo
1315 2802 1464 2864 magis
1487 2801 1548 2848 al)
1571 2801 1838 2849 humilitate
1863 2800 2091 2848 monachi
2112 2798 2316 2857 recedit,
2342 2807 2477 2844 tanto
2500 2795 2633 2857 dete-

409 2896 415 2909 *
519 2882 615 2927 rius
637 2882 686 2927 in
711 2880 968 2927 elationem
991 2880 1144 2939 cadit,
1179 2891 1227 2927 et
1254 2897 1312 2927 00
1341 2882 1445 2946 ipso
1474 2899 1572 2945 quo
1595 2899 1645 2929 se
1669 2882 1918 2929 meliorem
1946 2881 2120 2939 credit,
2153 2879 2440 2927 deteriorem
2470 2869 2631 2958 efficit:

442 2950 445 2954 ⁴
520 2961 566 3006 Si
590 2978 690 3007 non
713 2960 930 3018 aestimat,
956 2976 1006 3006 se
1027 2959 1248 3007 videlicet
1266 2961 1444 3007 caeteris
1468 2961 1529 3008 ad
1552 2962 1646 3009 hoc
1670 2978 1771 3009 esse
1794 2962 2059 3020 meliorem,
2085 2960 2169 3007 sed
2191 2958 2266 3006 vel
2282 2957 2512 3031 aequalem
2517 2929 2636 3021 31115
2668 2998 2673 3006 .

521 3039 595 3085 vel
633 3039 930 3098 inferiorem,
968 3040 1185 3104 profecto
1222 3040 1511 3086 nonnullum
1548 3051 1595 3087 et
1636 3042 1686 3088 in
1722 3041 1818 3088 hoc
1857 3040 2123 3106 periculum
2157 3035 2384 3086 occurrit.
2422 3037 2470 3083 Si
2504 3034 2635 3111 enim

523 3119 751 3181 aequalem
774 3119 874 3167 aliis
890 3157 901 3179 ,
928 3119 1101 3166 excidit
1123 3136 1150 3166 a
1172 3119 1474 3184 supraposito
1498 3120 1671 3182 regulae
1693 3121 1935 3170 canonicae
1957 3137 2066 3184 quo.
2077 3118 2347 3184 praecipitur
2366 3115 2428 3163 ad
2449 3091 2646 3165 humili:
2667 3157 2685 3177 -.

524 3201 631 3246 tatis
654 3201 920 3247 custodiam
936 3238 947 3259 ,
973 3210 1027 3247 ut
1059 3217 1109 3247 se
1141 3201 1319 3247 caeteris
1341 3192 1616 3247 inferfflrem
1647 3218 1748 3247 non
1776 3201 1933 3248 solum
1956 3199 2236 3266 pronuntiet
2265 3212 2409 3255 voce,
2442 3210 2633 3241 verum-

526 3280 668 3326 etiam
691 3288 849 3326 teneat
871 3281 919 3326 in
942 3280 1105 3327 corde.
1132 3281 1214 3327 Sin
1242 3290 1402 3328 autem
1424 3280 1728 3340 deteriorem,
1754 3291 1807 3328 ut
1828 3290 2037 3346 oportet,
2062 3296 2113 3326 se
2134 3277 2348 3335 aestimat,
2375 3284 2553 3339 quanta
2574 3274 2631 3321 sit

572 3462 580 3478 ¹
598 3461 703 3499 Phil„
720 3471 793 3504 cap.
807 3472 860 3502 111,
878 3473 908 3495 v.
932 3463 983 3494 13.
1000 3480 1039 3488 -
1054 3462 1067 3480 ³
1082 3467 1178 3506 Luc„
1194 3474 1266 3508 cap.
1288 3476 1320 3498 ix
1334 3490 1343 3507 ‚
1358 3476 1390 3500 v-
1407 3467 1463 3499 62.

2775 1694 2818 1730 ,ρ
2854 1671 2865 1710 “.
