2970 4152
1218 365 1532 411 EPlSTOLAE.
2374 361 2437 407 37

329 472 437 503 sura
462 457 750 516 consoletur,
788 457 920 521 quod
961 455 1078 504 nihil
1107 457 1377 504 inordinate
1411 456 1513 504 fieri
1546 473 1758 522 unquam
1790 471 1975 504 summa
2007 456 2094 502 Dei
2124 455 2311 502 bonitas
2334 473 2440 521 per-

330 537 492 595 mittit,
521 546 568 583 et
585 536 718 601 quod
736 552 1030 601 quaecunque
1054 552 1274 602 perverse
1300 535 1421 583 fiunt
1436 574 1448 596 ,
1479 537 1662 602 optimo
1685 536 1779 584 fine
1798 537 1898 601 ipse
1916 536 2152 583 terminat.
2177 535 2315 583 Unde
2333 546 2380 583 et
2398 539 2440 583 ei

329 616 390 663 de
409 615 633 663 omnibus
659 625 786 664 recte
811 615 1129 680 dicitur¹‚fiat
1154 616 1486 677 volunta-raus!
1516 619 1714 674 Quanta
1729 616 1936 682 denique
1963 615 2260 681 diligentium
2284 618 2440 663 Deum

330 695 407 742 illa
432 707 502 743 est
526 713 583 743 ex
607 697 886 743 auctoritate
907 695 1168 762 apostolica
1182 697 1449 744 consolatio
1463 733 1475 757 ‚
1505 714 1610 761 quae
1634 696 1772 744 dicit·
1795 715 1804 743 :
1832 716 1855 742 «
1878 697 2061 744 Scimus
2085 697 2314 761 quoniam
2339 697 2442 745 dili-

330 776 549 838 gentibus
572 779 727 823 Deum
751 776 912 823 omnia
935 786 1256 843 cooperantur
1273 777 1322 824 in
1341 777 1542 824 bonum.
1568 796 1591 821 »
1619 776 1763 835 Quod
1782 776 2030 841 diligenter
2046 776 2124 824 ille
2148 778 2442 842 sapientissi-

332 873 437 903 mus
455 855 749 915 attendebat,
768 873 918 921 quum
937 857 986 903 in
1004 856 1268 904 Proverbiis
1286 857 1486 905 dicere?
1505 876 1514 904 :
1542 877 1565 902 «
1586 859 1692 904 Non
1712 857 2009 906 contristabit
2017 859 2197 922 justum
2215 859 2442 923 quicquid

331 936 375 982 ei
397 935 636 983 acciderit.
663 955 686 980 υ
709 937 778 983 Ex
812 953 910 1000 quo
935 937 1180 985 manifeste
1208 954 1237 984 a
1255 937 1435 1001 justitia
1458 954 1542 985 eos
1565 936 1789 984 recedere
1822 936 2141 997 demonstrat,
2169 939 2443 1002 quicunque

330 1032 419 1080 pro
445 1015 604 1080 aliquo
630 1032 717 1063 suo
743 1017 1013 1081 gravamine
1036 1017 1111 1064 his
1134 1018 1420 1078 irascuntur,
1449 1034 1554 1083 quae
1578 1034 1687 1083 erga
1710 1034 1760 1065 se
1784 1017 1945 1065 divina
1970 1019 2322 1084 dispensatione
2347 1021 2444 1083 geri

332 1111 430 1141 non
450 1094 691 1156 dubitant;
714 1105 760 1143 et
777 1112 828 1143 se
851 1096 1055 1162 propriae
1071 1096 1306 1145 voluntati
1332 1098 1481 1163 magis
1499 1114 1644 1163 quam
1668 1097 1839 1144 divinae
1865 1097 2142 1162 subjiciunt,
2172 1108 2218 1145 et
2245 1100 2286 1146 ei
2313 1100 2445 1164 quod

332 1176 381 1220 in
401 1174 555 1222 verbis
574 1186 733 1236 sonat,
750 1176 855 1237 fiat
869 1176 1081 1227 voluntas
1102 1187 1203 1235 tua,
1228 1177 1472 1226 desideriis
1491 1178 1687 1226 occultis
1712 1188 2004 1243 repugnant,
2026 1179 2196 1226 divinae
2214 1179 2445 1228 voluntati

332 1256 574 1320 propriam
599 1266 957 1322 anteponentes.
975 1253 1125 1304 Vale.

380 1416 388 1433 ¹
411 1415 521 1449 matth.
543 1427 614 1459 cap.
634 1428 682 1448 vu.
702 1428 731 1449 v.
755 1418 846 1449 10.-
866 1416 879 1434 ⁸
896 1418 985 1450 Rom.
1003 1428 1077 1460 cap.
1093 1429 1165 1454 vnn,
1182 1430 1209 1451 v.
1232 1421 1283 1451 38.
1297 1438 1340 1446 —
1354 1420 1367 1436 ³
1386 1421 1481 1453 Pron.
1499 1431 1571 1463 cap.
1591 1432 1653 1459 χιι,
1676 1432 1704 1453 ν.
1724 1422 1778 1452 21.
