2970 4152
1264 428 1598 480 'EPJSTOEAE
2440 432 2501 478 83

389 539 748 587 servumftuuun
758 531 902 577 *Deus
912 543 1051 579 meus
1060 556 1079 587 ›‚
1098 536 1373 593 sperantem
1385 529 1440 576 in.
1452 539 1514 576 te.
1538 528 1742 575 Domine
1752 551 1773 586 ,ff
1785 526 1956 575 exaudi
1967 527 2249 574 orationem:
2260 543 2413 574 meam
2425 559 2443 585 ,.
2457 537 2503 572 et

389 609 568 655 clamor
591 626 724 655 meus
749 609 810 655 ad
836 619 880 655 te
909 608 1066 655 veniat
1081 611 1107 654 ¹.
1126 628 1154 652 η
1168 609 1336 657 Oratio
1354 612 1397 654 ’.ι
1415 608 1708 671 («;Ι)6115,,ᾳ111
1730 619 1822 672 pen
1841 607 2082 654 servulum
2104 605 2502 655 niumcmncillulas

389 692 491 736 tuas
516 690 564 735 in
584 690 780 735 nomine
804 699 888 735 tuo
913 688 1131 752 dignatus
1149 678 1468 756 esag'g'regare
1484 724 1495 746 ,
1524 698 1570 734 te
1592 704 1883 752 quaesumuS,
1905 697 1958 754 ut
1974 697 2070 733 tam
2089 687 2178 751 ipsi
2193 702 2338 750 quam
2362 685 2501 732 nobis

388 768 434 812 in
459 778 540 814 tua
567 767 744 814 tribuas
774 769 1101 832 perseverare8
1130 762 1389 827 voluntate.
1418 758 1815 824 PerDotninum,
1835 758 1925 813 616.
1946 786 1968 810 »
1992 769 2127 813 Nunc
2143 776 2300 813 autem
2318 765 2500 812 absenti

388 847 503 915 mihi
539 858 670 895 tanto
704 848 906 913 amplius
942 849 1214 895 orationum
1247 857 1511 895 vestrarum
1545 864 1666 912 opus
1701 857 1770 894 est
1805 847 2053 910 suffragio,
2094 857 2274 910 quanto
2309 846 2501 909 majoris

386 928 617 995 anxietate
630 928 837 992 periculi
862 930 1176 993 constringor.
1202 927 1523 993 Supplicando
1554 928 1712 991 itaque
1735 927 1952 991 postule,
1987 936 2034 973 et
2066 926 2355 991 postulando
2390 943 2500 990 sup-

386 1006 536 1070 plico,
568 1018 799 1071 quatenus
823 1009 1058 1073 praecipue
1090 1025 1219 1055 nunc
1249 1008 1419 1058 absens
1447 1007 1659 1072 experiar
1677 1023 1822 1070 quam
1848 1023 1958 1053 vera
1982 1006 2184 1053 charitas
2217 1016 2367 1052 vestra
2391 1023 2498 1070 erga

384 1087 627 1135 absentem
647 1090 872 1148 extiterit,
902 1089 1095 1153 singulis
1126 1089 1344 1136 videlicet
1370 1088 1501 1135 horis
1528 1087 1723 1153 expletis
1751 1086 1882 1133 hunc
1916 1087 2143 1133 orationis
2172 1087 2376 1151 propriae
2400 1104 2499 1133 mo-

384 1165 501 1213 dum
519 1167 776 1216 adnectens
790 1187 800 1214 1
820 1170 1133 1233 Responsum,
1153 1189 1174 1213 «
1191 1171 1259 1215 Ne
1273 1167 1573 1232 derelinquas
1584 1183 1678 1227 1116,
1689 1166 1894 1213 Domine
1907 1175 2040 1230 pater
2052 1175 2098 1212 et
2111 1165 2385 1212 dominator
2394 1167 2497 1213 vitae

384 1262 525 1305 meae,
558 1257 611 1294 ut
628 1264 727 1294 non
747 1264 968 1295 corruam
986 1248 1035 1294 in
1062 1258 1321 1314 conspectu
1339 1247 1717 1294 adversariorum
1750 1262 1967 1293 meorum
1982 1282 1994 1305 ,
2018 1263 2078 1292 ne
2102 1245 2304 1310 gaudeat
2333 1245 2393 1292 de
2421 1263 2496 1292 me

382 1327 600 1374 inimicus
619 1331 790 1375 meus⁴.
812 1347 834 1371 υ
856 1331 1045 1375 Versus.
1067 1347 1090 1372 «
1111 1327 1426 1393 Apprehende
1444 1344 1576 1374 arma
1586 1337 1633 1374 et
1648 1337 1852 1385 scutum,
1872 1337 1918 1373 et
1928 1343 2124 1390 exsurge
2142 1326 2191 1372 in
2208 1325 2494 1389 adjutorium

382 1407 499 1454 mihi
513 1410 542 1466 ⁵,
564 1425 624 1455 ne
643 1408 894 1473 gaudeat.»
914 1412 1095 1456 Preces.
1123 1429 1146 1453 «
1164 1409 1355 1455 Salvum
1377 1408 1447 1455 fac
1463 1424 1653 1455 servum
1672 1417 1824 1467 tuum,
1844 1410 1972 1454 Deus
1992 1423 2143 1465 1116115,
2160 1416 2430 1470 sperantem
2446 1408 2492 1453 in

381 1497 442 1534 te.
466 1489 596 1536 Mitte
615 1490 674 1548 ei,
690 1490 913 1549 Domine,
933 1489 1158 1536 auxilium
1177 1489 1237 1536 de
1256 1498 1439 1548 sancto,
1459 1498 1507 1536 et
1529 1488 1590 1535 de
1615 1489 1729 1535 Sion
1755 1498 1887 1535 tuere
1907 1504 2033 1534 eum.
2058 1490 2168 1533 Esto
2188 1487 2248 1546 ei,
2269 1488 2490 1545 Domine,

382 1569 520 1615 turris
550 1569 837 1616 fortitudinis
870 1586 897 1616 a
923 1569 1038 1616 facie
1064 1570 1257 1617 inimici.
1286 1569 1518 1628 Domine,
1548 1568 1719 1616 exaudi
1743 1569 2008 1615 orationem
2038 1585 2216 1628 meam,
2250 1578 2297 1615 et
2314 1568 2494 1615 61311101·

381 1665 514 1696 1116115
549 1649 611 1695 ad
640 1659 686 1696 te
717 1650 868 1696 veniat
887 1652 913 1694 ⁸.
940 1669 963 1692 »
987 1650 1151 1696 Oratio
1166 1653 1194 1695 ⁷.
1223 1669 1245 1694 «
1262 1652 1415 1708 Deus,
1446 1649 1528 1713 qui
1552 1665 1639 1714 per
1668 1666 1858 1697 servum
1883 1658 2019 1696 tuum
2044 1648 2286 1696 ancillulas
2310 1659 2414 1695 tuas
2444 1648 2490 1695 in

379 1729 574 1775 nomine
601 1739 682 1775 tuo
708 1729 928 1792 dignatus
952 1746 1001 1775 es
1026 1745 1297 1792 aggregare,
1334 1739 1379 1776 te
1409 1745 1699 1793 quaesumus,
1737 1738 1789 1775 ut
1818 1745 1929 1775 eum
1957 1728 2018 1775 ab
2048 1729 2180 1775 omni
2213 1727 2493 1775 adversitate

377 1818 622 1872 protegas,
647 1818 693 1855 et
717 1808 897 1855 ancillis
930 1809 1020 1855 tuis
1049 1809 1338 1855 incolumem
1367 1809 1553 1856 reddas.
1584 1812 1671 1855 Per
1697 1809 1982 1868 Dominum,
2005 1819 2094 1856 etc.
2121 1828 2143 1852 »
2172 1808 2316 1866 Quod
2348 1810 2385 1855 si
2419 1826 2493 1856 1116

377 1889 612 1936 Dominus
635 1889 683 1935 in
710 1887 930 1935 manibus
954 1889 1260 1935 inimicorum
1286 1889 1556 1948 tradiderit,
1580 1889 1757 1936 56111661
1780 1899 1834 1935 111
1858 1890 1947 1953 ipsi
1977 1888 2282 1954 praevalentes
2317 1905 2392 1935 me
2426 1890 2495 1935 in-

376 1968 631 2026 terficiant,
660 1979 741 2016 aut
758 1985 1048 2034 quocunque
1072 1985 1184 2016 casu
1210 1969 1336 2016 viam
1362 1970 1592 2017 universae
1616 1970 1771 2017 carnis
1795 1970 1967 2017 absens
1989 1986 2015 2017 a
2040 1969 2176 2017 vobis
2201 1970 2438 2034 ingrediar
2454 1973 2489 2026 8;

376 2049 578 2096 cadaver
605 2049 804 2097 obsecro
839 2059 1055 2096 nostrum
1086 2048 1358 2113 ubicunque
1386 2049 1459 2096 vel
1489 2049 1728 2115 sepultum
1759 2048 1833 2097 vel
1869 2050 2137 2115 expositum
2166 2050 2393 2113 jacuerit,
2431 2050 2489 2096 ad

376 2130 657 2177 cimiterium
675 2139 884 2177 vestrum
909 2128 1080 2176 deferri
1115 2129 1313 2187 faciatis,
1350 2128 1430 2175 ubi
1457 2128 1561 2176 ffliae
1592 2131 1816 2187 nostrae⁹,
1855 2130 1952 2176 imo
1988 2130 2035 2175 in
2065 2129 2251 2176 Christo
2283 2146 2488 2189 sorores,

374 2209 645 2274 sepulcrum
673 2219 890 2257 nostrum
923 2210 1091 2274 saepius
1118 2209 1357 2268 videntes,
1380 2209 1440 2255 ad
1467 2226 1631 2274 preces
1649 2227 1738 2275 pro
1767 2227 1844 2257 me
1867 2210 2077 2256 Domino
2105 2209 2371 2257 fundendas
2395 2227 2492 2257 am-

373 2291 495 2355 plius
526 2292 798 2339 invitentur.
829 2290 1019 2338 Nullum
1054 2291 1230 2355 quippe
1263 2290 1424 2337 locum
1458 2291 1626 2337 animae
1660 2290 1844 2338 dolenti
1868 2290 1928 2337 de
1960 2300 2266 2355 peccatorum
2295 2307 2490 2339 suorum

373 2387 533 2419 errore
557 2372 777 2420 desolatae
802 2372 1024 2418 tutiorem
1050 2387 1105 2418 36
1129 2369 1442 2417 salubriorem
1468 2370 1689 2429 arbitror,
1712 2388 1857 2435 quam
1873 2387 1983 2418 eum
2000 2372 2082 2434 qui
2102 2387 2215 2417 vero
2233 2371 2487 2435 paracleto,

373 2453 421 2499 id
441 2463 509 2499 est
528 2452 814 2500 consolatori
840 2452 1033 2516 proprie
1052 2460 1356 2498 consecratus
1383 2461 1474 2509 est,
1502 2460 1549 2498 et
1573 2451 1633 2498 de
1659 2452 1758 2515 ejus
1788 2452 1984 2498 nomine
2012 2450 2275 2515 specialiter
2300 2451 2491 2515 insigni-

372 2543 462 2579 tus.
495 2534 590 2578 Nec
619 2530 892 2578 Christianae
919 2530 1170 2595 sepulturae
1197 2530 1356 2576 locum
1387 2530 1558 2576 rectius
1581 2530 1709 2594 apud
1742 2530 1927 2594 aliquos
1962 2528 2150 2587 fideles,
2188 2545 2331 2592 quam
2362 2532 2489 2594 apud

373 2613 570 2661 feminas
582 2612 770 2659 Christo
790 2611 986 2658 devotas
1005 2611 1262 2658 consistere
1278 2627 1450 2658 censeo
1468 2646 1480 2670 ,
1504 2627 1607 2675 quae
1634 2610 1695 2658 de
1713 2612 1908 2658 Domini
1926 2614 2035 2658 Jesu
2057 2610 2229 2658 Christi
2249 2611 2487 2676 sepultura

372 2693 578 2740 sollicitae
595 2695 647 2750 ¹⁰,
681 2708 786 2739 eam
827 2691 1079 2755 unguentis
1125 2691 1343 2756 pretiosis
1363 2726 1375 2750 ,
1423 2701 1470 2738 et
1511 2701 1843 2756 praevenerunt
1875 2701 1921 2739 et
1957 2691 2218 2739 subsecutae
2256 2702 2366 2739 sunt
2387 2728 2400 2752 ,
2444 2704 2486 2740 et

371 2775 493 2820 circa
526 2772 626 2835 ejus
660 2771 931 2835 sepulcrum
966 2770 1242 2836 plangentes
1260 2774 1309 2829 ¹¹,
1348 2772 1468 2818 sicut
1494 2771 1723 2836 scriptum
1762 2782 1832 2819 est
1847 2775 1872 2797 ¹²
1903 2790 1912 2818 :
1955 2792 1977 2816 «
2014 2770 2231 2819 Mulieres
2273 2771 2489 2820 sedentes

371 2853 431 2898 ad
459 2860 827 2899 monumentum
859 2850 1242 2897 lamentabantur
1278 2851 1444 2898 flentes
1476 2851 1754 2898 Dominum.
1780 2871 1803 2895 »
1842 2851 2000 2898 Primo
2031 2850 2207 2898 ibidem
2239 2851 2300 2898 de
2332 2868 2485 2899 resur-

371 2933 581 2980 rectione
622 2931 723 2993 ejus
764 2930 974 2995 angelica
1008 2931 1304 2996 apparitione
1342 2941 1389 2978 et
1430 2931 1717 2979 allocutione
1760 2942 1871 2979 sunt
1914 2931 2168 2978 consolatae
2187 2967 2199 2990 ,
2245 2941 2292 2978 et
2329 2933 2483 2979 statim

369 3013 515 3077 ipsius
551 3011 908 3058 resurrectionis
941 3010 1139 3074 gaudia,
1180 3027 1238 3057 eo
1272 3010 1345 3057 bis
1381 3011 1447 3058 eis
1480 3022 1768 3076 apparente,
1805 3012 2048 3077 percipere
2090 3022 2397 3071 meruerunt,
2441 3024 2485 3059 et

371 3092 588 3140 manibus
621 3101 932 3139 contrectare.
968 3090 1086 3137 lllud
1112 3101 1271 3138 autem
1302 3091 1497 3138 demum
1525 3109 1668 3157 super
1697 3092 1857 3138 omnia
1889 3092 2079 3157 postulo
2097 3126 2109 3150 ‚
2149 3102 2199 3139 ut
2228 3109 2332 3156 quae
2358 3110 2486 3140 nunc

370 3175 430 3222 de
448 3174 663 3239 corporis
690 3174 781 3220 mei
801 3171 1013 3237 periculo
1040 3172 1184 3219 nimia
1212 3172 1529 3220 sollicitudine
1564 3173 1811 3232 1311013115,
1847 3183 1960 3220 111116
1979 3174 2213 3239 praecipue
2239 3173 2300 3219 de
2334 3174 2483 3221 salute

416 3336 422 3351 ¹
452 3335 565 3368 Psalm.
589 3346 636 3372 ct.
663 3348 691 3368 v.
715 3336 745 3367 2.
767 3353 808 3359 —
828 3334 840 3351 ¹
865 3336 996 3368 Oremus
1022 3334 1089 3366 MS.
1109 3333 1204 3367 Amb.
1228 3352 1259 3356 —·
1283 3333 1295 3349 ³
1318 3334 1399 3366 Per·
1444 3334 1508 3367 MS.
1531 3333 1624 3367 Amb.
1642 3350 1685 3358 —
1700 3331 1729 3350 ‘⁰
1749 3332 1863 3370 Marc„
1880 3343 1952 3376 cap.
1977 3343 2049 3372 xvi,
2071 3343 2101 3365 ν.
2127 3334 2139 3364 1
2162 3338 2280 3375 etseq.
2297 3351 2337 3356 —
2357 3332 2383 3350 ¹¹
2403 3334 2483 3366 I’lu-

369 3394 576 3424 severamium
598 3390 624 3423 1)
649 3401 833 3435 perperam.
857 3410 889 3415 —-
910 3390 922 3407 ⁴
940 3391 1059 3428 Eccli„
1083 3400 1156 3433 cap.
1185 3400 1284 3427 xxm,
1304 3400 1334 3421 v.
1358 3393 1367 3421 1
1390 3416 1398 3430 ,
1444 3393 1531 3423 rimis
1549 3391 1699 3429 lacrymis
1723 3395 1867 3429 urqemes
1888 3387 1981 3421 Rus.
2004 3405 2041 3411 —-
2062 3387 2090 3404 ⁴¹
2114 3387 2242 3425 Manu„
2262 3397 2336 3431 cap.
2375 3400 2481 3426 xxvn,

371 3449 459 3479 3.-
480 3446 493 3464 ⁸
517 3446 634 3479 Psalm.
660 3457 778 3486 xxxiv,
809 3457 838 3480 v.
872 3448 902 3479 2.
925 3463 969 3471 —
986 3446 999 3463 ⁰
1020 3446 1136 3479 Psalm.
1169 3456 1219 3486 01,
1246 3456 1276 3477 ν.
1308 3447 1341 3478 2.
1362 3463 1405 3470 -
1450 3456 1478 3478 v.
1502 3447 1556 3477 (51.

372 3502 383 3518 ⁷
405 3504 536 3537 oremus
565 3504 626 3537 MS.
656 3503 750 3537 Amb.
775 3520 812 3527 -
831 3503 842 3520 ⁸
861 3505 980 3536 Absens
1006 3504 1092 3536 vobis
1121 3502 1156 3535 D.
1178 3520 1219 3526 —
1244 3502 1256 3518 ⁹
1286 3503 1404 3534 Vestrae
