2970 4152
1242 332 1539 383 CARMlNA..
1560 358 1566 379 ·,
1610 346 1629 373 ·²

420 427 510 472 Quae
522 454 530 470 ‚
549 425 601 461 fili
621 426 692 471 mi,
711 426 884 474 praesagia

421 486 590 521 Fuerunt
604 484 667 521 illa
683 486 846 527 somnia!

419 566 523 614 Quid
539 568 617 613 sol,
637 566 731 616 quid
748 567 833 604 luna
847 596 856 611 ‚
875 567 928 604 fili
947 569 1022 612 mi,
1054 575 1074 599 ‘1

419 627 523 674 Quid
543 627 673 674 stellae,
694 627 786 678 quid
806 627 986 677 manipuli
1001 655 1011 672 ‚

421 689 512 734 Quae
530 701 677 725 mecum
694 688 761 725 diu
778 688 937 735 contuli,

419 749 613 795 Gerebant
628 750 666 786 in
684 762 722 786 se
739 750 915 797 mystici?

396 832 585 868 Posterior
600 838 691 868 natu
708 831 886 868 fratribus
896 860 906 875 ,

330 942 337 949 ·
397 894 470 931 Sed
484 896 495 916 ¹
513 906 640 931 amore
659 895 764 943 prior
778 893 953 931 omnibus
964 922 974 939 ‚

397 955 520 1001 Quem
536 955 699 991 moriens
715 961 835 991 mater
853 954 1059 991 Bennonim
1073 982 1082 998 ,

398 1015 509 1051 Pater
528 1013 692 1063 gaudens
709 1014 804 1051 dixit
819 1014 1027 1062 Benjamin.

399 1087 594 1124 Blanditiis
610 1082 688 1125 this
704 1089 882 1125 miserum

398 1147 601 1185 Revelabas
617 1150 715 1198 patri
733 1149 904 1186 sennium
917 1178 929 1196 ‚

398 1208 538 1245 Fratris
555 1210 648 1246 mihi
666 1210 826 1264 reddens
845 1211 1007 1259 speciem

400 1268 446 1305 Et
459 1269 601 1305 decorae
618 1271 747 1307 matris
761 1271 909 1308 faciem.

450 1343 618 1379 Pueriles
634 1345 758 1380 naeniae

445 1402 566 1451 Super
582 1411 712 1440 cantus
728 1416 858 1441 omnes

446 1463 582 1501 Orbati
598 1465 755 1501 miseriae

446 1525 554 1562 Senis
569 1533 676 1562 eraut
692 1526 832 1562 dulces.

446 1597 632 1634 Informes
648 1599 687 1635 in
706 1599 800 1635 facie

449 1659 588 1696 Teneri
604 1671 812 1705 sermones,

449 1717 614 1755 Omnem
630 1719 851 1769 eloquentiae

447 1778 478 1814 F
478 1791 585 1815 avum
603 1780 919 1817 transcendentes.

446 1852 618 1889 Duorum
634 1853 762 1890 solatia

446 1912 687 1950 Perditorum
705 1914 864 1950 maxima

447 1972 616 2010 Gerebas
629 1974 669 2010 in
688 1981 739 2019 te,
760 1973 830 2011 fili!

448 2046 533 2082 Pari
552 2046 834 2095 pulchritudine
851 2087 854 2090 ,

448 2104 728 2155 Repraesentans
747 2115 926 2158 utrosque
938 2138 947 2153 ‚

448 2165 643 2205 Reddebas
661 2169 714 2205 sic
730 2181 790 2205 me
807 2169 915 2206 mihi.

448 2240 548 2277 Hinc
564 2248 690 2279 teum
704 2243 774 2279 hos
791 2242 959 2291 perdidi,

451 2301 498 2337 Et
513 2301 597 2350 plus
609 2302 712 2350 justo
728 2306 834 2341 tenui

450 2361 556 2398 Hanc
571 2363 747 2408 animam,
768 2363 819 2399 fili
837 2364 904 2400 mi.

451 2433 575 2471 AEtate
589 2441 633 2471 tu
649 2436 825 2484 parvulus
835 2465 845 2482 ,

452 2506 497 2541 Iu
516 2503 646 2540 dolore
662 2503 845 2540 maximus
855 2531 866 2547 ,

451 2565 556 2602 Sicut
574 2565 685 2602 matri
701 2564 753 2601 sic
767 2563 879 2612 patri.

452 2639 569 2685 Deus,
588 2639 649 2675 cui
667 2638 785 2675 servio
798 2665 811 2685 ,

452 2700 513 2735 Tu
531 2711 598 2736 nos
614 2698 722 2736 nobis
736 2698 848 2735 facito

454 2759 566 2808 Apud
581 2766 620 2796 te
635 2758 829 2808 conjungi.

827 2873 896 2909 111.

370 2957 542 2982 numerus
568 2957 740 2982 vmcnwu
767 2957 922 2982 munus
946 2958 1047 2983 suna
1072 2958 1166 2984 rum
1195 2959 1329 2984 JRPRTAE

749 3017 948 3043 oALAnt‘rAE.

407 3157 466 3194 Ad
482 3158 591 3195 festas
606 3158 760 3194 choreas
776 3157 925 3194 coelibes

405 3218 459 3255 Ex
474 3230 578 3255 more
596 3218 717 3255 venite
732 3218 913 3267 virgines!

380 3323 392 3340 ¹
417 3323 528 3357 Greith
546 3324 624 3356 ωιέ.
641 3338 686 3349 —·
704 3320 718 3339 ¹
734 3321 848 3357 Greith
866 3331 874 3351 =

905 3374 1038 3409 occepisti
1048 3393 1056 3404 .
1067 3374 1124 3400 fili·
1137 3382 1203 3405 moa,

942 3424 1000 3449 nux
1018 3423 1071 3453 ιίι,
1088 3423 1177 3450 unica.

1483 426 1537 460 Ex
1554 437 1658 460 more
1674 424 1748 460 sint
1762 424 1839 460 odae
1857 424 2000 460 flebiles
2014 453 2022 469 ‚

1486 667 1634 702 Auratae
1650 665 1724 701 sint
1737 665 1849 714 longe
1865 664 2026 701 ciclades
2038 695 2048 709 ,

1487 726 1534 761 Et
1553 725 1675 770 cultus
1694 725 1769 761 sint
1786 724 1914 773 procul
1935 724 2080 763 divites.

1438 785 1650 839 Galadithlae
1665 785 1771 833 virgo
1787 784 1933 833 Jephtae
1955 784 2027 821 filia

1444 845 1651 882 Miseranda
1668 845 1783 893 patris
1802 845 1897 881 facta
1917 844 2085 890 victima,

1487 909 1641 943 Annuos
1659 906 1848 954 virginum
1862 904 1986 955 elegos
2000 934 2009 949 ,

1486 968 1532 1003 Et
1551 967 1604 1015 pii
1621 966 1796 1003 carminis
1811 965 1984 1002 modulos

1489 1027 1635 1064 Virtuti
1653 1026 1809 1074 virginis
1826 1025 1972 1062 debitos

1487 1088 1558 1124 Per
1576 1099 1692 1123 annos
1707 1086 1824 1136 exigit
1841 1086 2024 1135 singulos.

1490 1284 1546 1319 Ne
1563 1290 1691 1320 votum
1709 1283 1757 1319 sit
1772 1283 1889 1331 patris
1904 1281 2057 1319 irritum
2069 1311 2078 1326 ‚

1491 1343 1751 1392 Promissaque
1767 1341 1916 1379 fraudet
1934 1342 2137 1379 Dominum
2149 1371 2159 1386 ‚

1491 1405 1563 1440 Per
1582 1404 1686 1440 hunc
1701 1403 1831 1440 solavit
1847 1402 2048 1452 populum,

1491 1465 1536 1501 In
1555 1476 1665 1500 suum
1682 1464 1784 1500 hunc
1800 1470 1911 1512 urget
1922 1463 2115 1512 jugulum.

1541 1525 1674 1562 Victor
1691 1524 1755 1561 hic
1772 1523 1818 1560 de
1836 1522 1962 1573 praelio

1541 1585 1639 1621 Dum
1657 1584 1757 1622 redit
1774 1597 1860 1621 cum
1878 1583 2019 1633 populo
2032 1611 2041 1627 ,

1539 1645 1648 1682 Prior
1666 1644 1744 1680 haec
1760 1655 1833 1693 prae
1851 1642 1989 1693 gaudio

1539 1705 1713 1742 Accurrit
1728 1716 1814 1741 cum
1833 1710 2021 1752 tympano.

1539 1977 1556 1994 α
1572 1960 1777 2009 Decepisti‚
1796 1958 1869 1995 filia
1882 1986 1895 2006 ‚

1537 2021 1599 2057 Me
1615 2020 1692 2056 dux
1708 2020 1779 2065 ait,
1801 2019 1910 2055 unica
1923 2019 1954 2063 ⁸,

1537 2081 1585 2117 Et
1600 2080 1755 2129 decepta
1771 2078 1878 2126 cujus

1538 2141 1674 2178 Nostra
1688 2140 1769 2176 lues
1786 2137 1939 2188 gaudia,

1537 2202 1736 2251 Quamque
1753 2198 1859 2236 dedit
1876 2199 2059 2236 Dominus

1537 2261 1667 2299 Perdit
1683 2267 1720 2298 te
1733 2259 1902 2298 victoria.
1915 2274 1934 2294 n

1536 2334 1605 2371 Illa
1621 2334 1736 2371 refert
1755 2350 1761 2370 :
1784 2348 1803 2367 κ
1817 2332 1972 2370 Utinam

1538 2396 1622 2432 Mea
1638 2393 1851 2444 ignorantia

1543 2455 1670 2491 Tantae
1687 2455 1739 2490 rei
1757 2453 1947 2490 victimam

1540 2517 1655 2564 Aptet
1671 2514 1723 2550 sic
1741 2511 1936 2562 placidam.

1541 2586 1740 2625 immolare
1756 2585 1874 2622 filium

1539 2648 1681 2688 volens
1699 2646 1888 2684 Abraham
1897 2674 1911 2694 ‚

1541 2709 1627 2746 Non
1644 2709 1742 2745 hanc
1758 2705 1858 2756 apud
1876 2706 2078 2744 Dominum

1540 2769 1684 2807 Habuit
1703 2767 1859 2817 gratiam
1873 2794 1885 2814 ‚

1539 2829 1593 2866 Ut
1607 2828 1654 2865 ab
1671 2828 1752 2877 ipso
1768 2839 1928 2877 puerum

1540 2889 1665 2928 Vellet
1679 2888 1853 2926 hostiam.

1510 3005 1515 3012 ,
1540 2965 1707 3001 Puerum
1727 2964 1794 3013 qui
1811 2963 1975 3012 respuit,

1542 3026 1603 3063 Sic
1620 3024 1782 3074 puellam
1799 3025 1968 3074 suscipit.

1418 3098 1532 3147 Quod
1548 3097 1661 3134 decus
1678 3098 1725 3134 sit
1742 3108 1849 3134 sexus
1866 3097 1940 3134 mei
1960 3097 2109 3145 percipe
2124 3123 2135 3141 ‚

1417 3158 1527 3196 Uteri
1543 3158 1609 3208 qui
1626 3158 1682 3194 tui
1697 3157 1844 3194 fructus
1862 3156 2037 3206 inspice.'

1418 3219 1522 3267 Quid
1538 3218 1657 3262 enim,
1676 3216 1769 3267 quid
1787 3215 1857 3254 tibi
1877 3216 1926 3253 sit
1941 3216 2018 3253 hoc
2035 3215 2159 3264 glor-ia
2172 3242 2184 3261 ,

1483 485 1531 521 Et
1547 484 1715 532 planctus
1732 491 1774 520 ut
1789 490 1919 520 cantus
1937 483 2115 521 celebres.
2163 516 2166 519 .

1482 543 1635 580 Incultae
1653 545 1729 580 sint
1747 551 1885 580 moestae
1904 545 2015 580 iacies

1484 605 1733 653 plangentum
1749 611 1787 640 et
1801 604 1958 641 flentum
1978 605 2116 642 similes
2127 634 2136 649 ‚

1418 1164 1454 1201 Ο
1473 1162 1695 1212 stupendam
1714 1161 1796 1211 plus
1812 1174 1924 1211 quam
1945 1161 2106 1198 flendam
2124 1163 2324 1210 virginem!

1418 1223 1455 1260 Ο
1472 1236 1584 1273 quam
1601 1235 1728 1259 rarum
1745 1222 1799 1258 illi
1816 1222 1938 1258 virum
1960 1221 2143 1258 similem!

1415 1767 1544 1812 ‘Quam
1560 1765 1689 1802 videns
1706 1771 1745 1801 et
1764 1775 1915 1814 gemens
1926 1756 2041 1812 'pater
2057 1763 2187 1799 anxius

1419 1827 1492 1863 Dat
1508 1826 1679 1874 plausum
1699 1825 1738 1861 in
1755 1823 1945 1873 planctum
1963 1823 2037 1860 voti
2055 1823 2238 1860 conscius.

1419 1886 1675 1935 Triumphum
1693 1884 1732 1921 in
1753 1884 1897 1920 luctum
1915 1883 2026 1920 vertit
2046 1882 2215 1933 populus.

2171 2255 2188 2274 ὸ

2353 331 2447 377 335
