2970 4152
538 398 632 445 588
1334 394 1504 441 PETRI
1538 395 1852 443 ABAELARDI

535 494 723 554 doceat,
744 494 826 558 qui
849 510 877 540 a
898 492 1079 557 populo
1092 492 1194 555 jam
1213 500 1317 538 toto
1334 501 1552 557 tempore
1564 491 2031 556 sequestratus‘vixit.
2048 491 2265 555 Denique
2284 490 2418 554 quod
2437 490 2501 537 ait
2522 492 2643 555 Apo·-

537 573 685 620 stolus
700 611 711 632 ‚
737 573 846 637 quia
870 580 1060 635 oportet
1083 586 1196 617 eum
1216 570 1604 635 habere—bonum
1626 572 1977 629 testimonium,
2009 580 2057 617 et
2081 570 2142 617 ab
2163 570 2239 617 his
2261 570 2345 634 qui
2376 569 2493 618 foris
2513 579 2647 627 sunt,

538 653 790 702 attendatis
827 652 909 715 qui
944 651 1120 699 electus
1154 661 1224 698 est
1257 651 1319 698 de
1351 651 1651 716 ‘subjectione
1693 652 1754 699 ad
1791 651 2117 716 praelationem
2132 688 2143 709 ‚
2184 650 2245 697 de
2279 659 2563 715 paupertate
2591 648 2657 697 ad

537 732 883 779 abundantiam
911 730 1191 790 translatus,
1218 747 1369 795 quam
1397 726 1589 778 difficile
1622 732 1681 778 sit
1714 747 1825 777 eum
1858 730 2046 776 bonum
2074 729 2402 790 testimonium
2423 722 2649 786 retinere,

537 812 617 858 ubi
640 811 701 858 de
729 811 991 859 ambitione
1022 811 1175 875 major
1198 828 1344 875 quam
1364 800 1436 858 'de
1459 811 1688 874 religione
1718 810 1932 874 subrepit
1960 810 2144 874 opinio.
2172 811 2323 856 Nemo
2355 807 2659 878 autemmihi·

534 892 728 955 objiciat
746 892 879 956 quod
901 892 951 938 in
975 892 1181 956 antiquis
1203 891 1502 956 temporibus
1523 890 1692 939 multis
1705 891 1766 937 de
1790 882 2054 938 monastica
2072 890 2302 954 religione
2322 889 2384 937 ad
2402 889 2653 954 episcopa-

534 983 636 1020 tum
655 974 834 1030 tractiS,
853 989 939 1037 per
957 989 1039 1020 eos
1056 972 1266 1024 Ecclesia
1284 974 1333 1019 in
1352 989 1576 1036 magnam
1594 971 1807 1018 fidelium
1826 988 2029 1019 messem
2051 982 2099 1018 et
2119 973 2353 1019 virtutum
2370 971 2562 1035 copiam
2583 985 2657 1017 ex·

535 1054 698 1099 crevit.
719 1053 904 1099 Scimus
922 1062 970 1099 et
985 1069 1074 1099 nos
1095 1052 1202 1111 ista,
1221 1069 1310 1100 nec
1333 1069 1561 1116 negamus
1583 1052 1792 1115 cognita.
1819 1051 1913 1099 Sed
1935 1051 2093 1098 edocti
2115 1051 2176 1098 de
2192 1051 2418 1116 proximo·
2435 1060 2655 1115 tempora

535 1133 866 1191 discernimus,
887 1141 934 1179 et
950 1149 1061 1178 cum
1080 1133 1327 1197 praeteritis
1343 1132 1593 1197 praesentia
1611 1131 1913 1178 conferentes
1935 1131 2201 1195 reperimus
2216 1130 2429 1178 officium
2444 1129 2656 1194 episcopi

534 1224 668 1261 tanto
693 1230 822 1260 nunc
844 1213 1127 1270 laudabilius
1150 1223 1197 1260 et
1218 1213 1454 1260 salubrius
1475 1213 1657 1277 respui,
1685 1222 1868 1276 quanto
1896 1211 2182 1273 laudabilius
2210 1222 2258 1259 et
2283 1209 2667 1266 salubriusolim

536 1293 896 1358 suscipiebatur.
921 1295 1052 1339 Tunc
1074 1292 1359 1339 honorabile
1383 1308 1562 1338 nomen
1586 1292 1824 1356 episcopi,
1850 1302 1897 1339 et
1917 1291 2107 1339 salubre
2125 1290 2339 1338 officium
2360 1290 2449 1337 fuit
2469 1308 2480 1336 ε
2499 1276 2656 1353 ‘quum

536 1374 748 1439 episcopi
770 1390 869 1420 non
887 1383 985 1420 tam
1008 1372 1247 1419 honorem
1269 1389 1415 1436 quam
1438 1389 1561 1418 onus
1583 1372 1895 1436 susciperent,
1916 1371 2231 1419 nullis-adhuc
2254 1370 2427 1435 opibus
2448 1368 2657 1416 Ecclesia
2743 1383 2862 1474 n

536 1455 701 1514 ditata,
721 1455 805 1502 sed
822 1455 1022 1502 assiduis
1042 1454 1431 1501 tribulationibus
1453 1454 1646 1513 afflicta,
1666 1454 1862 1518 quando
1887 1455 1935 1500 in
1959 1470 2065 1501 eam
2087 1453 2418 1518 persecutione
2437 1451 2658 1498 saeviente

537 1554 618 1584 eos
646 1537 855 1600 primum
884 1545 967 1584 aut
998 1535 1261 1599 plurimum
1289 1534 1504 1582 infideles
1536 1545 1937 1599 persequerentur
1952 1572 1962 1592 ,
1997 1550 2120 1598 quos
2155 1534 2204 1580 in
2234 1532 2388 1597 capite
2424 1524 2671 1596 noverant„

537 1616 836 1663 constitutos.
874 1618 1011 1661 Nunc
1048 1625 1208 1661 autem
1230 1614 1440 1661 Ecclesia
1467 1614 1768 1678 corporalem
1796 1630 1973 1678 pacem⁴
2009 1613 2206 1678 adepta,
2253 1612 2376 1659 sicut
2414 1611 2467 1658 in
2498 1610 2660 1675 primo

534 1695 590 1741 de
628 1696 823 1740 Ciuitate
852 1695 943 1740 Dei
971 1693 1140 1740 beatus
1167 1693 1386 1740 meminit
1418 1694 1728 1757 Augustinus,
1775 1693 1918 1756 longe
1955 1693 2219 1756 graviores¹
2262 1683 2678 1755 expressione-§Qa-

533 1775 657 1821 vitiis
691 1775 819 1820 intus
849 1774 1159 1831 sustinemus,
1196 1790 1343 1837 quam
1370 1783 1487 1820 tunc
1514 1774 1720 1820 externis
1750 1773 1812 1820 ab
1846 1772 2082 1819 hostibus.
2118 1775 2256 1820 Nunc
2284 1771 2414 1818 enim
2439 1754 2659 1816 libertate

534 1855 754 1919 pessima,
781 1854 1002 1919 cra-pulae,
1029 1864 1076 1901 et
1102 1853 1342 1913 ebrietati,
1370 1863 1417 1900 et
1440 1854 1574 1900 omni
1595 1853 1726 1900 luxui
1751 1863 1998 1911 vacantes,
2024 1851 2352 1899 interfectores
2383 1859 2657 1910 nostrarum

535 1934 770 1980 efficimur
801 1935 1094 1993 animarum,
1130 1934 1251 2007 sicut
1277 1933 1344 1980 illi
1366 1943 1506 1980 antea
1537 1950 1822 1996 corporum,
1848 1942 1895 1979 et
1916 1931 2134 1979 civilibus
2157 1930 2447 1995 quibusdam
2471 1939 2519 1977 et
2539 1929 2660 1977 intc-

533 2016 666 2062 stinis
687 2014 822 2061 bellis
846 2015 970 2079 perit
993 2014 1225 2073 Ecclesia,
1249 2014 1371 2061 sicut
1393 2014 1510 2060 olim
1533 2014 1773 2061 destructa
1793 2024 1864 2061 est
1885 2017 2054 2060 Roma.
2077 2015 2326 2077 Tanquam
2346 2012 2476 2059 enim
2498 2010 2560 2058 ad
2582 2009 2657 2057 di·
2677 2025 2683 2031 ’

534 2095 762 2156 gnitatem
783 2095 996 2158 episcopi
1017 2094 1254 2158 pertineat
1276 2094 1342 2140 ita
1362 2093 1410 2139 in
1435 2093 1612 2140 divitiis
1643 2092 1912 2151 abundare,
1950 2093 2072 2139 sicut
2099 2093 2149 2138 in
2177 2091 2453 2156 praelatione
2474 2090 2654 2155 perire,

534 2189 632 2218 non
657 2172 790 2218 aliter
817 2188 866 2218 se
896 2172 1038 2235 digne
1060 2181 1257 2219 censent
1278 2171 1545 2236 episcopari
1562 2209 1573 2230 ,
1600 2172 1691 2218 nisi
1712 2170 2008 2236 splendidius
2029 2181 2076 2218 et
2105 2164 2371 2217 accuratius
2393 2170 2580 2227 vivant,
2612 2179 2659 2216 et

535 2252 671 2297 obliti
692 2251 926 2298 cibarium
948 2268 1148 2315 panem,
1180 2267 1278 2315 quo
1301 2261 1441 2298 antea
1466 2250 1797 2310 vescebantur,
1833 2250 1980 2297 corde
2001 2251 2050 2296 in
2085 2253 2342 2314 AEgyptum
2367 2259 2658 2297 revertentes
2678 2309 2688 2320 ι

536 2333 596 2379 de
629 2333 852 2391 heremo,
878 2331 984 2379 ollis
1002 2333 1233 2396 „carnium
1255 2332 1561 2396 impudenter
1582 2322 1882 2378 incumbant.
1909 2331 2003 2388 Qui
2025 2340 2176 2395 q'uum
2204 2329 2266 2377 de
2294 2329 2556 2394 apostolica
2583 2329 2657 2376 di-

536 2413 713 2476 gnitate
735 2412 1014 2475 glorientur,
1040 2429 1301 2477 pauperem
1324 2429 1493 2458 eorum
1513 2413 1661 2458 vitam
1684 2422 1731 2458 et
1754 2411 2072 2474 frugalitatem
2093 2410 2286 2457 beatam
2304 2410 2506 2456 omnino
2530 2409 2679 2474 refuv·
2694 2448 2708 2459 ..
2733 2471 2735 2473 ι

537 2495 691 2557 giunt‚
718 2510 862 2558 quam
885 2493 1120 2539 Dominus
1151 2494 1263 2558 ipsis
1285 2494 1333 2539 in
1359 2493 1674 2540 fundamento
1698 2493 2017 2552 constituens,
2053 2493 2118 2538 ait
2137 2494 2151 2517 ²
2179 2509 2188 2538 :
2219 2510 2242 2536 «
2269 2492 2398 2538 Beati
2425 2508 2662 2556 pauperes

536 2576 725 2639 spiritu,
759 2575 990 2639 quoniam
1022 2575 1236 2639 ipsorum
1270 2585 1341 2621 est
1374 2591 1576 2638 regnum
1612 2574 1861 2621 coelorum.
1895 2565 1926 2619 »¹
1950 2573 2135 2631 Quibus
2161 2570 2359 2638 quidem
2386 2572 2545 2620 verbis
2571 2589 2656 2637 pa-

537 2666 690 2702 tenter
712 2655 939 2714 ostendit,
964 2671 1065 2701 non
1088 2671 1174 2719 per
1194 2655 1434 2702 honorem
1456 2644 1768 2720 praelationis,
1797 2654 1880 2702 sed
1903 2671 1989 2718 per
2012 2670 2134 2702 onus
2155 2652 2438 2700 voluntariae
2456 2668 2658 2717 pauper·
2701 2656 2758 2695 ἢ

535 2737 642 2783 tatis
664 2735 810 2782 coelos
832 2736 1111 2799 promereri.
2583 2792 2600 2804 Ἀ
2621 2784 2645 2799 ι,

600 2819 790 2872 Quanta
811 2815 870 2861 sit
893 2825 1050 2861 autem
1071 2815 1364 2880 impudentia
1382 2816 1500 2863 tales
1515 2817 1767 2881 episcopos
1790 2817 1851 2863 de
1872 2816 2121 2863 monachis
2143 2815 2293 2862 factos
2308 2800 2527 2862 habitum
2549 2819 2656 2879 mov.-

536 2896 677 2943 nachi
709 2896 936 2956 retinere,
963 2905 1010 2942 et
1031 2912 1130 2942 non
1154 2897 1416 2943 monastice
1441 2897 1601 2944 vivere
1617 2935 1628 2956 ,
1655 2899 1754 2945 imo
1777 2915 1871 2945 suae
1892 2897 2178 2962 professioni
2200 2895 2440 2944 contraria
2461 2903 2696 2961 profflqsm,

538 2993 693 3040 agere,
720 2975 825 3039 quis
847 2991 947 3021 non
968 2974 1130 3021 videat
1152 2986 1333 3039 quanta
1354 2977 1413 3022 sit
1434 2977 1760 3041 impudentia?
1783 2979 1900 3035 Quis
1922 2978 2110 3041 ignoret
2126 2976 2187 3023 de
2208 2975 2399 3031 talibus,
2425 2984 2478 3021 ut
2498 2973 2662 3021 verbis

538 3068 644 3104 utar
669 3056 982 3121 apostolicis³,
1009 3057 1120 3121 quia
1142 3058 1349 3121 primam
1371 3056 1517 3104 fidem
1540 3058 1722 3105 irritam
1745 3059 1982 3124 fecerunt,
2015 3068 2062 3105 et
2089 3070 2248 3122 quam·
2263 3055 2490 3104 contrarii
2518 3051 2654 3120 rep&—

539 3139 721 3183 riantur
751 3137 924 3183 sanctis
955 3136 1170 3201 patribus
1203 3136 1418 3183 similiter
1450 3138 1714 3200 promotis?
1749 3140 1855 3185 Non
1889 3138 2058 3185 beatus
2088 3137 2317 3194 Martinus
2353 3126 2659 3202 asperitatff

539 3218 677 3264 cilicii
706 3233 788 3263 seu
820 3218 912 3264 cibi
935 3235 1024 3282 pro
1047 3217 1322 3283 praelatione
1344 3218 1546 3264 mutavit
1567 3218 1841 3283 episcopali.
1868 3222 2027 3276 Quare
2048 3219 2096 3265 in
2122 3217 2399 3277 hospofficio
2422 3233 2521 3263 non
2549 3233 2656 3280 quae

539 3314 623 3344 sua
646 3306 824 3353 essent,
851 3297 933 3343 sed
956 3314 1060 3361 quae
1082 3301 1190 3344 Jesu
1213 3298 1386 3344 Christi
1409 3296 1666 3360 quaerebat.
1691 3298 1806 3354 Quis
1826 3298 2033 3362 denique
2050 3315 2148 3344 non
2170 3297 2384 3355 miretur,
2411 3295 2541 3360 quod
2560 3294 2653 3342 hoc

589 3481 596 3497 ¹
626 3481 698 3521 Leg.
721 3480 908 3510 eversiones.
924 3495 966 3501 —
981 3477 992 3494 ¹
1011 3477 1109 3509 Maub
1131 3503 1137 3516 ,
1159 3489 1229 3521 cap.
1250 3489 1282 3519 v,
1310 3489 1342 3511 v.
1359 3479 1388 3512 3.
1407 3495 1450 3505 —-
1468 3480 1481 3498 ³
1502 3479 1579 3513 Tim.
1602 3480 1638 3519 1,
1657 3490 1730 3522 cap.
1747 3491 1778 3519 v,
1794 3490 1824 3512 v.
1843 3481 1893 3512 12.
