2970 4152
862 426 981 474 CUM
1016 427 1185 476 PETRI
1224 427 1537 476 ABAELARDI
1571 428 2002 494 SOLUTlONIBU83
2398 435 2492 482 255

1198 566 1394 637 Solutz'ror
1411 570 1462 615 A
1458 566 1670 625 boelardc'.
1745 544 1748 546 -

442 681 706 730 Sciendum·
716 697 832 730 vero
852 682 902 729 in
929 683 1064 729 omni
1080 681 1308 748 parabola
1331 698 1430 730 non
1455 692 1554 730 tam
1572 683 1642 730 rei
1659 684 1904 731 veritatem
1923 701 2194 750 expressam
2209 702 2328 746 esse,
2351 704 2496 751 quam

377 778 433 809 ex
459 773 592 828 parte
616 762 774 828 aliqua
799 763 877 810 reii
892 762 1252 812 similitudinem
1272 763 1519 812 inductam
1542 781 1671 824 esse,
1700 774 1747 812 et
1776 781 1899 830 saepe
1926 765 2135 813 historiae
2167 767 2350 814 veritati
2375 769 2501 815 simi·

376 842 629 891 litudinem
666 842 802 908 quasi
835 858 938 890 rem
975 853 1155 908 gestam
1179 844 1390 910 adjungi.
1418 847 1581 903 Quum
1608 845 1738 893 enim
1774 845 1836 892 de
1863 846 2008 894 divite
2036 857 2082 894 et
2116 850 2290 894 Lazaro
2318 858 2501 912 gestum

377 937 479 970 esse
501 922 723 970 creditur¹
739 923 790 970 in
814 921 1002 971 duabus
1025 925 1241 989 personis
1257 960 1270 984 ‚
1302 924 1380 972 vel
1409 926 1580 990 saepius
1603 925 1653 972 in
1691 924 1852 973 multis
1868 961 1880 985 ‚
1915 926 2048 990 quod
2077 926 2219 990 hujus
2249 929 2416 975 anima.
2442 930 2500 976 sit

378 1001 586 1063 salvata,
617 1002 741 1050 illius
768 1002 993 1051 damnata
1026 1021 1038 1050 t
1069 1020 1374 1070 nequaquam
1393 1005 1528 1068 juxta
1554 1004 1773 1052 litteram·
1794 1005 1953 1070 accipi
1978 1016 2135 1070 potest
2150 1040 2179 1066 ,-
2203 1008 2335 1071 quod
2368 1009 2500 1056 dives

378 1081 575 1130 Abrahae
602 1081 717 1131 dicit
733 1085 745 1108 ¹
781 1101 792 1130 :
836 1102 860 1128 «
882 1084 1013 1132 Mitte
1037 1087 1289 1144 Lazarum,
1325 1095 1379 1133 ut
1399 1095 1665 1133 extremum
1692 1085 1824 1150 digiti
1855 1087 1927 1133 sui
1953 1086 2156 1151 intingat
2175 1088 2222 1134 in
2251 1104 2426 1151 aquam
2453 1100 2499 1136 et

379 1161 618 1226 refrigeret
640 1161 852 1227 linguam
878 1178 1051 1211 meam.
1076 1182 1100 1209 »
1127 1167 1234 1212 Non
1262 1165 1391 1212 enim
1415 1166 1692 1212 animarum·
1708 1174 1778 1213 est
1811 1165 2011 1230 digitum
2032 1166 2341 1231 vel-linguam
2369 1169 2417 1214 in
2449 1178 2500 1216 se

378 1239 575 1301 habere,
617 1242 703 1290 sed
731 1259 994 1308 corporum
1028 1253 1235 1292 tantum.
1267 1244 1413 1303 Quod
1449 1262 1563 1310 ergo
1600 1245 1662 1293 de
1697 1245 1771 1293 his
1804 1246 2000 1306 dicitur,
2029 1247 2220 1294 n0n1ad
2255 1248 2499 1296 veritatem

378 1322 581 1385 pertinet
601 1323 668 1370 rei
684 1333 822 1387 gestae
840 1322 1466 1390 secundum-proprietatem
1482 1325 1648 1374 litterae
1662 1362 1675 1386 ‚
1697 1325 1781 1374 sed
1799 1326 1861 1373 ad
1879 1326 2499 1376 similitudinemdnduotam

377 1416 434 1448 ex
466 1400 622 1466 aliqua
647 1412 797 1468 parte,
827 1403 904 1450 Sic
931 1412 979 1451 et
1013 1402 1110 1451 hoc
1145 1403 1281 1463 loco,
1324 1421 1476 1468 quum
1503 1421 1802 1454 murmurare
1831 1405 2056 1453 dicuntur
2084 1406 2281 1470 quidam
2312 1417 2359 1454 et
2395 1418 2497 1454 tan-

376 1495 523 1545 quam
558 1481 794 1546 indignari
822 1482 956 1529 alios-
978 1481 1067 1530 sibi
1106 1482 1366 1547 adaequari,
1407 1481 1722 1532 murmuratio
1758 1485 1847 1532 ista
1873 1501 1974 1531 non
2007 1484 2374 1548 indignationiS,
2415 1488 2499 1534 sed

377 1560 700 1609 admirationis
723 1571 795 1610 est
816 1562 1108 1626 accipienda.
1137 1563 1233 1620 Qui
1261 1563 1390 1610 enim
1418 1573 1748 1621 murmurant,
1777 1564 2219 1625 miranturidsfieri,
2248 1566 2381 1630 quod
2398 1581 2497 1614 non

376 1638 649 1688 credebant.
682 1640 818 1688 Unde
855 1641 1170 1688 murmuratio
1201 1641 1280 1689 illa
1306 1658 1437 1690 nunc
1462 1642 1638 1690 dicitur
1669 1642 1930 1690 multorum
1966 1643 2180 1692 fidelium
2208 1645 2460 1694 admiratio
2480 1683 2492 1706 ,

377 1720 515 1783 quod·
532 1720 621 1769 sibi
649 1720 882 1768 videbunt
910 1721 960 1768 in
986 1722 1182 1786 praemio
1208 1721 1472 1786 adaequari,
1505 1739 1628 1787 quos
1649 1723 1861 1788 pauciori
1891 1733 2108 1789 tempore
2130 1736 2366 1773 noverant
2382 1742 2495 1791 ope-

377 1800 485 1846 rari.
516 1800 741 1847 Similiter
761 1800 928 1848 oculus
965 1817 1173 1865 nequam
1203 1818 1291 1867 per
1322 1801 1680 1850 similitudinem
1705 1802 1878 1853 dicitur
1905 1803 2159 1852 hominurn
2182 1806 2456 1855 invidorum
2476 1843 2488 1865 ‚

375 1879 458 1943 qui
490 1879 604 1926 inde
638 1879 865 1927 adversus
888 1878 1007 1927 alios
1031 1891 1425 1939 commoventur,
1463 1881 1597 1946 quod
1636 1883 1770 1946 quasi
1810 1893 1978 1930 contra
2015 1884 2250 1932 rationem
2282 1884 2458 1932 factum
2476 1921 2490 1945 ‚

375 1958 509 2023 quod
531 1974 632 2007 non
657 1958 958 2007 crediderant
974 1994 987 2020 ,
1023 1961 1271 2008 mirantur.
1306 1961 1415 2009 Tale
1440 1972 1510 2009 est
1530 1978 1644 2027 ergo
1672 1980 1682 2009 ε
1718 1982 1741 2007 «
1765 1966 1834 2010 An
1860 1962 2028 2011 oculus
2047 1973 2156 2011 tuus
2179 1980 2388 2028 nequam
2402 1977 2490 2026 est,

375 2039 488 2103 quia
525 2055 613 2104 ego
651 2039 809 2088 bonus
843 2041 982 2089 sum?
1014 2060 1038 2086 υ
1075 2051 1305 2106 tanquam
1330 2043 1368 2089 si
1400 2041 1580 2091 diceret
1611 2061 1621 2089 τ
1658 2043 1883 2108 Nunquid
1911 2060 1967 2091 ex
1994 2060 2054 2092 eo
2087 2044 2220 2109 quod
2245 2046 2388 2094 vides·
2409 2063 2494 2112 per

375 2132 533 2165 meam
556 2117 823 2168 bonitatem
851 2120 1046 2181 factum,
1078 2121 1420 2181 commoveris,
1450 2138 1586 2169 more
1611 2122 1804 2183 mundi,
1835 2139 1894 2171 ex
1920 2123 2165 2188 iniquitate
2192 2124 2254 2171 ad
2278 2125 2492 2190 indigna-

376 2198 595 2246 tionem?
623 2202 686 2247 Ac
708 2201 747 2247 si
764 2199 944 2249 diceret
965 2218 976 2247 :
1001 2203 1312 2266 Nequaquam
1330 2202 1397 2249 sic
1413 2202 1656 2250 convenit.
1681 2205 1783 2250 Hoc
1801 2212 1962 2251 autem
1982 2203 2246 2251 Dominum
2269 2206 2494 2270 cuiquam

375 2277 559 2339 dicere,
589 2289 661 2327 est
683 2280 843 2345 ipsum
865 2279 1020 2328 facere
1048 2280 1143 2328 hoc
1172 2280 1432 2346 intelligere
1448 2318 1461 2342 ‚
1491 2282 1626 2347 quod
1650 2298 1749 2330 non
1781 2282 1894 2330 hinc
1921 2282 2094 2331 debeat
2117 2283 2378 2349 indignari,
2407 2286 2492 2334 sed

376 2359 524 2422 magis
546 2357 741 2407 laudare
763 2362 934 2408 Deum.

1116 2500 1358 2532 PROBLEMA
1390 2501 1613 2535 HELOISSAE
1648 2504 1730 2533 xm
1737 2523 1746 2533 .

442 2598 650 2655 Quaestio
675 2598 753 2646 illa
776 2598 838 2646 de
861 2609 1057 2664 peccato
1083 2599 1132 2646 in
1167 2598 1395 2663 Spiritum
1431 2611 1647 2649 sanctum
1683 2600 1989 2648 irremissibili
2029 2618 2119 2648 nos
2153 2619 2348 2666 quoque
2377 2605 2497 2652 sicut

377 2677 552 2724 multos
563 2687 852 2726 commovet.
867 2679 1128 2737 Quomodo
1140 2682 1269 2729 enim
1282 2681 1389 2746 quis
1405 2681 1453 2728 in
1475 2680 1628 2728 filium
1643 2681 1748 2740 Dei,
1771 2691 1818 2728 et
1839 2681 2007 2728 nonin
2026 2681 2255 2747 Spiritum
2276 2693 2494 2731 sanctum

378 2773 574 2821 peccare
595 2767 753 2823 potest
772 2794 784 2818 ‚
813 2774 963 2823 quum
988 2775 1112 2807 unus
1133 2760 1315 2809 offendi
1339 2776 1642 2825 nequaquam
1670 2761 1772 2808 sine
1795 2759 1890 2807 alio
1912 2771 2056 2825 queat
2070 2796 2083 2821 ,
2110 2770 2158 2809 et
2182 2762 2323 2809 unius
2346 2763 2494 2831 offen-

377 2851 478 2882 sam
499 2837 549 2882 in
575 2846 830 2902 utrumque
854 2837 1125 2887 redundare
1143 2840 1203 2887 sit
1227 2857 1420 2890 necesse
1443 2859 1454 2887 :
1477 2855 1629 2904 quum
1653 2856 1957 2905 nequaquam
1981 2841 2205 2905 cuiquam
2223 2842 2372 2906 possit
2394 2858 2496 2889 esse

377 2914 611 2979 placatus,
639 2917 717 2964 cui
741 2917 828 2964 fuit
842 2916 922 2964 ille
946 2917 1155 2967 offensus
1177 2919 1196 2965 ἱ)

1195 3046 1376 3094 Solutc'o
1409 3046 1668 3095 Abaelardi.

444 3162 707 3224 Antequam
731 3160 1019 3209 solutionem
1037 3196 1050 3222 ,
1078 3172 1224 3228 prout
1246 3179 1502 3229 possumus
1519 3198 1533 3224 ,
1561 3179 1831 3230 ponamus,
1859 3163 2350 3229 praemittenda‘sunt,
2372 3175 2421 3212 et
2443 3181 2498 3211 ex

378 3238 574 3287 diversis
609 3241 906 3306 evangelistis
936 3241 1204 3307 colligenda
1240 3242 1382 3308 hujus
1420 3245 1664 3292 sententiae
1706 3243 1850 3291 verba
1866 3279 1879 3304 ‚
1917 3254 1964 3291 et
1998 3243 2136 3292 unde
2155 3244 2258 3309 ipsa
2290 3244 2497 3310 pendeat

378 3320 790 3383 praemittendum,
822 3332 874 3369 ut
898 3321 1076 3369 facilius
1096 3321 1158 3370 ad
1176 3322 1465 3372 solutionem
1483 3324 1543 3371 sit
1559 3323 1954 3388 perveniendum.
1976 3323 2106 3371 Sicut
2125 3340 2238 3388 ergo
2255 3325 2503 3372 Matthaeus

431 3500 438 3516 ¹
466 3499 562 3540 Luc..
578 3510 649 3544 cap.
673 3512 747 3542 xvi,
766 3513 796 3535 v.
816 3503 872 3535 24.
