2970 4152
879 421 998 468 CUM
1034 420 1202 468 PETRI
1237 420 1550 468 ABAELARDI
1585 420 2016 470 SOLUTIONIBUS.
2407 428 2500 474 283

1204 565 1383 612 Solutio
1398 631 1402 632 ⁷
1419 569 1461 612 A
1463 565 1673 619 boelat‘dl'.

376 696 382 701 ’
457 689 552 738 Sed
567 690 678 755 quia
691 674 859 737 eadem
871 677 1100 736 sententia
1115 689 1164 736 in
1183 689 1336 736 verbis
1358 690 1604 753 utriusque
1619 689 1864 754 prophetae
1882 692 2167 752 continetur,
2191 692 2495 758 breviloquus

391 770 677 835 evangelista
701 770 908 836 idipsum
923 805 935 829 ,
976 769 1107 833 quod
1144 769 1396 817 Malachias
1435 769 1577 829 dixit,
1606 770 1734 816 Isaiae
1775 771 2011 836 ascripsit,
2046 773 2128 836 qui
2162 774 2352 837 majoris
2394 786 2492 822 erat

391 851 696 910 auctoritatis,
716 860 763 897 et
778 866 806 896 a
824 865 923 914 quo
942 849 1145 897 fortassis
1168 850 1246 897 ille
1267 849 1362 896 hoc
1386 849 1630 897 didicerat.
1653 851 1812 898 Missio
1837 852 2015 917 quippe
2039 854 2192 917 angeli
2205 891 2217 914 ,
2248 854 2310 902 ad
2327 873 2496 920 paran-

392 931 503 978 dam
522 931 647 978 viam
673 930 885 989 Domini,
907 929 982 976 vel
1007 929 1107 994 ipsa
1121 930 1220 993 ejus
1238 931 1535 995 praeparatio,
1558 940 1604 977 et
1619 947 1712 976 vox
1731 931 1977 979 clamantis
1998 934 2047 979 in
2073 933 2276 994 deserto,
2302 938 2494 983 Joannis

393 1021 463 1058 est
482 1010 768 1076 praedicatio.
793 1013 949 1068 Quem
971 1009 1113 1056 etiam
1130 1009 1396 1075 diligentius
1420 1011 1560 1057 Isaias
1578 1010 1816 1071 describit,
1837 1029 1989 1075 quum
2016 1030 2126 1060 eum
2150 1031 2248 1061 non
2267 1016 2488 1079 angelum

392 1091 621 1157 appellat,
660 1091 745 1138 sed
769 1090 1054 1138 clamantem
1081 1090 1130 1136 in
1156 1090 1338 1139 'deserto
1363 1092 1670 1156 praenuntiat,
1700 1091 1829 1138 unde
1855 1102 1902 1139 et
1925 1092 2049 1140 bene
2076 1094 2358 1159 evangelista
2383 1108 2492 1161 post

391 1173 712 1220 testimonium
741 1173 891 1232 Isaiae,
921 1171 1053 1236 quod
1079 1159 1307 1236 posttrius
1331 1173 1515 1238 posuit,
1559 1173 1715 1220 statim
1750 1173 1943 1237 adjecit¹
1979 1193 1988 1220 ε
2027 1194 2050 1220 «
2083 1176 2188 1222 Fuit
2214 1180 2418 1224 Joannes
2442 1179 2490 1224 in

390 1253 577 1301 deserto
597 1253 856 1320 baptizans,
879 1263 926 1301 et
941 1252 1266 1319 praedican8.·,»
1291 1254 1435 1312 Quod
1457 1254 1651 1319 quidem
1665 1272 1815 1319 quum
1835 1255 1898 1302 ait
1921 1273 1931 1302 z
1964 1275 1987 1300 «
2018 1259 2070 1303 ln
2093 1256 2295 1318 deserto,
2316 1269 2361 1305 et
2377 1276 2493 1324 prae·

393 1334 580 1395 dicans,
611 1354 630 1380 n
661 1336 866 1401 apertius
891 1334 1047 1383 verbis
1067 1338 1295 1401 consonat
1317 1336 1444 1383 Isaiae
1468 1335 1690 1395 dicentis,
1720 1335 1897 1383 scilicet
1927 1354 1937 1382 :
1974 1356 1996 1382 «
2030 1340 2133 1384 Vox
2165 1337 2409 1386 clamantis
2443 1340 2489 1385 in

390 1414 596 1463 deserto.
629 1434 653 1460 »
674 1415 876 1463 Provide
901 1430 1094 1480 quoque
1113 1409 1290 1480 March
1308 1432 1458 1480 quum
1482 1417 1760 1482 praemiserit
1789 1434 1798 1462 ε
1833 1435 1856 1461 «
1879 1417 2118 1482 Scriptum
2138 1428 2207 1465 est
2231 1419 2279 1464 in
2297 1420 2432 1478 Isaia,
2466 1438 2488 1464 υ

393 1495 577 1543 addidit
597 1515 607 1543 :
641 1516 664 1542 «
685 1496 936 1562 propheta.
974 1515 996 1539 »
1023 1497 1266 1559 Tanquam
1290 1484 1423 1569 isaias
1450 1497 1722 1544 testimonio
1747 1513 1942 1561 quoque
1965 1497 2204 1545 Malachiae
2222 1501 2236 1524 ²
2258 1499 2493 1565 propheta

391 1577 551 1640 potius
575 1586 720 1637 esset,
749 1593 894 1641 quam
915 1576 995 1623 ille
1021 1593 1030 1621 ε
1057 1574 1140 1639 qui
1159 1574 1275 1635 hoo,
1305 1573 1352 1627 ut
1376 1577 1596 1638 arbitror,
1626 1578 1948 1625 testimonium
1976 1594 2033 1625 ex
2063 1579 2314 1644 prophetia
2339 1582 2487 1640 Isaiae,

392 1671 536 1720 quam
555 1655 747 1720 legerat,
765 1672 862 1704 non
877 1656 971 1702 hoc
987 1654 1083 1702 sola
1099 1655 1402 1719 inspiratione
1420 1657 1609 1722 spiritus
1621 1668 1880 1723 acceperat.
1900 1657 1970 1705 Ad
1988 1658 2118 1706 hunc
2130 1660 2272 1706 etiam
2292 1660 2489 1708 modum

391 1734 511 1783 illud
534 1752 674 1802 posse
702 1736 822 1783 solvi
844 1722 1059 1782 ⁴arbitror
1082 1736 1425 1798 testimonium,
1454 1737 1586 1803 quod
1612 1737 1856 1785 Matthaeus
1879 1738 2063 1786 inducit
2083 1739 2146 1786 de
2171 1739 2360 1788 duobus
2383 1759 2492 1806 pro·

390 1815 547 1880 phetis
585 1815 862 1875 collectum,
906 1815 1126 1862 Zacharia
1155 1816 1330 1864 scilicet
1367 1827 1412 1865 et
1444 1819 1671 1878 Jeremia,
1699 1835 1849 1883 quum
1867 1819 1968 1884 ipse
1990 1828 2144 1866 totum
2168 1820 2343 1868 tribuat
2364 1824 2492 1868 Jere-

391 1896 497 1943 miae
529 1895 742 1943 dicens':
770 1915 792 1940 α
824 1898 955 1942 Tunc
979 1894 1219 1959 impletum
1245 1907 1312 1943 est
1339 1898 1471 1961 quod
1496 1897 1675 1945 dictum
1714 1908 1785 1945 est
1808 1915 1895 1963 per
1926 1899 2178 1947 Jeremiam
2208 1900 2491 1965 prophetam

392 1974 630 2023 dicentem
647 1978 661 2000 ¹·
693 1994 702 2022 z
735 1995 757 2019 «
782 1978 840 2022 Et
864 1984 1144 2040 acceperunt
1163 1976 1351 2040 triginta
1368 1987 1614 2041 argenteos
1631 1979 1835 2042 pretium
1851 1979 2125 2043 appretiati,
2149 1996 2293 2044 quem
2321 1997 2490 2045 appre-

396 2073 419 2098 «
446 2055 682 2102 tiaverunt
705 2071 733 2102 a
757 2054 861 2101 filiis
888 2054 1056 2112 Israel,
1083 2064 1130 2101 et
1148 2055 1374 2103 dederunt
1398 2073 1480 2104 eos
1502 2058 1551 2104 in
1578 2075 1742 2121 agrum
1762 2057 1916 2121 figuli,
1952 2059 2069 2105 sicut
2103 2060 2345 2107 constituit
2377 2060 2486 2107 mihi

397 2154 419 2179 «
443 2136 693 2182 Dominus.
717 2154 740 2179 »
768 2137 930 2192 Quum
950 2135 1085 2198 igitur
1101 2144 1188 2182 tan
1210 2137 1419 2200 primum
1440 2137 1763 2184 testimonium
1778 2137 2027 2198 Zachariae,
2057 2156 2200 2203 quam
2227 2141 2488 2188 secundum

393 2215 630 2275 Jeremiae,
674 2215 723 2261 in
766 2215 936 2262 eadem
973 2214 1034 2261 de
1068 2215 1270 2263 Domino
1312 2217 1545 2264 sententia
1589 2218 1683 2264 sint
1727 2218 1981 2280 conjuncta
1995 2252 2008 2276 ,
2051 2220 2262 2266 Jeremiae
2301 2229 2454 2268 tamen
2472 2257 2483 2279 ,

391 2295 472 2358 qui
492 2295 685 2358 majoris
704 2305 803 2343 erat
821 2293 1118 2354 auctoritatis,
1139 2305 1179 2343 et
1198 2313 1226 2344 a
1248 2312 1348 2361 quo
1370 2297 1619 2345 Zacharias
1645 2297 1761 2345 illud
1783 2298 1917 2362 quod
1938 2298 2054 2347 dixit
2076 2300 2290 2365 accipere
2307 2301 2482 2366 potuit,

394 2375 638 2423 Matthaeus
655 2384 817 2423 totum¹
832 2375 1031 2454 Jeremia!
1052 2373 1229 2423 tribuit.

962 2476 1001 2614 s
1070 2527 1310 2560 PROBLEMA
1342 2529 1566 2561 HELOISSAE
1601 2530 1797 2560 xxxvul.

461 2631 579 2679 Illud
612 2648 805 2697 quoque
831 2617 1138 2698 testinonium
1172 2632 1404 2680 Zachariae
1430 2634 1700 2699 prophetae,
1737 2634 1870 2698 quod
1913 2636 2146 2682 Dominus
2181 2637 2229 2683 in
2266 2636 2481 2684 Matthaeo

392 2712 577 2761 inducit
592 2713 652 2761 de
669 2730 718 2761 se
737 2714 840 2778 ipso
860 2712 908 2759 di
943 2689 1057 2757 'nsfz
1076 2731 1099 2756 «
1124 2713 1362 2777 Scriptum
1377 2724 1444 2761 est
1459 2715 1587 2761 enim
1611 2733 1620 2761 z
1645 2734 1669 2759 «
1690 2715 1951 2763 Percutiam
1970 2726 2227 2780 pastorem,
2243 2726 2285 2764 et
2305 2716 2483 2782 disper-

397 2811 419 2836 «
440 2802 610 2856 gentur
627 2809 740 2840 oves
768 2793 894 2857 gregi
952 2808 976 2834 »
999 2791 1282 2838 nonnullam
1307 2803 1500 2857 generat
1521 2795 1846 2858 quaestionem.
1880 2798 1981 2843 Hoc
2005 2796 2132 2843 enim
2159 2795 2400 2844 Zacharias
2420 2796 2480 2844 de

392 2872 812 2938 pseudopropheta
838 2889 903 2938 po
920 2886 975 2917 us
1012 2887 1157 2935 quam
1198 2872 1259 2919 de
1296 2874 1506 2921 Domino
1546 2874 1704 2922 dicere
1744 2875 1947 2922 videtur.
1991 2876 2067 2923 Sic
2109 2877 2284 2941 quippe
2324 2877 2373 2923 in
2421 2893 2479 2924 eo

391 2953 620 3017 scriptum
637 2955 728 3000 est⁸
750 2971 760 2999 ε
793 2973 816 2998 «
844 2956 881 2999 E
899 2952 1003 3010 erit,
1020 2968 1170 3015 quum
1192 2953 1547 3018 prophetaverit
1562 2955 1797 3020 quispiam
1823 2955 1960 3016 ultra,
1979 2956 2140 3004 dicent
2161 2957 2204 3004 ei
2223 2968 2356 3022 pater
2379 2957 2479 3021 ejus

391 3042 438 3079 et
460 3043 611 3080 mater
641 3034 767 3097 ejus,
790 3035 872 3097 qui
902 3042 1137 3079 enuerunt
1162 3049 1272 3080 eum
1303 3052 1313 3079 z
1345 3053 1368 3078 «
1393 3037 1499 3081 Non
1523 3036 1673 3096 vives,
1693 3037 1805 3100 quia
1831 3036 2134 3084 mendacium
2152 3037 2336 3085 locutus
2355 3054 2405 3085 es
2429 3039 2478 3084 in

395 3132 418 3156 «
440 3114 636 3160 nomine
652 3114 861 3160 Domini.
893 3114 951 3157 Et
965 3111 1324 3176 configenteum
1334 3124 1468 3179 pater
1482 3115 1582 3179 ejus
1592 3126 1638 3163 et
1649 3127 1799 3164 mater
1815 3117 1931 3180 ejus,
1948 3118 2184 3180 genitores
2193 3118 2308 3181 ejus,
2328 3134 2476 3181 quum

392 3192 760 3258 prophetaverit.
792 3196 850 3240 Et
869 3191 929 3237 rit
947 3192 995 3237 in
1014 3191 1091 3239 die
1116 3192 1210 3253 illa,
1232 3193 1586 3259 confimdentur
1603 3196 1862 3262 prophetae,
1884 3198 2208 3261 unusquisque
2225 3214 2282 3244 ex
2298 3198 2477 3245 visione

393 3287 493 3331 sua,
511 3289 661 3337 quum
679 3273 837 3338 proph
860 3270 1022 3330 averit,
1042 3288 1131 3319 nec
1144 3274 1418 3338 operientur
1429 3275 1573 3340 pallio
1586 3276 1791 3335 saccino,
1808 3287 1859 3323 ut
1878 3277 2167 3324 mentiantur
2183 3296 2194 3336 ;
2218 3277 2302 3325 sed
2315 3277 2445 3324 *dicet
2463 3297 2471 3324 :

396 3506 409 3523 ⁸
427 3506 554 3548 nauh„
571 3517 644 3550 cap,
662 3518 737 3541 xxw
749 3533 758 3547 ‚
776 3508 846 3541 v‚1.
867 3524 901 3529 υ-
918 3505 931 3523 ⁶
951 3505 1101 3547 Zachar.,
1120 3517 1194 3550 cap.
1214 3519 1270 3542 xm
1282 3533 1291 3549 ‚
1309 3519 1341 3542 v.
1356 3511 1374 3541 3
1391 3516 1423 3543 et
1436 3520 1485 3553 sq.

760 3583 804 3858 s

438 3447 446 3463 ¹
473 3447 588 3486 Marc„
604 3458 679 3492 cap.
695 3460 723 3488 ι,
739 3459 771 3481 v.
789 3387 853 3581 lif>
867 3444 880 3462 '
894 3446 1047 3487 Malach.,
1063 3457 1135 3491 cap.
1156 3459 1207 3489 ιιι,
1226 3460 1256 3481 ν.
1279 3452 1306 3482 1.
1325 3450 1398 3474 —·⁸
1412 3450 1526 3484 Manli.
1539 3475 1548 3490 ‚
1563 3461 1636 3493 cap.
1656 3462 1744 3484 xxvu
1757 3476 1765 3491 ,
1788 3463 1818 3485 v.
1843 3453 1875 3485 9.
1894 3470 1935 3477 —-
1951 3453 1963 3470 ⁴
1978 3453 2215 3498 Zachar.,fcap.
2242 3465 2282 3492 n,
2309 3464 2340 3486 v.
2370 3454 2420 3485 12.
2439 3468 2475 3476 -
