2970 4152
410 503 468 539 Ad
487 516 524 539 se
545 514 690 539 sursum
707 509 812 539 vocat
828 502 997 553 quotidie
1009 530 1019 547 ,

407 563 455 599 Et
470 564 646 599 hortatur
666 570 792 600 mente
812 562 1073 601 conscendere.

457 659 567 694 Dicat
579 659 590 679 ¹
611 658 707 694 haec:
727 657 817 693 Post
832 664 869 693 te
889 657 999 694 trahe
1019 670 1097 701 me,

458 719 602 756 Nitenti
620 718 808 754 dexteram
825 718 997 767 porrige;

411 780 532 828 Super
548 791 687 828 pennas
702 785 899 815 ventorum
925 777 1046 815 evolas
1061 794 1070 823 3

415 843 510 888 Quis
529 847 706 890 sequetur
724 841 761 876 ni
779 851 920 888 pennas
943 839 1138 875 conferas?

462 921 651 958 Columbae
669 933 808 969 pennas
824 920 1007 969 postulet,

461 982 515 1018 Ut
534 981 578 1017 ad
597 981 762 1030 quietem
786 987 974 1029 properet.

413 1041 499 1078 Alas
517 1047 619 1089 petat
632 1041 794 1090 potentis
807 1039 954 1089 aquilae,

415 1101 562 1148 Quibus
581 1101 653 1138 alta
660 1101 788 1150 possit
804 1099 1065 1137 conscendere.

464 1189 575 1232 Dabit
590 1208 676 1232 cum
697 1196 765 1232 alis
780 1195 907 1232 oculos
918 1223 928 1239 ,

464 1256 519 1292 Ut
534 1256 627 1292 mihi
639 1257 655 1278 ²
672 1256 760 1292 solis
777 1255 900 1292 radios

419 1317 463 1353 In
481 1316 626 1352 reflexis
645 1316 762 1364 possit
780 1314 976 1351 obtutibus

419 1377 585 1422 Intueri,
604 1388 680 1426 quo
702 1376 756 1412 nil
773 1375 930 1412 felicius.

464 1471 642 1507 Pennatis
661 1469 914 1505 animantibus

465 1529 533 1566 Ille
550 1529 653 1566 locus
678 1529 859 1565 aethereus

419 1590 494 1625 Pro
512 1589 655 1625 meritis
673 1589 856 1625 virtutum
881 1586 1055 1636 congruit

420 1650 567 1697 Quibus
584 1649 657 1686 alas
675 1650 741 1686 has
757 1650 856 1686 Deus
875 1647 1034 1685 dederit.
1083 1646 1086 1649 ’

468 1737 524 1773 Sit
548 1736 701 1773 Christo
723 1747 890 1779 summo,
912 1741 983 1771 etc.

800 1846 977 1884 XLVIII.

539 1940 663 1985 Salve,
683 1939 841 1976 coelestis

538 1999 729 2037 Vexillum
747 2000 870 2048 regis;

541 2060 657 2103 Salve,
678 2072 768 2096 crux
788 2066 933 2104 sancta;

540 2149 623 2194 Qua
636 2175 646 2192 ‚
669 2136 831 2196 spoliato

542 2207 720 2244 Praedone
743 2207 848 2254 diro,

544 2267 669 2304 Praeda
695 2266 863 2304 reducta.

545 2355 682 2392 Averni
706 2361 821 2404 portae

544 2415 675 2451 Jacent
693 2414 881 2459 contritae,

547 2473 715 2512 Claustra
732 2473 939 2517 confracta5

547 2559 650 2595 'rau'
669 2559 821 2595 beatum

548 2619 634 2665 Quo
650 2620 899 2667 poenitentum

551 2679 689 2715 Fronte
705 2679 847 2726 signata
859 2706 869 2723 ,

553 2763 810 2800 Interfectoris

552 2824 613 2859 Ira
630 2822 790 2860 crudelis

554 2883 617 2919 Est
638 2881 806 2930 religata.

553 2967 644 3004 Fide
659 2968 674 2988 ⁴
689 2966 876 3003 latronum

554 3026 754 3074 Quondam
775 3033 1007 3066 tormentum

558 3089 645 3124 Eras
662 3099 731 3136 pro
747 3099 855 3136 poena
865 3114 877 3134 ,

553 3175 587 3211 N
591 3187 664 3212 unc
682 3174 903 3223 gloriosumr

556 3235 760 3272 Frontibus
778 3247 910 3284 regum

560 3295 718 3343 Signum
736 3295 924 3344 impressa.

1273 406 1552 454 CARMlNA.

1615 502 1675 537 Tu
1692 501 1837 550 lignum
1855 501 1958 547 vitae,

1614 562 1658 597 In
1678 574 1750 610 qua
1767 574 1832 598 rex
1847 561 1926 609 ipse

1615 621 1844 657 Conscendit
1861 620 1981 669 palma
1992 648 2011 664 ,ι

1620 730 1674 765 Ut
1700 729 1825 765 fructu
1848 729 1902 764 tui

1623 788 1758 825 Letalis
1772 789 1874 836 pomi

1622 848 1822 885 Restaurct
1843 847 1989 883 damna.

1622 953 1735 990 Felici
1754 960 1873 989 nautae

1625 1015 1743 1061 Quae⁸
1766 1015 1871 1063 quasi
1890 1026 1983 1049 nave

1627 1073 1803 1110 Fruendo
1821 1075 1913 1117 vita,

1628 1174 1700 1210 Per
1720 1187 1822 1210 mare
1839 1186 2016 1223 magnum

1632 1235 1713 1271 Hoc
1729 1233 1979 1282 navigandum

1630 1295 1694 1331 Est
1712 1295 1758 1330 ad
1780 1307 1952 1343 superna.

1632 1403 1805 1438 Personis
1829 1403 1962 1447 trinos,
1979 1408 2049 1437 etc.

1910 1526 2047 1563 XLIX.

1633 1638 1793 1686 Serpens
1809 1642 1954 1672 erectus
1964 1663 1974 1679 ‚

1628 1697 1854 1746 Serpentum
1871 1707 2016 1732 morsus

1634 1758 1868 1806 Conspectus
1886 1763 2001 1792 sanat.

1635 1855 1792 1905 Antiqui
1817 1855 1916 1891 virus

1632 1915 1824 1964 Serpentis
1852 1915 2026 1951 Christus

1636 1976 1844 2024 Suspensus
1867 1982 1985 2011 curat.

1639 2076 1780 2124 Sophia
1795 2074 1911 2123 patris

1643 2134 1828 2189 Medelam
1851 2133 1995 2170 cunctis

1643 2196 1695 2232 Ex
1707 2207 1744 2232 se
1761 2194 1961 2231 ministrat.
1972 2210 1980 2216 ·

1640 2296 1836 2345 Prophetae
1853 2296 1956 2344 virga

1638 2357 1740 2394 Silex
1756 2356 1814 2393 bis
1837 2356 1910 2392 icta

1639 2419 1749 2466 Aqua
1766 2414 1966 2453 redundat.

1651 2517 1778 2565 Lignis
1800 2515 1948 2552 duobus

1644 2576 1819 2613 Christus
1835 2587 2019 2624 appensus

1648 2636 1700 2672 De
1717 2647 1754 2672 se
1771 2646 1839 2672 nos
1854 2641 1970 2683 potat.

1648 2734 1746 2770 Bibit
1765 2735 1786 2770 J
1790 2733 1931 2778 udaeus,

1645 2793 1719 2830 Sed
1742 2794 1978 2830 Christianus

1647 2853 1822 2890 Refectus
1844 2860 1956 2890 extat.

1647 2953 1820 2988 Personis
1833 2980 1842 2997 ,
1864 2959 1933 2988 etc.

1976 3082 2017 3117 L.

1649 3178 1809 3226 Lignum
1828 3188 1970 3213 amaras

1646 3236 1819 3273 Indulcat
1839 3247 1951 3286 aquas

1647 3297 1707 3332 Eis
1725 3296 1947 3334 immissum.

2384 404 2478 451 313

442 3425 450 3441 ¹
474 3425 556 3459 Male
570 3425 653 3460 Cod.
671 3427 765 3462 cicae.
789 3446 828 3453 ——
851 3428 864 3445 ¹
877 3429 931 3462 Sic
943 3429 1025 3462 cod.
1052 3446 1092 3452 -
1113 3428 1203 3462 ‘Sim
1221 3428 1304 3463 Cod.
1319 3447 1342 3454 -
1355 3429 1429 3463 vid.
1485 3430 1526 3463 ad
1547 3438 1656 3462 vocem
1677 3429 1757 3462 Tau.
1777 3447 1815 3453 —
1833 3429 1845 3446 ⁴
1869 3429 1923 3462 Sic
1942 3429 2025 3462 Cod.
2040 3446 2063 3453 -
2085 3429 2186 3470 Turpe
2205 3428 2256 3461 vel
2277 3428 2359 3461 vile?
2372 3445 2417 3453 —
2438 3429 2449 3445 ⁵
2469 3428 2521 3461 Sic

398 3482 594 3515 Glossarium
607 3486 723 3519 medioe
742 3492 772 3517 et
796 3487 913 3525 irfimae
927 3486 1111 3519 Latinitatis
1123 3511 1133 3525 ‚
1149 3493 1235 3520 auct.
1258 3485 1429 3529 Ducange,
1486 3486 1569 3520 Cod.
1584 3505 1607 3511 -
1623 3487 1692 3526 Qua
1704 3485 1722 3518 Ρ

554 3551 572 3581 1
2311 3542 2363 3582 40
