2970 4152
1240 400 1558 448 EPISTOLAE.
2364 406 2382 451 Ἰ
2396 404 2456 449 55

339 497 506 544 dentes
532 494 693 542 oleum
722 501 1050 552 recurrerent,
1080 502 1210 539 extra
1223 492 1420 556 januam
1447 504 1792 541 remanserunt.
1823 494 2007 553 Quibus
2018 494 2118 558 jam
2140 493 2299 541 clausa
2315 494 2461 557 janua

338 575 507 623 frustra
530 573 828 640 pulsantibus
856 582 905 620 et
927 572 1239 620 clamantibus
1262 591 1271 619 :
1306 593 1329 619 «
1350 575 1557 621 Domine
1573 611 1587 634 ,
1616 575 1839 636 Domine,
1866 575 1996 640 aperi
2014 574 2155 622 nobis
2171 577 2201 635 ¹,
2225 594 2251 620 »
2279 574 2462 623 terribi-

337 655 443 704 liter
467 672 671 721 sponsus
699 655 800 720 ipse
825 653 1084 719 respondet
1108 672 1170 705 a«
1191 656 1338 702 Amen
1367 654 1476 702 dico
1501 655 1668 716 vobis,
1697 656 1858 703 nescio
1885 672 1988 703 vos.
2017 675 2040 700 »
2067 659 2198 704 Tunc
2216 665 2375 703 autem
2391 673 2463 703 re·

337 735 457 784 lictis
484 735 707 784 omnibus
730 733 917 782 nudum
942 733 1182 781 Christum
1206 733 1325 781 nudi
1351 736 1627 799 sequimur,
1662 736 1782 782 sicut
1809 738 1957 783 sancti
1984 736 2198 783 fecerunt
2224 735 2457 801 apostoli,

338 834 489 881 quum
512 827 708 882 propter
735 832 846 864 eum
870 831 969 862 non
994 815 1151 863 solum
1175 825 1385 863 terrenas
1417 817 1741 881 possessiones
1768 827 1849 864 aut
1873 817 2074 863 carnalis
2095 817 2463 882 propinquitatis

338 896 637 954 affectiones,
684 895 997 944 verumetiam
1032 896 1250 961 proprias
1273 897 1609 961 postponimus
1635 897 1906 945 voluntates
1938 915 1947 943 :
1986 907 2039 943 ut
2064 913 2163 944 non
2201 907 2367 945 nostro
2396 898 2463 944 vi-

338 995 506 1026 vamus
529 977 724 1025 arbitrio
748 1013 760 1037 ‚
788 976 871 1025 sed
896 977 1075 1043 praelati
1093 978 1243 1024 nostri
1262 978 1482 1042 regamur
1499 979 1702 1044 imperio
1723 1016 1736 1039 ,
1765 989 1812 1026 et
1831 980 1876 1026 ei>
1894 979 1978 1043 qui
1995 978 2135 1025 nobis
2159 979 2268 1026 loco
2289 979 2463 1026 Christi

339 1057 559 1123 praesidet
582 1067 812 1123 tanquam
838 1057 1025 1105 Christo
1045 1058 1234 1123 penitus
1252 1075 1341 1123 pro
1361 1058 1550 1106 Christo
1566 1052 1889 1123 subjiciamur,
1911 1058 2100 1106 Talibus
2120 1060 2249 1106 enim
2263 1060 2464 1124 ipsemet

339 1137 480 1186 dicit²
508 1156 518 1184 ε
551 1139 690 1197 «Qui
713 1154 800 1186 vos
825 1137 958 1185 audit
975 1174 988 1200 ,
1015 1154 1094 1185 me
1116 1137 1279 1198 audit3
1309 1148 1356 1185 et
1376 1139 1460 1203 qui
1481 1155 1568 1186 vos
1596 1139 1776 1204 spernit
1792 1176 1804 1200 ,
1836 1139 1937 1204 ipse
1962 1155 2040 1186 me
2068 1139 2263 1204 spernit.
2303 1157 2327 1184 »
2369 1140 2464 1196 Qui

339 1219 377 1266 si
404 1219 547 1267 etiam
563 1254 575 1278 ,
601 1219 734 1284 quod
758 1218 908 1278 absit,
937 1218 1062 1266 male
1081 1219 1207 1265 vivat
1223 1254 1236 1277 ‚
1258 1236 1409 1283 quum
1434 1219 1557 1266 bene
1576 1220 1844 1285 praecipiat3
1873 1235 1974 1266 non
1999 1229 2247 1266 esttamen
2273 1235 2331 1266 ex
2348 1219 2462 1265 vitio

338 1299 547 1348 hominis
559 1302 792 1348 sententia
807 1300 1163 1348 contemnenda
1178 1301 1282 1348 Dei.
1301 1304 1373 1348 De
1384 1300 1599 1365 quolibet
1617 1302 1818 1367 ipsemet
1836 1301 2046 1366 praecipit
2065 1300 2228 1347 dicens
2242 1302 2280 1347 ³:
2312 1303 2464 1358 «Quae

338 1378 542 1428 dixerint
564 1380 700 1428 vobis
728 1390 909 1428 servate
925 1416 938 1441 ,
970 1390 1018 1428 et
1045 1380 1182 1428 facite
1214 1399 1224 1427 ε
1260 1380 1526 1428 secundum
1553 1397 1667 1428 vero
1691 1397 1837 1446 opera
1866 1397 2034 1428 eorum
2065 1380 2213 1427 nolite
2241 1380 2411 1427 facere.
2438 1399 2460 1423 »

342 1463 474 1508 Hanc
484 1471 644 1510 autem
663 1461 726 1509 ad
743 1465 898 1509 Deum
919 1461 1177 1527 spiritalem
1194 1479 1222 1510 a
1239 1461 1401 1510 seculo
1420 1463 1786 1510 conversionem
1806 1463 2008 1528 ipsemet
2025 1461 2276 1526 diligenter
2292 1461 2465 1509 descri-

338 1540 408 1589 bit
426 1577 439 1601 ,
468 1540 659 1590 dicens*
681 1561 691 1589 :
727 1561 751 1588 «
771 1542 869 1590 Nisi
894 1543 1003 1607 quis
1030 1543 1373 1590 renuntiaverit
1398 1542 1624 1590 omnibus
1641 1560 1747 1608 quae
1762 1542 2001 1608 possidet,
2032 1559 2131 1589 non
2148 1551 2307 1607 potest
2329 1558 2463 1589 meus

338 1637 440 1669 esse
464 1621 740 1687 discipulus.
772 1641 796 1668 υ
828 1625 887 1670 Et
911 1623 1084 1670 iterum
1101 1625 1115 1648 ⁸
1135 1642 1147 1669 ε
1177 1642 1200 1668 «
1225 1623 1274 1670 Si
1296 1623 1402 1687 quis
1422 1623 1553 1671 venit
1568 1623 1630 1671 ad
1653 1640 1730 1671 me
1745 1657 1761 1684 ,
1783 1633 1945 1670 ernon
1971 1622 2073 1670 odit
2092 1632 2277 1688 patrem
2302 1639 2460 1682 suum,

337 1711 420 1749 aut
442 1713 646 1750 matrem
665 1739 677 1763 ,
719 1713 766 1750 et
790 1720 990 1751 uxorem
1011 1739 1023 1762 ,
1053 1713 1101 1751 et
1127 1703 1250 1751 filios
1267 1740 1279 1764 ,
1315 1714 1363 1751 et
1389 1704 1583 1765 fratres,
1615 1714 1663 1751 et
1687 1720 1902 1764 sorores,
1931 1703 2090 1750 adhuc
2117 1713 2278 1750 autem
2297 1713 2342 1750 et
2365 1704 2466 1750 ani-

337 1798 467 1830 mam
491 1799 626 1830 suam
643 1819 655 1843 ,
687 1799 786 1830 non
814 1793 971 1848 potest
997 1800 1132 1830 meus
1158 1800 1259 1831 esse
1284 1783 1561 1849 discipulus.
1586 1803 1609 1830 »
1641 1788 1744 1831 Hoc
1768 1794 1927 1831 autem
1946 1793 2017 1831 est
2035 1783 2170 1830 odire
2186 1793 2372 1848 patrem
2389 1783 2464 1831 vel

337 1872 538 1910 matrem
555 1900 570 1920 ,
600 1862 873 1911 affectiones
898 1863 1163 1912 carnalium
1193 1864 1605 1930 propinquitatum
1631 1864 1759 1911 nolle
1787 1865 1950 1929 sequi3
1983 1865 2100 1910 sicut
2128 1873 2176 1910 et
2202 1863 2338 1910 odire
2368 1864 2466 1909 ani·

337 1958 468 1990 mam
493 1959 628 1991 suam
656 1954 727 1991 est
750 1944 1047 1993 voluntatem
1069 1945 1317 2010 propriam
1344 1945 1479 2009 sequi
1501 1944 1646 1992 nolle.
1677 1944 1822 2002 Quod
1848 1944 1960 1991 alibi
1991 1960 2185 2008 quoque
2222 1943 2461 2008 praecipit,

338 2024 526 2072 dicens⁸
548 2043 558 2071 :
593 2045 617 2069 α
638 2026 686 2072 Si
709 2026 816 2090 quis
847 2025 949 2073 vult
979 2035 1088 2092 post
1111 2042 1191 2073 me
1217 2026 1412 2086 venire,
1440 2025 1644 2091 abneget
1674 2026 1981 2091 semetipsum
2002 2059 2015 2081 ,
2043 2034 2088 2072 et
2109 2023 2246 2071 tollat
2274 2040 2465 2071 crucem

337 2121 473 2153 suam
491 2142 504 2166 ,
529 2116 576 2154 et
598 2116 826 2171 sequatur
850 2122 943 2153 me.
970 2125 994 2151 »
1026 2106 1102 2153 Sic
1131 2106 1261 2153 enim
1289 2106 1668 2172 propinquantes
1691 2116 1802 2171 post
1829 2122 1941 2152 eum
1978 2105 2195 2152 venimus
2215 2140 2228 2161 ‚
2265 2104 2360 2152 hoc
2395 2114 2467 2152 est

337 2204 446 2235 eum
471 2189 677 2235 maxime
695 2187 929 2235 imitando
946 2188 1217 2252 sequimur,
1245 2188 1328 2252 qui
1349 2189 1438 2235 ait⁷
1460 2206 1470 2234 ε
1497 2207 1519 2233 «
1543 2191 1648 2235 Non
1669 2188 1778 2234 veni
1798 2187 1950 2235 facere
1970 2186 2264 2234 voluntatem
2282 2202 2462 2245 meam,

335 2267 420 2316 sed
444 2268 544 2332 ejus
568 2270 652 2334 qui
683 2269 812 2317 misit
832 2286 927 2317 me.
953 2255 977 2313 i>
1004 2271 1069 2315 Ac
1097 2268 1136 2315 si
1161 2267 1340 2315 diceret
1361 2270 1571 2315 :Cuncta
1599 2285 1685 2334 per
1706 2267 2028 2315 obedientiam
2059 2283 2213 2331 agere.
2244 2266 2373 2325 Quid
2398 2277 2467 2314 est

335 2349 463 2396 enim
479 2385 493 2410 ,
519 2369 542 2394 «
563 2349 800 2415 abnegare
817 2350 1124 2415 semetipsum
1141 2351 1154 2375 ⁸
1167 2385 1180 2409 ,
1201 2368 1224 2394 »
1248 2349 1338 2396 nisi
1357 2348 1568 2396 carnales
1587 2348 1860 2396 affectiones
1883 2349 2223 2414 propriamque
2239 2348 2466 2395 volunta-

335 2438 432 2476 tem
467 2440 785 2496 postponere,
823 2441 871 2478 et
906 2431 1063 2478 alieno
1083 2468 1094 2488 ,
1126 2447 1224 2478 non
1252 2447 1340 2478 suo
1367 2430 1632 2495 regendum
1658 2429 1852 2477 arbitrio
1878 2446 1928 2477 se
1953 2429 2288 2477 committere?
2316 2431 2374 2475 Et
2398 2430 2464 2475 sic

331 2509 551 2574 profecto
579 2527 771 2558 crucem
796 2527 931 2558 suam
956 2527 1057 2558 non
1083 2510 1153 2579 ab·
1169 2510 1262 2557 alio
1288 2511 1484 2575 suscipit
1502 2545 1515 2570 ,
1547 2510 1631 2557 sed
1657 2510 1858 2575 ipsemet
1883 2509 2033 2568 tollit-3
2063 2525 2150 2573 per
2173 2523 2319 2598 φημι
2343 2507 2465 2555 scili-

335 2600 410 2637 cet
435 2591 479 2637 ei
504 2590 712 2638 mundus
738 2590 992 2638 crucifixus
1017 2590 1075 2637 sit
1091 2582 1148 2650 ⁹⁴<
1177 2601 1224 2638 et
1260 2591 1361 2656 ipse
1385 2590 1571 2638 mundo
1600 2609 1610 2636 ε
1644 2606 1796 2655 quum
1821 2599 2088 2655 spontaneo
2115 2605 2320 2654 propriae
2344 2605 2464 2654 pro-

337 2670 551 2718 fessionis
576 2681 689 2719 voto
714 2671 961 2718 mundana
985 2669 1141 2718 sibiet
1165 2681 1352 2718 terrena
1371 2671 1606 2719 desideria
1632 2670 1898 2729 interdicit,
1927 2669 2061 2734 quod
2079 2679 2149 2716 est
2167 2669 2463 2717 voluntatem

333 2752 579 2816 propriam
604 2768 703 2798 non
729 2752 879 2816 sequi.
910 2750 1038 2809 Quid
1057 2751 1185 2799 enim
1209 2751 1423 2818 carnales
1445 2750 1575 2799 aliud
1599 2760 1860 2817 appetunt,
1889 2751 1976 2797 nisi
2003 2749 2201 2815 implere
2225 2748 2359 2814 quod
2382 2766 2464 2796 vo-

335 2831 474 2879 lunt?
503 2834 560 2878 Et
588 2848 693 2896 quae
728 2842 798 2879 est
823 2842 1010 2880 terrena
1047 2814 1333 2880 delectatio&
1351 2868 1364 2892 ,
1392 2832 1484 2879 nisi
1518 2833 1724 2898 propriae
1750 2832 2008 2879 voluntatis
2039 2830 2253 2896 impletio
2274 2867 2285 2889 ,
2321 2830 2462 2877 etiam

335 2912 532 2977 quando
569 2912 619 2959 id
653 2912 787 2977 quod
813 2912 1037 2961 volumus
1063 2912 1228 2961 labore
1255 2914 1463 2961 maximo
1487 2914 1586 2961 sive
1619 2913 1832 2978 periculo
1861 2913 2078 2977 agimus?
2119 2915 2207 2959 Aut
2242 2912 2360 2976 quid
2393 2923 2463 2961 est

335 2992 464 3040 aliud
493 3009 686 3041 crucem
719 2992 838 3041 ferre
856 3029 868 3053 ,
904 2993 953 3041 id
980 3003 1050 3041 est
1081 2994 1345 3042 cruciatum
1379 2994 1585 3060 aliquem
1622 2995 1854 3042 sustinere
1870 3030 1882 3054 ,
1915 2994 2006 3040 nisi
2039 3001 2207 3040 contra
2240 2992 2464 3040 volunta-

336 3085 433 3122 tem
460 3085 674 3123 nostram
699 3075 879 3140 aliquid
904 3075 932 3122 f
966 3076 1034 3136 ri,
1069 3087 1495 3142 quantumcunque
1529 3076 1647 3124 illud
1679 3076 1896 3123 videatur
1920 3074 2054 3123 facile
2083 3074 2355 3146 nobffiesse
2388 3075 2462 3122 vel

336 3155 484 3203 utile?
509 3157 631 3205 Hinc
651 3156 774 3205 -alius
784 3092 964 3239 3113ng
984 3157 1126 3222 longe
1145 3157 1340 3207 inferior
1359 3159 1407 3206 in
1426 3158 1754 3205 Ecclesiastico
1774 3156 2003 3204 admonet
2018 3193 2030 3216 ,
2054 3155 2253 3204 dicens¹³
2274 3175 2282 3202 z
2312 3175 2336 3202 «
2352 3159 2464 3203 Post

795 3231 835 3243 Μ..

381 3331 390 3348 ¹
417 3332 546 3373 Matth„
574 3343 647 3377 cap.
668 3345 747 3375 xxv,
770 3345 799 3367 v.
832 3337 866 3367 11
894 3342 927 3368 et
949 3337 1000 3368 12.
1018 3353 1056 3359 --
1076 3335 1088 3352 ¹
1104 3336 1198 3377 Luc„
1224 3346 1297 3380 cap.
1327 3349 1346 3369 x
1363 3362 1372 3375 ,
1418 3347 1447 3368 v.
1468 3337 1522 3369 38.
1540 3353 1578 3358 —
1596 3333 1674 3368 ’Sic
1692 3334 1729 3368 B.
1744 3352 1766 3358 -
1786 3336 1870 3375 Quid
1894 3338 1976 3368 enim
2002 3336 2139 3378 abneyet
2156 3336 2354 3374 semetipsum
2370 3330 2458 3365 Fdd.

336 3398 367 3420 v.
385 3388 436 3421 16.
452 3403 495 3413 ·—
510 3388 523 3406 ³
538 3389 669 3429 Mania..
685 3401 759 3434 cap.
781 3402 861 3424 xxm
873 3417 882 3431 ,
898 3403 927 3425 v.
945 3393 977 3425 3.
995 3410 1027 3415 —
1053 3392 1065 3409 ⁴
1086 3393 1180 3432 Luc.‚
1207 3403 1283 3437 cap.
1304 3404 1371 3431 xiv,
1416 3392 1480 3417 —-⁹
1496 3393 1556 3425 Est
1571 3391 1606 3424 B.
1625 3391 1699 3415 -⁴⁰
1718 3391 1853 3424 Dilectio
1869 3390 1906 3424 B.
1918 3390 1996 3415 —'¹
2019 3391 2164 3424 Ioannes
2178 3390 2212 3422 B.
2229 3407 2272 3414 --
2290 3388 2317 3405 ¹²
2340 3389 2459 3425 EccH..

335 3455 365 3476 v.
397 3445 452 3478 ³3.
468 3445 654 3486 -⁸1bid.‚
685 3458 716 3481 v.
746 3449 802 3481 26.
819 3464 863 3474 -—
883 3447 895 3465 ⁶
916 3448 1011 3490 Luc.,
1042 3459 1116 3492 cap.
1149 3460 1201 3489 ix,
1224 3460 1255 3482 v.
1278 3451 1334 3482 23.
1350 3467 1372 3474 -
1418 3457 1492 3493 cap.
1511 3451 1607 3488 xviii,
1629 3440 1661 3481 v.
1677 3450 1718 3480 30
1734 3455 1767 3481 et
1788 3449 1843 3480 31.

336 3501 462 3543 matth„
478 3513 552 3546 cap.
565 3513 640 3544 xvi,
658 3514 689 3537 v·
707 3504 1065 3564 24.-QQ.—
1077 3504 1088 3521 '¹
1106 3504 1216 3547 Joan.‚
1232 3515 1306 3548 cap.
1324 3516 1371 3546 vi,

876 3572 909 3595 is
