2970 4152
543 453 635 500 380
1339 458 1510 504 PETRI
1546 457 1859 506 ABAELARDI

606 547 876 594 Notandum
896 563 1008 594 vero
1031 547 1164 611 quod
1186 549 1297 597 solis
1316 550 1572 598 infantibus
1591 552 1985 600 circumcidendis
2013 561 2194 598 certum
2221 549 2506 617 praefinitum
2533 564 2659 602 tem-·

538 643 651 690 pus,
679 626 727 672 id
751 636 820 673 θεῖ
845 636 1010 673 octava
1035 627 1160 687 dies,
1190 629 1303 693 quia
1325 647 1407 678 eos
1429 631 1695 695 solos,=qui
1720 633 2000 679 innocenter
2025 632 2214 691 vivunt,
2244 633 2379 696 quasi
2402 633 2547 680 modo
2574 650 2661 698 ge·-

538 707 623 752 niti
654 707 877 767 infantes,
912 708 1235 771 rationabiles,
1274 711 1373 759 sine
1406 711 1547 772 dolo,
1587 722 1770 759 certum
1797 722 1866 758 θεῖ
1897 711 1958 758 ad
1982 711 2104 758 illius
2128 729 2250 759 verae
2279 722 2455 760 octavae
2485 713 2655 778 gaudia

537 788 783 850 pervenire
807 806 816 833 :
847 787 928 834 ubi
951 798 1048 835 tam
1067 790 1334 838 animarum
1352 808 1498 855 quam
1517 809 1775 857 corporum
1801 808 1962 839 veram
1981 808 2036 839 ac
2053 792 2313 857 perfectam
2336 793 2655 840 circumcisio·

538 882 648 912 nem
673 868 987 931 assequimur,
1018 880 1224 917 veterem
1251 872 1438 936 penitus
1459 871 1704 919 hominem
1737 881 1834 918 tam
1865 888 1951 936 per
1982 871 2173 936 culpam
2201 872 2375 919 scilicet
2400 889 2545 936 quam
2571 889 2656 938 per

536 962 727 1008 poenam
746 958 988 1008 exuentes,
1016 949 1097 996 ubi
1124 967 1257 997 mens
1283 952 1480 998 omnino
1502 951 1559 998 sit
1578 951 1748 1010 libera,
1771 961 1818 998 et
1835 967 1946 997 caro
1974 967 2002 998 a
2027 953 2334 1017 corruptione
2359 952 2434 999 vel
2461 952 2656 1017 passibi-

535 1025 663 1072 litate
682 1027 855 1091 pariter
873 1029 1040 1077 aliena.
1064 1034 1234 1078 Totum
1254 1032 1431 1097 quippe
1451 1042 1639 1096 tempus
1654 1032 1759 1078 vitae
1777 1032 2021 1096 praesentis
2040 1042 2221 1097 septem
2248 1032 2416 1079 diebus
2438 1049 2659 1097 compre-

536 1105 775 1155 henditur.
806 1109 943 1156 Unde
963 1111 1132 1158 merito
1148 1128 1320 1177 perpes
1336 1112 1414 1159 illa
1430 1121 1705 1159 sanctorum
1721 1111 1922 1170 claritaS,
1938 1128 2042 1175 quae
2057 1121 2165 1177 post
2180 1113 2500 1177 septenarium
2515 1112 2662 1176 hujus*

536 1185 641 1232 vitae
666 1188 899 1252 sequitur,
927 1200 1093 1238 octava
1116 1192 1406 1239 nominatur.
1439 1195 1577 1238 Juxta
1601 1191 1734 1255 quod
1757 1190 1927 1256 psalmi
1951 1192 2032 1256 qui
2057 1187 2321 1257 specialiter
2348 1191 2410 1238 ad
2441 1209 2657 1239 resurre-

536 1268 744 1315 ctionem
759 1271 996 1335 pertinere
1016 1271 1251 1333 videntur,
1269 1273 1495 1320 intitulari
1513 1289 1602 1338 pro
1626 1283 1792 1320 octava
1812 1272 2051 1319 dicuntur.
2076 1273 2293 1337 Legimus
2310 1289 2337 1319 a
2352 1275 2515 1320 Josue¹
2532 1273 2660 1321 filios-

536 1348 677 1395 Israel
701 1349 859 1397 cultris
884 1353 1079 1416 petrinis
1105 1353 1316 1400 secundo
1342 1353 1646 1400 circumcisos
1670 1369 1804 1413 esse,
1838 1369 1989 1417 quum
2013 1362 2122 1417 post
2152 1353 2401 1399 transitum
2435 1352 2655 1400 Jordanis

533 1428 630 1491 jam
648 1430 697 1476 in
717 1440 839 1479 terra
857 1433 1185 1497 promissionis
1205 1443 1359 1481 essent
1383 1433 1658 1481 introducti.
1689 1433 1900 1498 Populus
1918 1434 2096 1497 quippe
2116 1432 2176 1480 de
2195 1435 2398 1497 AEgypto
2418 1449 2652 1497 egressus,

539 1520 584 1556 et
618 1511 666 1556 in
704 1529 865 1560 eremo
901 1513 1175 1574 defunctus,
1207 1513 1328 1561 filios
1358 1515 1406 1560 in
1441 1514 1630 1562 deserto
1662 1524 1799 1561 natos
1832 1514 2196 1561 incircumcisos
2220 1513 2491 1577 reliquerat.
2522 1517 2656 1572 Quos

538 1592 848 1654 postmodum
872 1597 1014 1642 Josue
1032 1595 1398 1655 circumcidens,
1427 1595 1641 1643 secundo
1660 1594 2012 1641 circumcidisse
2030 1593 2152 1640 filios
2170 1593 2312 1640 Israel
2331 1593 2503 1641 dicitur
2526 1612 2536 1640 :
2557 1610 2662 1642 non
2723 1623 2725 1626 <

539 1672 756 1734 quidem,
781 1675 914 1738 juxta
935 1676 1204 1736 historiam,
1233 1677 1282 1723 in
1307 1676 1488 1724 eisdem
1515 1677 1731 1741 personis
1761 1675 2122 1723 convenientius
2147 1675 2360 1740 accipere
2385 1691 2652 1740 possumus.

539 1753 669 1800 Multi
696 1755 872 1821 quippe
908 1756 986 1803 alii
1018 1757 1066 1804 in
1092 1757 1274 1823 populo
1299 1757 1570 1805 Judaeorum
1597 1756 1774 1804 multos
1799 1756 2221 1814 circumciderunt,
2250 1765 2297 1803 et
2321 1772 2465 1803 nemo
2489 1765 2659 1820 praeter

539 1836 680 1882 Josue
705 1836 964 1884 secundam
989 1838 1399 1886 circumcisionem
1421 1838 1593 1885 dicitur
1616 1838 1868 1904 peregisse.
1907 1838 2123 1902 Legimus
2159 1836 2419 1884 Abraham²
2446 1838 2656 1901 priorem

541 1915 815 1964 circumcidi
839 1917 914 1965 vel
937 1919 1312 1979 circumcidisse,
1334 1920 1491 1985 primo
1513 1905 1710 1983 quidem
1727 1917 1975 1964 Ismaelem
1999 1927 2045 1964 et
2067 1917 2349 1964 vernaculos
2372 1933 2507 1977 suos,
2530 1926 2659 1982 post-

541 2012 595 2042 ea
625 2014 739 2044 vero
770 2001 914 2045 Isaac.
951 1999 1242 2064 Sephoram³
1266 2017 1459 2064 quoque
1490 2016 1690 2046 uxorem
1713 1998 1864 2061 Moysi
1897 2014 2008 2045 cum
2041 1998 2309 2044 acutissima
2340 2008 2474 2063 petra
2508 1997 2660 2045 filium

541 2078 876 2126 circumcidere
902 2081 1139 2127 Dominus
1162 2082 1329 2144 coegit.
1363 2080 1500 2127 Nulla
1523 2090 1682 2127 tamen
1700 2079 1873 2126 harum
1896 2079 2311 2126 circumcisionum
2337 2078 2545 2134 secunda
2563 2079 2660 2126 sive

541 2160 694 2224 prima
719 2159 843 2206 dicta
863 2171 952 2220 est,
972 2159 1047 2207 vel
1063 2177 1119 2207 ex
1135 2160 1305 2207 ordine
1324 2161 1543 2208 distincta
1559 2195 1572 2220 ,
1598 2160 1688 2206 nisi
1706 2176 1810 2223 quae
1832 2176 1858 2205 a
1883 2162 2026 2205 Josue
2052 2169 2344 2206 memoratur
2362 2159 2496 2205 facta.
2522 2158 2660 2205 Unde

542 2240 680 2304 igitur
707 2240 793 2286 iste
825 2239 954 2286 solus
985 2239 1196 2287 secundo
1228 2239 1575 2288 circumcidisse
1604 2239 1808 2299 dicatur,
1843 2238 1919 2286 vel
1949 2239 2084 2302 cujus
2108 2239 2272 2303 primae
2303 2238 2660 2303 comparatione

540 2321 640 2368 haec
683 2321 890 2368 secunda
921 2321 1219 2368 circumcisio
1251 2332 1473 2381 vocetur,
1508 2338 1607 2368 non
1648 2321 1782 2368 facile
1823 2320 1943 2367 solvi
1975 2319 2144 2378 credo,
2181 2320 2270 2366 nisi
2298 2319 2357 2365 ad
2388 2318 2662 2383 allegoriam

541 2402 660 2465 stylo
692 2418 939 2449 converso.
973 2401 1045 2448 Ad
1067 2419 1212 2466 quam
1248 2419 1337 2449 nos
1373 2402 1570 2467 quidem
1612 2401 1864 2467 Apostolus
1904 2400 2132 2448 invitans*
2168 2421 2176 2446 :
2222 2419 2245 2444 α
2266 2403 2396 2459 Haec,
2422 2418 2445 2443 »
2478 2400 2660 2464 inquit,

545 2503 566 2527 «
589 2483 747 2529 omnia
774 2483 820 2528 in
848 2481 996 2546 figura
1022 2482 1361 2547 contingebant
1377 2483 1483 2530 illis.
1510 2501 1532 2526 »
1559 2481 1777 2529 Secunda
1796 2491 1956 2528 autem
1973 2480 2270 2527 circumcisio
2289 2479 2483 2539 dicitur,
2511 2497 2661 2543 quum

542 2574 674 2610 terrae
694 2563 1022 2629 promissionis
1036 2563 1248 2611 haeredes
1264 2562 1512 2622 efficimur,
1529 2563 1623 2609 hoc
1638 2572 1707 2609 θεῖ
1717 2579 1866 2626 quum
1887 2572 2063 2608 terram
2083 2556 2342 2608 viventium
2355 2561 2407 2606 in
2422 2560 2500 2607 illa
2518 2560 2657 2620 felici,

542 2660 685 2709 quam
711 2644 937 2704 diximus,
968 2653 1134 2691 octava
1153 2644 1507 2708 consequimur.
1538 2644 1696 2689 Prima
1718 2659 1833 2689 vero
1858 2652 1928 2689 est
1949 2641 2266 2701 circumcisio,
2296 2657 2400 2705 quae
2423 2640 2502 2687 hic
2525 2657 2661 2688 men-

541 2736 636 2773 tem
658 2735 703 2772 et
722 2742 913 2772 carnem
933 2741 961 2771 a
975 2725 1120 2785 vitiis,
1143 2724 1219 2771 vel
1239 2724 1505 2772 carnalibus
1520 2723 1775 2783 illecebris,
1798 2733 2030 2788 quantum
2052 2721 2190 2769 nobis
2208 2722 2373 2769 datum
2391 2732 2462 2769 est
2479 2721 2663 2769 abscin-

541 2806 723 2865 dimus,
755 2815 808 2852 ut
833 2805 962 2852 illam
1000 2822 1144 2869 quam
1178 2822 1320 2870 supra
1357 2805 1685 2865 meminimus,
1725 2820 1887 2851 veram
1913 2813 1958 2850 et
1982 2803 2216 2866 integram
2251 2802 2661 2849 circumcisionem

540 2887 633 2934 illic
650 2903 972 2951 assequamur,
994 2902 1021 2932 a
1036 2902 1150 2933 vero
1174 2886 1348 2933 scilicet
1373 2889 1539 2944 Josue,
1559 2885 1610 2932 id
1624 2895 1694 2932 est
1711 2888 1820 2932 Jesu
1836 2893 2020 2943 nostro,
2039 2885 2137 2930 imo
2158 2884 2376 2930 omnium
2399 2882 2656 2930 Salvatore.

542 2969 628 3014 Hic
653 2968 830 3033 quippe
849 2967 926 3014 ille
945 2970 1107 3025 Josue,
1135 2968 1217 3031 qui
1239 2967 1390 3031 Moysi
1415 2967 1658 3025 successit,
1688 2976 1735 3013 et
1759 2966 1807 3012 in
1831 2976 2004 3012 terram
2029 2965 2358 3030 promissionis
2373 2963 2658 3023 introduxit,

541 3060 638 3097 tam
656 3050 853 3096 nomine
877 3050 981 3114 ipso
1011 3065 1108 3113 quo
1132 3052 1276 3095 ..losue
1302 3048 1499 3108 dicitur,
1528 3047 1578 3094 id
1600 3057 1668 3094 est,
1688 3050 1820 3094 ,Iesus
1835 3083 1846 3105 ,
1875 3063 2020 3111 quam
2042 3046 2273 3094 factorum
2298 3062 2494 3093 suorum
2513 3045 2663 3092 excel-

543 3131 687 3177 lentia
719 3131 981 3196 specialiter
1017 3131 1278 3196 exprimere
1310 3129 1514 3177 videtur.
1549 3130 1664 3188 Qui,
1700 3140 1752 3176 ut
1777 3129 1960 3176 dictum
1995 3138 2089 3188 est,
2127 3128 2278 3191 Moysi
2306 3126 2593 3186 succedens,
2616 3138 2664 3174 et

544 3210 778 3274 populum
807 3211 866 3257 de
893 3214 1094 3276 AEgypto
1120 3210 1386 3275 profectum
1408 3210 1456 3256 in
1487 3219 1661 3273 terram
1688 3209 2016 3274 promissionis
2045 3206 2381 3265 introducens,
2414 3206 2547 3270 quod
2584 3206 2662 3254 ille

546 3290 754 3354 incoepit,
777 3293 1125 3338 consummavit
1148 3310 1157 3338 ε
1182 3292 1291 3356 quia
1310 3291 1384 3338 lex
1402 3307 1489 3357 per
1513 3293 1722 3354 Moysem
1750 3300 1845 3337 tam
1870 3289 2129 3355 significata
2155 3304 2298 3352 quam
2321 3287 2431 3334 data
2447 3324 2459 3347 ,
2490 3287 2661 3347 nihil-⁵,

593 3495 602 3511 ¹
628 3495 747 3534 Josue,
763 3505 837 3537 cap.
855 3506 884 3528 v.
903 3514 943 3520 -—
958 3494 970 3511 ²
988 3497 1114 3533 Genes„
1134 3507 1206 3540 cap.
1228 3497 1312 3539 xvii,
1328 3509 1357 3531 v.
1375 3498 1416 3529 96
1430 3522 1439 3538 ,
1458 3507 1531 3540 cap.
1553 3507 1627 3537 xxi,
1643 3508 1670 3530 v.
1688 3498 1719 3530 4.
1734 3513 1778 3521 —-
1797 3496 1810 3513 ³
1826 3498 1952 3534 Exod„
1972 3505 2044 3538 cap.
2066 3506 2108 3534 iv,
2126 3505 2157 3527 v.
2178 3496 2232 3527 25.
2248 3514 2285 3518 -
2302 3493 2315 3510 ⁴
2331 3494 2475 3526 Corinth.
2490 3493 2522 3530 1,
2537 3501 2608 3534 cap.
2624 3501 2660 3529 x,

546 3557 701 3585 ν.11.-
715 3552 727 3570 “
742 3554 855 3591 Helm,
871 3563 943 3597 cap.
959 3565 1000 3586 vn
1013 3579 1021 3595 ,
1039 3565 1067 3586 v.
1091 3555 1139 3587 19.
