2970 4152
959 393 1018 440 1N
1051 390 1230 438 RAMls
1245 452 1250 458 Ὶ
1264 390 1590 438 PALMARUM
1623 391 1839 438 SERMO.
2365 389 2416 436 44
2433 390 2450 436 4

340 488 527 547 scitata,
551 487 657 534 illos
679 485 909 550 significat
926 494 1198 551 peccatores
1211 520 1224 544 ,
1243 500 1451 548 quorum
1470 493 1664 548 peccata
1687 493 1847 531 mente
1866 490 2050 530 tantum
2067 490 2315 546 concepta,
2342 498 2462 528 non-

341 567 458 614 dum
477 583 562 632 per
587 566 916 632 operationem
941 565 1143 612 exterius
1167 573 1278 611 sunt
1295 578 1560 629 progressa.
1585 564 1776 611 Juvenis
1795 573 1954 611 autem
1973 572 2102 610 extra
2124 567 2310 626 portam
2338 560 2463 608 dela·

341 656 416 694 tus
449 641 543 694 eos'
562 646 792 712 significat
808 683 820 707 ,
855 662 1062 711 quorum
1089 650 1282 710 peccata
1305 645 1404 708 jam
1427 644 1476 691 in
1504 643 1724 709 effectum
1747 652 2095 710 proruperunt,
2119 652 2172 688 ut
2193 641 2344 688 videri
2363 642 2460 705 jam

340 727 403 774 ab
425 728 649 776 omnibus
676 729 873 794 possint.
904 731 1105 774 Lazarus
1132 743 1271 785 vero,
1301 743 1399 773 non
1422 725 1576 772 solum
1598 725 1809 791 sepultus
1833 742 1998 772 verum
2028 724 2169 771 etiam
2189 723 2463 787 quatridua—

341 826 460 869 nus,
492 827 575 858 eos
598 809 852 873 significat,
879 809 962 872 qui
983 808 1126 872 longa
1150 806 1495 855 consuetudine
1527 806 1758 871 peccandi
1793 822 1963 870 magna
1999 815 2304 871 peccatorum
2336 803 2463 850 mole

341 900 642 955 premuntur,
671 900 717 937 et
739 889 910 937 divinae
934 888 1293 936 consuetudinis
1316 887 1559 953 exemplo,
1586 887 1703 934 alios
1722 887 1863 934 etiam
1889 894 2202 951 corrumpunt
2226 903 2235 931 :
2267 884 2395 933 unde
2418 894 2464 931 et

341 971 503 1018 foetere
539 970 779 1017 dicuntur.
819 972 930 1016 Tres
959 970 1116 1033 itaque
1151 979 1328 1015 mortes
1360 968 1554 1027 animae,
1585 978 1678 1014 tres
1705 967 1780 1014 isti
1807 968 2005 1025 mortui,
2043 975 2093 1012 ut
2125 964 2352 1023 diximus,
2382 964 2464 1011 de-

339 1051 528 1116 signant
549 1069 558 1096 :
583 1060 832 1116 peccatum
851 1049 1025 1097 scilicet
1052 1049 1374 1113 cogitationis,
1397 1048 1491 1095 hoc
1513 1058 1584 1096 est
1605 1058 1936 1112 contemptum
1954 1047 2041 1094 Dei
2055 1045 2212 1093 adhuc
2236 1047 2284 1092 in
2304 1055 2464 1092 mente

341 1131 592 1190 latentem,
630 1130 850 1177 nondum
874 1146 1178 1195 progressum
1202 1129 1250 1175 in
1286 1130 1638 1194 operationem3
1666 1139 1712 1176 et
1734 1138 1982 1193 peccatum
2017 1127 2334 1193 operationis,
2372 1126 2465 1172 hoc

341 1220 436 1271 est,
466 1211 567 1274 jam
595 1227 681 1276 per
708 1210 1037 1275 operationem
1066 1225 1325 1274 apparenS,
1354 1219 1496 1273 atque
1525 1218 1775 1274 peccatum
1799 1207 2184 1267 consuetudinis,
2214 1217 2259 1253 et
2279 1206 2466 1270 jamdu-

342 1290 460 1338 dum
483 1290 532 1337 in
562 1290 839 1356 operatione
868 1288 1102 1336 habitum.
1139 1292 1247 1335 Haec
1280 1289 1368 1335 tria
1391 1305 1565 1353 genera
1585 1298 1892 1354 peccatorum
1918 1297 2147 1352 tanquam
2170 1296 2265 1334 tres
2298 1287 2465 1333 animae

342 1380 520 1417 mortes
559 1371 608 1417 in
646 1369 799 1436 capite
831 1386 846 1415 1
871 1368 1038 1434 psalmi
1075 1385 1102 1416 a
1140 1368 1280 1415 beato
1321 1369 1424 1416 viro
1466 1368 1692 1416 dicuntur
1726 1368 1986 1427 removeri,
2031 1383 2182 1432 quum
2222 1366 2324 1413 talis
2367 1366 2467 1431 ipse

343 1449 640 1510 describitur,
668 1451 750 1514 qui
778 1467 877 1497 non
903 1449 1071 1498 abierit
1094 1450 1142 1496 in
1166 1449 1366 1497 consilio
1396 1450 1655 1514 impiorum
1673 1485 1685 1509 ,
1720 1465 1819 1496 non
1854 1449 2033 1496 steterit
2063 1449 2112 1495 in
2143 1448 2220 1495 via
2249 1457 2466 1513 peccato-

344 1546 452 1577 rum
471 1566 483 1590 ,
507 1547 606 1577 non
626 1529 802 1577 sederit
818 1530 866 1576 in
885 1529 1110 1577 cathedra
1127 1529 1411 1577 derisorum.
1436 1532 1494 1576 At
1516 1531 1745 1594 quoniam
1769 1529 2051 1577 resurrectio
2073 1529 2233 1576 Lazari
2261 1528 2322 1575 ad
2348 1545 2466 1593 prae-

344 1620 526 1658 sentem
540 1647 552 1670 ,
576 1621 628 1658 ut
646 1611 876 1670 diximus,
896 1610 1247 1658 solemnitatem
1260 1611 1463 1657 maxime
1481 1611 1718 1675 pertinere
1735 1610 2044 1674 dignoscitur,
2068 1609 2343 1672 mysterium
2369 1608 2468 1671 ejus

344 1708 502 1739 sermo
528 1702 690 1740 noster
717 1702 768 1739 ut
790 1692 1021 1757 coepimus
1045 1701 1377 1756 prosequatur.
1398 1690 1543 1749 Quod
1563 1701 1615 1739 ut
1634 1691 1771 1738 faciat
1791 1690 2083 1755 diligentius,
2109 1689 2253 1755 paulo
2272 1689 2465 1736 historia

344 1771 482 1820 altius
505 1773 773 1838 replicetur.

339 1921 341 1923 Ι
411 1853 565 1901 Refert
586 1854 746 1918 itaque
771 1856 999 1913 Joannes,
1023 1852 1173 1917 quod,
1202 1869 1352 1917 quum
1372 1852 1493 1900 facta
1518 1863 1674 1900 essent
1699 1853 1907 1900 encaenia
1925 1852 1973 1898 in
1993 1850 2320 1915 Jerosolymis,
2341 1860 2388 1897 et
2405 1848 2468 1896 ibi

346 1943 467 1983 esset
482 1934 719 1981 Dominus
743 1936 901 1994 JesuS,
928 1943 976 1982 et
999 1944 1265 1998 quaererent
1295 1950 1407 1980 eum
1436 1933 1574 1980 Judei
1599 1932 1983 1999 apprehendere,
2020 1931 2130 1979 exiit
2159 1930 2221 1978 de
2250 1930 2470 1978 manibus

345 2030 535 2071 eorum,
560 2024 607 2062 et
625 2014 737 2062 abiit
766 2015 938 2062 iterum
962 2025 1091 2062 trans
1110 2014 1394 2074 Jordanem,
1423 2013 1508 2061 uhi
1529 2014 1680 2062 fuerat
1697 2017 1903 2060 Joannes
1931 2012 2198 2078 baptizans,
2225 2022 2273 2059 et
2299 2012 2470 2058 mansit

343 2093 454 2142 illic.
478 2097 537 2142 Et
557 2105 687 2155 tunc,
714 2098 891 2143 Lazaro
907 2095 1006 2159 jam
1028 2094 1300 2159 languente,
1320 2095 1554 2142 miserunt
1571 2094 1631 2142 ad
1651 2110 1761 2141 eum
1780 2109 1968 2140 sorores
1993 2092 2094 2156 ejus
2121 2093 2267 2139 Maria
2282 2101 2329 2139 et
2347 2094 2470 2138 Mar-

345 2175 443 2235 tha,
466 2175 678 2224 dicentes
691 2179 703 2202 ¹
725 2195 735 2223 ι
761 2177 1006 2223 «Domine
1020 2214 1032 2236 ,
1053 2192 1199 2240 quem
1215 2192 1345 2223 amas
1365 2174 1650 2223 infirmatur.
1676 2194 1699 2219 »
1719 2177 1828 2233 Quo
1844 2174 2025 2233 audito,
2046 2173 2218 2221 mansit
2236 2173 2471 2219 Dominus

344 2256 394 2303 in
420 2256 593 2304 eodem
620 2256 729 2305 loco
752 2256 942 2304 duobus
962 2256 1147 2304 diebus.
1175 2256 1383 2315 Deinde,
1407 2274 1558 2321 quum
1570 2256 1764 2303 dixisset
1779 2254 2020 2321 discipulis
2036 2258 2263 2301 Lazarum
2281 2254 2470 2301 interim

346 2345 590 2383 mortuum
620 2353 751 2395 esse,
785 2337 914 2384 venit
939 2336 1216 2384 Bethaniam
1254 2353 1365 2384 cum
1403 2337 1516 2401 ipsis
1534 2372 1546 2396 ,
1578 2346 1625 2384 et
1655 2335 1835 2382 invenit
1863 2338 2091 2382 Lazarum
2132 2343 2338 2398 quatuor
2371 2333 2471 2380 dies

340 2417 441 2480 Jam
461 2417 511 2464 in
534 2427 847 2464 monumento
870 2417 1144 2464 habentem.
1171 2420 1228 2463 Et
1246 2418 1553 2464 suscitaturus
1571 2426 1836 2475 mortuum,
1859 2415 2074 2481 pervenit
2097 2414 2160 2462 ad
2177 2414 2465 2480 sepulcrum.

349 2500 506 2545 «Erat
527 2507 710 2556 autem,
737 2516 759 2541 υ
786 2507 838 2544 ut
861 2497 1095 2557 diximus,
1127 2517 1151 2542 «
1181 2497 1407 2562 spelunca
1442 2508 1489 2545 et
1519 2497 1637 2562 lapis
1669 2497 1994 2562 superpositus
2016 2496 2110 2543 ei.»
2138 2498 2196 2542 Et
2217 2496 2281 2542 ait
2305 2498 2435 2543 Jesus
2457 2514 2465 2541 :

350 2596 375 2622 «
394 2576 561 2624 Tollite
586 2576 809 2642 lapidem.
837 2596 859 2621 n
883 2580 943 2624 Ut
963 2594 1075 2641 ergo
1091 2577 1301 2624 tulerunt
1318 2577 1525 2642 lapidem
1545 2613 1557 2636 ,
1577 2593 1697 2623 voce
1721 2591 1890 2640 magna
1910 2574 2129 2622 clamavit
2149 2578 2282 2622 Jesus
2302 2594 2311 2621 :
2343 2595 2366 2620 «
2387 2577 2471 2622 La-

350 2678 374 2704 «
393 2675 526 2719 zare,
556 2660 666 2706 veni
691 2659 831 2707 foras.
851 2677 874 2703 »
894 2662 950 2706 Et
969 2659 1125 2706 statim
1142 2659 1320 2724 prodiit
1338 2659 1421 2723 qui
1442 2658 1594 2705 fuerat
1615 2667 1855 2717 mortuus,
1882 2656 2050 2721 ligatus
2073 2656 2219 2722 pedes
2237 2666 2282 2703 et
2302 2673 2471 2704 manus

346 2741 514 2788 institis
530 2777 542 2801 ,
571 2750 617 2788 et
641 2740 780 2788 facies
805 2740 927 2788 illius
949 2741 1141 2788 sudario
1160 2751 1258 2788 erat
1275 2740 1431 2805 ligata.
1455 2740 1579 2787 Dicit
1597 2740 1664 2787 eis
1682 2742 1814 2787 Jesus
1835 2757 1845 2785 :
1872 2758 1895 2783 α
1914 2727 2091 2786 Solvite
2109 2755 2246 2798 eum,
2269 2748 2315 2785 et
2333 2738 2470 2785 sinite

350 2841 372 2866 «
396 2820 543 2869 abire.
566 2840 590 2867 »
627 2821 760 2869 Multi
785 2839 897 2887 ergo
917 2839 971 2869 ex
991 2822 1188 2882 Judaeis,
1215 2823 1295 2887 qui
1322 2831 1549 2869 venerant
1573 2820 1634 2868 ad
1653 2821 1876 2879 Mariam,
1900 2830 1947 2868 et
1961 2819 2178 2867 viderant
2203 2836 2307 2884 quae
2336 2819 2466 2879 fecit,

347 2901 653 2950 crediderunt
669 2902 718 2949 in
737 2919 866 2951 eum.
885 2902 1088 2961 Quidam
1103 2913 1264 2950 autem
1283 2919 1336 2950 ex
1357 2903 1470 2967 ipsis
1487 2901 1706 2949 abierunt
1724 2901 1783 2949 ad
1803 2900 2056 2967 pharisaeos
2074 2937 2086 2961 ,
2107 2911 2154 2949 et
2169 2901 2389 2948 dixerunt
2405 2901 2470 2947 eis

346 2999 451 3048 quae
469 2982 577 3030 fecit
595 2985 744 3031 Jesus.
775 2982 1079 3048 Collegerunt
1102 2999 1216 3048 ergo
1240 2982 1491 3048 pontifices
1515 2992 1560 3029 et
1577 2981 1795 3049 pharisaei
1821 2981 2076 3029 concilium
2093 3017 2105 3041 ,
2140 2991 2186 3028 et
2214 2980 2436 3028 dicebant
2457 2999 2466 3024 :

351 3084 375 3111 «
397 3064 774 3124 Quidfacimus?
799 3065 910 3130 quia
927 3064 1006 3112 hic
1029 3064 1179 3113 homo
1206 3064 1356 3112 multa
1381 3065 1513 3129 signa
1538 3064 1662 3111 facit.
1691 3064 1738 3110 Si
1761 3063 2042 3110 dimittimus
2061 3079 2172 3110 eum
2189 3064 2280 3122 sic,
2303 3077 2471 3109 omnes

352 3166 377 3192 «
394 3145 592 3195 credent
614 3147 664 3193 in
693 3163 805 3195 eum
822 3182 835 3206 ,
874 3157 962 3194 etc.
988 3165 1012 3191 »
1039 3149 1106 3193 Ex
1130 3163 1228 3211 quo
1257 3146 1472 3213 profecto
1493 3145 1667 3210 liquet,
1697 3161 1754 3192 ex
1777 3144 1872 3192 hoc
1897 3144 2104 3208 denique
2133 3142 2362 3192 miraculo
2390 3142 2472 3190 ad-

347 3244 509 3277 versus
530 3228 793 3276 Dominum
816 3227 1003 3279 Judaeos
1020 3227 1224 3276 maxime
1249 3237 1519 3275 commotos
1546 3226 1712 3286 fuisse,
1736 3236 1781 3274 et
1798 3227 1845 3273 in
1865 3226 1967 3290 ejus
1991 3242 2108 3273 nece
2133 3242 2192 3273 ex
2214 3236 2327 3273 tunc
2353 3240 2470 3290 prae-

348 3307 487 3373 cipue
510 3308 806 3375 conspirasse
829 3327 839 3355 :
862 3318 1091 3373 tanquam
1117 3324 1227 3355 eum
1258 3307 1526 3358 occidendo
1550 3307 1732 3373 possint
1758 3306 1942 3366 delere,
1966 3323 2051 3371 per
2079 3323 2224 3371 quem
2256 3316 2469 3353 mortuos

395 3489 403 3506 ¹
431 3489 541 3531 Joan„
559 3500 632 3533 cap.
653 3501 706 3532 xi,
726 3502 756 3525 v.
779 3492 788 3522 1
810 3497 905 3534 etsq.
