2970 4152
469 511 595 546 Monet
612 520 745 545 omnes
766 508 813 544 ad
833 509 1012 558 gaudium

469 570 545 616 Qui
563 569 667 605 venit
684 568 782 605 salus
797 570 983 606 omnium.

466 662 622 707 Gaude,
642 663 720 708 vir,
741 662 882 712 gaude,
902 663 1059 712 femina,

466 722 672 759 Communi
686 722 759 759 laeti
777 722 907 772 gloria.

467 782 626 827 Virum,
646 794 758 831 quem
775 782 876 819 Deus
889 782 1034 828 induit,

466 843 607 890 Ignara
623 842 693 878 viri
709 842 871 890 peperit.

464 935 691 983 Congaude‚
708 935 832 984 virgo,
851 937 989 985 virgini
1005 938 1013 971 !

464 994 586 1031 Mater
600 1002 657 1031 est
674 995 752 1032 haec
766 995 949 1033 Altissimi
964 1013 974 1041 ;

465 1055 593 1104 Nupta
608 1064 732 1106 nuptae
749 1057 1000 1107 congaudeat,

466 1116 557 1163 Quae
580 1129 666 1153 mox
682 1124 903 1167 conceptum
926 1119 1115 1168 praedicat.

463 1209 669 1246 Conclusus
683 1209 807 1247 adhuc
825 1218 933 1249 utero
943 1240 953 1258 ,

464 1270 551 1317 Quo
567 1277 700 1319 potens
718 1271 840 1308 infans
860 1273 999 1322 gaudio

463 1330 596 1369 Vitam
620 1330 753 1367 mundi
771 1343 884 1381 quam
902 1341 1066 1370 senserat

463 1389 606 1426 Mundo
622 1390 748 1427 statim
771 1390 971 1429 adnuntiat
988 1394 996 1428 Ε

463 1487 562 1525 Hinc
580 1501 704 1536 senex,
724 1490 814 1527 inde
839 1491 949 1529 vidua

458 1549 583 1587 Laude
599 1551 797 1588 Christum
814 1553 1034 1602 prophetica

462 1609 692 1647 Confitentes
708 1611 934 1650 dominicam

461 1669 725 1708 Ostenderunt
740 1673 986 1720 praesentiam.

465 1763 540 1799 Deo
556 1764 671 1811 patri,
691 1772 764 1802 etc.

828 1885 926 1923 XLI.

482 1990 706 2038 Christiani,
728 1993 916 2042 plaudite,

482 2050 702 2089 Resurrexit
717 2053 914 2091 Dominus.

482 2110 596 2148 Victo
616 2113 749 2150 mortis
766 2113 938 2163 principe

528 2171 702 2210 Christus
720 2174 900 2223 imperat,

485 2232 632 2269 Victori
651 2234 839 2272 occurrite
853 2264 862 2282 ,

529 2293 606 2340 Qui
623 2305 691 2331 nos
707 2294 855 2333 liberat.

480 2387 664 2436 Superato
681 2388 842 2436 Zabulo‚

480 2446 700 2485 Resurrexit
717 2448 924 2494 Dominus;

481 2506 648 2555 Spoliato
666 2507 861 2554 barathro,

529 2566 624 2603 Suos
640 2568 741 2604 eruit
752 2595 762 2614 ,

481 2626 648 2674 stipatus
666 2627 834 2676 angelico

525 2686 636 2723 Coetu
654 2686 781 2724 rediit.

481 2785 597 2822 Fraus
614 2786 654 2822 in
672 2786 786 2824 hamo
805 2788 959 2835 fallitur,

480 2844 700 2885 Resurrexit
716 2847 919 2895 Dominus,

481 2905 572 2950 Quae
589 2905 679 2943 dum
697 2920 808 2944 carne
825 2909 985 2946 vescitur

526 2966 802 3016 Circumposita
811 2997 822 3014 ,

482 3026 635 3063 Virtute
652 3028 886 3078 transfigitur

526 3086 642 3124 Carni
660 3088 785 3125 insita.

479 3184 682 3233 captivatis
700 3187 849 3233 inferis,

480 3243 702 3283 Resurrexit
721 3247 926 3294 Dominus,

480 3304 689 3355 Ditatisque
710 3308 873 3357 superis,

527 3365 674 3403 Coelum
687 3366 847 3414 jubilat,

481 3424 660 3472 Hymnis,
681 3426 854 3475 psalmis,
875 3430 1028 3466 canticis

531 3484 649 3522 Terra
667 3494 830 3525 resonat.

1288 418 1573 467 CARMINA.

1583 508 1663 547 Deo
1681 511 1779 560 patri
1799 510 1935 559 gloria,

1584 571 1805 608 Resurrexit
1821 571 2027 616 Dominus,

1585 631 1692 669 Salus
1707 638 1746 668 et
1761 631 1934 677 victoria,

1629 691 1785 728 Christo
1801 691 1954 728 Domini
1970 707 1980 737 5

1584 753 1657 788 Par
1677 752 1800 788 honor
1817 763 1885 800 per
1902 751 2032 788 saecula

1635 811 1693 848 Sit
1709 811 1880 860 Spiritui.

1918 948 2036 986 XLII.

1584 1029 1639 1065 Da
1658 1030 1782 1066 Mariae
1797 1037 2017 1078 tympanum
2027 1059 2037 1075 ‚

1584 1089 1804 1127 Resurrexit
1821 1090 2007 1127 Dominus
2017 1119 2027 1136 ,

1584 1150 1757 1187 Hebraeas
1775 1150 1823 1187 ad
1839 1150 2026 1188 canticum

1632 1212 1798 1249 Cantans
1815 1219 2010 1261 provocet,

1584 1271 1811 1308 Holocausta
1828 1272 2038 1309 carminum

1629 1331 1747 1368 Jacob
1765 1332 1946 1369 immolet.

1580 1413 1806 1451 Subvertens
1823 1414 2020 1463 AEgyptios
2030 1442 2039 1459 ‚

1577 1473 1797 1511 Resurrexit
1819 1474 2026 1521 Dominus,

1582 1533 1705 1571 Rubri
1724 1534 1835 1571 maris
1851 1533 1974 1571 alveos

1580 1594 1680 1630 Deus
1700 1594 1846 1643 replens
1863 1593 2033 1631 hostibus
2044 1623 2054 1640 ‚

1578 1654 1686 1700 Quos
1704 1654 1860 1691 involvit
1876 1654 2030 1692 obrutos

1626 1713 1750 1751 Undis
1766 1714 1930 1764 pelagus.

1580 1800 1687 1837 Dicat
1706 1801 1983 1850 tympanistria:

1578 1860 1799 1897 Resurrexit
1814 1861 1998 1898 Dominus
2011 1890 2021 1906 ,

1578 1920 1645 1957 Illa
1661 1920 1815 1971 quidem
1832 1921 1945 1959 altera
1956 1950 1966 1965 ,

1623 1981 1681 2017 Re
1697 1994 1773 2018 non
1790 1983 1943 2020 nomine

1578 2041 1852 2091 Resurgentem
1872 2044 2007 2080 merita

1622 2100 1749 2138 Prima
1766 2114 1930 2140 cernere.

1573 2184 1709 2221 Cantet
1727 2196 1879 2221 carmen
1898 2185 2064 2231 dulcius,

1575 2243 1794 2282 Resurrexit
1812 2245 2016 2291 Dominus,

1574 2304 1744 2355 Reliquis
1761 2305 1933 2343 fidelibus

1623 2366 1739 2403 Mixta
1756 2366 1924 2411 feminis,

1574 2426 1671 2463 Cum
1690 2427 1770 2476 ipsa
1786 2427 2025 2464 narrantibus

1622 2487 1703 2523 Hoc
1719 2485 1925 2535 discipulis.

1549 2571 1626 2607 Deo
1645 2572 1742 2620 patri
1761 2583 1847 2608 cum
1868 2572 1964 2616 filio,

1547 2630 1646 2668 Cum
1663 2631 1807 2680 Spiritu
1826 2632 2023 2680 paraclito,
2043 2640 2115 2670 etc.

1896 2726 2036 2764 XLIII.
2071 2749 2081 2759 .

1573 2811 1703 2849 Golias
1721 2819 1930 2860 prostratus
1948 2821 2023 2859 est,

1574 2871 1670 2908 Ense
1684 2871 1881 2921 jugulatus
1897 2880 1975 2921 est,

1572 2932 1792 2969 Resurrexit
1814 2932 2016 2978 Dominus,

1620 2992 1748 3029 Hostis
1764 2994 1919 3042 proprio
1932 3010 1941 3039 3

1571 3053 1670 3091 Cum
1686 3053 1763 3090 suis
1781 3053 1998 3091 submersus
2016 3062 2071 3091 est

1619 3112 1688 3149 Ille
1705 3113 1865 3150 Pharao.

1572 3195 1707 3231 Dicant
1726 3194 1819 3231 Sion
1839 3194 1920 3232 filiae
1936 3212 1942 3230 :

1573 3254 1793 3291 Resurrexit
1810 3254 2008 3293 Dominus.

1574 3314 1681 3353 Vero
1697 3313 1816 3351 David
1835 3314 1950 3352 obviae

1625 3373 1772 3411 Choros
1794 3374 2001 3423 proferant,

1578 3434 1728 3472 Victori
1744 3435 1906 3473 victorie

1625 3493 1770 3531 Laudes
1788 3496 2001 3534 concinant.

2207 869 2326 904 Auen.

2405 420 2492 468 311
