2970 4152
539 385 635 432 434
1339 385 1510 432 PETRI
1549 385 1859 435 ABAELARDI

541 491 737 542 vespera
753 484 890 533 esset,
912 473 961 519 in
980 475 1258 524 Bethaniam
1274 495 1383 525 cum
1403 478 1700 528 duodecimis
1720 481 1911 529 redisse.
1931 481 2071 539 Quod
2094 481 2236 544 igitur
2249 480 2327 528 alii
2344 483 2656 546 evangelistae,

541 558 786 605 Matthaeus
801 555 975 603 scilicet
988 573 1044 603 ac
1059 560 1206 606 Lucas
1220 561 1249 619 ¹,
1263 559 1358 607 hoc
1371 562 1685 625 praetermisso
1705 563 1988 626 ejectionem
2005 562 2135 609 illam
2150 575 2546 625 com-memorent,
2559 582 2662 613 suc-

541 640 692 685 cincte
710 653 796 702 per
814 636 1200 701 anticipationem
1211 640 1381 689 dixisse
1396 632 1636 702 videntur,
1651 653 1698 691 et
1716 644 1777 691 ad
1796 661 1851 692 ea
1869 660 1974 708 quae
1986 643 2309 708 praemiserant
2324 661 2534 709 congrue
2551 662 2662 693 con-

541 719 772 767 nexuisse.
791 717 1036 766 Matthaeus
1059 722 1236 788 quippe
1252 741 1402 788 quum
1419 726 1718 789 praemisisset
1738 726 2001 772 Dominum
2028 725 2199 773 dixisse
2217 725 2511 791 discipulis':
2547 747 2571 772 α
2595 730 2663 775 Ite

539 803 588 847 in
612 799 855 848 castellum
881 801 1012 864 quod
1043 813 1208 851 contra
1231 822 1316 852 vos
1351 815 1442 866 est,
1475 816 1593 866 etc.,
1627 826 1649 851 >)
1677 817 1723 854 et
1748 810 1899 854 Lucas
1923 806 2154 854 retulisset
2182 807 2442 854 Dominum
2475 808 2663 854 ruinam

540 880 738 927 civitatis
757 879 1028 942 deflevisse,
1049 896 1398 949 consequenter
1417 887 1680 951 exprimere
1698 895 2008 946 curaverunt,
2034 902 2241 950 quorum
2269 887 2409 951 culpa
2428 887 2664 951 praecipue

539 960 617 1007 illa
642 960 949 1008 contrarietas
977 962 1050 1009 vel
1074 963 1162 1010 ista
1186 966 1324 1013 ruina
1355 967 1708 1030 contingerent,
1743 966 1838 1012 hoc
1862 975 1933 1012 est
1963 964 2264 1012 sacerdotum
2290 965 2365 1013 vel
2384 976 2666 1014 caeterorum

540 1041 704 1106 templi
723 1041 1063 1091 ministrorum.
1088 1045 1226 1092 Unde
1244 1047 1293 1092 in
1314 1047 1417 1111 ipso
1443 1046 1622 1111 templo
1636 1046 1760 1092 hanc
1778 1046 1828 1092 in
1849 1061 1931 1092 eos
1951 1045 2182 1092 ultionem
2196 1044 2404 1092 decrevit
2425 1062 2662 1106 exercere,

541 1132 767 1186 tanquam
791 1139 878 1187 per
900 1122 996 1170 hoc
1029 1135 1246 1189 patenter
1270 1127 1514 1173 insinuans
1540 1143 1706 1173 eorum
1733 1125 1988 1186 malitiam,
2025 1135 2071 1172 et
2096 1126 2220 1172 circa
2245 1128 2400 1172 Deum
2429 1126 2667 1191 negligen-

541 1202 681 1262 tiam,
711 1202 886 1249 horum
905 1220 1010 1267 quae
1029 1203 1234 1252 diximus
1251 1222 1441 1252 causam
1462 1207 1674 1252 existere.

607 1238 767 1329 Primo
802 1284 961 1347 itaque
984 1301 1093 1331 cum
1117 1302 1292 1349 magno
1314 1286 1538 1332 comitatu
1569 1285 1815 1332 turbarum
1848 1285 2014 1333 laudes
2041 1285 2404 1332 acclamantium
2435 1285 2666 1350 templum

542 1366 802 1428 ingressus,
826 1375 870 1411 et
891 1365 1115 1412 omnibus
1136 1367 1489 1431 circumspectis
1507 1367 1621 1414 hinc
1644 1384 1874 1431 egressus,
1896 1367 2171 1415 Bethaniam
2191 1367 2353 1427 rediit,
2375 1377 2421 1414 et
2440 1368 2495 1413 in
2509 1367 2668 1414 crasti-

542 1461 682 1504 num,
704 1455 756 1492 ut
781 1444 1014 1506 diximus,
1036 1445 1162 1492 hanc
1178 1455 1460 1511 potestatem
1489 1464 1705 1495 exercere
1732 1447 1928 1494 distulit.
1960 1451 2012 1493 ln
2036 1464 2133 1511 quo
2159 1447 2354 1511 quidem
2373 1463 2464 1493 nos
2479 1445 2669 1492 morali-

541 1535 611 1571 ter
632 1526 843 1585 instruit,
864 1536 910 1572 et
925 1527 1148 1591 potentiae
1168 1540 1262 1573 suae
1280 1527 1659 1591 magnitudinem
1683 1528 1906 1575 ostendit.
1936 1528 2071 1574 Prius
2099 1528 2228 1574 enim
2254 1527 2379 1574 mala
2401 1543 2506 1591 quae
2522 1527 2670 1573 corri-

542 1622 706 1668 gamus
732 1605 980 1669 diligenter
995 1606 1236 1670 inquirere
1251 1643 1262 1665 ‚
1287 1617 1333 1654 et
1354 1624 1647 1671 praenoscere
1670 1607 1923 1668 debemus,
1948 1624 2094 1672 quam
2113 1624 2168 1655 ea
2185 1607 2499 1666 vindicemus,
2523 1616 2570 1653 et
2584 1621 2671 1672 per

543 1686 816 1748 patientiam
842 1685 903 1732 ad
924 1685 1095 1732 horam
1115 1688 1372 1747 sustinere,
1395 1705 1457 1734 ne
1474 1688 1821 1753 praecipitanter
1846 1689 2128 1735 sententiam
2147 1688 2404 1735 inferamus
2430 1686 2664 1734 vindictae.

544 1765 679 1811 Unde
689 1764 812 1829 bene
828 1766 1064 1812 Dominus
1078 1767 1207 1830 prius
1224 1768 1500 1832 conspicere
1516 1768 1668 1815 voluit
1687 1768 1810 1815 mala
1829 1768 2004 1816 domus
2021 1785 2131 1829 suae,
2147 1754 2292 1832 quam
2312 1768 2359 1814 in
2382 1784 2438 1815 ea
2455 1767 2671 1814 severita—

541 1856 639 1892 tem
665 1861 881 1892 exercere
897 1846 1102 1909 justitiae.
1139 1848 1270 1894 Sicut
1298 1848 1427 1894 enim
1459 1858 1506 1895 et
1530 1848 1591 1895 de
1618 1849 1723 1914 ipso
1752 1850 1943 1895 Genesis
1971 1848 2135 1896 refert²
2159 1847 2293 1912 quod
2328 1863 2478 1911 quum
2509 1861 2671 1911 super-

540 1925 669 1972 biam
693 1924 1027 1972 aedificantium
1052 1936 1233 1974 turrem
1256 1944 1313 1974 ex
1330 1928 1611 1975 confusione
1635 1928 1906 1993 linguarum
1938 1928 2078 1975 vellet
2109 1929 2368 1992 reprimere
2384 1963 2396 1986 ,
2419 1937 2465 1973 et
2495 1927 2562 1972 sic
2588 1941 2671 1973 eos

541 2022 627 2069 per
649 2006 867 2070 regiones
897 2006 1188 2071 dispergere,
1226 2009 1357 2073 prius
1376 2009 1613 2055 Dominus
1641 2009 1888 2065 descendit
1907 2019 1959 2056 ut
1988 2008 2171 2056 videret
2198 2008 2326 2055 illam
2352 2005 2670 2072 superborum

543 2087 808 2147 stultitiam,
837 2103 982 2151 quam
1006 2089 1054 2134 in
1084 2105 1190 2135 eam
1209 2089 1344 2135 daret
1368 2091 1667 2137 sententiam.
1694 2091 1770 2136 Sic
1803 2100 1848 2137 et
1866 2100 2059 2154 peccata
2079 2090 2300 2136 Sodomae
2319 2099 2366 2135 et
2389 2087 2671 2135 Gomorrhae

544 2169 820 2233 puniturus¹⁹
839 2190 849 2215 :
874 2188 896 2214 «
914 2169 1235 2229 Descendam,
1254 2188 1276 2213 »
1296 2171 1476 2234 inquit,
1500 2190 1522 2215 «
1541 2181 1587 2217 et
1603 2170 1777 2216 videbo
1799 2180 1957 2216 utrum
1976 2170 2235 2217 clamorem
2255 2170 2338 2232 qui
2360 2170 2490 2216 venit
2515 2168 2574 2214 ad
2594 2183 2671 2214 me

545 2264 689 2311 opere
704 2249 1075 2314 compleverint,
1099 2265 1159 2295 an
1174 2265 1272 2295 non
1292 2260 1362 2296 est
1374 2251 1455 2309 ita,
1473 2259 1525 2296 ut
1541 2250 1703 2296 sciam.
1721 2268 1743 2294 υ
1765 2250 1840 2296 Sic
1856 2259 1902 2296 et
1916 2249 2010 2296 hoc
2029 2249 2137 2296 loco
2160 2250 2291 2314 prius
2312 2250 2361 2295 in
2381 2248 2562 2312 templo
2587 2248 2672 2294 cir-

544 2329 826 2394 cumspectis
840 2329 963 2376 male
974 2329 1239 2393 agentibUS,
1250 2330 1457 2377 ostendit
1471 2347 1520 2377 se
1538 2330 1818 2394 cognovisse
1837 2329 1954 2393 quid
1970 2329 2166 2376 deberet
2176 2329 2435 2376 vindicare.
2448 2327 2671 2375 Exhibuit

546 2411 818 2472 patientiam
840 2410 1105 2457 differendo
1129 2410 1403 2457 vindictam.
1432 2411 1592 2458 Noluit
1611 2410 1871 2458 vindictam
1900 2426 2145 2470 exercere,
2175 2411 2314 2474 quasi
2340 2409 2671 2475 praedictarum

545 2490 789 2537 turbarum
811 2490 1019 2538 confisus
1037 2507 1155 2556 ope,
1176 2508 1273 2555 quo
1298 2492 1452 2554 major
1474 2492 1574 2554 ejus
1598 2501 1807 2557 potestas
1825 2501 2099 2556 appareret,
2123 2507 2275 2555 quum
2293 2490 2388 2538 hoc
2404 2491 2506 2537 sine
2522 2488 2672 2536 turbis

546 2582 804 2635 perageret.
831 2571 967 2619 Solos
986 2572 1164 2636 quippe
1182 2589 1359 2637 pueros
1381 2582 1496 2620 tunc
1513 2572 1698 2632 adesse,
1723 2582 1769 2619 et
1795 2572 2086 2620 clamantes'
2075 2589 2124 2618 1n
2147 2571 2351 2636 templo⁵
2370 2589 2380 2616 ε
2408 2590 2432 2615 «
2449 2573 2671 2616 Hosanna

547 2648 644 2696 filio
669 2649 842 2698 David!
866 2670 888 2694 »
928 2651 1173 2699 Matthaeus
1211 2663 1583 2712 commemorat,
1613 2663 1666 2699 ut
1694 2653 1743 2699 in
1783 2652 2004 2699 laudibus
2029 2652 2205 2699 horum
2229 2659 2673 2715 recumpensaretur

548 2732 679 2795 quod
709 2733 1012 2779 commiserat
1038 2734 1087 2779 in
1121 2734 1286 2781 Elisaeo
1320 2751 1584 2799 puerorum
1605 2734 1776 2781 irrisio.
1811 2736 2016 2798 Vespera
2039 2735 2182 2792 facta,
2206 2742 2258 2779 ut
2283 2732 2463 2779 dictum
2488 2740 2583 2789 est,
2612 2730 2672 2777 de

548 2813 727 2878 templo
747 2814 982 2860 Dominus
1005 2830 1236 2877 egressus,
1259 2816 1307 2862 in
1330 2815 1607 2862 Bethaniam
1625 2832 1736 2863 cum
1756 2814 1983 2880 apostolis
2009 2813 2168 2873 rediit,
2192 2823 2420 2877 tanquam
2441 2811 2502 2858 de
2523 2810 2671 2858 domo

550 2892 882 2940 inobedientiae
891 2893 952 2940 ad
965 2893 1166 2940 domum
1177 2894 1425 2942 conferens
1442 2894 1741 2942 obedientiae.
1758 2898 1910 2942 Nemo
1929 2894 2057 2940 enim
2073 2897 2230 2941 Deum
2244 2891 2560 2939 habitatorem
2579 2906 2672 2937 me-

549 2983 678 3020 retur
701 2973 896 3033 habere,
914 2974 1004 3020 nisi
1025 2975 1108 3038 qui
1136 2976 1381 3040 praeceptis
1406 2976 1506 3039 ejus
1525 2986 1696 3041 praesto
1717 2986 1786 3023 est
1809 2975 2023 3023 obedire.
2053 2977 2124 3022 De
2148 2974 2336 3021 civitate
2356 2971 2416 3018 ad
2433 2970 2672 3017 modicam

551 3055 766 3118 procedit
780 3056 956 3114 villam,
971 3056 1099 3119 quia,
1116 3065 1169 3103 ut
1184 3057 1384 3121 ipsemet
1401 3057 1481 3116 ait,
1495 3057 1634 3104 multi
1646 3058 1800 3104 vocati
1815 3067 1941 3117 sunt,
1957 3056 2098 3120 pauci
2113 3072 2225 3102 vero
2247 3053 2397 3101 electi.
2415 3050 2673 3098 Jerusalem

552 3144 599 3180 et
631 3136 860 3199 templum
890 3146 1118 3201 tanquam
1146 3138 1392 3202 propriam
1417 3138 1657 3185 civitatem
1684 3148 1730 3185 et
1758 3138 1959 3185 domum
1977 3137 2273 3201 relinquenS,
2302 3149 2454 3197 quum
2482 3131 2548 3178 ihi
2573 3147 2671 3207 non

552 3214 748 3262 haberet
781 3216 861 3263 ubi
891 3227 1033 3282 caput
1053 3217 1329 3277 reclinaret,
1352 3218 1469 3266 illud
1495 3219 1627 3283 quod
1655 3219 1716 3266 de
1744 3220 1900 3284 seipso
1926 3219 2152 3284 scriptum
2181 3225 2252 3264 est
2281 3213 2511 3278 adimplet
2533 3231 2542 3258 :
2576 3232 2598 3256 «
2622 3214 2673 3257 ln

599 3418 607 3434 ¹
633 3418 761 3460 Matth„
777 3429 850 3462 cap.
873 3431 927 3452 xxi
943 3446 951 3461 ‚
967 3431 997 3453 v.
1021 3423 1071 3454 12.
1083 3438 1106 3445 -
1118 3421 1212 3463 Luc.,
1234 3433 1306 3466 cap.
1333 3434 1408 3462 xm,
1425 3433 1455 3455 v.
1472 3423 1525 3455 45.
1541 3440 1583 3446 —
1639 3422 1652 3438 ³
1670 3423 1799 3461 Genes.,
1819 3431 1895 3465 cap.
1910 3431 1963 3460 xi,
1983 3430 2014 3451 v.
2036 3421 2068 3451 5.
2083 3436 2126 3443 —
2143 3418 2156 3436 ⁴
2174 3419 2302 3458 Genes„
2317 3429 2389 3461 cap.
2408 3428 2484 3450 xv111
2496 3442 2504 3457 ,
2519 3427 2549 3448 v.
2566 3416 2620 3447 2¹.
2632 3430 2675 3439 —-

555 3474 565 3488 ²
591 3474 715 3512 Matth„
741 3484 815 3518 cap.
838 3487 912 3515 xxi,
938 3487 968 3509 v.
996 3478 1029 3510 2.
1050 3494 1072 3502 -
1091 3478 1186 3518 Luc.,
1210 3489 1282 3522 cap.
1309 3490 1382 3519 xix,
1408 3490 1438 3511 v.
1467 3480 1519 3511 30.
1543 3496 1583 3502 -
1640 3479 1653 3496 ¹⁵
1671 3478 1800 3519 Matth.,
1815 3488 1887 3520 cap.
1906 3487 1962 3509 xxi
1977 3501 1985 3516 ,
2001 3486 2032 3508 v·
2050 3476 2105 3509 bl.
