2970 4152
537 397 629 444 536
1334 397 1502 443 PETRI
1540 395 1852 446 ABAELARDI

532 493 710 536 Pavens
733 493 946 554 quoque¹
976 507 985 535 ε
1016 507 1039 534 «
1065 492 1221 546 Quam
1243 489 1482 549 terribilis,
1505 509 1529 535 »
1554 492 1734 556 inquit,
1764 512 1787 537 «
1811 501 1880 539 est
1900 491 2034 538 locus
2055 487 2171 538 iste!
2195 510 2218 536 »
2242 492 2538 554 Terribilem,
2555 493 2649 542 hoc

534 579 603 615 est
625 587 811 616 summa
833 570 1098 616 reverentia
1121 569 1321 633 dignum
1337 587 1438 617 esse
1460 573 1760 635 recognoscit
1779 573 1855 618 :in
1879 588 2001 635 quo,
2027 581 2081 617 ut
2104 570 2287 617 dictum
2309 581 2396 631 est,
2422 583 2650 638 tanquam

532 650 799 714 in'spiritali
822 649 1030 713 templo,
1060 666 1115 696 ac
1138 650 1228 696 sibi
1249 651 1439 714 penitus
1469 639 1652 711 dicato,
1684 668 1780 716 per⁴
1800 651 2166 698 abundantioris
2190 651 2347 714 gratiae
2368 652 2499 700 dona
2524 656 2652 701 Deus

531 728 779 775 inhabitat.
817 729 910 775 Sed
944 729 1057 793 quia
1093 729 1230 777 multi
1265 730 1391 778 hanc
1430 732 1747 778 reverentiam
1782 731 1891 778 loco
1937 730 2102 777 deberi
2138 743 2490 795 recognoscunt
2513 770 2524 792 ,
2562 750 2652 781 nec

530 820 688 855 tamen
720 809 786 855 illi
819 810 944 857 hanc
973 811 1222 871 exhibent,
1254 829 1344 858 nec
1381 812 1510 859 illam
1545 813 1750 877 apostoli
1777 812 2205 859 comminationem
2227 823 2462 878 expavent
2481 816 2525 860 ¹:
2556 833 2579 859 «
2605 815 2651 860 Si

531 889 635 952 quis
656 888 903 936 violaverit
927 891 1159 955 templum
1181 892 1291 951 Dei,
1319 892 1563 957 disperdet
1584 892 1719 938 illum
1741 895 1891 952 Deus,
1917 912 1940 936 υ
1959 891 2084 939 bene
2100 891 2396 957 prae'missum
2419 902 2512 952 est,
2533 912 2557 938 α
2575 910 2654 958 pa-

530 985 669 1027 vens,
690 988 714 1013 »
740 980 793 1016 ut
815 970 947 1034 quod
969 971 1245 1035 pavendum
1270 989 1370 1019 esse
1393 990 1493 1019 non
1518 972 1704 1019 dubitat
1721 1009 1732 1031 ,
1755 972 2000 1019 offendere
2020 973 2070 1019 in
2094 989 2152 1020 eo
2175 990 2276 1019 non
2297 973 2568 1038 praesumat.
2595 978 2653 1021 Et

530 1048 745 1108 attende,
779 1051 911 1114 quod
940 1067 1089 1115 quum
1120 1053 1423 1116 praemiserit:
1455 1071 1478 1098 «
1504 1056 1687 1099 Domus
1720 1052 1838 1111 Dei,
1868 1070 1892 1096 »
1916 1052 2076 1100 statim
2105 1054 2357 1113 annexuit,
2386 1073 2409 1099 «
2439 1064 2487 1101 et
2513 1064 2652 1118 porta

530 1130 651 1176 coeli.
683 1149 706 1174 »
732 1131 819 1177 Hic
842 1141 913 1178 est
943 1131 1048 1178 talis
1083 1132 1239 1179 aditus
1253 1134 1423 1196 ,regni
1446 1133 1674 1192 coelestis,
1700 1149 1756 1179 ex
1787 1149 1884 1196 quo
1907 1133 2010 1180 sine
2037 1133 2267 1180 dilatione
2289 1133 2350 1181 de
2380 1133 2521 1198 hujus
2546 1135 2654 1181 vitae

531 1211 865 1259 observatione
888 1213 999 1259 illuc
1022 1214 1306 1273 introeatur,
1331 1212 1461 1261 nulla
1478 1214 1700 1261 videlicet
1721 1215 2006 1279 purgatione
2027 1215 2324 1280 interposita.

595 1295 751 1358 Surgit
772 1311 913 1341 mane
939 1295 1104 1354 Jacob,
1125 1306 1172 1342 et
1188 1296 1416 1360 lapidem,
1437 1312 1581 1360 quem
1603 1306 1920 1361 supposuerat
1938 1297 2081 1361 capiti
2099 1313 2187 1343 suo
2211 1296 2347 1359 erigit
2368 1296 2418 1342 in
2440 1295 2650 1354 titulum,

534 1376 785 1439 ipsumque
809 1375 917 1422 oleo
940 1376 1145 1440 desuper
1167 1376 1326 1425 infuso
1345 1413 1356 1436 ,
1377 1393 1511 1423 more
1526 1372 1768 1441 pontificis
1788 1386 1957 1423 votum
1979 1376 2135 1441 explet
2156 1375 2470 1423 dedicationis
2490 1394 2501 1423 ε
2519 1377 2653 1440 quasi

529 1455 577 1500 in
602 1454 698 1502 hoc
719 1447 1152 1520 primogenitorum
1175 1456 1455 1520 dignitatem
1477 1473 1624 1521 quam
1648 1467 1827 1504 emerat
1855 1473 2094 1504 exercens.
2126 1457 2447 1520 Primogenita
2473 1456 2653 1521 quippe

528 1543 643 1582 tunc
671 1536 813 1583 fuisse
842 1537 1068 1584 dicuntur
1098 1538 1240 1584 vestis
1273 1554 1356 1584 seu
1386 1538 1592 1601 dignitas
1620 1537 1951 1596 sacerdotalis,
1976 1552 2124 1602 quam
2151 1537 2459 1601 primogeniti
2487 1535 2654 1582 fratres

527 1632 612 1678 per
634 1614 1022 1663 benedictionem
1045 1627 1294 1682 paternam
1318 1617 1640 1682 accipiebant,
1666 1627 1719 1663 ut
1741 1617 1830 1663 soli
1852 1617 1978 1663 inter
1999 1616 2166 1663 fratres
2188 1615 2472 1663 sacerdotali
2490 1611 2654 1678 funge-

526 1705 692 1741 rentur
714 1695 892 1743 officio.
913 1700 971 1742 Et
993 1713 1020 1743 a
1043 1707 1194 1743 matre
1217 1697 1427 1744 vestibus
1450 1700 1574 1744 Esau
1596 1695 1738 1743 valde
1759 1695 1901 1743 bonis
1923 1696 2121 1744 indutus
2144 1695 2288 1742 fuisse
2305 1694 2454 1742 Jacob
2476 1710 2655 1741 memo·

526 1786 673 1823 ratur.
695 1778 754 1824 Et
772 1787 906 1836 nota,
929 1778 1050 1824 sicut
1066 1776 1415 1824 Melchisedech
1433 1787 1730 1825 sacramenta
1747 1777 1965 1825 Ecclesiae
1981 1770 2254 1841 antiquiora
2267 1775 2492 1823 videntur
2506 1791 2652 1840 quam

525 1873 775 1921 synagogae
803 1876 812 1903 :
839 1858 904 1904 ita
926 1858 975 1904 in
999 1857 1270 1922 patriarcha
1293 1857 1442 1905 Jacob
1465 1867 1629 1905 noster
1651 1857 1968 1905 dedicationis
1989 1858 2106 1904 ritus
2127 1856 2320 1904 videtur
2341 1855 2648 1920 praecessisse,

525 1938 637 2000 quia
658 1947 758 1984 tam
787 1937 933 1985 altare
961 1954 1107 2002 quam
1136 1938 1385 1985 ecclesiam
1406 1939 1562 2004 ipsam
1584 1938 1692 1985 oleo
1715 1954 2070 1985 consecramus.
2097 1936 2242 1995 Quod
2269 1951 2576 2000 nequaquam
2602 1936 2650 1982 in

525 2015 836 2063 tabernaculo
859 2017 933 2064 vel
956 2017 1138 2082 templo
1162 2017 1342 2064 factum
1365 2034 1465 2064 esse
1487 2018 1705 2081 legimus.
1732 2019 1872 2064 Mane
1896 2017 2047 2080 surgit
2069 2015 2218 2063 Jacob
2241 2015 2302 2062 de
2324 2014 2458 2073 loco,
2482 2014 2532 2061 in
2554 2029 2652 2078 quo

525 2101 774 2163 quiescens
808 2101 991 2148 viderat
1024 2102 1261 2148 visionem
1278 2139 1289 2160 ,
1317 2112 1364 2149 et
1386 2102 1486 2164 ejus
1508 2102 1603 2148 loci
1624 2102 1939 2149 sanctitatem.
1957 2109 2272 2164 cognoverat,
2309 2115 2461 2163 quum
2495 2098 2653 2145 anima

525 2179 747 2243 quaelibet
767 2180 1017 2245 praedicta,
1045 2191 1241 2245 peracto
1260 2182 1359 2244 jam
1383 2197 1477 2227 suae
1500 2181 1800 2245 probationis
1821 2190 2067 2251 tempore,
2094 2179 2156 2226 ad
2169 2178 2518 2243 professionem
2538 2193 2654 2223 con-

526 2260 711 2307 scendit
734 2260 929 2324 regulae,
956 2271 1149 2326 experta
1165 2261 1266 2325 jam
1295 2261 1436 2324 hujus
1464 2261 1702 2326 propositi
1730 2260 1872 2308 simul
1901 2275 1955 2306 ac
1983 2259 2077 2306 loci
2104 2258 2334 2322 religione
2362 2276 2372 2304 :
2399 2266 2446 2304 et
2466 2266 2582 2304 tunc
2603 2272 2653 2302 se

526 2340 715 2404 penitus
736 2342 839 2387 Deo
863 2340 1117 2400 dedicans,
1135 2350 1190 2391 ,et
1212 2341 1412 2406 proprio
1435 2350 1550 2387 voto
1583 2340 1650 2387 illi
1671 2356 1722 2387 se
1751 2339 1994 2403 obligans,
2011 2337 2243 2404 spiritalis
2268 2336 2434 2403 templi
2459 2336 2653 2383 dedica-

526 2420 708 2466 tionem
739 2420 789 2465 in
818 2420 972 2484 seipsa
1006 2420 1232 2467 celebrat.
1258 2423 1389 2466 Tunc
1411 2420 1652 2487 lapidem,
1685 2420 1736 2466 in
1760 2436 1858 2484 quo
1881 2418 2167 2477 dormierat,
2193 2417 2330 2481 erigit
2356 2417 2406 2463 in
2435 2415 2650 2474 titulum,

526 2498 621 2545 hoc
648 2509 746 2558 est,
773 2499 922 2546 oculis
950 2499 1221 2562 suis-'affigit
1249 2500 1298 2545 in
1322 2500 1512 2562 signum
1531 2537 1542 2558 ,
1575 2498 1854 2563 quasi‘nihil
1876 2498 2005 2546 aliud
2033 2498 2230 2545 ulterius
2258 2496 2431 2544 debeat
2452 2496 2650 2553 intueri,

527 2581 636 2644 quia
654 2581 754 2644 jam
777 2581 898 2628 facta
915 2581 1211 2645 professione
1228 2581 1464 2645 respicere
1485 2589 1615 2627 retro
1637 2597 1739 2627 non
1767 2580 1906 2640 licet,
1932 2596 1994 2627 ne
2016 2596 2128 2626 cum
2157 2594 2306 2625 uxore
2327 2577 2451 2624 Loth
2469 2585 2648 2645 pereat.

529 2661 740 2707 Primum
763 2662 807 2707 ei
828 2671 990 2708 tamen
1006 2662 1053 2707 in
1073 2661 1171 2707 imo
1190 2660 1309 2725 lapis
1324 2660 1531 2724 jacebat,
1549 2661 1662 2725 quia
1683 2677 1783 2707 non
1807 2669 1943 2707 tanto
1961 2659 2126 2707 debito
2145 2659 2188 2705 ei
2205 2667 2346 2705 antea
2363 2655 2648 2703 cohaerebat.

530 2744 751 2788 Erectum
784 2741 993 2806 lapidem
1029 2740 1136 2788 oleo
1172 2740 1423 2806 superfuso
1458 2740 1550 2787 sibi
1584 2750 1859 2800 consecrat,
1892 2740 2011 2787 dum
2043 2749 2147 2787 toto
2185 2737 2453 2786 dilectionis
2481 2735 2652 2783 affectu

529 2821 686 2884 ipsum
707 2819 1148 2885 comprehendens,
1180 2829 1253 2866 tot
1275 2820 1532 2883 unguentis
1555 2819 1724 2867 delinit
1752 2836 1863 2867 eum
1881 2857 1892 2879 ‚
1919 2829 2040 2884 quot
2071 2817 2319 2866 desideriis
2352 2815 2654 2880 amplectitur

529 2900 702 2964 ipsum.
730 2900 857 2958 Quid
881 2910 1040 2947 autem
1062 2909 1307 2962 unguenta
1326 2937 1336 2957 ,
1364 2900 1455 2946 nisi
1477 2900 1698 2964 quaedam
1729 2909 1800 2947 est
1832 2899 2064 2946 recreatio
2087 2897 2337 2954 dolorum,
2365 2905 2413 2942 et
2440 2894 2653 2940 fomenta

531 2979 825 3026 dolentium?
847 2979 989 3026 Dolet
1010 2989 1171 3027 autem
1195 2979 1409 3026 Christus
1428 2979 1489 3026 de
1507 2978 1649 3026 nobis
1671 2996 1822 3043 quum
1844 2988 2011 3026 nostra
2032 2979 2075 3025 ei
2097 2975 2398 3024 conversatio
2420 2972 2653 3022 saecularis

533 3058 772 3122 displicet,
808 3069 855 3106 et
888 3060 955 3106 sic
988 3075 1100 3106 eum
1132 3058 1461 3123 exasperando
1480 3095 1491 3117 ,
1524 3059 1661 3105 malis
1696 3058 1923 3124 operibus
1954 3067 2125 3105 contra
2151 3072 2242 3103 nos
2269 3068 2648 3102 commovemus.

533 3138 747 3185 Placatur
768 3149 928 3186 autem
950 3139 1140 3205 penitus
1158 3177 1169 3199 ,
1195 3149 1243 3186 et
1269 3139 1406 3203 quasi
1427 3138 1717 3203 quibusdam
1737 3139 1992 3202 unguentis
2012 3138 2093 3185 hic
2114 3137 2214 3201 ejus
2235 3134 2377 3182 dolor
2391 3133 2648 3196 mitigatur,

534 3234 683 3280 quum
705 3235 732 3265 a
753 3219 923 3266 saeculo
948 3219 1225 3267 recedentes
1246 3220 1359 3266 totis
1388 3219 1431 3265 ei
1453 3218 1715 3266 visceribus
1746 3219 2032 3266 inhaeremus
2047 3255 2059 3278 ,
2083 3228 2131 3265 et
2151 3215 2445 3282 perfectione
2466 3212 2652 3260 virtutis

537 3316 625 3346 nos
649 3301 748 3362 jam
770 3301 813 3346 ei
835 3301 1023 3365 penitus
1051 3301 1355 3366 copulamus,
1377 3301 1510 3364 juxta
1532 3300 1649 3347 illud
1672 3301 1886 3365 Apostoli
1907 3319 1916 3347 ε
1947 3300 2081 3358 «Qui
2106 3308 2266 3346 autem
2288 3297 2497 3346 adhaeret
2520 3298 2647 3353 Deo,

582 3475 591 3492 ⁴
619 3475 746 3515 [ιεηεευ
761 3486 834 3520 cap.
853 3487 968 3517 xxvtu,
984 3488 1013 3509 v.
1035 3479 1083 3509 Π.
1105 3495 1141 3501 -
1159 3477 1171 3494 ¹
1191 3478 1335 3511 Corinth.
1351 3479 1384 3515 I,
1403 3488 1478 3521 cap.
1494 3489 1547 3516 111,
1567 3488 1598 3510 v.
1617 3479 1667 3510 17.
