2970 4152
578 413 669 458 488
1147 409 1316 455 PETRI
1354 409 1665 462 ABAELARDI
1700 412 1775 460 ΕΤ
1808 411 2110 458 HELOISSAE

575 507 718 553 etiam
739 505 1043 570 superirrisus
1067 521 1094 550 a
1118 503 1239 563 filio,
1264 504 1648 554 maledictionem
1674 506 1720 553 in
1748 498 2094 565 eum'intorsit‚
2130 516 2177 553 et
2201 506 2437 555 servitutis
2461 490 2691 555 sententia

576 586 707 634 illum
754 585 976 649 obligavit
1016 603 1026 631 z
1071 602 1176 649 quae
1212 595 1348 634 antea
1385 602 1687 650 nequaquam
1727 588 1846 635 facta
1882 604 1983 634 esse
2012 587 2340 651 cognovimus.
2371 588 2512 635 Loth¹
2536 589 2693 636 virum

577 677 793 714 sanctum
822 665 884 712 ad
905 666 1139 713 incestum
1164 665 1432 717 nullatenus
1456 667 1583 717 <trah—i
1601 668 1705 723 nisi
1726 684 1812 732 per
1849 667 2125 714 ebrietatem
2162 666 2268 715 filiae
2292 668 2448 732 ipsius
2475 669 2695 733 provide-

576 758 702 795 runt.
729 750 783 794 Et
808 745 946 794 beata
972 746 1116 793 vidua
1139 746 1399 812 superbum
1418 747 1782 812 Holophernum
1800 751 1813 773 ²
1843 764 1942 794 non
1970 747 2058 794 nisi
2083 747 2174 795 hac
2204 758 2302 795 arte
2325 748 2460 794 illudi
2485 765 2626 813 posse
2642 756 2696 797 ‚et

574 827 812 895 prosterni
846 825 1061 873 credidit.
1102 826 1302 890 Angelos
1337 827 1542 890 antiquis
1579 826 1792 891 patribus
1831 829 2167 891 apparentes³,
2215 837 2261 874 et
2294 827 2355 874 ab
2384 828 2450 877 eis
2486 827 2696 893 hospitio

577 919 846 973 susceptos,
871 907 1091 955 carnibus
1106 946 1117 967 ,
1141 924 1240 959 non
1259 907 1399 967 vino,
1426 924 1534 954 usos
1560 924 1661 954 esse
1682 907 1896 971 legimus.
1918 910 1977 954 Et
1996 909 2202 955 maximo
2222 907 2288 954 illi
2313 918 2360 955 et
2382 908 2540 974 primo
2565 909 2697 974 prin-

575 990 668 1054 cipi
697 999 862 1036 nostro
892 988 1001 1035 Eliae
1018 990 1032 1012 ¹·
1055 988 1102 1034 in
1130 987 1437 1036 solitudinem
1464 987 1628 1034 latenti
1645 987 1785 1034 -corvi
1810 1004 1954 1035 mane
1978 998 2025 1034 et
2047 1004 2243 1053 vespere
2262 989 2400 1052 panis
2420 998 2465 1035 et
2482 988 2699 1036 carnium

578 1069 851 1123 alimoniam
870 1105 883 1129 ,
924 1084 1022 1116 non
1054 1069 1158 1118 vini
1185 1067 1532 1137 ministrabant.
1568 1067 1783 1132 Populus,
1805 1069 1947 1114 etiam
1978 1068 2618 1121 israeliticusdelicatissimis
2650 1069 2699 1116 in

579 1150 775 1197 heremo
802 1150 918 1199 cibis
948 1150 1150 1196 maxime
1184 1149 1485 1203 coturnicum
1522 1147 1778 1208 educatus
1820 1165 1910 1196 nec
1934 1149 2046 1198 vino
2072 1165 2186 1195 usus
2211 1148 2381 1208 fuisse,
2422 1160 2512 1200 nec
2544 1148 2701 1219 ipsum

579 1231 829 1296 appetiisse
854 1230 1069 1294 legitur⁵.
1104 1232 1161 1275 Et
1185 1228 1481 1283 refectiones
1489 1228 1578 1275 illae
1606 1245 1787 1293 panum
1808 1238 1857 1276 et
1887 1229 2120 1292 piscium,
2162 1228 2338 1292 quibus
2372 1229 2422 1275 in
2447 1227 2703 1280 solitudine

577 1311 785 1376 populus
826 1309 1176 1360 sustentabatur
1195 1345 1207 1368 ,
1231 1310 1419 1365 vinum
1458 1325 1760 1373 nequaquam
1790 1308 2011 1362 habuisse
2055 1309 2339 1357 referuntur.
2387 1307 2703 1361 Solu-mmodo

580 1392 755 1456 nuptiae
779 1408 884 1456 quae
908 1390 1252 1454 indulgentiam
1276 1389 1484 1441 habent&
1505 1389 1860 1445 incontinentiae
1883 1389 2020 1449 vini,
2049 1390 2098 1436 in
2125 1406 2223 1454 quo
2248 1399 2333 1437 estr
2356 1389 2542 1438 luxuria
2557 1418 2585 1448 ,>
2609 1389 2699 1438 mi·

581 1472 795 1520 raculum
829 1471 1115 1527 habuerunt.
1149 1469 1365 1518 Solitudo
1402 1485 1544 1527 vero,
1575 1484 1688 1532 quae
1717 1469 1910 1533 propria
1948 1479 2016 1515 est
2057 1468 2405 1515 monachorum
2446 1467 2701 1528 habitatio,

582 1553 796 1600 carnium
833 1552 988 1615 magis
1005 1567 1149 1614 quam
1176 1551 1274 1597 vini
1299 1549 1589 1600 beneficium
1615 1548 1763 1597 novit.
1805 1550 1999 1604 Summa
2029 1549 2169 1594 etiam
2197 1548 2275 1594 illa
2309 1549 2356 1594 in
2391 1548 2522 1611 lege,
2558 1550 2706 1601 Naza÷

583 1651 787 1683 raeorum
822 1633 1015 1696 religio,
1054 1647 1223 1695 quase
1253 1632 1463 1679 Domino
1492 1639 1802 1689 consecrant,
1844 1630 2010 1677 vinum
2049 1639 2096 1676 et
2132 1629 2525 1693 quodinebriare
2552 1639 2709 1694 potest

583 1714 890 1763 solummodo
919 1712 1096 1760 vitabat
1114 1715 1142 1757 ⁷.
1175 1715 1291 1769 Quae
1316 1727 1523 1775 namque
1551 1711 1699 1757 virtus
1718 1746 1730 1770 ,
1760 1710 1892 1774 quod
1908 1710 2096 1762 vbonum
2123 1711 2173 1758 in
2199 1710 2339 1758 ebriis
2359 1709 2550 1759 manet?
2571 1709 2710 1758 Unde

583 1813 683 1844 non
720 1795 876 1842 solum
910 1795 1074 1841 vinum
1095 1829 1107 1853 ,
1141 1792 1451 1840 verumetiam
1485 1807 1630 1838 omne
1665 1791 1799 1855 quod
1826 1790 2061 1839 inebriare
2091 1801 2249 1856 potest
2276 1791 2482 1854 antiquis
2517 1805 2710 1854 quoque

587 1875 912 1924 sacerdotibus
951 1875 1150 1938 legimus
1185 1872 1433 1927 interdici„
1456 1875 1531 1919 De
1568 1889 1664 1936 quo
1691 1872 2009 1935 Hieronymus
2046 1871 2481 1937 aad-Nepotianum,
2522 1869 2584 1917 de
2617 1868 2711 1924 vita

586 1958 867 2025 clericorum
887 1955 1096 2002 scribens
1111 1955 1124 1977 ⁸
1140 1990 1152 2014 ,
1175 1963 1222 2000 et
1239 1954 1442 2017 graviter
1465 1952 1718 2016 indignans
1734 1988 1747 2013 ,
1773 1952 1906 2016 quod
1924 1951 2195 2007 sacerdotes
2209 1951 2324 2015 legis
2345 1951 2405 1998 ab
2428 1950 2564 1997 omni
2579 1948 2712 2015 quod

589 2037 823 2084 inebriare
843 2045 999 2102 potest
1013 2034 1303 2082 abstinentes
1320 2043 1517 2093 nostros
1530 2034 1578 2079 in
1603 2032 1694 2079 hac
1717 2032 2001 2079 abstinentia
2021 2040 2247 2096 superent
2268 2049 2277 2077 :
2305 2050 2326 2075 «
2350 2010 2709 2094 NequaquamJ»

587 2118 770 2182 inquit,
803 2137 826 2162 «
850 2117 1015 2171 vinum
1038 2115 1283 2174 redoleas,
1315 2131 1376 2161 ne
1401 2114 1565 2160 audias
1586 2112 1707 2161 ‚illud
1735 2112 2011 2177 Philosophi
2046 2130 2055 2158 :
2094 2131 2115 2156 «
2149 2115 2252 2158 Hoc
2279 2127 2379 2157 non
2406 2120 2476 2158 est
2497 2108 2713 2179 osculum

591 2219 612 2243 ι(
633 2198 900 2263 porrigere,
922 2196 1008 2243 sed
1032 2195 1352 2262 propinare.»
1382 2193 1664 2241 Vinolentos
1691 2192 1960 2240 sacerdotes
1984 2202 2028 2239 et
2055 2191 2310 2256 Apostolus
2330 2190 2550 2247 damnat,
2574 2199 2624 2237 et
2641 2188 2714 2245 lex

587 2289 722 2336 vetus
751 2277 1005 2343 prohihet:
1033 2295 1055 2320 «
1079 2276 1172 2334 Qui
1203 2275 1371 2321 altario
1401 2265 1697 2332 deserviunt,
1725 2273 1889 2319 vinum
1916 2282 1963 2319 et
1987 2272 2209 2320 siceram
2221 2287 2320 2317 non
2349 2268 2558 2316 bibent⁹.
2585 2287 2614 2311 »
2644 2268 2716 2314 Si,

588 2376 695 2407 cera
722 2358 912 2406 hebraeo
947 2373 1167 2410 sermone
1205 2356 1361 2403 omnis
1389 2355 1522 2420 potio
1548 2364 1883 2418 nuncupatur,
1909 2370 2014 2417 quae
2047 2351 2282 2400 inebriare
2307 2360 2490 2415 potest,
2513 2349 2631 2399 sive
2628 2339 2718 2395 'illa

590 2457 694 2504 quae
720 2440 951 2486 fermento
971 2437 1254 2495 conficitur,
1280 2437 1377 2484 sive
1404 2451 1663 2501 pomorum
1683 2451 1855 2493 succo,
1884 2443 1965 2482 aut
1983 2433 2082 2480 favi
2105 2431 2470 2495 decoquuntur
2459 2447 2507 2476 m
2529 2429 2719 2478 dulcem

597 2530 642 2566 et
680 2518 934 2566 herbarum
964 2517 1240 2581 potionem,
1282 2526 1365 2562 aut
1392 2515 1660 2580 palmarum
1696 2515 1875 2565 fructus
1899 2514 2230 2578 exprimuntur
2252 2512 2301 2559 in
2327 2511 2596 2575 liquorem„
2635 2524 2719 2556 co-

595 2601 775 2665 ctisque
818 2598 1029 2663 frugibus
1064 2614 1191 2662 aqua.
1223 2597 1444 2662 pinguior
1476 2595 1732 2653 coloratur.
1764 2594 2012 2658 Quidquid
2039 2593 2243 2650 inebriat
2271 2603 2318 2639 et
2344 2601 2518 2638 statum
2550 2589 2721 2645 mentis

596 2682 787 2739 evertit,
815 2680 922 2744 fuge
949 2677 1445 2737 similitervutwinum.
1477 2696 1499 2720 »
1523 2678 1607 2721 Ex
1644 2675 1805 2739 regula
1841 2675 1991 2726 sancti
2027 2673 2255 2731 Pacomii,
2291 2672 2459 2719 vinum
2493 2680 2545 2716 et
2573 2668 2722 2732 liqua-

597 2779 721 2812 men*
746 2761 925 2825 absque
944 2759 1050 2806 loco
1069 2757 1399 2822 aegrotantium
1418 2756 1581 2812 nullus
1595 2756 1807 2819 attingat.
1833 2755 1950 2812 Quis
1969 2755 2110 2809 etiam
2124 2763 2341 2804 ¹vestrum
2356 2753 2382 2775 ¹⁰
2406 2766 2505 2796 non
2524 2748 2724 2800 audierit

599 2844 765 2890 vinum
787 2841 1137 2889 monachorum
1162 2839 1350 2904 penitus
1373 2855 1472 2885 non
1497 2854 1624 2896 esse,
1651 2847 1696 2885 et
1715 2837 1777 2887 in
1783 2846 1970 2884 tantum
1999 2835 2116 2882 olim
2144 2851 2171 2881 a
2190 2831 2439 2880 monachis
2447 2829 2719 2889 abhorreri,

601 2935 654 2972 ut
678 2924 777 2971 ab
765 2939 870 2989 ipso
896 2921 1203 2969 vehementer
1233 2919 1579 2966 dehortantes
1568 2934 1726 2983 ipsum
1750 2919 1973 2971 Satanam
2007 2913 2337 2980 appellarent?
2361 2911 2534 2959 Unde
2521 2927 2573 2958 m
2602 2910 2725 2957 Vitis

602 3009 803 3052 Parrum
833 3003 1060 3067 scriptum
1084 3000 1283 3065 legimus
1301 3002 1358 3045 ¹¹:
1394 3018 1417 3043 «
1448 3002 1781 3046 Narraverunt
1791 2996 1984 3060 quidam
2021 2995 2181 3049 abbati
2207 2993 2389 3041 Pastori
2420 2992 2503 3038 de·
2499 2978 2725 3055 quodam

604 3085 859 3132 monacho
888 3084 997 3147 quia
1034 3098 1133 3128 non
1165 3079 1359 3128 bibebat
1393 3080 1586 3138 vinum,
1618 3088 1679 3126 et.
1689 3078 1805 3129 dixit
1841 3077 1937 3124 eis:
1944 3096 1993 3123 «
2011 3077 2138 3134 Quia
2175 3075 2349 3131 vinum
2365 3070 2725 3126 monachorum

610 3185 632 3209 «
656 3164 856 3211 omnino
879 3179 982 3214 non
998 3172 1084 3219 est.
1107 3179 1128 3205 »
1151 3164 1267 3208 Item
1287 3170 1397 3225 post
1417 3159 1573 3223 aliqua
1596 3177 1657 3208 :v.‹.‹
1677 3161 1819 3210 Facta
1836 3166 1906 3203 est
1924 3154 2183 3220 aliquando
2196 3152 2457 3211 celebratio
2479 3151 2727 3204 missarum

599 3245 655 3293 ,in
681 3252 846 3298 monte
870 3241 1054 3288 abbatis
1082 3240 1298 3300 Antonii,
1328 3250 1375 3287 et
1398 3240 1646 3289 inventum
1683 3247 1754 3290 est
1779 3236 2116 3288 ibicenidium
2153 3234 2249 3284 vini
2267 3269 2279 3293 ,
2313 3243 2361 3280 et
2400 3231 2571 3280 tollens
2607 3245 2729 3287 unus

654 3398 662 3415 ¹
682 3398 810 3434 Genes„
825 3407 897 3439 cap.
920 3406 976 3428 xix
990 3420 998 3435 ,
1015 3406 1046 3427 v.
1068 3396 1107 3427 33
1127 3401 1159 3427 et
1176 3395 1231 3428 34.
1245 3411 1288 3418 ·—
1304 3393 1316 3410 ²
1328 3394 1464 3434 Judith,
1478 3403 1551 3438 cap.
1573 3404 1643 3426 xm.
1690 3402 1722 3425 v.
1739 3393 1772 3424 3.
1785 3410 1823 3432 ··.·
1837 3391 1859 3425 .⁸
1876 3391 1979 3435 Epist.
1999 3401 2114 3430 xxxiv,
2136 3391 2218 3430 Opp.
2236 3395 2257 3420 t.
2273 3387 2329 3427 IV,
2352 3386 2414 3420 col.
2435 3386 2512 3418 364.
2531 3403 2569 3408 -
2588 3383 2601 3400 ⁰
2618 3383 2730 3421 Lavit„

609 3455 672 3479 --³
690 3455 818 3491 Genes„
838 3462 912 3500 cap.
929 3463 1004 3485 xviu
1019 3475 1029 3489 ,
1045 3462 1077 3485 v.
1100 3452 1130 3484 1.
1143 3469 1186 3475 -
1203 3451 1215 3468 ⁴
1230 3452 1311 3495 Περ.
1328 3451 1392 3491 111,
1418 3462 1491 3494 cap.
1510 3461 1588 3492 μνη,
1602 3466 1646 3474 —-
1691 3459 1764 3492 cap.
1777 3460 1811 3482 x.
1832 3468 1864 3490 ss—
1887 3448 1915 3466 ¹⁰
1938 3448 2090 3493 Nostrum
2114 3446 2182 3481 MS.
2201 3445 2296 3480 Amh.
2315 3464 2353 3469 —-
2369 3444 2395 3461 ¹¹
2414 3445 2449 3477 ln
2474 3444 2552 3476 Vitis
2571 3443 2729 3478 Petrum,

612 3514 623 3529 ⁵
639 3513 763 3549 Exod„
780 3520 854 3553 cap.
870 3520 946 3542 xvu.
965 3527 1001 3532 —
1013 3508 1025 3525 ⁶
1041 3508 1149 3547 Joan..
1167 3518 1240 3551 cap.
1256 3519 1289 3540 ιι.
1304 3525 1345 3531 -
1361 3506 1373 3524 '¹
1388 3507 1499 3545 Num„
1512 3517 1585 3550 cap.
1603 3517 1646 3546 w,
1692 3517 1729 3551 p.
1749 3505 1825 3540 5¹10.
