2970 4152
585 416 676 462 192
1156 414 1327 459 PETRI
1363 411 1676 460 ABAELARDI
1711 414 1785 460 ET
1819 413 2119 460 HELOlSSAE

579 511 822 575 propriam
849 509 1096 566 virtutem,
1130 517 1175 554 et
1200 517 1419 554 naturam
1441 524 1643 572 sequens
1658 509 1816 573 potius
1835 525 1977 572 quam
2000 503 2191 555 trahens
2206 544 2218 568 ‚
2242 525 2542 574 nequaquam
2562 520 2700 559 u‘sum

580 591 803 637 satietatis
822 592 850 648 ¹,
881 588 964 635 sed
985 587 1186 635 abusum
1211 587 1391 634 auferat
1410 589 1771 654 superfluitatis3
1796 598 1842 634 et
1857 589 1924 635 sic
1942 589 2234 654 extirpentur
2249 590 2376 649 vitia,
2400 607 2488 638 nec
2506 591 2703 639 laedatur

583 682 766 718 natura.
797 670 914 715 Satis
940 678 1010 715 est
1037 668 1263 727 infirmis,
1294 669 1332 714 si
1356 679 1548 734 peccata
1576 670 1722 722 vitent
1743 705 1754 727 ,
1787 678 1834 716 et
1858 669 1897 714 si
1922 685 2020 715 non
2051 669 2112 716 ad
2137 669 2438 735 perfectionis
2456 672 2700 720 cumulum

580 750 919 798 conscendant.
950 748 1132 795 Sufficit
1161 765 1354 813 quoque
1380 749 1586 813 paradisi
1612 749 1786 813 angulo
1812 748 2044 810 residere,
2068 750 2106 796 si
2131 750 2416 814 martyribus
2435 759 2536 798 non'
2551 753 2702 817 possis

578 831 842 879 considere.
869 833 1042 877 Tutum
1061 839 1131 877 est
1151 845 1324 876 vovere
1344 830 1534 877 modica
1554 866 1566 889 ‚
1596 840 1646 876 ut
1675 830 1856 893 majora
1877 829 2048 876 debitis
2081 830 2367 895 superaddat
2387 833 2548 895 gratia.
2579 833 2703 880 ‘Hibe

578 913 704 960 enirn
731 911 956 975 scriptum
982 920 1051 956 est
1067 912 1080 934 ²
1110 929 1120 955 ι
1157 929 1179 954 ‹<
1201 912 1363 967 Quum
1389 909 1589 956 feceritis
1613 910 1774 956 omnia
1800 926 1904 973 quae
1928 920 2162 976 praecepta
2191 921 2326 971 sunt,
2355 911 2498 959 dicite
2530 931 2540 959 ε
2570 914 2702 961 Servi

577 992 765 1038 inutiles
788 1007 967 1048 sumuS,
988 1006 1093 1053 quae
1112 989 1364 1036 debuimus
1381 990 1532 1036 facere
1549 990 1760 1036 fecimus.
1780 1009 1802 1033 υ
1825 1010 1847 1034 «
1867 993 1974 1049 Lex,
1997 1009 2021 1035 n
2045 991 2199 1055 inquit
2218 992 2469 1056 Apostolus
2484 995 2515 1052 ³,
2541 1011 2564 1038 «
2583 994 2702 1040 iram

579 1083 817 1139 operatur.
844 1071 935 1117 Ubi
960 1070 1087 1117 enim
1107 1086 1207 1117 non
1227 1080 1297 1117 est
1315 1070 1407 1130 lex⁷
1427 1086 1516 1116 nec
1537 1070 1875 1135 praevaricatio.
1900 1090 1923 1115 »
1947 1073 2004 1118 Et
2022 1072 2195 1118 iterum
2211 1073 2224 1097 ¹·
2244 1090 2254 1118 :
2282 1091 2306 1117 «
2328 1072 2438 1119 Sine
2454 1072 2556 1136 lege
2574 1073 2703 1120 enim

578 1162 827 1219 peccatum
865 1161 1110 1198 mortuum
1145 1160 1259 1198 erat.
1294 1153 1392 1214 Ego
1425 1159 1584 1197 autem
1608 1150 1826 1197 vivebam
1855 1152 1956 1198 sine
1981 1151 2083 1215 lege
2119 1151 2394 1215 aliquando.
2433 1152 2527 1200 Sed
2553 1169 2703 1217 quum

579 1234 782 1281 venisset
817 1231 1123 1290 mandatum,
1149 1240 1399 1295 peccatum
1425 1230 1607 1277 revixit.
1637 1231 1735 1293 Ego
1767 1241 1928 1277 autem
1957 1242 2174 1278 mortuus
2209 1248 2341 1292 sum,
2382 1241 2426 1279 et
2454 1232 2703 1280 inventum

578 1325 647 1361 est
676 1315 792 1361 mihi
816 1312 1096 1359 mandatum
1111 1347 1123 1370 ‚
1150 1310 1282 1375 quod
1308 1319 1407 1357 erat
1430 1310 1491 1356 ad
1514 1311 1686 1369 vitam,
1715 1310 1810 1357 hoc
1829 1327 1929 1358 esse
1955 1311 2016 1357 ad
2037 1321 2258 1358 mortem.
2282 1313 2400 1357 Nam
2424 1315 2699 1376 peccatum.

578 1394 826 1441 occasione
851 1402 1042 1456 accepta
1062 1408 1147 1456 per
1166 1389 1463 1449 mandatum,
1489 1389 1674 1436 seduxit
1698 1406 1773 1436 me
1790 1426 1802 1450 ‚
1833 1400 1879 1437 et
1901 1406 1988 1455 per
2005 1390 2123 1437 illud
2143 1406 2220 1437 me
2239 1390 2438 1450 occidit3
2459 1401 2512 1438 ut
2529 1390 2704 1438 fiat'sssu'ss

577 1492 663 1539 pra
683 1474 885 1521 modum
906 1489 1108 1538 peccans
1135 1480 1384 1536 peccatum
1401 1487 1486 1535 per
1512 1470 1808 1516 mandatum.
1833 1489 1856 1514 »
1878 1471 2164 1534 Augustinus
2188 1470 2255 1516 ad
2276 1470 2638 1534 Simplicianum
2654 1474 2667 1501 ⁵
2687 1490 2701 1518 :

581 1573 606 1598 «
628 1558 696 1600 Ex
720 1546 1043 1619 prohibitione
1069 1560 1208 1597 aucto
1235 1550 1471 1597 desiderio
1491 1550 1676 1596 dulcius
1697 1550 1874 1596 factum
1898 1560 1968 1596 est
1984 1586 1996 1610 ‚
2031 1560 2077 1597 et
2100 1550 2210 1597 ideo
2231 1549 2407 1597 fefellit.
2438 1569 2460 1594 »
2493 1551 2632 1598 Idem·
2651 1551 2699 1598 in

576 1635 698 1681 libro
741 1636 1087 1694 Quaestionum,
1121 1642 1274 1696 quest.
1314 1648 1442 1677 van
1461 1632 1474 1654 ⁶
1503 1649 1512 1677 z
1547 1631 1758 1677 «Suasio
1789 1631 2116 1679 delectationis
2160 1631 2221 1678 ad
2268 1641 2518 1696 peccatum
2559 1631 2703 1679 vehe-

579 1716 783 1762 mentior
811 1724 881 1762 est
905 1730 1055 1778 quum
1082 1712 1212 1759 adest
1241 1711 1517 1777 prohibitio.
1538 1730 1560 1755 »
2552 1722 2553 1725 ¹

1004 1856 1179 1897 Nitimur
1196 1856 1240 1896 in
1260 1855 1428 1896 vetitum
1445 1867 1607 1910 semper
1624 1856 1892 1911 cupimusque
1907 1858 2088 1910 negata¹.

578 2003 799 2050 Attendat
833 2019 944 2050 cum
973 2013 1181 2050 tremore
1225 2003 1327 2050 haec
1367 2004 1580 2068 quisquis
1619 2020 1669 2051 se
1692 2003 1808 2067 jugo
1839 2003 2043 2067 alicujus¹
2071 2003 2242 2068 regulae
2272 2004 2407 2068 quasi
2431 2019 2566 2050 novae
2590 2001 2705 2066 legis

575 2083 857 2148 professioni
879 2082 979 2130 vult
1003 2082 1209 2147 alligare.
1235 2083 1386 2146 Eligat
1404 2083 1537 2147 quod
1552 2083 1703 2148 possit
1719 2119 1731 2143 ,
1753 2083 1916 2130 timeat
1942 2083 2076 2148 quod
2098 2100 2198 2130 non
2217 2083 2382 2148 possit.
2413 2085 2564 2129 Nemo
2589 2082 2704 2146 legis

576 2162 775 2211 efficitur
800 2180 908 2210 reus
924 2199 936 2223 ,
968 2163 1057 2210 nisi
1080 2163 1163 2227 qui
1187 2179 1294 2209 eam
1318 2163 1458 2210 fuerit
1484 2170 1594 2210 ante
1619 2163 1875 2227 professus.
1901 2166 2166 2227 Antequam
2182 2162 2447 2228 profitearis
2474 2161 2698 2210 delibera.

576 2248 736 2302 Quum
754 2247 993 2309 professus
1003 2244 1163 2303 fueriS‚
1183 2243 1398 2290 observa.
1418 2246 1536 2290 Ante
1553 2253 1622 2290 est
1639 2243 1962 2290 voluntarium
1973 2243 2107 2307 quod
2122 2253 2286 2308 postea
2296 2243 2355 2290 sit
2364 2243 2699 2290 necessarium.

579 2345 601 2368 «
623 2328 677 2370 In
704 2324 852 2370 domo
882 2325 1028 2371 Patris
1065 2324 1188 2383 mei,
1218 2343 1240 2367 υ
1282 2323 1394 2370 dicit
1423 2326 1462 2370 V
1465 2323 1657 2382 eritas⁸‚
1706 2343 1729 2367 «
1765 2323 2034 2370 mansiones
2058 2323 2217 2370 multae
2241 2333 2367 2371 sunt.
2393 2342 2416 2367 »
2452 2324 2529 2370 Sic
2559 2324 2704 2371 etiam

575 2405 790 2470 plurimae
815 2414 926 2451 sunt
953 2404 1126 2468 quibus
1150 2404 1263 2451 illuc
1294 2404 1598 2468 perveniatur
1627 2404 1729 2450 viae.
1759 2406 1866 2450 Non
1902 2403 2191 2451 damnantur
2215 2404 2440 2468 conjuges
2456 2440 2468 2464 ,
2498 2403 2582 2451 sed
2601 2403 2705 2463 faci·

575 2485 664 2532 lius
686 2485 927 2532 salvantur
943 2487 1257 2532 continentes.
1283 2487 1388 2531 Non
1413 2485 1476 2531 ad
1493 2484 1587 2531 hoc
1602 2520 1614 2543 ,
1652 2494 1703 2530 ut
1726 2484 2033 2543 salvaremur,
2068 2495 2343 2532 sanctorum
2371 2495 2560 2550 patrum
2591 2494 2702 2538 sunt

575 2566 747 2614 additae
772 2566 960 2630 regulae,
986 2565 1071 2613 sed
1087 2576 1140 2612 ut
1157 2565 1336 2612 facilius
1359 2564 1612 2624 salvemur,
1635 2575 1682 2611 et
1701 2565 1865 2627 purius
1885 2567 1987 2613 Deo
2007 2581 2176 2612 vacare
2194 2566 2447 2630 possimus.
2471 2565 2648 2623 «Etsi,
2673 2583 2696 2608 »

577 2648 730 2710 inquit
767 2646 1020 2711 Apostolus
1041 2647 1083 2705 ⁹,
1141 2665 1164 2690 «
1203 2646 1416 2710 nupserit
1454 2647 1586 2709 virgo
1615 2681 1627 2704 ,
1671 2662 1770 2692 non
1813 2646 2026 2710 peccavit
2071 2664 2080 2692 :
2137 2645 2492 2693 tribulationem
2539 2655 2700 2692 tamen
2765 2656 2774 2663 ·

576 2728 730 2778 carnis
755 2727 1003 2774 habebunt
1028 2725 1322 2790 hujusmodi.
1351 2729 1450 2790 Ego
1475 2736 1634 2773 autem
1659 2725 1795 2772 vobis
1821 2742 1984 2790 parco.
2011 2745 2034 2770 »
2065 2729 2181 2772 Item
2219 2744 2229 2772 :
2266 2745 2289 2771 «
2310 2725 2478 2772 Mulier
2506 2741 2611 2789 quae
2636 2725 2703 2772 in·

577 2819 725 2873 nupta
757 2818 827 2855 est.
854 2817 900 2854 et
926 2808 1088 2870 virgo,
1120 2807 1294 2870 cogitat
1325 2822 1444 2870 quae‘
1463 2806 1659 2853 Domini
1689 2816 1827 2865 sunt,
1861 2816 1911 2852 ut
1941 2807 1999 2853 sit
2027 2815 2189 2853 sancta
2217 2822 2422 2870 corpore
2446 2814 2493 2852 et
2517 2804 2699 2869 spiritu.

577 2892 692 2946 Quae
727 2898 882 2935 autem
919 2897 1068 2952 nupta
1094 2896 1186 2946 est,
1219 2887 1395 2950 cogitat
1419 2903 1524 2949 quae
1553 2896 1664 2932 sunt
1689 2886 1888 2942 mundi,
1919 2886 2168 2950 quomodo
2199 2886 2383 2951 placeat
2406 2886 2526 2932 viro.
2555 2888 2703 2933 Porro

576 2968 669 3014 hoc
691 2968 749 3015 ad
774 2967 1020 3015 utilitatem
1042 2977 1246 3014 vestram
1266 2966 1377 3012 dico
1395 3001 1407 3025 ,
1438 2982 1536 3012 non
1566 2976 1619 3012 ut
1642 2965 1867 3029 laqueum
1891 2966 2027 3013 vobis
2050 2966 2260 3029 injiciam
2274 3001 2286 3024 ‚
2318 2965 2403 3013 sed
2424 2965 2486 3012 ad
2502 2964 2554 3012 id
2571 2965 2704 3028 quod

576 3048 831 3096 honestum
863 3058 959 3106 est,
999 3059 1046 3095 et
1079 3047 1212 3112 quod
1247 3047 1518 3094 facultatem
1558 3046 1765 3112 praebeat
1815 3048 1916 3094 sine
1955 3047 2301 3113 impedimento
2343 3049 2498 3094 Deum
2537 3045 2706 3094 obser·

577 3128 736 3175 vandi.
764 3148 786 3172 »
814 3132 946 3176 Tunc
971 3146 1085 3175 vero
1112 3127 1405 3186 facillime,id
1433 3128 1611 3191 agitur,
1639 3144 1791 3191 quum
1813 3144 1839 3174 a
1859 3128 2019 3176 seculo
2039 3144 2242 3193 corpore
2262 3143 2457 3192 quoque
2481 3126 2705 3174 receden-

578 3219 647 3256 tes
664 3245 675 3267 ,
713 3209 928 3255 claustris
967 3226 1057 3256 nos
1093 3209 1493 3255 monasteriorum
1521 3207 1839 3267 recludimus,
1871 3225 1933 3255 ne
1961 3225 2050 3255 nos
2077 3208 2309 3255 seculares
2332 3208 2597 3272 inquietent
2626 3217 2705 3254 tu-

625 3393 632 3409 ’
653 3395 843 3427 Saum-itatis
858 3393 923 3426 MS.
941 3393 1034 3426 Amb.
1054 3412 1096 3417 —
1110 3393 1123 3410 ²
1139 3393 1233 3433 Luc..
1258 3404 1332 3437 cap.
1354 3404 1439 3434 xvii,
1455 3404 1486 3425 v.
1507 3394 1559 3425 10.
1576 3408 1620 3417 ·—
1664 3400 1777 3437 quoest.
1800 3404 1903 3435 nxvn,
1928 3394 2010 3435 Opp.
2031 3400 2054 3426 t.
2070 3392 2112 3426 vt
2125 3416 2134 3431 ,
2154 3393 2217 3426 col.
2234 3394 2287 3426 46.
2312 3412 2334 3416 ·-
2356 3392 2367 3410 ⁷
2381 3392 2489 3432 Ovid.,
2505 3392 2612 3426 Amor.
2638 3391 2701 3432 ln,

582 3450 592 3465 ³
610 3450 716 3485 Rom„
738 3460 812 3493 cap.
832 3461 872 3489 iv,
896 3460 926 3482 v.
947 3451 996 3482 15.
1016 3468 1056 3473 --
1072 3449 1084 3465 ⁴
1102 3449 1201 3489 lbid.,
1227 3460 1301 3493 cap.
1328 3460 1389 3490 vu,
1416 3461 1447 3483 v.
1474 3451 1492 3481 8
1521 3455 1552 3481 et
1568 3459 1617 3492 sq.
1666 3461 1710 3491 iv,
1723 3461 1756 3483 v.
1773 3451 1825 3483 Π.
1837 3469 1865 3474 --
1882 3449 1894 3468 ⁸
1909 3451 2003 3484 Joan.
2021 3461 2094 3494 cap.
2112 3461 2179 3490 xiv,
2197 3461 2227 3483 v-
2244 3449 2338 3484 2.-⁰
2354 3449 2498 3494 Corinth.
2515 3448 2542 3490 1,
2559 3458 2633 3493 cap.
2646 3459 2702 3488 vn,

583 3525 608 3529 --
628 3505 723 3538 ⁵Lib.
740 3505 751 3538 1
766 3531 774 3545 ,
795 3507 873 3547 Opp.
894 3512 917 3539 t.
934 3505 996 3546 Vl,
1011 3506 1075 3539 col.
1094 3506 1211 3538 83,--ο
1227 3506 1342 3540 Lib.de
1359 3508 1421 3539 div.
1447 3507 1568 3545 Quoest.
1588 3505 1620 3545 l,
1667 3516 1696 3539 v.
1714 3507 1768 3538 28.
