2970 4152
475 368 572 416 708

485 1234 653 1284 [Legitur
666 1247 750 1283 pag.
770 1235 929 1270 243-244
948 1234 1032 1270 edit.
1053 1235 1161 1270 Amb.
1179 1235 1325 1270 Exstant
1352 1234 1479 1270 Hilarii
1508 1239 1628 1268 Versus
1644 1241 1676 1267 et
1693 1232 1798 1275 Ludi,
1819 1244 1908 1279 quos
1928 1243 2043 1279 nuper
2062 1229 2198 1279 publici
2211 1229 2300 1277 juris
2316 1227 2399 1263 fecit
2415 1226 2610 1274 ChnmpoI-

1385 358 1701 410 APPENDIX.

1509 611 1588 673 ΙΙ.

1345 789 1705 860 ELEGIA
1729 839 1746 873 ‚

756 956 890 1017 QUA
928 957 1249 1010 HILARIUs
1288 956 1490 1009 PETRI
1535 953 1902 1008 ABAELARDI
1942 951 2336 1005 DISCIPULUS

901 1111 1096 1144 PLANGIT
1127 1109 1354 1145 RECEssmu
1386 1109 1700 1143 PRAECEPTORIS
1730 1108 1800 1141 SUI
1830 1107 1892 1139 EX
1918 1106 2194 1139 PARACLETO.

658 1297 877 1345 lion-Figeac
896 1297 1064 1345 (Lutetiae
1078 1297 1293 1333 Parisiorum
1304 1324 1313 1341 ,
1335 1297 1461 1346 1838).
1483 1297 1540 1332 Cf.
1558 1296 1702 1331 Histoire
1716 1295 1876 1330 litte'raire
1891 1293 1931 1329 de
1946 1298 2083 1336 France‚
2102 1293 2178 1328 XII
2189 1319 2199 1336 ,
2218 1292 2283 1327 251
2304 1298 2340 1327 et
2355 1288 2423 1339 sq.]

631 1661 772 1708 Lingua
794 1659 902 1704 servi,
922 1658 1051 1707 lingua
1068 1659 1251 1708 perfidiae,

633 1721 735 1756 Rixae
754 1727 895 1766 motus,
911 1732 1036 1756 semen
1055 1719 1262 1765 discordiae,

630 1782 754 1828 Quam
776 1782 824 1818 sit
839 1793 950 1830 prava
969 1781 1152 1817 sentimus
1170 1780 1299 1825 hodie,

630 1841 867 1890 Subjacendo
887 1842 988 1890 gravi
1007 1841 1210 1879 sententiae.

680 1904 777 1939 Tort
795 1915 898 1939 avers
915 1914 983 1938 nos
995 1903 1005 1923 ¹
1024 1902 1050 1938 li
1070 1909 1222 1938 mestre.

631 1988 776 2036 Lingua
798 1987 907 2034 servi,
926 1994 1098 2024 nostrum
1117 1986 1329 2032 dissidium,

634 2049 679 2085 In
697 2061 765 2085 nos
783 2049 887 2086 Petri
912 2049 1115 2085 commovit
1136 2048 1279 2093 odium,

634 2111 726 2156 Quae
744 2116 911 2146 meretur
926 2109 1090 2146 ultorem
1109 2109 1274 2157 gladium

633 2170 732 2216 Quia
747 2176 918 2205 nostrum
937 2170 1114 2207 exstinxit
1131 2169 1313 2206 studium.

686 2231 782 2267 Tort
799 2242 902 2266 avers
921 2242 987 2266 nos
1004 2230 1031 2265 li
1054 2237 1203 2266 mestre.

642 2317 893 2353 Detestandus
913 2323 970 2353 est
986 2317 1048 2352 ille
1069 2317 1244 2363 rusticus,

637 2381 711 2417 Per
728 2391 842 2428 quem
860 2377 970 2413 cessit
987 2390 1006 2412 a
1023 2377 1148 2412 schola
1172 2377 1349 2421 clericus;

639 2439 778 2477 Gravis
797 2438 905 2474 dolor
922 2437 1025 2487 quod
1038 2437 1192 2486 quidam
1211 2436 1382 2485 publicus

642 2502 687 2537 Id
705 2500 827 2537 effecit
842 2506 885 2535 ut
906 2505 1022 2536 cesset
1037 2498 1196 2547 logicus.

689 2563 785 2598 Tort
802 2572 903 2597 avers
921 2571 989 2595 nos
1000 2559 1027 2594 li
1042 2565 1193 2595 mestre.

641 2650 707 2685 Est
723 2647 928 2684 dolendum
945 2645 1047 2695 quod
1067 2645 1197 2694 lingua
1217 2644 1351 2681 servuli

643 2709 771 2757 Magni
792 2707 899 2743 nohis
918 2718 1024 2743 causa
1043 2705 1200 2754 periculi

645 2768 861 2806 Susurravit
879 2768 918 2803 in
935 2779 1064 2802 aurem
1081 2766 1224 2802 creduli

644 2831 716 2867 Per
733 2829 836 2878 quod
851 2828 932 2875 ejus
948 2834 1094 2863 cessant
1111 2826 1298 2875 discipuli.

691 2891 787 2926 Tort
804 2900 904 2925 avers
922 2900 989 2925 nos
1007 2888 1033 2924 li
1053 2894 1202 2924 mestre.

648 2976 683 3013 Ο
702 2987 815 3025 quam
829 2974 967 3010 durum
987 2973 1210 3022 magistrum
1224 2973 1356 3018 sentio,

648 3038 686 3075 Si
707 3049 776 3086 pro
793 3036 851 3072 sui
869 3035 1025 3084 bubulci
1044 3035 1191 3080 nuntio,

650 3099 726 3145 Qui
746 3096 828 3136 vilis
842 3103 898 3132 est
911 3103 949 3132 et
962 3097 1041 3132 sine
1056 3096 1190 3144 pretio,

649 3158 722 3194 Sua
737 3157 844 3192 nobis
862 3162 1021 3204 negetur
1039 3156 1164 3191 lectio.

699 3218 796 3253 Tort
815 3228 918 3253 avers
935 3227 1003 3252 nos
1022 3215 1048 3252 li
1071 3222 1222 3252 mestre.

550 3353 561 3372 ¹
587 3353 689 3386 Aliter
702 3363 769 3386 vos.

1725 1656 1810 1694 Heu
1825 1669 1938 1706 quam
1957 1654 2119 1692 crudelis
2135 1654 2204 1690 iste
2223 1654 2379 1690 nuntius

1725 1718 1862 1754 Dicens
1885 1733 1892 1752 :
1917 1731 1934 1748 «
1949 1717 2110 1760 Fratres,
2132 1716 2229 1752 exite
2247 1715 2371 1758 citius,

1728 1778 1931 1815 Habitetur
1948 1776 2052 1813 vobis
2072 1776 2300 1823 Quinciacus
2317 1792 2324 1810 :

1726 1839 1918 1888 Alioquin,
1938 1850 2014 1873 non
2030 1837 2129 1885 leget
2148 1836 2364 1873 monachus.
2385 1851 2401 1869 ι)

1774 1900 1869 1936 Tort
1883 1910 1986 1935 avers
2002 1909 2070 1933 nos
2088 1897 2115 1933 li
2135 1903 2285 1933 mestre.

1727 1986 1842 2033 Quid,
1865 1985 1999 2031 Hilari,
2014 1984 2107 2034 quid
2125 1996 2215 2033 ergo
2233 1983 2408 2019 dubitas?

1731 2047 1809 2083 Cur
1827 2058 1901 2082 non
1920 2045 2011 2090 abis,
2027 2052 2065 2081 et
2076 2044 2199 2081 villam
2218 2043 2390 2080 habitas?

1731 2106 1803 2144 Sed
1822 2114 1859 2143 te
1878 2113 1982 2142 tenet
2000 2105 2074 2141 diei
2089 2105 2264 2148 brevitas,

1726 2169 1806 2204 Iter
1824 2167 1992 2214 longum,
2013 2173 2051 2201 et
2070 2172 2131 2201 tua
2153 2166 2324 2213 gravitas,

1776 2228 1871 2263 Tort
1888 2239 1991 2263 avers
2004 2238 2071 2261 nos
2087 2226 2112 2261 li
2130 2232 2280 2261 mestre.

1731 2315 1784 2351 Ex
1800 2313 1947 2349 diverso
1964 2313 2074 2348 multi
2093 2311 2347 2355 convenimus,

1734 2375 1822 2420 Quo
1835 2374 1975 2421 logices
1990 2373 2072 2408 fons
2092 2378 2171 2407 erat
2185 2371 2385 2420 plurimus,

1732 2434 1805 2471 Sed
1823 2433 1989 2469 discedat
2009 2444 2176 2468 summus
2190 2432 2419 2468 et-minimus
2435 2448 2443 2467 t

1734 2495 1830 2531 Nam
1852 2501 2010 2542 negatur
2027 2492 2130 2542 quod
2148 2493 2210 2528 hic
2230 2493 2475 2541 quaesivimus.

1781 2555 1877 2591 Tort
1893 2566 1996 2590 avers
2013 2566 2079 2590 nos
2097 2553 2123 2589 li
2141 2560 2291 2591 mestre.

1737 2642 1814 2678 Nos
1828 2643 1867 2677 in
1887 2653 2006 2677 unum
2020 2640 2154 2689 passim
2172 2647 2210 2677 et
2229 2640 2378 2689 publice

1737 2697 1872 2739 Traxit
1890 2714 1980 2738 aura
1998 2701 2177 2738 torrentis
2195 2701 2322 2750 logicae
2338 2717 2344 2736 :

1738 2763 1943 2808 Desolatos‚
1966 2762 2157 2810 magister,
2180 2762 2344 2810 respice,

1740 2824 1927 2872 Spemque
1946 2829 2124 2868 nostram,
2138 2834 2219 2871 quae
2233 2822 2401 2870 languet,
2422 2822 2542 2859 refice.

1783 2885 1879 2920 Tort
1899 2895 2001 2920 avers
2016 2895 2083 2919 nos
2100 2883 2127 2918 li
2147 2889 2297 2919 mestre.

1736 2971 1809 3007 Per
1824 2970 2042 3019 impostum,
2060 2982 2126 3018 per
2140 2969 2399 3017 deceptorium

1741 3031 1779 3067 Si
1798 3043 1934 3079 negare
1950 3031 2006 3068 vis
2022 3030 2269 3078 adjutorium,

1739 3093 1864 3140 Hujus
1880 3092 1952 3128 loci
1973 3104 2050 3128 non
2067 3092 2275 3128 oratorium

1742 3153 1888 3190 Nomen
1906 3153 1991 3198 erit,
2014 3152 2078 3188 sed
2095 3151 2354 3200 ploratorium.

1790 3215 1886 3251 Tort
1905 3225 2007 3250 avers
2026 3225 2094 3249 nos
2111 3212 2138 3248 li
2155 3219 2303 3248 mestre.
