2970 4152
570 438 664 485 558
1372 439 1540 488 PETRI
1575 442 1884 491 ABAELARDI

566 534 835 598 adjutorem
856 537 883 593 ¹,
910 550 1054 599 quem
1076 533 1154 581 hic
1178 534 1508 585 fidelissimum
1529 537 1760 586 habuistis
1793 549 2181 605 procuratorem;
2211 542 2290 585 ut²
2308 539 2390 602 qui
2413 539 2461 585 in
2484 537 2685 585 minimo

565 615 755 662 fidelem
784 633 833 662 se
863 615 1064 680 praebuit
1093 616 1392 677 ministrum,
1430 619 1479 665 in
1510 609 1691 684 majore
1726 619 2001 667 ultroneum
2029 636 2078 666 se
2112 628 2344 684 praeparet
2377 618 2681 665 advocatum.

565 696 708 751 Quod
731 705 865 742 tanto
889 695 1069 742 facilius
1091 697 1187 744 suis
1210 697 1339 762 apud
1362 697 1626 746 Dominum
1659 700 1838 746 meritis
1874 699 2134 758 obtinebit,
2160 707 2342 763 quanto
2364 698 2467 762 ejus
2487 699 2686 761 gratiam

564 775 796 837 majorem
829 774 1051 839 adeptus,
1090 793 1282 824 summo
1317 776 1556 826 sacerdoti
1590 780 1774 844 primus
1807 779 2042 826 diaconus
2076 779 2250 826 meruit
2289 778 2500 841 adjungi.
2543 778 2687 841 Cujus

564 872 757 920 quoque
790 859 948 921 passio
978 868 1162 905 tantam
1184 859 1417 924 privilegii
1440 871 1581 908 nacta
1603 871 1673 908 est
1704 861 2061 920 auctoritatem,
2094 871 2147 908 ut
2176 860 2277 908 sola
2308 860 2410 924 ipsa
2443 858 2687 905 canonicis

563 938 739 984 inserta
757 939 1025 1003 scripturis,
1057 941 1284 988 eumdem
1316 941 1538 988 habuerit
1560 942 1869 1006 scriptorem,
1902 959 2047 1007 quem
2077 952 2125 989 et
2149 942 2409 989 dominica.
2442 945 2689 1005 Tanquam

563 1019 848 1084 apocryphae
861 1021 1107 1085 passiones
1127 1022 1456 1087 apostolorum
1473 1022 1803 1087 repudiantur,
1822 1033 1869 1070 et
1883 1024 2032 1071 exitus
2054 1024 2308 1071 dominicae
2324 1024 2487 1071 matris
2503 1033 2688 1070 certum

564 1116 617 1145 ex
653 1101 884 1164 scriptore
912 1102 1106 1148 titulum
1143 1119 1243 1149 non
1277 1102 1440 1151 habet.
1476 1103 1585 1150 Sola
1619 1113 1690 1150 est
1712 1104 2078 1168 protomartyris
2109 1105 2266 1168 passio
2296 1103 2555 1166 evangelici
2576 1102 2689 1150 scri-

563 1181 737 1244 ptoris³
758 1182 880 1246 stylo
904 1183 1152 1246 insignita,
1179 1194 1227 1231 et
1249 1193 1349 1231 tam
1372 1183 1624 1247 diligenter
1647 1184 1902 1249 descripta,
1924 1195 1979 1232 ut
1999 1195 2099 1232 tam
2121 1185 2171 1231 in
2193 1201 2279 1232 sua
2300 1200 2446 1249 quam
2461 1184 2508 1230 in
2533 1193 2688 1231 vestra

563 1262 703 1310 laude
741 1263 971 1311 abundet.
1002 1266 1172 1312 Statim
1195 1266 1372 1330 quippe
1395 1275 1504 1331 post
1527 1265 1813 1313 electionem
1848 1266 1948 1330 ejus
1982 1276 2030 1313 et
2060 1276 2340 1313 caeterorum
2374 1265 2436 1313 ad
2471 1265 2689 1330 obsequii

563 1344 706 1390 vestri
729 1344 1061 1402 diaconatum,
1087 1345 1397 1408 subjunctum
1419 1345 1619 1409 legimus
1638 1365 1646 1393 :
1669 1346 1976 1411 «Stephanus
1994 1356 2155 1394 autem
2177 1346 2346 1411 plenus
2368 1346 2518 1410 gratia
2533 1354 2580 1392 et
2597 1345 2691 1392 for-

563 1425 767 1472 titudine
790 1425 992 1473 faciebat
1014 1427 1233 1491 prodigia
1254 1437 1302 1473 et
1323 1428 1457 1491 signa
1482 1445 1656 1491 magna
1681 1429 1731 1474 in
1755 1428 1955 1493 populo.
1978 1447 2000 1473 n
2021 1428 2150 1486 Quid
2171 1428 2283 1487 hoc,
2307 1427 2526 1485 obsecro,
2552 1426 2690 1473 vobis

564 1508 804 1571 dignitatis
828 1509 1051 1572 acquirit,
1085 1509 1219 1572 quod
1248 1526 1349 1556 non
1373 1519 1484 1556 ante
1512 1520 1786 1574 susceptum
1815 1510 2097 1558 diaconatus
2126 1509 2337 1556 officium
2359 1509 2434 1556 his
2458 1509 2689 1574 prodigiis

563 1598 609 1633 et
631 1587 775 1650 signis
791 1588 1087 1652 Stephanum
1108 1588 1403 1652 magnificari
1416 1593 1565 1636 Lucas
1584 1600 1952 1648 commemorat,
1971 1590 2056 1636 sed
2078 1590 2237 1636 statim
2252 1599 2363 1654 post
2383 1588 2550 1651 hujus*
2565 1605 2692 1636 curae

562 1667 916 1731 susceptionem
944 1686 953 1714 ε
974 1668 1064 1714 nisi
1089 1678 1141 1714 ut
1163 1669 1332 1716 innuat
1353 1668 1449 1715 hoc
1467 1685 1494 1716 a
1507 1669 1645 1716 vobis
1667 1669 1893 1716 meritum
1914 1670 2218 1735 processisse,
2235 1679 2290 1716 ut
2305 1685 2404 1733 quo
2423 1685 2473 1715 se
2490 1668 2692 1734 amplius

564 1746 652 1793 sub
675 1747 928 1794 infirmiori
951 1765 1065 1795 sexu
1088 1749 1368 1797 famulando
1387 1749 1679 1810 humiliaret,
1707 1750 1912 1815 amplius
1933 1749 2048 1796 hinc
2064 1766 2176 1796 eum
2194 1749 2430 1796 Dominus
2447 1748 2688 1806 exaltaret,

564 1838 610 1874 et
633 1829 682 1875 in
703 1828 801 1887 his,
828 1846 934 1893 quae
956 1840 1244 1894 sequuntur,
1271 1831 1450 1877 caeteris
1476 1830 1783 1877 excellentior
1804 1831 1980 1877 sanctis
2002 1830 2279 1894 appareret?
2300 1831 2372 1875 De
2393 1845 2492 1892 quo
2515 1838 2562 1875 et
2581 1827 2693 1875 sub·

565 1910 710 1969 ditur,
730 1910 864 1974 quod
887 1928 1037 1975 quum
1059 1923 1258 1976 propter
1279 1912 1613 1977 prodigiorum
1635 1922 1682 1959 et
1706 1913 1956 1976 signorum
1978 1910 2359 1975 magnitudinem
2379 1911 2502 1958 serre
2525 1910 2694 1958 adver·

564 1991 674 2037 sarii
697 2007 808 2037 eum
836 2007 936 2037 non
960 2001 1157 2055 possent
1172 2029 1184 2050 ,
1210 1991 1270 2038 de
1293 1992 1491 2039 diversis
1516 1993 1564 2038 in
1591 2008 1703 2038 eum
1724 1992 1978 2056 synagogis
2000 2002 2048 2038 et
2068 1991 2185 2038 locis
2206 1991 2569 2050 convenientes,
2593 2000 2693 2038 tam

566 2070 723 2117 verbis
746 2087 893 2134 quam
915 2070 1049 2118 factis
1071 2071 1341 2118 mirabilem
1363 2072 1690 2119 invenerunt⁵.
1718 2075 1882 2130 Quum
1905 2073 2035 2119 enim
2055 2072 2356 2137 praemisisset
2372 2070 2660 2135 evangelista
2678 2089 2688 2118 z

571 2170 594 2194 «
618 2151 888 2216 Stephanus
910 2161 1070 2198 autem
1093 2152 1262 2216 plenus
1286 2152 1434 2215 gratia
1456 2162 1504 2199 et
1525 2152 1806 2199 fortitudine
1829 2153 2032 2200 faciebat
2053 2152 2273 2217 prodigia
2295 2162 2342 2199 et
2363 2152 2498 2215 signa
2518 2167 2691 2215 magna

568 2232 617 2278 in
640 2231 846 2297 populo;
868 2251 891 2277 »
918 2232 1106 2296 adjecit,
1133 2243 1276 2297 atque
1298 2234 1387 2281 ait⁶
1415 2252 1425 2280 z
1456 2253 1479 2278 «
1501 2235 1816 2280 Surrexerunt
1837 2243 1998 2281 autem
2022 2233 2221 2298 quidam
2244 2233 2304 2280 de
2327 2249 2568 2297 synagoga
2589 2250 2695 2298 quae

569 2312 833 2378 appellatur
861 2312 1237 2370 Libertinorum,
1278 2324 1325 2361 et
1359 2315 1728 2378 Cyrenensium,
1763 2324 1810 2361 et
1838 2313 2294 2372 Alexandrinorum,
2321 2324 2368 2360 et
2391 2331 2558 2361 eorum
2574 2351 2585 2373 ,
2611 2314 2694 2378 qui

569 2402 704 2439 erant
727 2409 753 2440 a
777 2393 941 2439 Cilicia
975 2403 1021 2439 et
1051 2395 1181 2453 Asia,
1219 2394 1518 2459 disputantes
1547 2411 1659 2441 curn
1690 2393 1935 2459 Stephano
1969 2412 1979 2440 t
2005 2404 2053 2441 et
2081 2411 2181 2464 non
2218 2404 2445 2459 poterant
2478 2394 2694 2442 resistere

568 2473 808 2536 sapientiae
831 2482 879 2519 et
897 2472 1108 2537 Spiritui,
1129 2474 1209 2538 qui
1233 2472 1538 2537 loquebatur.
1561 2493 1584 2518 n
1612 2473 1750 2521 Unde
1772 2474 1900 2520 illico
1923 2484 2023 2521 tam
2040 2473 2197 2521 verbis
2219 2474 2366 2539 ipsius
2389 2489 2538 2538 quam:
2559 2474 2697 2540 mira7

569 2552 685 2600 culis
707 2553 909 2618 amplius
931 2553 1182 2613 confutati,
1203 2564 1249 2601 et
1270 2554 1600 2602 vehementius
1623 2555 1672 2602 in
1702 2571 1814 2602 eum
1835 2542 2067 2602 commoti
2095 2554 2221 2602 falsis
2242 2564 2412 2602 contra
2433 2571 2545 2601 eum
2571 2556 2697 2602 testi·

570 2634 659 2680 bus
681 2634 983 2694 introductiS,
1009 2637 1400 2682 commoverunt'l
1422 2635 1631 2700 plebem,
1661 2645 1709 2682 et
1732 2636 1962 2695 seniores,
1988 2645 2035 2683 et
2057 2635 2254 2694 scribas,
2280 2645 2333 2682 ut
2355 2644 2696 2682 concurrentes

571 2726 793 2781 raperent
821 2733 955 2775 eum,
987 2727 1034 2763 et
1063 2716 1309 2764 traherent
1337 2718 1386 2763 in
1417 2717 1700 2775 concilium,
1726 2726 1780 2764 ut
1805 2717 1866 2764 de
1885 2717 2183 2782 blasphemia
2206 2715 2374 2763 saltem
2396 2716 2445 2762 in
2469 2718 2624 2762 Deum
2646 2726 2694 2763 et

571 2798 784 2861 Moysem
806 2814 834 2845 a
856 2797 981 2844 falsis
1003 2797 1202 2844 testibus
1236 2798 1279 2844 ei
1307 2797 1496 2861 objecta
1526 2815 1635 2845 reus
1664 2797 2035 2862 adjudicaretur.
2068 2797 2212 2855 Quod
2241 2797 2439 2861 quidem
2467 2813 2568 2843 non
2595 2807 2695 2844 tam

572 2895 656 2941 per
679 2895 848 2925 eorum
870 2877 1118 2936 malitiam,
1140 2894 1287 2942 quam
1305 2895 1393 2943 per
1414 2878 1823 2943 dispensationem
1847 2878 2080 2937 divinam,
2105 2887 2160 2924 ut
2180 2878 2229 2924 in
2253 2876 2480 2924 omnibus
2494 2876 2694 2923 militem

571 2975 711 3005 suum
733 2962 860 3006 Deus
883 2957 1185 3022 glorificaret,
1203 2968 1421 3023 patenter
1441 2959 1643 3007 historia
1664 2959 1823 3007 docet.
1846 2959 1985 3006 Unde
2007 2969 2054 3006 et
2075 2975 2225 3023 quum
2243 2958 2474 3023 scriptum
2489 2958 2565 3018 sit,
2584 2958 2696 3022 quia

576 3056 598 3081 «
627 3048 967 3085 concurrentes
988 3048 1252 3104 rapuerunt
1274 3055 1408 3097 eum,
1440 3049 1486 3086 et
1514 3039 1817 3087 adduxerunt
1838 3041 1889 3086 in
1914 3028 2204 3097 concilium,
2233 3057 2256 3084 »
2281 3055 2382 3085 non
2404 3048 2505 3085 tam
2525 3038 2574 3084 vi
2606 3037 2694 3084 ad-

573 3118 772 3166 ductum
789 3121 803 3144 ⁸
823 3136 971 3184 quam
992 3120 1189 3185 propria
1208 3119 1482 3167 voluntate⁹
1503 3136 1616 3167 eum
1642 3115 1966 3185 intelligimus.
1993 3121 2201 3186 Cupiens
2225 3119 2357 3166 enim
2384 3117 2610 3176 dissolvi,
2646 3128 2693 3165 et

574 3213 678 3245 esse
695 3215 807 3245 cum
827 3199 1034 3259 Christo,
1059 3200 1143 3265 qui
1165 3199 1228 3247 ad
1250 3203 1440 3248 Patrem
1453 3200 1579 3247 ait¹⁰:
1609 3218 1634 3244 «
1654 3200 1778 3247 Volo
1791 3238 1802 3260 ,
1822 3210 1975 3266 pater,
2001 3209 2055 3247 ut
2074 3199 2160 3247 ubi
2177 3215 2285 3246 sum
2306 3213 2416 3261 ego,
2442 3196 2544 3243 illic
2566 3197 2626 3243 sit
2648 3207 2696 3243 et

1399 3275 1418 3295 ι

621 3363 631 3379 “
656 3365 771 3398 Omnes
788 3367 917 3398 am'moe.
938 3383 963 3390 —
980 3366 1120 3408 speretis
1138 3369 1319 3409 adjutorem
1334 3366 1451 3400 desunt
1466 3365 1497 3398 in
1517 3365 1600 3398 cod.
1655 3376 1687 3399 v.
1703 3367 1737 3399 9.
1753 3383 1793 3389 —
1809 3365 1821 3383 '¹
1838 3365 1951 3408 Joan.‚
1971 3377 2047 3409 cap.
2064 3376 2110 3398 ιιι
2121 3391 2130 3406 ,
2146 3375 2178 3397 ν.
2198 3365 2240 3397 26
2268 3363 2335 3397 MS.
2353 3364 2442 3396 Eine.
2457 3381 2480 3388 -
2493 3363 2585 3396 lllico
2602 3373 2694 3396 com-

578 3420 726 3454 Eine—²
744 3421 810 3455 MS.
825 3422 940 3455 Eius.-
957 3424 996 3456 Ut
1011 3425 1103 3457 deest
1115 3425 1148 3457 in
1161 3424 1239 3458 edit.
1255 3423 1413 3457 Amb.-⁸
1427 3423 1494 3456 MS.
1509 3423 1599 3455 Eius.
1655 3429 1820 3455 moverant
1848 3423 1901 3456 ed.
1935 3421 2028 3455 Amb.
2053 3439 2096 3446 —
2112 3420 2125 3438 ⁸
2138 3420 2203 3453 MS.
2231 3419 2322 3453 Eius.
2336 3438 2358 3445 -
2370 3421 2506 3453 Auctum
2533 3418 2629 3452 Amb.
2653 3435 2695 3443 --·

578 3495 599 3503 -
616 3478 746 3519 Scripti.
759 3478 855 3511 Amb.
871 3497 911 3503 —
926 3478 1015 3512 ⁴MS:
1031 3480 1261 3523 Eius.-Hujus
1283 3480 1375 3513 deest
1392 3481 1425 3514 iu
1439 3479 1493 3513 ed.
1508 3478 1605 3512 Amb.
1661 3478 1674 3495 ⁹
1690 3479 1845 3512 Inseritur
1868 3481 1914 3512 ad
1927 3481 2055 3513 ductum
2070 3477 2103 3511 in
2117 3477 2170 3511 ed.
2187 3475 2281 3510 Amb.
2298 3495 2337 3500 —-
2355 3476 2383 3495 ¹⁰
2398 3476 2512 3516 Joan„
2533 3485 2608 3520 cap.
2628 3486 2674 3509 xn
2685 3499 2695 3515 ,

587 3553 619 3559 -
633 3534 646 3552 ⁸
661 3535 729 3572 MS.
746 3535 842 3569 Eius„
855 3553 879 3561 -
896 3536 1075 3570 Invenirent
1092 3537 1153 3571 Ed.
1168 3536 1263 3571 Amb.
1278 3556 1314 3562 -
1328 3536 1341 3555 ⁶
1358 3538 1447 3576 Act„
1463 3547 1537 3580 cap.
1554 3547 1585 3569 vi
1597 3561 1606 3577 ,
1664 3547 1695 3570 v.
1719 3536 1775 3569 26.
