2970 4152
630 424 720 469 ΜΟ
1197 421 1367 467 PETRI
1402 420 1714 468 ABAELARDI
1740 422 1821 468 ἘΤ
1854 422 2154 470 HELolssAE

620 513 986 580 cognoscitur¹P
1016 513 1261 577 Per-pende
1293 514 1477 577 itaque,
1509 531 1654 579 quam
1687 514 1827 580 longe
1857 515 2049 562 absistat
2074 515 2135 562 ab
2164 517 2297 562 omni
2327 517 2519 565 rationis
2549 519 2720 568 discre-

617 597 751 642 tione
768 598 802 653 ²,
830 593 1040 656 ejusdem
1067 593 1236 656 regulae
1256 593 1547 658 professione
1567 604 1662 641 tam
1681 594 1875 642 feminas
1893 611 2037 659 quam
2061 595 2188 642 viros
2211 595 2431 660 obligari,
2460 599 2722 664 eademque

618 674 803 720 sarcina
822 683 917 719 tam
937 670 1114 718 debiles
1131 688 1274 735 quam
1294 671 1435 719 fortes
1458 674 1660 720 onerari.
1685 674 1803 720 Satis
1822 690 1922 721 esse
1945 684 2116 720 nostrae
2142 674 2346 722 arbitror
2371 676 2655 738 infirmitati,
2683 680 2723 726 si

617 772 708 801 >nos
727 755 838 820 ipsis
858 753 1064 801 ecclesiae
1085 754 1369 812 rectoribus,
1409 765 1455 803 et
1484 757 1565 820 qui
1594 757 1642 803 in
1668 758 1808 804 sacris
1838 757 2083 804 ordinibus
2107 760 2349 807 constituti
2377 770 2487 807 sunt
2515 761 2718 822 clericis,

620 845 716 881 tam
731 835 1033 881 continentiae
1049 851 1192 898 quam
1211 835 1500 883 abstinentiae
1517 837 1663 883 virtus
1677 837 1946 900 aequaverit²
1968 838 2169 885 maxime
2187 855 2334 902 quum
2352 837 2533 888 Veritas
2551 841 2717 890 dicat⁸:v

623 932 647 957 «
672 913 908 960 Perfectus
933 914 1088 959 omnis
1114 914 1223 973 erit,
1253 915 1291 960 si
1312 915 1370 961 sit
1392 916 1511 961 sicut
1529 916 1750 979 magister
1769 916 1883 978 ejus.
1908 935 1932 960 »
1961 916 2144 973 Quibus
2163 918 2304 964 etiam
2330 935 2419 984 pro
2451 936 2624 984 magno
2649 937 2722 968 re·—

619 992 886 1057 putandum
911 1003 1052 1052 esset,
1084 994 1121 1039 si
1136 994 1382 1058 religiosos
1400 995 1544 1042 laicos
1567 995 1855 1059 aequiparare
1872 1012 2120 1060 possemus
2135 997 2163 1042 ¹⁹.
2194 1000 2310 1054 Quae
2334 1015 2541 1063 namque
2559 1001 2608 1046 in
2628 1000 2723 1047 for-

619 1072 743 1131 tibus
762 1089 906 1137 parva
925 1089 1192 1132 censemus,
1217 1074 1264 1120 in
1287 1074 1519 1121 debilibus
1545 1074 1851 1121 admiramur.
1874 1078 1932 1122 Et
1944 1075 2077 1138 juxta
2095 1076 2214 1122 illud
2233 1078 2439 1142 Apostoli
2456 1081 2470 1104 ⁸
2490 1097 2500 1125 :
2525 1080 2720 1127 «Virtus

618 1154 665 1200 in
685 1152 954 1200 infirmitate
971 1150 1228 1217 perficitur.
1252 1173 1276 1199 »
1306 1158 1372 1201 Ne
1392 1171 1504 1201 vero
1524 1154 1754 1201 laicorum
1773 1154 1936 1219 religio
1957 1172 2046 1220 pro
2070 1172 2219 1221 parvo
2248 1156 2447 1204 ducatur
2465 1159 2616 1222 qualis
2638 1159 2724 1206 fuit

619 1231 813 1280 Abrahae
823 1268 835 1293 ,
858 1233 1031 1292 David,
1058 1234 1147 1280 Job
1163 1236 1195 1294 ⁸,
1218 1234 1327 1281 licet
1345 1234 1724 1298 conjugatorum,
1745 1235 2109 1298 Chrysostomus
2126 1236 2176 1282 in
2193 1237 2388 1301 epistola
2403 1237 2471 1284 ad
2482 1237 2717 1297 Hebroeos,

617 1330 834 1361 sermone
851 1331 918 1360 vn
932 1316 960 1373 ⁷,
984 1315 1122 1361 nobis
1149 1316 1372 1372 occurrit,
1398 1315 1586 1362 dicens:
1616 1335 1638 1360 «
1659 1318 1778 1362 Sunt
1803 1316 1951 1362 multa
1969 1317 2018 1362 in
2036 1317 2209 1381 quibus
2233 1319 2408 1382 poterit
2430 1318 2649 1367 laborare
2672 1329 2724 1368 ut

615 1392 812 1440 bestiam
831 1393 959 1440 illam
979 1395 1199 1441 incantet.
1220 1398 1334 1452 Quae
1351 1405 1460 1441 sunt
1479 1395 1593 1441 ista?
1613 1395 1824 1455 labores,
1846 1395 2071 1443 lectiones
2083 1431 2095 1455 ,
2116 1397 2295 1460 vigiliae.
2316 1398 2410 1445 Sed
2426 1398 2542 1462 quid
2557 1398 2619 1446 ad
2634 1388 2723 1446 nos

613 1473 735 1533 haec,
761 1493 784 1517 »
819 1475 997 1538 inquit',
1043 1476 1165 1539 «qui
1197 1492 1294 1522 non
1321 1493 1484 1522 sumus
1515 1475 1767 1522 monachi?
1798 1479 1906 1522 Haec
1930 1476 2047 1522 mihi
2071 1476 2218 1523 dicis?
2255 1478 2341 1524 Dic
2371 1478 2544 1538 Paulo,
2573 1494 2721 1543 quum

610 1554 743 1601 dicit⁸
762 1574 771 1602 :
798 1555 1080 1619 «Vigilantes
1100 1556 1146 1601 in
1170 1556 1302 1601 omni
1320 1557 1545 1620 patientia
1564 1567 1610 1603 et
1629 1557 1862 1615 oratione,
1878 1573 2067 1620 »quum
2086 1556 2240 1603 dicit⁹z
2260 1575 2283 1602 ’.ι
2297 1558 2460 1604 Carnis
2478 1573 2643 1605 curam
2662 1574 2723 1606 ne

612 1653 633 1677 «
655 1634 857 1681 feceritis
883 1635 931 1680 in
958 1635 1371 1698 concupiscentiis.
1398 1654 1421 1678 »
1457 1638 1560 1681 Non
1588 1636 1715 1681 enim
1743 1636 1843 1682 haec
1867 1636 2115 1682 monacbis
2141 1636 2374 1683 scribebat
2397 1646 2582 1684 tantum
2598 1673 2610 1697 ,
2639 1637 2722 1685 sed

607 1716 829 1762 omnibus
863 1716 943 1779 qui
969 1725 1102 1761 erant
1133 1715 1181 1760 in
1210 1714 1492 1761 civitatibus.
1530 1719 1635 1762 Non
1661 1716 1788 1762 enirn
1821 1717 2043 1763 secularis
2069 1717 2217 1763 homo
2245 1717 2387 1764 debet
2420 1717 2599 1782 aliquid
2622 1734 2722 1773 mn-

605 1794 726 1858 plius
754 1795 931 1842 habere
965 1794 1204 1841 monacho
1231 1811 1375 1858 quam
1406 1811 1517 1841 cum
1544 1812 1690 1842 uxore
1733 1796 2056 1843 concumbere
2089 1806 2291 1845 tantum.
2315 1798 2401 1843 Hic
2429 1798 2557 1844 enim
2581 1797 2724 1846 habet

605 1876 819 1930 veniam,
849 1876 895 1921 in
927 1874 1027 1921 aliis
1053 1884 1212 1921 autem
1241 1890 1543 1938 nequaquam
1576 1893 1586 1920 :
1620 1875 1704 1921 sed
1733 1877 1894 1922 omnia
1919 1876 2159 1940 aequaliter
2188 1877 2309 1923 sicut
2340 1877 2562 1925 monachi
2586 1892 2723 1942 agere

604 1954 747 2001 debet
762 1957 804 2000 ¹⁰.
826 1958 942 2001 Nam
970 1965 1016 2001 et
1035 1954 1377 2013 beatitudines,
1416 1971 1520 2018 quae
1547 1971 1574 2000 a
1597 1955 1785 2001 Christo
1808 1955 2032 2002 dicuntur
2046 1958 2070 1981 ²¹
2085 1976 2103 2015 ,·
2125 1973 2225 2003 non
2260 1957 2505 2006 monachis
2537 1967 2723 2006 tantum

603 2034 739 2082 dictae
770 2045 895 2082 sunt.
930 2034 1148 2098 Alioquin
1175 2035 1422 2081 universus
1451 2035 1657 2082 mundus
1685 2036 1879 2100 peribit,
1909 2046 1955 2082 et
1980 2037 2028 2082 in
2048 2047 2301 2100 angustum
2321 2037 2510 2084 inclusit
2540 2054 2596 2084 ea
2619 2054 2723 2103 qqae

603 2115 785 2161 virtutis
823 2124 950 2162 sunt.
992 2117 1049 2161 Et
1073 2114 1320 2178 quomodo
1353 2114 1659 2161 honorabiles
1690 2126 1801 2162 sunt
1829 2117 2027 2181 nuptiae,
2062 2133 2167 2180 quae
2194 2116 2332 2163 nobis
2362 2126 2547 2164 tantum
2576 2118 2723 2183 impe·

604 2194 775 2242 diunt?
795 2213 820 2239 υ
854 2197 921 2240 Ex
955 2195 1126 2259 quibus
1153 2195 1348 2258 quidem
1378 2195 1533 2241 verbis
1559 2206 1720 2260 aperte
1753 2196 2010 2260 colligitur,
2049 2196 2182 2260 quod
2206 2197 2419 2261 quisquis
2444 2198 2723 2262 evangelicis

549 2315 557 2322 .
604 2276 846 2340 p1aeeeptis
883 2276 1187 2322 continentiae
1221 2276 1445 2322 virtutem
1477 2275 1738 2335 addiderit,
1768 2277 2082 2323 monasticam
2116 2277 2456 2342 perfectionem
2486 2277 2716 2341 implebit.
2742 2336 2744 2339 ι

608 2359 756 2419 Atque
783 2356 963 2402 utinam
978 2355 1040 2402 ad
1059 2355 1152 2401 hoc
1170 2365 1332 2401 nostra
1349 2354 1512 2417 religio
1531 2355 1854 2402 conscendere
1870 2364 2029 2420 posset
2041 2391 2053 2415 ,
2080 2366 2135 2402 ut
2150 2352 2458 2419 Evangelium
2476 2355 2718 2421 impleret,

608 2451 706 2481 non
732 2434 1086 2482 transcenderet
1107 2453 1117 2480 ε
1139 2451 1197 2481 ne
1217 2434 1324 2499 plus
1342 2451 1486 2498 quam
1504 2434 1770 2482 christianae
1789 2446 2121 2500 appeteremus
2145 2448 2262 2483 esse.
2281 2436 2403 2483 Hinc
2418 2436 2652 2501 profecto,
2671 2437 2722 2484 ni

608 2514 767 2573 fallor,
794 2515 944 2561 sancti
968 2514 1282 2561 decreverunt
1315 2518 1628 2574 Patres;·non
1658 2516 1721 2561 ita
1747 2515 1885 2562 nobis
1917 2517 2037 2563 sicut
2066 2517 2180 2563 viris
2215 2516 2483 2579 generalem
2515 2517 2721 2581 aliquam

607 2594 844 2658 regulam,
878 2594 1011 2657 quasi
1042 2610 1217 2640 novam
1251 2594 1425 2657 legem,
1455 2592 1720 2658 praefigere,
1751 2611 1840 2641 nec
1869 2595 2237 2659 magnitudine12
2261 2604 2486 2641 votorum
2510 2604 2722 2643 nostram

608 2673 930 2721 infirmitatem
952 2690 1172 2732 onerare,
1196 2674 1493 2720 attendentes
1509 2676 1534 2699 ¹³
1556 2673 1673 2720 illud
1701 2675 1909 2739 Apostoli
1926 2676 1951 2700 ¹⁸
1980 2694 1990 2721 ι
2025 2694 2049 2719 «
2068 2678 2161 2722 Lex
2181 2675 2308 2721 enim
2334 2675 2453 2721 iram
2477 2684 2715 2739 operatur.

610 2754 699 2801 Ubi
719 2754 846 2801 enim
864 2770 963 2801 non
986 2764 1055 2800 est
1073 2754 1164 2812 lex,
1191 2770 1279 2800 nec
1302 2754 1639 2818 praevaricatio.
1661 2773 1684 2798 υ
1709 2757 1766 2801 Et
1782 2756 2012 2802 iterum²⁶z
2036 2773 2060 2800 «
2079 2758 2169 2800 Lex
2190 2763 2351 2801 autem
2372 2754 2654 2802 subintravit
2673 2765 2723 2802 ut

608 2834 872 2881 abundaret
889 2833 1135 2889 delictum.
1156 2852 1179 2877 »
1208 2833 1342 2879 Idem
1357 2850 1551 2897 quoque
1573 2835 1805 2881 maximus
1823 2834 2124 2881 continentiae
2139 2833 2419 2898 praedicator
2443 2834 2505 2880 de
2523 2834 2720 2882 infirmi·

607 2924 700 2961 tate
727 2923 891 2978 nostra
915 2912 1175 2978 plurimum
1206 2911 1475 2970 confidens,
1505 2921 1552 2958 et
1586 2913 1720 2976 quasi
1746 2913 1807 2959 ad
1837 2913 2069 2960 secundas
2103 2913 2290 2978 nuptias
2316 2929 2488 2976 urgens
2509 2913 2721 2976 juniores

609 2994 774 3039 viduas
806 3011 815 3039 :
862 3012 885 3037 «
912 2991 1057 3052 Volo,
1084 3011 1107 3037 »
1138 2992 1288 3056 inquit
1309 2991 1358 3050 ¹⁶,
1392 2991 1645 3055 «juniores
1671 2991 1876 3052 nubere,
1901 2992 2022 3039 filios
2044 3009 2321 3058 procreare,
2350 2992 2721 3040 matresfamilias

608 3089 732 3131 esse,
753 3072 931 3119 nullam
948 3073 1249 3119 occasionem
1268 3071 1382 3118 dare
1404 3071 1690 3119 adversario.
1715 3090 1739 3116 »
1768 3072 1912 3129 Quod
1930 3082 1977 3119 et
1994 3071 2160 3119 beatus
2179 3072 2496 3135 Hieronymus
2515 3071 2721 3119 saluber·

656 3214 664 3230 ¹
687 3213 770 3252 Quid
785 3214 824 3245 de
835 3214 1008 3254 sraqili....
1023 3216 1225 3254 coqnoscitur
1240 3212 1356 3245 desunt
1372 3213 1404 3245 in
1420 3212 1463 3252 C;
1481 3219 1514 3246 at
1530 3212 1641 3255 legun-
1685 3224 1716 3246 v.
1737 3213 1848 3245 18.—⁹
1863 3215 1971 3253 Rom„
1986 3224 2058 3258 cap.
2078 3225 2158 3256 xm,
2177 3225 2209 3246 v.
2227 3214 2277 3246 14.
2293 3232 2332 3238 -
2349 3212 2378 3230 ¹⁰
2398 3214 2549 3247 Omnibus
2562 3224 2636 3248 vero
2650 3225 2719 3248 mo-

611 3277 660 3303 tur
678 3270 708 3301 in
727 3269 850 3302 caeteris
869 3268 1047 3302 codicibus.
1060 3287 1092 3292 -
1112 3268 1124 3285 ⁸
1137 3270 1242 3311 Seopo
1257 3277 1339 3302 erret
1351 3269 1446 3303 RMS.
1463 3287 1493 3292 -—
1515 3269 1528 3286 ³
1545 3269 1640 3310 Luc.‚
1685 3271 1815 3301 nuscicis
1829 3272 1940 3311 officiis
1959 3271 2077 3302 viribus
2092 3271 2228 3310 aequatis
2241 3278 2310 3300 eum
2320 3269 2418 3310 [κηρὶ
2437 3276 2560 3308 oportet
2570 3268 2665 3302 Rus.
2681 3286 2720 3292 —

611 3337 681 3369 cap.
700 3336 749 3365 vr,
765 3337 797 3357 v.
819 3325 873 3357 40.
889 3343 928 3348 ———
944 3324 957 3341 ⁴
978 3326 1096 3364 Quibus
1116 3328 1269 3358 etiam...
1286 3337 1327 3366 po
1433 3336 1449 3357 s
1465 3324 1583 3358 desunt
1601 3325 1638 3358 C.
1687 3323 1713 3341 ¹¹
1746 3325 1872 3363 Maub..
1900 3336 1972 3369 cap.
1992 3336 2023 3358 v.
2042 3343 2078 3351 --
2095 3323 2124 3342 ¹³
2145 3325 2212 3358 Nec
2228 3334 2357 3356 numero
2374 3326 2447 3364 plus
2459 3325 2548 3365 justo
2566 3323 2660 3358 Rus.
2676 3341 2722 3348 -

611 3400 652 3406 --
667 3381 679 3397 ⁵
702 3383 820 3414 sorim.
845 3381 894 3418 tl,
912 3390 985 3423 cap.
1007 3392 1072 3418 ιιιι,
1097 3392 1127 3413 v.
1157 3384 1185 3413 9.
1199 3398 1244 3406 -
1256 3381 1269 3399 ⁰
1288 3374 1368 3429 Sicssh
1421 3381 1516 3414 rm.
1543 3380 1636 3414 Amb.
1687 3379 1716 3397 ¹³
1735 3380 1885 3413 Studiose
1902 3388 2051 3414 curante-5
2063 3379 2158 3414 Rus.
2172 3396 2216 3404 -—
2233 3378 2263 3397 ¹⁴
2282 3380 2390 3417 Rom„
2407 3389 2480 3423 cap.
2498 3390 2541 3420 ιν,
2558 3390 2588 3413 ν.
2611 3381 2662 3412 15.
2679 3399 2717 3404 -—

607 3439 742 3470 -Jacob
762 3436 828 3469 MS.
855 3435 948 3469 Amb.
968 3436 1039 3460 —·⁷
1056 3436 1118 3480 Ap.
1156 3438 1257 3471 sancti
1291 3428 1511 3482 Chrsssostomi
1543 3438 1639 3479 Opp„
1687 3436 1715 3454 ¹⁶
1737 3437 1844 3475 Rom„
1866 3447 1940 3480 cap.
1969 3447 1999 3475 v,
2021 3447 2052 3469 v.
2081 3438 2134 3469 20.
2151 3455 2188 3461 -
2204 3435 2234 3454 ⁴⁸
2254 3436 2392 3469 rimam.
2415 3435 2449 3474 1,
2471 3446 2544 3479 cap.
2561 3446 2594 3478 v,
2610 3446 2642 3469 v.
2665 3437 2717 3468 14.

610 3494 755 3532 Parisiis,
793 3494 893 3531 18·¹.8‚
923 3499 946 3525 t.
976 3492 1106 3537 xll‚¹p.
1130 3495 1204 3525 113.
1224 3512 1266 3518 —-
1282 3493 1299 3518 Ρ
1320 3495 1455 3535 Epkee„
1482 3503 1555 3537 cap.
1586 3504 1637 3535 vt,

1464 3557 1487 3589 ’ἔ

1141 3587 1164 3615 ‚.

1698 3694 1731 3735 c.
1744 3653 1798 3722 l‘r·
1833 3670 1847 3681 ⁴

938 3619 1041 3690 &³²
1116 3629 1180 3697 K

1257 3767 1313 3844 C
1376 3729 1441 3828 ᾳ.
