2970 4152
1228 401 1542 447 EPISTOLAE.
2396 405 2413 448 ‘l
2427 404 2455 448 7

334 497 411 543 illa
445 507 600 543 tamen
631 495 764 560 prius
786 494 848 541 ad
876 488 1130 559 imperium
1152 505 1371 542 nostrum
1395 503 1565 559 sponte
1592 494 1769 555 velata,
1796 505 1842 541 et
1867 492 2209 541 monasterium
2233 494 2453 557 ingressa.
2491 506 2725 582 ftAbaelarlius‘

2449 575 2457 583 -
2501 563 2509 582 l
2533 560 2648 583 monac
2673 561 2747 581 usin

286 584 299 613 4
339 576 489 623 Ambo
516 577 675 640 itaque
700 575 839 622 simul
864 591 1054 622 sacrum
1080 574 1295 622 habitum
1325 575 1655 639 suscepimus¹‚
1685 591 1773 639 ego
1800 575 1995 639 quidem
2022 575 2071 622 in
2098 573 2284 622 abbatia
2303 575 2462 621 Sanctl
2524 594 2719 642 mon-asterio

337 657 575 720 Dionysii,
598 655 678 702 illa
695 656 750 702 in·
771 656 1058 702 monasterio
1079 654 1348 719 Argenteoli
1367 654 1658 720 supradicto.
1683 657 1798 712 Quae
1821 655 2040 719 quidem,
2068 654 2289 712 memini,
2312 670 2461 718 quum
2492 637 2750 719 δζξζοῑῇἑῖζῗξδζ

335 738 435 800 ejus
460 736 828 783 adolescentiam
854 752 882 782 a
907 735 1023 799 jugo
1044 731 1315 782 monasticae
1342 734 1516 798 -regulae
1544 743 1769 798 tanquam
1795 734 2078 782 intolerabili
2102 750 2247 800 poena
2270 733 2461 799 plurimi
2492 724 2743 810 sggffisg‘ss‘g‘ffiffi

337 817 505 864 frustra
533 816 830 864 deterrerent
865 816 908 862 ei
944 816 1312 881 compatientes,
1345 815 1394 861 in
1425 814 1554 861 illam
1591 814 1821 862 Corneliae
1854 815 2205 879 querimoniam
2239 815 2362 862 inter
2394 814 2460 860 la-
2555 810 2687 842 molum.

337 913 520 961 crymas
546 906 592 944 et
617 896 848 961 singultus
864 886 1011 961 prout
1033 905 1220 961 poterat
1242 911 1586 962 prorumpens,
1616 896 1680 941 ait
1697 914 1725 955 :j

1245 1013 1278 1054 Ο
1299 1011 1475 1053 maxime
1491 1009 1665 1064 conjux!

816 1083 849 1121 Ο
873 1080 1058 1121 thalamis
1078 1081 1247 1134 indigne
1265 1079 1387 1121 meis!
1411 1081 1498 1120 Hoc
1513 1079 1620 1132 juris
1641 1078 1815 1119 habebat

817 1151 863 1190 ln
885 1155 1038 1190 tantum
1059 1149 1222 1190 fortuna
1242 1150 1387 1203 caput?
1406 1149 1487 1189 Cur
1506 1148 1634 1202 impia
1653 1147 1795 1202 nupsi,

816 1218 857 1259 Si
878 1218 1072 1258 miserum
1093 1217 1252 1259 factura
1269 1217 1350 1258 fui?
1370 1219 1400 1257 N
1407 1229 1486 1257 unc
1504 1216 1647 1270 accipe
1667 1228 1810 1270 poenas
1823 1247 1832 1265 ,

818 1285 895 1328 Sed
917 1298 1020 1340 quas
1038 1292 1185 1340 sponte
1205 1287 1314 1328 luam
1327 1287 1353 1326 ².

334 1409 483 1470 Atque
512 1407 559 1453 in
594 1407 667 1453 his
694 1406 848 1454 verbis
881 1406 942 1454 ad
982 1406 1155 1454 altare⁸
1184 1424 1295 1454 mox
1326 1417 1576 1473 properat,
1613 1417 1658 1453 et
1691 1405 1942 1453 confestim
1971 1404 2031 1451 ab
2060 1405 2287 1469 episcopo
2331 1404 2471 1451 bene—

332 1486 513 1534 dictum
539 1488 699 1535 velum
729 1487 789 1535 ab
817 1487 962 1535 altare
984 1487 1113 1549 tulit,
1147 1499 1194 1536 et
1219 1505 1268 1536 se
1298 1490 1569 1536 monasticae
1592 1486 1875 1554 professioni
1900 1502 2062 1533 coram
2091 1483 2336 1532 omnibus⁴
2361 1484 2469 1531 alli-

333 1568 474 1630 gavit.
501 1568 588 1614 Vix
612 1578 772 1615 autem
790 1567 851 1615 de
871 1567 1066 1616 vulnere
1083 1568 1241 1616 adhuc
1256 1569 1595 1617 convalueram
1608 1605 1619 1627 ‚
1644 1584 1791 1633 quum
1810 1566 1872 1614 ad
1896 1583 1975 1614 me
1994 1565 2292 1613 confluentes
2309 1565 2468 1612 clerici

334 1656 430 1693 tam
459 1646 519 1694 ab
544 1646 715 1694 abbate
742 1657 933 1707 nostro,
959 1665 1106 1712 quam
1135 1666 1160 1695 a
1188 1650 1369 1714 meipso
1397 1649 1639 1697 continuis
1667 1646 2092 1713 supplicationibus
2120 1647 2462 1711 efflagitabant,

332 1737 566 1789 quatenus
582 1727 716 1791 quod
737 1727 986 1793 hucusque
1005 1729 1219 1794 pecuuiae
1240 1729 1313 1776 vel
1332 1729 1486 1777 laudis
1513 1728 1771 1794 cupiditate
1799 1744 1986 1792 egeram
2001 1764 2012 1785 ‚
2036 1744 2166 1774 nunc
2193 1743 2356 1774 amore
2383 1730 2466 1774 Dei

331 1822 527 1870 operam
553 1805 710 1853 studio
740 1806 904 1853 darem
926 1842 938 1866 ,
971 1807 1248 1854 attendens⁵
1273 1808 1405 1872 quod
1442 1809 1559 1855 mihi
1588 1808 1740 1854 fuerat
1768 1825 1794 1854 a
1828 1807 2038 1854 Domino
2075 1806 2306 1853 talentum
2335 1823 2467 1853 com-

333 1888 527 1934 missum
545 1888 574 1942 ⁸,
618 1886 678 1934 ab
714 1887 816 1952 ipso
847 1904 948 1935 esse
983 1904 1094 1934 cum
1127 1888 1280 1934 usuris
1315 1888 1628 1952 exigendum3
1664 1898 1711 1934 et
1740 1889 1822 1951 qui
1854 1886 2078 1934 divitibus
2113 1887 2317 1933 maxime
2360 1886 2469 1934 huc-

333 1984 481 2031 usque
502 1967 826 2027 intenderam,
859 1966 1150 2033 pauperibus
1177 1967 1453 2016 erudiendis
1476 1967 1656 2015 amodo
1675 1966 1944 2027 studerem3
1977 1977 2025 2014 et
2048 1966 2113 2014 ob
2139 1966 2232 2013 boc
2262 1968 2466 2014 maxime

330 2047 579 2094 Dominica
605 2064 749 2095 mauu
773 2065 850 2095 me
877 2064 1007 2094 nunc
1035 2058 1213 2095 tactum
1230 2051 1243 2072 ⁷
1267 2065 1369 2096 esse
1392 2064 1757 2112 cognoscerem,
1787 2064 1885 2112 quo
1915 2047 2107 2095 liberius
2136 2063 2163 2093 a
2195 2047 2463 2094 carnalibus

330 2126 590 2186 illecebris,
625 2138 672 2175 et
706 2128 1027 2176 tumultuosa⁸
1055 2129 1150 2176 vita
1184 2129 1359 2176 seculi⁹
1395 2130 1689 2188 abstractus,
1717 2129 1875 2176 studio
1913 2129 2172 2176 litterarum
2213 2145 2457 2189 vacarem3

331 2223 420 2254 nec
446 2218 541 2255 tam
571 2209 740 2256 mundi
764 2226 910 2273 quam
935 2210 1022 2257 Dei
1049 2225 1158 2257 vere
1182 2209 1500 2276 philosophus
1526 2209 1729 2274 fierem„
1744 2212 1854 2257 Erat
1876 2219 2036 2257 autem
2059 2209 2248 2270 abbatia
2271 2210 2348 2257 illa
2381 2227 2462 2257 no-

330 2298 442 2347 stra,
465 2289 527 2336 ad
546 2306 691 2354 quam
718 2307 795 2337 me
813 2290 1124 2350 contuleram,
1149 2290 1371 2338 secularis
1392 2290 1656 2339 admodum
1676 2292 1780 2338 vitae
1796 2293 1819 2316 ¹⁰
1834 2300 1977 2356 atque
2003 2291 2298 2356 turpissimae.
2317 2292 2461 2355 Cujus

329 2367 475 2416 abbas
500 2370 650 2434 ipse¹¹,
683 2386 781 2434 quo
817 2371 995 2418 caeteris
1023 2370 1298 2436 praelati-qne
1334 2372 1488 2436 major
1506 2373 1552 2429 ¹¹,
1587 2381 1719 2419 tanto
1746 2372 1840 2419 vita
1865 2370 2074 2419 deterior
2102 2381 2244 2436 atque
2271 2372 2460 2418 infamia

330 2447 488 2494 notior
507 2459 621 2496 erat.
653 2452 872 2507 Quorum
896 2450 1093 2516 quidem
1121 2450 1440 2500 intolerabiles
1466 2451 1713 2516 spurcitias
1741 2468 1830 2516 ego
1856 2451 2128 2515 frequenter
2154 2461 2296 2516 atque
2322 2451 2461 2498 vehe-

331 2537 515 2575 menter
543 2529 691 2576 modo
718 2531 960 2594 privatim,
995 2530 1142 2578 modo
1178 2531 1368 2595 publice
1395 2531 1704 2596 redarguens,
1733 2531 1957 2578 omnibus
1984 2548 2060 2577 me
2087 2548 2230 2595 supra
2259 2531 2456 2578 modum

330 2624 587 2655 onerosum
614 2620 756 2675 atque
784 2610 1007 2657 odiosum
1036 2610 1169 2658 effeci
1187 2613 1226 2670 ¹³,
1259 2612 1341 2676 qui
1373 2611 1433 2658 ad
1462 2611 1792 2676 quotidianam
1815 2611 2159 2676 discipulorum
2186 2621 2458 2659 nostrorum

327 2688 596 2736 instantiam
610 2690 635 2714 ¹⁴
658 2691 861 2738 maxime
881 2691 1042 2754 gavisi,
1062 2691 1366 2738 occasionem
1387 2692 1512 2739 nacti
1528 2702 1660 2751 sunt,
1685 2709 1779 2757 qua
1796 2709 1873 2739 me
1898 2709 1925 2739 a
1950 2709 1999 2739 se
2020 2702 2334 2739 removerent.
2364 2693 2457 2739 Diu

326 2767 484 2832 itaque
515 2768 604 2816 illis
631 2769 914 2818 instantibus
945 2780 1088 2836 atque
1121 2772 1393 2835 importune
1419 2771 1746 2836 pulsantibus,
1781 2771 1951 2819 abbate
1989 2788 2183 2836 quoque
2214 2782 2378 2819 nostro
2411 2781 2458 2820 et

327 2849 546 2897 fratribus
570 2851 1017 2912 intervenientibus,
1040 2851 1101 2900 ad
1114 2852 1284 2900 cellam
1309 2852 1569 2918 quamdam
1589 2854 1780 2913 recessi,
1804 2853 1978 2901 scholis
2002 2870 2135 2900 more
2160 2836 2310 2901 solito
2320 2871 2458 2902 vaca-

327 2938 485 2989 turus3
526 2929 587 2977 ad
621 2947 739 2995 quas
771 2928 979 2996 quidem‘
1004 2942 1134 2980 tanta
1171 2932 1460 2980 scholarium
1492 2933 1749 2981 multitudo
1768 2935 1791 2958 ¹⁸
1821 2933 2100 2988 confluxitffl,
2135 2943 2186 2980 ut
2212 2950 2300 2980 nec
2323 2933 2456 2981 locus

326 3008 564 3075 hospitiis,
597 3026 684 3058 nec
715 3021 840 3059 terra
869 3011 1104 3061 sufficeret
1129 3012 1380 3060 alimentis.
1417 3012 1534 3072 Ubi,
1563 3014 1696 3078 quod
1722 3013 2006 3080 professioni
2030 3029 2146 3061 meae
2173 3016 2458 3062 convenien-

326 3089 416 3136 tius
443 3101 568 3150 erat,
598 3108 739 3139 sacrae
756 3092 1018 3157 plurimum
1042 3092 1234 3141 lectioni
1258 3093 1468 3141 studium
1495 3095 1800 3153 intendens¹⁷‚
1823 3094 2106 3142 secularium
2127 3095 2299 3142 artium
2320 3095 2456 3143 disci-

325 3169 528 3235 plinam,
557 3172 730 3236 quibus
757 3173 960 3238 amplius
988 3184 1201 3221 assuetus
1230 3174 1437 3234 fueram,
1461 3186 1506 3222 et
1534 3191 1652 3240 quas
1671 3192 1698 3222 a
1724 3191 1800 3222 me
1831 3174 2090 3239 plurimum
2124 3176 2450 3240 requirebant,

370 3326 378 3342 ¹
401 3326 481 3361 Vide
494 3334 563 3361 not.
581 3340 670 3363 xxiv.
686 3327 731 3353 »¹
746 3329 827 3364 Luc.
844 3330 964 3363 Phara.
981 3329 1038 3363 lib.
1056 3329 1147 3371 vlu,
1163 3342 1193 3365 v,
1211 3331 1250 3363 94
1268 3338 1302 3364 et
1315 3342 1363 3375 sq.
1413 3349 1439 3355 -
1467 3331 1496 3349 ¹⁰
1515 3331 1597 3364 Vide
1616 3338 1683 3365 not.
1702 3342 1779 3364 xxv.
1800 3349 1832 3353 —
1851 3330 1878 3348 ¹¹
1896 3330 1977 3364 Vide
1997 3338 2064 3365 not.
2085 3342 2172 3365 xxvi.
2194 3349 2230 3354 -
2248 3330 2275 3348 ¹²
2291 3331 2454 3374 Diynuaee

325 3367 537 3421 —³-Rfff
553 3403 607 3418 .—
622 3384 635 3402 ⁴
649 3385 855 3419 interseritur
874 3389 980 3419 areima
999 3390 1140 3420 maximo
1156 3390 1252 3421 invito
1270 3387 1362 3423 RMS.
1408 3389 1573 3421 sublimior
1591 3386 1739 3421 RMS.-
1753 3386 1782 3404 ⁴³
1801 3388 1939 3420 Reddidi
1962 3386 2056 3420 RMS.
2076 3405 2109 3410 —
2134 3386 2163 3404 '⁴
2187 3388 2453 3429 Quotidianos‚...

323 3457 364 3462 —-
383 3440 396 3456 ⁵
412 3440 524 3473 Animo
551 3445 658 3476 tenaci
684 3453 815 3476 servans
844 3443 938 3476 Rus.
957 3460 999 3467 —-
1016 3443 1030 3461 ⁰
1049 3443 1162 3477 nauh.
1187 3455 1261 3488 cap.
1289 3455 1367 3484 xxv,
1411 3446 1564 3485 impulsus
1581 3443 1674 3476 RMS.
1690 3462 1726 3466 —
1743 3443 1772 3460 ¹⁵
1797 3444 1901 3476 Turba
1922 3443 2068 3477 RMS.—·
2080 3443 2108 3462 ¹⁰
2122 3443 2203 3477 Vide
2218 3451 2287 3477 not.
2307 3455 2452 3478 xxvii.—

308 3518 310 3521 .
325 3506 354 3526 v.
375 3497 426 3529 15.
438 3515 479 3519 -
491 3496 502 3513 “
520 3498 619 3531 Ictum
635 3497 791 3532 mis-⁸
814 3500 955 3533 Turbida
972 3499 1064 3533 RMS.
1076 3500 1127 3524 -⁹
1146 3500 1257 3534 Mundi
1273 3500 1368 3534 RMS.
1417 3500 1442 3517 ¹‘'
1459 3499 1622 3533 Adhibens
1636 3499 1731 3533 Rus.

488 3575 498 3602 ι
2265 3535 2333 3609 3vv
