2970 4152
1202 470 1204 472 ¹
1247 414 1568 462 EPJSTOLAE.
1653 454 1657 457 Δ
1899 443 1901 446 <
1923 426 1928 435 ·
2002 435 2018 451 υ
2389 416 2449 460 77

340 509 862 577 colloqttio=³praesentis
896 489 1112 570 re'creerg⁴
1140 526 1233 562 ¹nec
1263 506 1698 572 absentiszepistola
1720 506 2000 568 2001150181‘25¹
2016 505 2378 569 dic1,·inquam,
2415 508 2451 552 si

344 595 468 641 vales
483 629 496 653 ,
519 603 599 640 aut
617 609 705 657 ego
723 587 857 659 q'uod
875 592 1028 639 sentio
1044 588 1184 652 ‚‡im0·
1196 589 1337 655 'quod
1359 590 1528 636 oimnes
1547 588 1848 652 suspicantur
1865 587 2452 655 dicamaConcupiscentia

345 674 538 722 te⁴·mihi
573 675 733 739 potius
754 683 898 738 quam
926 669 1620 731 amicitia:sociavit‚·i¹libidinis
1656 669 1806 716 ardor.
1822 668 1981 732 potius
1999 684 2148 731 quam
2164 684 2330 722 ,amon
2363 667 2453 714 Ubi

343 755 482 819 igitur
493 754 625 819 quod
643 746 944 800 desiderabas
960 752 1158 799 cessavit
1173 749 1442 815 {quidquid
1455 758 1658 814 propter
1667 748 1762 795 hoc
1778 747 2033 796 exhibebas
2047 748 2229 812 pariter
2241 748 2448 801 evanuit.

344 836 474 896 Haec,
502 835 805 882 dilectissime
822 851 842 893 ,·
863 845 965 881 non
988 831 1224 881 tamfmea
1237 829 2067 895 e'stvquam·emnium100njeetura.¹‚
2103 839 2324 878 non-tam
2349 818 2454 892 spe4

342 915 648 979 cialis'quam
677 910 947 961 communis
964 949 976 972 ,
1005 927 1103 960 non
1124 912 1439 976 =tamprivata
1473 909 1860 975 quamwpublica.
1894 910 2094 958 Utinam,
2119 908 2234 955 mihi
2267 908 2451 971 solit-sic

286 1043 291 1051 .
342 995 608 1055 videretur,
646 994 1011 1059 atque‘aliquos
1045 994 1103 1040 in·
1128 993 1499 1050 excusationemf
1519 992 1593 1038 sui
1629 996 1780 1037 amorv>
1798 1000 1906 1036 tuus
1935 990 2194 1048 inveniret,
2222 1006 2307 1053 per
2326 1006 2452 1052 ¹quos

339 1074 479 1122 dolor
510 1092 644 1123 meus
676 1074 924 1140 paululum
954 1073 1196 1121 resideret.
1226 1073 1420 1119 Utinam,
1442 1069 1938 1134 occasiones'fingere
1962 1087 2176 1134 possem,
2211 1068 2453 1133 quibuste

338 1156 609 1203 excusando
630 1156 724 1203 mei
742 1171 938 1219 quoquo
959 1154 1107 1200 modo
1121 1164 1326 1218 tegerem
1343 1156 1356 1179 ³
1370 1153 1614 1200 vilitatem.
1640 1151 1855 1210 Attende,
1879 1150 2095 1209 obsecro,
2116 1167 2220 1213 quae
2237 1150 2448 1213 requirog

338 1245 385 1281 et
408 1241 554 1300 parva
570 1233 884 1298 ‚haec-xidehis
902 1245 950 1282 et
972 1234 1058 1281 tibi
1078 1233 1313 1289 facillima.
1343 1236 1470 1280 Dum
1490 1233 1559 1279 tui
1583 1231 1830 1297 praesentia
1857 1230 2066 1288 fraudor,
2096 1230 2349 1276 verborum
2370 1229 2454 1275 sal-

338 1302 434 1361 tem
465 1315 638 1374 votis⁴,
676 1330 884 1379 quorum
908 1314 993 1360 tibi
1023 1314 1162 1379 copia
1197 1324 1292 1371 est,
1325 1323 1417 1360 tuae
1448 1312 1565 1358 mihi
1590 1311 1805 1375 imaginis
1833 1321 2065 1376 praesenta
2102 1309 2405 1356 dulcedinem
2423 1314 2448 1354 ⁶.

339 1397 526 1442 Frustra
557 1406 602 1443 te
624 1396 674 1442 in
699 1394 841 1443 rebus
864 1394 1096 1459 dapsilem
1118 1404 1316 1459 expecto
1335 1428 1346 1449 ,
1375 1394 1415 1440 si
1441 1394 1490 1440 in
1512 1392 1668 1440 verbis
1692 1409 1888 1439 avarum
1914 1391 2139 1438 sustineo.
2177 1394 2312 1438 Nunc
2339 1408 2452 1437 vero

337 1475 596 1539 plurimum
612 1491 639 1522 a
656 1485 703 1522 te
719 1491 796 1522 me
814 1475 1078 1540 promereri
1096 1474 1416 1532 credideram,
1440 1490 1591 1537 quum
1613 1472 1774 1518 omnia
1787 1482 1983 1537 propter
2006 1481 2051 1517 te
2071 1471 2411 1536 compleverim
2423 1476 2450 1529 ⁶,

339 1571 467 1601 nunc
481 1556 531 1601 in
551 1565 633 1602 tuo
658 1555 862 1602 maxime
878 1571 1186 1620 perseverans
1209 1553 1457 1617 obsequio.
1483 1556 1641 1611 Quam
1662 1551 1856 1616 quidem
1880 1551 2186 1615 juvenculam
2212 1551 2272 1597 ad
2294 1567 2456 1597 mona-

338 1635 465 1681 sticae
481 1635 853 1682 conversationis
871 1635 1173 1698 asperitatem
1198 1650 1295 1680 non
1319 1633 1559 1697 religionis
1577 1633 1770 1680 devotio
1789 1667 1800 1690 ‚
1824 1632 1907 1678 sed
1926 1641 2006 1678 tua
2028 1641 2213 1677 tantum
2232 1632 2456 1695 pertraxit

332 1714 482 1777 jussio
497 1717 537 1774 ⁷3
562 1714 643 1761 ubi
668 1715 706 1781 si
731 1714 849 1761 nihil
875 1731 902 1760 a
927 1724 973 1761 te
996 1731 1297 1780 promerear,
1318 1730 1462 1778 quam
1490 1713 1660 1760 frustra
1684 1713 1898 1759 laborem
1918 1712 2139 1775 dijudica.
2173 1711 2310 1758 Nulla
2342 1711 2455 1757 mihi

336 1810 478 1859 super
510 1793 604 1840 hoc
639 1810 819 1841 merces
844 1793 1137 1859 expectanda
1162 1804 1232 1840 est
1262 1810 1289 1840 a
1313 1796 1416 1840 Deo
1434 1829 1446 1852 ,
1481 1793 1616 1856 cujus
1649 1792 1807 1839 adhuc
1835 1809 1997 1838 amore
2026 1791 2142 1838 nihil
2170 1808 2245 1838 me
2272 1801 2454 1837 constat

336 1873 500 1937 egisse.
532 1877 872 1939 Properantem
906 1883 951 1920 te
977 1873 1039 1920 ad
1059 1876 1216 1920 Deum
1243 1883 1400 1920 secuta
1427 1890 1534 1920 sum
1551 1872 1715 1919 habitu
1738 1908 1749 1930 ,
1781 1873 1879 1919 imo
1896 1872 2128 1937 praecessi.
2159 1872 2304 1929 Quasi
2329 1872 2454 1917 enim

337 1970 523 2000 memor
553 1954 713 2001 uxoris
751 1952 873 2000 Loth
905 1963 1032 2000 retro
1066 1953 1359 2011 conversae⁸,
1398 1953 1529 2017 prius
1560 1969 1637 1998 me
1666 1952 1810 1998 sacris
1844 1951 2050 1998 vestibus
2084 1961 2129 1998 et
2163 1951 2456 2015 professione

337 2034 595 2081 monastica
621 2050 766 2098 quam
791 2034 995 2098 teipsum
1024 2035 1127 2080 Deo
1153 2033 1448 2097 mancipasti.
1482 2035 1535 2078 ln
1561 2049 1681 2096 quo,
1712 2031 1861 2078 fateor
1883 2065 1896 2087 ‚
1926 2048 2023 2078 uno
2048 2032 2205 2077 minus
2230 2040 2276 2077 te
2301 2031 2361 2077 de
2382 2048 2457 2077 me

335 2112 577 2161 confidere
609 2114 917 2161 vehementer
947 2113 1082 2160 dolui
1105 2123 1248 2177 atque
1278 2112 1464 2160 erubui.
1497 2115 1598 2176 Ego
1623 2122 1783 2159 autem
1813 2112 1972 2175 (Deus
1990 2111 2108 2173 scit)
2133 2111 2194 2158 ad
2230 2111 2455 2158 Vulcania

334 2192 438 2242 loca
462 2205 508 2243 te
532 2205 870 2260 properantem
895 2193 1163 2259 praecedere
1185 2193 1262 2241 vel
1279 2194 1413 2258 sequi
1441 2210 1529 2258 pro
1549 2193 1683 2256 jussu
1710 2202 1793 2239 tuo
1822 2193 2018 2239 minime
2037 2191 2322 2239 dubitarem.
2351 2195 2453 2238 Non

334 2275 463 2322 enim
484 2292 672 2323 mecum
691 2276 878 2323 animus
897 2291 1056 2335 mem,
1086 2275 1170 2322 sed
1190 2285 1348 2322 tecum
1373 2276 1510 2322 erat⁹.
1535 2274 1629 2321 Sed
1648 2284 1695 2321 et
1714 2290 1843 2320 nunc
1870 2274 2073 2320 maxime
2102 2273 2139 2319 si
2166 2283 2322 2320 tecum
2355 2291 2452 2320 non

334 2366 426 2414 est,
454 2373 692 2421 nusquam
716 2366 802 2404 est.
826 2360 938 2404 Esse
963 2372 1078 2404 vero
1110 2358 1211 2403 sine
1242 2366 1287 2403 te
1318 2372 1624 2420 nequaquam
1649 2365 1821 2421 potest.
1847 2354 1940 2402 Sed
1967 2364 2019 2401 ut
2042 2364 2199 2402 tecum
2226 2354 2349 2401 bene
2369 2355 2449 2410 sit,

335 2454 437 2502 age,
453 2436 670 2485 obsecro.
697 2440 823 2485 Bene
841 2448 1001 2485 autem
1020 2447 1179 2484 tecum
1198 2436 1338 2483 fuerit
1354 2472 1366 2496 ,
1389 2437 1493 2484 site
1508 2437 1771 2502 propitium
1789 2436 2045 2494 invenerit,
2067 2436 2105 2481 si
2123 2436 2319 2499 gratiam
2336 2435 2452 2481 refe-

335 2534 410 2565 ras
437 2534 526 2583 pro
552 2518 724 2581 gratia,
753 2517 943 2565 modica
970 2534 1060 2582 pro
1090 2517 1274 2582 magnis
1292 2553 1305 2576 ,
1333 2516 1479 2564 verba
1503 2533 1592 2582 pro
1619 2516 1777 2564 rebus.
1815 2517 2028 2574 Utinam,
2059 2515 2254 2572 dilecte,
2290 2526 2370 2561 tua
2395 2515 2454 2561 de

336 2614 413 2645 me
437 2597 628 2645 dilectio
653 2597 812 2645 minus
836 2596 1125 2656 confideret,
1146 2607 1199 2643 ut
1214 2597 1459 2644 sollicitior
1475 2594 1620 2643 esset!
1650 2596 1745 2643 Sed
1770 2613 1867 2660 quo
1887 2606 1933 2642 te
1953 2595 2155 2659 amplius
2171 2612 2300 2642 nunc
2319 2611 2452 2641 secu—

335 2694 442 2724 rum
462 2677 674 2735 reddidi,
695 2676 1085 2741 negligentiorem
1105 2677 1332 2724 sustineo.
1353 2679 1594 2723 Memento
1614 2675 1814 2722 obsecro
1842 2692 1947 2739 quae
1969 2675 2184 2733 fecerim,
2209 2684 2255 2720 et
2277 2684 2452 2737 quanta

334 2756 508 2805 debeas
545 2757 752 2805 attende.
785 2760 911 2804 Dum
944 2767 1100 2804 tecum
1129 2756 1305 2803 carnali
1336 2756 1514 2803 fruerer
1548 2755 1788 2821 voluptate
1801 2758 1847 2813 ¹⁰,
1878 2766 2037 2802 utrum
2069 2755 2118 2802 id
2150 2770 2338 2813 amore,
2380 2755 2451 2800 vel

335 2838 531 2885 libidine
557 2854 768 2902 agerem,
799 2838 1033 2886 incertum
1060 2837 1276 2902 pluribus
1305 2836 1570 2884 habebatur
1582 2840 1622 2883 ¹¹.
1653 2839 1788 2884 Nunc
1816 2846 1974 2884 autem
2003 2835 2110 2882 finis
2142 2834 2319 2881 indicat
2354 2852 2451 2898 quo

336 2918 384 2965 id
398 2916 719 2965 inchoaverim
736 2918 986 2983 principio.
1011 2920 1191 2965 Omnes
1205 2917 1412 2982 denique
1431 2916 1548 2964 mihi
1568 2916 1832 2981 voluptates
1850 2916 2088 2974 interdixi,
2113 2926 2164 2962 ut
2180 2925 2270 2963 tuae
2282 2917 2450 2979 ¹’pare-

336 3014 435 3045 rem
460 2997 709 3044 voluntati.
741 2997 864 3044 Nihil
890 2997 1006 3044 mihi
1025 2998 1281 3056 reservavi,
1311 2998 1401 3044 nisi
1421 2998 1486 3044 sic
1506 3008 1636 3045 tuam
1655 3013 1785 3044 nunc
1805 2997 2040 3061 praecipue
2060 2996 2178 3042 lieri.
2201 2998 2317 3053 Quae
2335 3012 2449 3043 vero

336 3087 414 3125 tua
439 3078 496 3125 sit
526 3078 748 3142 iniquitas
772 3077 1042 3143 perpende,
1071 3078 1110 3124 si
1136 3078 1338 3124 merenti
1365 3077 1568 3142 amplius
1592 3077 1821 3142 persolvis
1847 3076 2026 3134 minus,
2056 3076 2154 3122 imo
2179 3075 2296 3122 nihil
2315 3076 2448 3140 peni-

334 3168 409 3205 tus
437 3175 446 3205 ε
475 3158 734 3223 praesertim
759 3174 908 3222 quum
933 3174 1134 3223 parvum
1167 3158 1226 3204 sit
1252 3157 1386 3222 quod
1420 3157 1647 3221 exigeris,
1683 3167 1729 3203 et
1748 3156 1832 3203 tibi
1855 3155 2146 3202 facillimum.
2179 3158 2266 3201 Per
2294 3155 2447 3220 ipsum

381 3334 390 3351 ⁴
417 3335 580 3369 Sententia
609 3335 702 3369 RMS.
723 3353 760 3359 --
778 3334 792 3352 ¹
821 3336 973 3376 Tempora
999 3334 1094 3367 RMS.
1124 3353 1150 3358 --
1186 3334 1198 3352 ⁸
1226 3335 1368 3368 Celarem
1412 3346 1443 3368 v.
1462 3337 1516 3368 26.
1530 3353 1575 3360 —
1589 3334 1601 3351 ⁹
1617 3336 1780 3368 Habicavit
1797 3334 1891 3368 RMS.
1907 3352 1950 3359 —
1965 3334 1993 3351 ¹⁰
2008 3336 2112 3367 Sacra
2138 3337 2194 3368 illa
2218 3337 2402 3367 connubiali
2420 3342 2448 3366 el

336 3390 428 3423 RMS.
450 3410 477 3414 --
502 3390 516 3408 ⁴
529 3392 620 3425 Notis
634 3391 699 3424 MS.
721 3391 814 3425 Amb.
830 3408 874 3416 —-
889 3390 903 3408 ⁸
920 3391 1033 3423 Verum
1051 3393 1193 3424 solamen
1216 3391 1310 3424 RMS.
1324 3407 1370 3416 —
1412 3395 1594 3435 gratissima
1622 3391 1715 3424 RMS.
1733 3409 1769 3413 —
1787 3390 1814 3408 ¹¹
1834 3392 1900 3434 Sul>
1915 3393 2026 3432 judice
2042 3394 2081 3424 lis
2092 3393 2160 3433 suit
2175 3391 2269 3424 RMS.
2290 3410 2320 3415 ·--
2346 3390 2372 3407 ¹¹
2394 3391 2450 3423 ln—

336 3445 350 3462 ·
378 3446 555 3487 compleam
582 3446 676 3480 RMS.
695 3466 735 3472 --
757 3447 768 3464 ⁷
791 3448 858 3480 Tua
885 3449 987 3480 solum
1014 3455 1203 3489 meyerum,
1230 3448 1309 3481 mihi
1336 3451 1369 3481 in
1413 3448 1531 3482 seritur
1546 3450 1624 3480 ³0!ae
1643 3446 1730 3490 (sic)
1749 3447 1844 3480 RMS.

334 3510 486 3536 aetemum
504 3505 636 3536 colende
650 3528 659 3541 ,
678 3506 833 3537 mandata
850 3503 945 3537 RMS.
971 3522 1005 3528 —
1024 3502 1038 3521 ⁸
1057 3503 1177 3543 Genea,
1196 3514 1270 3548 cap.
1289 3515 1344 3537 xix
1358 3529 1367 3543 ,
