2970 4152
542 400 634 445 504
1339 396 1511 442 PETRI
1548 395 1860 444 ABAELARDI

543 513 565 537 «
592 497 707 551 Quae
729 510 914 540 sursum
938 502 1065 552 sunt,
1087 491 1305 555 quaerite3
1331 490 1416 537 ubi
1437 491 1650 538 Christus
1672 501 1743 538 est
1765 490 1815 537 in
1839 489 2083 536 dexteram
2106 489 2193 535 Dei
2214 489 2387 536 sedens
2406 507 2415 532 .·
2436 506 2540 554 quae
2562 506 2662 536 sur-

539 589 645 619 sum
666 582 777 618 sunt
794 573 959 635 sapite,
980 588 1079 617 non
1103 587 1208 635 quae
1230 586 1372 634 super
1387 580 1580 618 terram.
1603 590 1626 615 »
1652 574 1714 617 Ut
1730 570 1860 617 enim
1883 568 2050 615 beatus
2075 568 2293 615 meminit
2314 569 2657 633 Hieronymus,

541 651 658 698 nihil
681 652 832 714 majus
854 660 1011 714 potest
1033 650 1192 714 parari
1213 666 1376 707 serv0‚
1403 667 1549 714 quam
1578 645 1679 697 esse
1707 666 1819 696 cum
1846 648 2075 694 Domino.
2117 649 2176 693 Et
2202 647 2419 711 profecto
2448 649 2662 714 quisquis

542 731 838 794 praesentiam
866 729 1063 793 alicujus
1090 729 1351 793 plurimum
1382 729 1555 793 diligit,
1587 728 1849 792 majoribus
1883 727 1934 773 in
1963 725 2211 773 absentem
2248 725 2494 774 desideriis
2530 728 2660 775 inar—

542 812 705 857 descit.
724 809 864 856 Abire
881 827 994 873 ergo
1017 810 1066 856 in
1090 809 1263 856 coelum
1286 826 1398 857 eum
1421 810 1652 874 oportuit,
1678 819 1731 855 ut
1750 807 1978 872 Spiritum
2000 807 2232 865 mitteret,
2254 807 2367 871 quia
2388 807 2658 854 recedendo
2698 858 2702 862 ,
2740 799 2743 802 ’

542 892 602 937 ab
632 892 720 949 eis,
752 901 934 955 quanto
965 890 1167 955 amplius
1196 890 1257 937 ad
1286 890 1585 955 sequendum
1608 906 1657 936 se
1680 887 1914 935 desideria
1944 887 2158 951 ipsorum
2181 887 2499 945 accendebat,
2525 897 2659 934 tanto

542 971 848 1036 perceptione
870 971 1063 1035 majoris
1091 972 1249 1034 gratiae
1278 970 1450 1034 dignos
1478 987 1560 1017 eos
1589 969 1841 1016 efficiebat.
1877 971 2001 1015 Bene
2028 969 2160 1032 prius
2186 968 2406 1033 spiritum
2427 984 2524 1031 quo
2546 983 2658 1032 pec-

541 1062 645 1098 cata
672 1051 1024 1098 dimitterentur
1051 1051 1185 1098 dedit
1207 1051 1274 1098 eis
1299 1051 1348 1097 in
1371 1061 1496 1097 terra
1510 1088 1520 1108 ,
1546 1050 1659 1114 quia
1678 1048 1762 1095 ubi
1785 1048 2123 1106 committitur,
2148 1047 2329 1094 ibidem
2352 1047 2567 1094 remissio
2590 1057 2661 1094 est

543 1130 775 1190 facienda,
790 1141 837 1178 et
852 1131 1064 1195 quisquis
1081 1130 1425 1194 indulgentiam
1444 1147 1544 1176 non
1569 1139 1778 1176 meretur
1800 1128 1849 1174 in
1874 1127 1965 1174 hac
1981 1127 2095 1186 vita,
2118 1127 2291 1174 frustra
2316 1143 2422 1174 eam
2446 1136 2661 1191 expectat

541 1213 589 1257 in
614 1212 786 1259 futura.
814 1214 947 1258 Hanc
969 1228 1102 1275 ergo,
1127 1211 1352 1269 Domine,
1378 1227 1464 1274 per
1485 1210 1704 1274 spiritum
1726 1219 1881 1267 tuum,
1906 1209 1988 1273 qui
2010 1224 2100 1272 pro
2122 1208 2297 1255 sanctis
2318 1206 2544 1271 postulat,
2570 1223 2658 1253 no-

542 1293 614 1339 bis
630 1293 709 1339 hic
731 1294 956 1358 impetra;
981 1292 1076 1339 illic
1099 1303 1145 1339 te
1168 1291 1578 1357 comprehendere
1601 1306 1870 1337 mereamur
1885 1327 1896 1348 ,
1921 1306 2019 1354 quo
2041 1299 2095 1336 ut
2116 1299 2163 1336 te
2185 1289 2318 1353 sequi
2340 1298 2423 1335 tua
2443 1287 2661 1334 membra

543 1372 777 1432 valerent,
809 1374 1028 1438 spiritum
1055 1389 1186 1419 nunc
1221 1372 1309 1420 illis
1338 1372 1505 1418 misisti
1534 1371 1595 1418 de
1623 1371 1863 1435 supernis3
1896 1370 2053 1428 illum,
2084 1370 2305 1434 inquam,
2331 1368 2573 1433 spiritum,
2600 1367 2660 1414 de

542 1470 639 1515 quo
670 1453 909 1518 Propheta
938 1452 1211 1511 confidens,
1239 1453 1327 1499 ait²
1348 1470 1358 1498 z
1396 1471 1418 1496 α
1449 1452 1649 1516 Spiritus
1672 1461 1779 1498 tuus
1802 1450 1962 1497 bonus
1984 1449 2191 1501 deducet
2212 1466 2290 1496 me
2313 1449 2363 1495 in
2386 1441 2563 1495 terram
2584 1464 2660 1495 re-

542 1544 683 1580 ctam.
708 1553 730 1578 »
757 1537 871 1591 Quae
894 1534 1023 1580 enim
1045 1544 1168 1580 terra
1192 1543 1344 1591 recta,
1376 1532 1466 1578 nisi
1500 1532 1580 1578 illa
1608 1531 1870 1578 viventium
1896 1530 1957 1577 ab
1986 1529 2234 1594 iniquitate
2264 1529 2453 1593 penitus
2481 1528 2662 1575 aliena?

541 1618 627 1660 Per
644 1614 774 1661 hunc
797 1614 938 1661 nobis
960 1615 1179 1679 spiritum
1196 1614 1245 1660 in
1261 1614 1354 1660 hac
1375 1623 1504 1659 terra
1525 1630 1626 1659 non
1654 1622 1782 1659 recta
1803 1611 2133 1659 remissionem
2155 1610 2311 1657 tribue
2333 1619 2660 1674 peccatorum,

542 1704 594 1739 ut
617 1693 676 1739 ad
699 1710 805 1740 eam
840 1711 945 1757 quae
972 1704 1125 1752 recta,
1161 1710 1246 1758 per
1280 1693 1379 1756 ejus
1408 1692 1655 1738 veniamus
1690 1690 2190 1757 ducatum‚·Salvator
2217 1689 2410 1747 mundi,
2442 1690 2524 1752 qui
2551 1705 2661 1735 cum

543 1777 678 1821 Patre
701 1785 747 1821 et
769 1774 942 1821 eodem
965 1775 1140 1840 Spiritu
1163 1791 1287 1821 unus
1309 1790 1358 1820 es
1381 1776 1508 1820 Deus
1530 1773 1579 1819 in
1603 1784 1851 1831 aeternum,
1877 1783 1924 1820 et
1945 1772 2086 1820 ultra.
2114 1775 2279 1819 Amen.

1194 2277 1297 2334 DE
1354 2274 1675 2335 SANCTO
1722 2273 2015 2335 PETRO.

1444 2459 1591 2489 SERMO
1626 2459 1741 2489 XXIII
1751 2479 1757 2486 .

606 2589 733 2634 Beati
759 2589 880 2635 Petri
904 2588 1235 2652 apostolorum
1257 2588 1485 2653 principis
1509 2588 1786 2635 solemnitas
1810 2598 1944 2635 tanto
1967 2587 2199 2635 celebrius
2215 2587 2274 2635 ab
2298 2588 2507 2635 Ecclesia
2521 2606 2665 2636 vene-

542 2667 691 2714 randa
712 2679 804 2726 est,
832 2678 1014 2732 quanto
1037 2669 1127 2733 ipsi
1149 2685 1175 2716 a
1198 2668 1410 2715 Domino
1435 2668 1639 2733 amplior
1663 2668 1957 2733 principatus
1985 2669 2035 2715 in
2065 2668 2275 2715 Ecclesia
2296 2685 2550 2715 concessus
2572 2680 2657 2716 est.

542 2750 700 2810 lpsum
724 2748 901 2812 quippe
920 2749 1055 2812 quasi
1076 2748 1443 2795 fundamentum
1464 2748 1682 2795 Ecclesiae
1704 2748 1941 2796 Dominus
1959 2747 2230 2807 collocavit,
2246 2765 2396 2812 quum
2416 2748 2665 2805 inconfes-

541 2828 674 2874 sione
689 2827 801 2875 fidei
818 2845 934 2887 suae,
954 2845 1047 2893 qua
1066 2828 1248 2876 dictum
1267 2832 1358 2876 est²
1377 2848 1386 2875 z
1411 2849 1434 2873 «
1452 2832 1520 2875 Tu
1536 2845 1585 2876 es
1604 2828 1818 2875 Christus
1833 2829 1975 2876 Filius
1990 2829 2079 2876 Dei
2096 2829 2216 2888 vivi,
2240 2848 2261 2873 »
2277 2839 2507 2894 tanquam
2522 2831 2570 2876 in
2587 2846 2665 2894 pe-

542 2917 612 2953 tra
629 2907 836 2971 quadam
853 2907 1121 2956 firmissima
1142 2909 1402 2956 Ecclesiam
1419 2925 1556 2956 suam
1569 2907 1900 2956 aedificandam
1914 2926 2014 2956 esse
2029 2909 2266 2974 praedixit:
2282 2920 2329 2957 et
2343 2910 2383 2956 ei
2399 2909 2665 2975 specialiter

542 2986 719 3048 ligandi
741 2999 883 3054 atque
905 2989 1123 3037 solvendi
1144 2999 1433 3055 potestatem
1455 2989 1712 3036 commisit.
1740 2990 1882 3053 Cujus
1905 2990 2101 3054 quidem
2123 3000 2267 3055 petrae
2295 2990 2662 3037 fundamentum

544 3067 708 3115 beatus
735 3070 1046 3118 considerans
1074 3072 1338 3138 Cyprianus
1361 3071 1410 3117 in
1434 3070 1634 3136 epistola
1656 3070 1867 3134 quadam
1894 3071 1962 3117 ad
1984 3074 2270 3119 Javaianam
2291 3073 2355 3119 ita
2377 3072 2622 3118 meminit³
2649 3091 2659 3117 z

547 3166 567 3185 α
600 3147 897 3196 Manifestum
920 3161 990 3198 est
1012 3140 1171 3198 autem
1195 3160 1241 3198 et
1263 3168 1348 3215 per
1370 3167 1492 3215 quos
1515 3150 1711 3197 remissa
1733 3161 2039 3214 peccatorum
2062 3151 2165 3198 dari
2187 3152 2358 3216 possit.r
2381 3154 2499 3197 Nam
2523 3153 2663 3198 Petro

591 3299 599 3313 ¹
624 3299 740 3331 Psalm.
755 3310 839 3333 cxmu
851 3328 859 3339 ,
877 3314 907 3334 v.
930 3304 979 3335 10.
998 3322 1033 3326 -
1050 3302 1062 3320 ²
1081 3302 1212 3344 Manli„
1227 3314 1301 3347 cap.
1318 3315 1371 3337 xvi
1383 3329 1390 3340 .
1408 3314 1440 3336 v.
1459 3304 1508 3335 16.
1528 3319 1571 3327 —-
1626 3303 1700 3336 licet
1714 3303 1822 3343 datum
1837 3314 1911 3336 nam
1927 3304 2022 3336 Petro
2034 3305 2172 3347 primum
2188 3303 2359 3343 Dominus,
2372 3314 2470 3347 super
2479 3313 2575 3347 quem
2588 3303 2664 3336 adi-

546 3354 558 3369 ὖ
580 3353 614 3386 S.
633 3353 786 3398 Cypriani
809 3358 889 3398 Opp.
909 3358 1038 3391 Parisiis
1050 3385 1058 3400 ,
1079 3361 1160 3392 1726
1175 3386 1184 3402 ,
1204 3361 1333 3401 in-fol.‚
1354 3371 1388 3403 p.
1416 3361 1490 3392 131.
1510 3360 1573 3392 Lo-
1627 3360 1734 3392 fleavit
1747 3360 1940 3397 Ecclesiam,
1959 3360 2048 3393 dedit
2061 3367 2096 3393 ut
2112 3360 2145 3392 id
2156 3360 2336 3393 solveretur
2353 3360 2384 3392 in
2401 3361 2489 3393 coelis
2505 3361 2592 3404 quod
2608 3359 2664 3392 ine

546 3420 601 3442 cus
617 3411 663 3442 sic
681 3412 899 3446 restituendus
915 3428 922 3446 :
941 3427 955 3443 e
974 3415 1176 3449 Manifestum
1200 3423 1250 3450 est
1272 3424 1379 3450 autem
1395 3415 1450 3449 ubi
1469 3422 1502 3448 et
1519 3426 1579 3459 per
1633 3416 1782 3449 solvisset
1796 3427 1827 3449 m
1847 3417 1952 3450 terris.
1968 3430 1982 3446 ι

544 3477 625 3508 quos
639 3468 771 3501 remissa
783 3477 991 3511 peccatorum
1002 3471 1070 3504 dari
1086 3473 1209 3514 possin
1222 3484 1293 3515 quae
1308 3474 1339 3506 in
1347 3472 1510 3516 baptismo
1518 3473 1579 3506 sci·
