2970 4152
515 400 525 407 ’
580 408 669 451 152
1159 404 1328 450 PETRI
1366 403 1679 452 ABAELARDI
1715 405 1787 452 ET
1821 404 2121 452 HELOISSAE

575 515 661 545 cro
685 499 848 546 talium
874 498 1268 561 animarum-ipsa
1294 497 1466 544 Christi
1496 498 1711 547 membra
1738 500 1838 563 ejus
1861 500 2054 546 incitata
2083 497 2301 563 exemplo
2335 499 2538 564 propriae
2556 499 2688 544 famae

576 579 912 626 detrimentum
955 592 1054 624 non
1092 577 1358 640 effugiunt?
1386 579 1530 636 Quod
1557 579 1753 643 quidem
1790 579 2017 644 Origenes
2035 615 2047 639 ‚
2085 589 2135 625 ut
2165 578 2345 625 dictum
2374 588 2442 624 est
2463 581 2503 637 ¹,
2538 594 2687 642 quum

573 666 766 724 ‹Superet
790 659 969 705 evitare
984 682 1005 717 ,-
1024 656 1208 721 gravius
1232 656 1319 704 sih'i
1332 660 1566 723 -corporis
1597 659 1935 724 detrimentum
1960 659 2131 706 inferre
2161 658 2394 705 sustinuit.
2420 647 2515 704 Nec
2533 658 2687 704 solum

573 741 620 786 in
647 740 865 786 doctrina
888 738 964 784 vel
989 738 1317 785 exhortatione
1336 732 1619 786 feminarum
1645 741 1764 786 mira
1793 749 2067 787 sanctorum
2097 749 2286 804 patrum
2320 737 2535 785 charitas*
2552 738 2690 784 inno-

575 820 676 878 tuit,
705 835 871 866 verum
892 818 1034 864 etiam
1055 818 1104 864 in
1128 819 1636 866 earum-consolatione
1657 829 1752 867 tam
1768 819 2027 866 vehemens
2047 824 2398 883 nonnunquam
2430 818 2605 877 extitit,
2634 827 2688 899 vut

573 899 634 944 ad
660 915 824 946 earum
849 897 1067 945 dolorem
1101 898 1378 946 leniendum
1397 916 1495 946 non
1517 899 1645 946 nulla
1680 899 1789 946 fidei
1828 899 2025 947 adversa
2059 901 2336 965 promittere
2371 899 2491 946 mira
2519 914 2685 946 eorum

572 980 840 1044 compassio
878 978 1111 1026 videatur.
1137 980 1316 1037 Qualis
1357 981 1553 1044 quidem
1589 980 1667 1026 illa
1706 990 1775 1027 est
1805 979 2191 1027 beati'Ambrosii
2218 979 2482 1028 consolatio
2499 1018 2512 1041 ,
2543 989 2686 1044 quam

571 1076 713 1124 super
736 1068 895 1106 morte
919 1059 1556 1125 Valentinianiimperatoris
1581 1060 1826 1107 sororibus
1852 1061 1953 1124 ejus
1983 1060 2188 1108 scribere
2215 1077 2358 1108 ausus
2388 1071 2483 1121 est,
2513 1071 2560 1108 et
2589 1060 2689 1124 ejus

571 1141 653 1204 qui
677 1141 1044 1188 cathecumenus
1065 1141 1137 1187 :sit
1170 1141 1421 1188 defunctus
1444 1140 1643 1187 salutem
1670 1151 1903 1201 astruere,
1937 1140 2070 1205 quod
2102 1140 2242 1206 longe
2274 1157 2301 1188 a
2334 1140 2566 1188 catholica
2593 1138 2688 1186 fide

571 1229 713 1283 atque
743 1220 1012 1284 evangelica
1030 1220 1224 1268 veritate
1249 1221 1435 1268 videtur
1459 1220 1702 1267 dissidere.
1737 1223 1842 1268 Non
1869 1221 1997 1268 enim
2019 1220 2303 1285 ignorabant
2323 1237 2468 1285 quam
2496 1229 2688 1285 accepta

571 1303 674 1348 Deo
701 1311 889 1367 semper
923 1302 1125 1349 extiterit
1151 1302 1304 1349 virtus.
1332 1301 1604 1348 infirmioris
1632 1315 1789 1349 sexus*
1815 1303 1952 1349 Unde
1976 1313 2022 1350 et
2046 1319 2196 1367 quum
2224 1303 2498 1349 innumeras
2530 1292 2690 1348 videa-

573 1397 678 1441 mus
700 1383 904 1446 virgines
919 1393 1120 1430 matrem
1140 1383 1335 1429 Domini
1354 1383 1402 1428 in
1416 1382 1563 1446 hujus
1577 1383 1866 1431 excellentiae
1884 1384 2141 1449 proposito⁴
2161 1384 2323 1448 sequi,
2347 1397 2528 1448 paucos
2546 1378 2690 1445 agno·

570 1462 743 1508 scimus
776 1463 903 1509 viros
940 1462 1080 1525 hujus
1108 1463 1291 1523 virtutis
1327 1462 1523 1526 gratiam
1555 1463 1778 1528 adeptos;
1814 1480 1871 1511 ex
1899 1480 2022 1528 qua,
2052 1479 2343 1527 quocunque
2367 1464 2471 1510 ier-it
2491 1498 2503 1522 ,
2532 1463 2689 1526 ipsum

571 1543 704 1606 sequi
730 1559 905 1606 agnum
921 1546 934 1567 ²
964 1542 1189 1589 valerent.
1220 1542 1364 1605 Cujus
1393 1542 1589 1606 quidem
1614 1543 1715 1590 zelo
1742 1544 1926 1590 virtutis
1951 1560 2101 1608 quum
2127 1543 2368 1595 nonnullae
2383 1543 2472 1590 sibi
2493 1557 2687 1594 manum

570 1623 798 1670 inferrent
814 1659 826 1682 ,
857 1633 908 1669 ut
934 1639 1080 1687 quam
1111 1625 1214 1668 Deo
1241 1633 1473 1669 voverant
1496 1623 1813 1687 integritatem
1839 1624 1980 1670 etiam
2009 1623 2163 1670 carnis
2185 1619 2548 1681 conservarent3
2587 1637 2688 1668 non

571 1702 724 1748 solum
758 1702 853 1749 hoc
885 1703 932 1748 in
958 1703 1040 1771 eisg
1055 1712 1124 1748 est
1149 1702 1522 1766 reprehensum,
1557 1703 1640 1750 sed
1674 1703 1801 1767 apud
1827 1703 2080 1768 plerosque
2105 1703 2205 1750 haec
2236 1704 2444 1768 ipsarum
2468 1701 2690 1766 martyria

572 1782 731 1829 titulos
759 1782 1063 1829 ecclesiarum
1089 1792 1382 1829 meruerunt.
1417 1786 1723 1848 Desponsatae
1753 1799 1948 1847 quoque
1973 1783 2206 1847 virgines,
2237 1784 2275 1830 si
2300 1794 2555 1847 antequam
2580 1782 2691 1829 viris

570 1863 665 1908 suis
687 1863 935 1909 carnaliter
961 1864 1248 1910 misceantur
1265 1899 1277 1922 ,
1315 1864 1657 1910 monasterium
1688 1863 1986 1910 decreverint
2009 1862 2207 1927 eligere,
2233 1873 2279 1910 et
2302 1863 2500 1910 homine
2524 1877 2689 1926 repro-

569 1941 710 2002 bato,
739 1959 971 2007 sponsum
989 1942 1078 1989 sibi
1097 1946 1252 1989 Deum
1273 1942 1487 2002 efficere,
1510 1936 1784 1990 liberam'in
1810 1942 1904 1990 hoc
1920 1942 2100 1990 habent
2118 1943 2385 1990 facultatem
2404 1979 2416 2002 ,
2438 1958 2583 2006 quam
2609 1957 2691 1988 ne-

564 2029 812 2086 'quaquam
839 2021 950 2069 viris
973 2022 1172 2086 legimus
1196 2022 1445 2068 indultam.
1476 2024 1691 2080 Quarum
1715 2023 1855 2070 etiam
1880 2023 2116 2088 pleraeque
2135 2032 2267 2070 tanto
2285 2022 2347 2070 ad
2362 2021 2689 2084 castimoniam

572 2102 673 2149 zelo
698 2113 809 2150 sunt
833 2119 1040 2149 accensae
1057 2124 1078 2162 ,‘
1105 2112 1157 2149 ut
1180 2119 1278 2149 non
1306 2102 1463 2149 solum
1487 2113 1654 2149 contra
1678 2103 1792 2166 legis
1819 2103 2093 2150 decretum³
2116 2120 2205 2168 pro
2227 2101 2538 2150 custodienda
2556 2100 2690 2148 casti-

572 2194 664 2230 tate
690 2184 872 2231 virilem
903 2193 1244 2249 praesumerent
1268 2183 1483 2230 habitum
1504 2219 1515 2243 ,
1543 2200 1708 2230 verum
1737 2184 1879 2230 etiam
1907 2185 2031 2231 inter·
2057 2183 2322 2231 monachos
2348 2183 2488 2230 tantis
2504 2181 2691 2247 praemi-

571 2275 739 2311 nerent
762 2265 1012 2312 virtutibus
1027 2301 1039 2324 ,
1062 2274 1116 2311 ut
1138 2264 1330 2311 abbates
1353 2263 1453 2311 fieri
1470 2274 1793 2325 mererentur,
1824 2266 1944 2312 sicut
1966 2265 2027 2312 de
2048 2264 2187 2312 beata
2210 2264 2411 2328 legimus
2432 2262 2684 2326 Eugenia⁴,

570 2363 674 2409 quae
690 2356 854 2393 sancto
872 2347 1014 2394 etiam
1028 2346 1210 2393 Heleno
1222 2346 1448 2411 episcopo
1466 2346 1678 2399 conscio,
1693 2347 1792 2394 imo
1807 2346 2022 2410 jubente,
2039 2346 2223 2394 virilem
2237 2345 2453 2392 habitum
2469 2342 2686 2408 sumpsit,

570 2436 616 2472 et
640 2427 701 2473 ab
726 2443 784 2474 eo
810 2427 1045 2492 baptizata
1071 2427 1421 2474 monachorum
1445 2426 1742 2491 collegioest
1763 2427 1955 2475 sociata.

635 2510 743 2554 Haec
770 2507 832 2554 ad
857 2493 1221 2554 novissimarum
1237 2510 1249 2531 ⁵
1274 2507 1559 2571 petitionum
1584 2517 1775 2555 tuarum
1803 2508 2037 2573 primam,
2067 2522 2204 2554 soror
2229 2507 2276 2553 in
2301 2505 2488 2553 Christo
2515 2503 2689 2551 charis·

570 2588 688 2635 sima
704 2624 716 2646 ,
747 2605 824 2635 me
849 2589 960 2634 satis
987 2588 1278 2652 rescripsisse
1307 2587 1538 2647 arbitror;
1573 2587 1634 2634 de
1658 2589 1939 2635 auctoritate
1967 2587 2187 2634 videlicet
2223 2586 2403 2634 ordinis
2435 2582 2610 2642 vestri,
2645 2593 2690 2630 et

568 2669 763 2734 insuper
789 2668 849 2715 de
878 2668 1298 2715 commendatione
1330 2668 1535 2733 propriae
1562 2667 1828 2732 dignitatis,
1856 2678 1907 2715 ut
1943 2678 2074 2715 tanto
2099 2667 2355 2714 studiosius
2378 2674 2544 2712 vestrae
2577 2652 2689 2730 pro-

569 2749 783 2796 fessionis
810 2749 1113 2814 propositum
1132 2748 1515 2813 amplectamini,
1541 2759 1722 2812 quanto
1749 2749 1849 2812 ejus
1876 2748 2201 2795 excellentiam
2223 2746 2425 2811 amplius
2443 2743 2684 2805 noveritis

570 2833 704 2876 Nunc
736 2840 786 2876 ut
816 2829 1076 2876 secundam
1107 2845 1302 2892 quoque
1326 2829 1536 2875 Domino
1573 2839 1814 2875 annuente
1848 2827 2089 2893 perficiam
2109 2864 2121 2888 ,
2162 2827 2328 2874 vestris
2353 2825 2403 2873 id
2435 2825 2612 2872 meritis
2643 2833 2691 2871 et

567 2909 862 2956 orationibus
887 2909 1147 2956 obtineam.
1188 2908 1318 2955 Vale.

614 3068 622 3083 ¹
649 3068 784 3110 Euseb,
806 3072 883 3104 Hist.
902 3071 1044 3109 Eccles„
1060 3069 1106 3104 lib
1139 3070 1181 3103 Vl
1196 3095 1204 3111 ‚
1226 3079 1421 3113 cap.‚vu.··-
1433 3068 1445 3086 ⁸
1459 3070 1609 3110 Apocal„
1655 3070 1806 3108 Patrum,
1825 3069 2038 3114 Antwerpiae,
2064 3071 2144 3102 1628
2157 3096 2166 3112 ,
2183 3070 2215 3106 in
2234 3068 2304 3108 sol„
2322 3079 2356 3111 p.
2376 3068 2452 3101 342.
2466 3084 2507 3090 --
2522 3066 2535 3084 ⁸
2551 3067 2690 3100 Pelitie-

569 3135 643 3166 cap.
664 3137 729 3163 xiv,
750 3138 779 3159 v.
796 3130 827 3160 4.
844 3145 887 3151 —
902 3127 914 3145 ³
930 3128 1076 3166 Denter„
1093 3137 1165 3170 cap.
1182 3138 1268 3166 xxu,
1289 3137 1320 3160 v.
1337 3126 1369 3158 5.
1383 3144 1426 3150 —
1444 3124 1458 3142 ⁴
1473 3125 1508 3158 ln
1533 3126 1610 3158 Vitis
1653 3136 1723 3158 nem
1740 3129 1980 3160 novissimarum
1994 3126 2061 3159 MS.
2080 3126 2174 3159 Amb.
