2970 4152
1005 424 1317 477 EXPOSITIO
1339 425 1411 475 ΔἸΝ
1444 425 1836 474 HEXAMERON.
2388 427 2472 473 651

366 516 637 584 contingam
663 533 764 567 non
788 517 883 565 hoc
905 534 962 565 ex
987 529 1087 567 arte
1108 518 1471 584 praedicta,sed
1493 537 1550 567 ex
1577 521 1808 586 opinione
1828 517 2064 566 diabolica
2085 519 2301 565 instructi
2323 519 2482 583 profe—

366 605 495 642 runt.
523 596 654 642 Sicut
675 597 806 644 enim
827 614 916 644 nos
939 614 1099 645 rerum
1119 598 1387 663 aliquarum
1403 599 1947 665 videntes-apparatum,
1970 598 2088 663 quid
2103 598 2217 646 inde
2234 599 2486 664 proveniat

368 689 425 720 ex
457 675 728 739 suspicione
761 677 911 740 magis
945 694 1091 742 quam
1124 694 1180 725 ex
1194 678 1497 726 ‘certitudine
1518 678 1829 743 praedicimus
1865 698 1875 725 :
1910 680 1976 726 ita
2006 688 2061 725 et*
2086 677 2306 726 diabolus
2339 695 2485 743 quem

369 754 626 802 consulunt
647 757 695 802 in
722 756 849 804 hanc
869 774 952 805 eos
974 758 1321 814 divinationem
1343 759 1529 806 inducit
1543 796 1554 818 ,
1581 769 1633 806 ut
1655 759 1806 806 multa
1827 759 2056 806 veraciter
2070 759 2246 806 ‘incerti
2267 774 2485 824 pronun-

370 834 490 881 tient
512 853 523 881 ε
549 836 631 899 qui
653 853 803 900 quum
825 837 886 884 de
909 838 1145 903 aliquibus
1159 851 1271 886 vera
1287 838 1613 904 praedixerint,
1631 839 1692 887 de
1706 840 1885 887 caeteris
1904 839 2128 886 omnibus
2149 840 2366 905 praescire
2387 855 2487 886 cre-

369 913 508 962 dunt.
544 918 676 980 Saepe
709 934 903 982 quoque
937 920 1185 983 praescntia
1215 919 1586 971 defabsentibus
1614 921 1688 967 vel
1721 921 1956 986 praeterita
1989 920 2222 967 nuntiant*
2246 919 2486 967 diabolico

370 992 623 1054 instincta,
649 1013 739 1042 nec
766 998 1087 1057 mentiuntur,
1114 999 1247 1063 quod
1276 999 1336 1047 ab
1365 1000 1596 1065 imperitis
1623 997 1727 1064 pr&
1741 1016 1918 1063 magno
1945 999 2172 1053 habetur,
2203 1016 2303 1046 non
2333 1009 2487 1046 atten-

370 1072 538 1121 dentes
559 1075 693 1139 quod
714 1076 814 1124 haec
835 1077 1056 1126 diabolus
1078 1081 1266 1127 nuntiet
1279 1117 1291 1139 ,
1316 1097 1422 1144 quae
1438 1080 1540 1144 jam
1560 1079 1904 1144 conspiciendo
1927 1080 2138 1138 noverit,
2163 1079 2298 1126 ut-de
2318 1078 2488 1126 futuris

370 1169 565 1219 quoque
592 1156 706 1221 ipsis
734 1157 973 1206 credatur.
1007 1161 1158 1207 Nemo
1190 1161 1351 1225 itaque
1380 1161 1548 1209 talium
1575 1160 1895 1209 divinationes
1925 1161 1988 1208 ad
2014 1159 2289 1226 praedictam
2318 1160 2490 1207 referat

371 1245 541 1295 artem,
561 1237 645 1284 sed
658 1239 808 1302 magis
823 1239 885 1286 ad
900 1239 1187 1287 diabolicam
1206 1239 1638 1290 machinationem.²
1648 1242 1795 1300 Quod
1808 1242 1971 1306 itaque
1986 1241 2047 1289 de
2056 1240 2296 1288 ‘sideribus
2307 1240 2490 1288 dictum

372 1325 470 1375 est,
496 1326 544 1363 et
565 1317 730 1365 sintin
754 1319 888 1382 signa
909 1319 1088 1367 scilicet
1115 1321 1409 1379 futurorum,
1442 1339 1544 1369 non
1573 1322 1634 1369 de
1661 1322 2050 1387 contingentibus
2071 1322 2265 1381 futuris,
2294 1321 2391 1368 hoc
2421 1331 2491 1368 est

372 1395 641 1443 casualibus
655 1433 667 1453 ,
701 1397 800 1444 sive
829 1397 1059 1458 fortuitis,
1096 1416 1201 1463 quae
1235 1399 1297 1447 ad
1337 1400 1616 1448 utrumlibet
1648 1418 1698 1449 sc
1724 1401 1904 1449 habere
1932 1401 2205 1449 Aristoteles
2235 1400 2376 1458 dicit3
2408 1400 2491 1447 sed

372 1475 434 1523 de
455 1476 751 1525 naturalibus
774 1477 966 1539 futuris,
991 1489 1045 1527 ut
1066 1479 1250 1528 dictum
1271 1491 1366 1541 est,
1398 1482 1732 1547 accipiendum
1755 1492 1854 1542 est3
1884 1493 2118 1546 tanquam
2145 1481 2260 1528 hinc
2289 1482 2494 1528 maxime

374 1557 707 1603 astronomicae
729 1557 990 1624 disciplinae
1011 1549 1499 1626 studium-sumpserit
1511 1562 1717 1621 initium,
1734 1561 1811 1609 vel
1823 1562 2105 1610 auctoritate
2126 1561 2222 1608 hoc
2244 1561 2353 1608 loco
2375 1576 2493 1625 prae-

373 1637 512 1702 cipue
531 1638 732 1686 utilitate
754 1639 1059 1704 praesignata3
1085 1642 1135 1688 in
1160 1657 1256 1706 qua
1284 1651 1332 1689 et
1358 1642 1465 1707 ipse
1479 1644 1667 1707 Moyses
1687 1643 2021 1708 AEgyptiorum
2048 1642 2254 1689 scientiae
2275 1642 2495 1706 peritissi-

374 1734 480 1765 mus
504 1719 730 1766 enituisse
750 1719 977 1768 creditur.

1235 1863 1294 1894 m:
1327 1863 1501 1903 Qum-ra
1535 1864 1630 1894 Dm.

444 1991 468 2016 «
501 1971 683 2036 Reptile
723 1972 894 2019 animoe
930 1972 1152 2020 viventis.
1193 1991 1217 2018 »
1259 1973 1538 2021 Ambrosius
1587 1973 1636 2020 in
1678 1976 1983 2020 Hesi-amaron
2030 1973 2092 2021 de
2133 1973 2213 2020 die
2239 1974 2432 2037 -quinto
2482 1993 2492 2021 :

380 2069 404 2096 «
429 2051 613 2099 Scimus
647 2051 834 2117 reptilia
863 2051 959 2099 dici
994 2068 1174 2116 genera*
1197 2053 1514 2118 serpentium,
1548 2069 1606 2100 eo
1634 2052 1768 2117 quod
1800 2069 1942 2118 super
1975 2063 2153 2101 terram
2186 2063 2379 2118 repant,
2414 2053 2498 2101 sed

378 2131 529 2180 multo
561 2133 710 2196 magis
739 2149 886 2180 omne
913 2133 1046 2197 quod
1074 2143 1207 2181 natat
1239 2134 1461 2199 reptandi
1485 2133 1632 2182 habet
1659 2134 1734 2181 vel
1764 2135 1972 2199 speciem
2002 2133 2079 2181 vel
2107 2144 2352 2193 naturam3
2384 2147 2500 2181 nam

376 2229 526 2278 quum
556 2228 702 2278 supra
730 2228 906 2278 aquam
925 2223 1116 2272 natant,
1142 2224 1319 2279 repunt
1345 2224 1449 2262 toto
1472 2231 1678 2280 corpore
1700 2231 1800 2279 quo
1830 2214 2087 2262 trahuntur
2112 2231 2256 2280 super
2281 2214 2499 2280 quaedam

377 2292 521 2341 dorsa
541 2309 804 2358 aquarum;
830 2293 960 2341 unde
993 2304 1042 2342 et
1077 2294 1233 2342 David
1254 2295 1320 2342 ait
1340 2297 1352 2320 ¹
1378 2313 1389 2342 ε
1420 2313 1444 2340 «
1466 2298 1571 2343 Hoc
1596 2311 1729 2342 mare
1758 2311 1987 2360 magnum
2016 2305 2065 2343 et
2092 2296 2378 2361 spatiosum,
2405 2295 2501 2343 illic

381 2395 404 2420 α
429 2375 617 2440 reptilia
637 2392 845 2440 quorum
865 2393 966 2423 non
988 2387 1060 2424 est
1081 2393 1326 2424 numerus.
1349 2397 1372 2422 »
1391 2378 1518 2435 Quin
1540 2378 1685 2425 etiam
1701 2393 1852 2442 quum
1871 2377 2100 2443 pleraque
2122 2377 2269 2442 pedes
2289 2377 2499 2425 habeant

379 2465 427 2502 et
450 2454 730 2502 ambulandi·
755 2471 896 2502 usum
926 2456 1147 2520 eoquod
1180 2457 1276 2503 sint
1307 2456 1577 2521 amphibia,
1610 2467 1658 2503 et
1685 2473 1792 2521 quae
1826 2456 1902 2504 vel
1935 2457 1984 2503 in
2020 2457 2156 2521 aquis
2183 2456 2260 2504 vel
2282 2457 2332 2503 in
2361 2457 2499 2504 terris

379 2534 567 2594 vivant,
592 2544 646 2581 ut
673 2544 785 2582 sunt
806 2534 996 2599 phocae,
1022 2535 1280 2595 crocodili,
1305 2536 1416 2600 equi
1446 2535 1648 2583 fluvialis
1668 2539 1704 2595 ¹,
1737 2553 1859 2601 quos
1886 2536 2263 2601 hippopotamos
2296 2526 2495 2594 uocant,

380 2615 594 2679 eoquod
615 2614 666 2661 hi
687 2625 974 2678 generentur
987 2615 1038 2662 in
1056 2615 1162 2662 Nilo
1179 2615 1375 2663 flumine
1389 2653 1401 2674 ‚
1427 2625 1588 2663 tamen
1611 2632 1762 2680 quum
1791 2616 1840 2662 in
1866 2615 1963 2663 alto
1986 2631 2229 2680 ⁶aquarum
2250 2625 2384 2674 sunt,
2410 2631 2500 2662 nec

381 2695 657 2755 ambulant,
695 2711 785 2743 nec
820 2705 1010 2756 natant,
1048 2712 1138 2744 nec
1171 2697 1370 2761 vestigio
1404 2707 1604 2744 utuntur
1631 2696 1767 2762 pedis
1795 2696 1857 2743 ad
1883 2696 2206 2743 incedendum
2222 2733 2234 2754 ,
2274 2695 2358 2743 sed
2392 2705 2499 2743 tan-

380 2793 527 2842 quam
554 2792 689 2824 remo
718 2776 779 2824 ad
807 2776 1113 2842 reptandum.
1141 2796 1164 2821 »
1197 2780 1262 2824 Ex
1289 2775 1464 2842 quibus
1495 2777 1692 2841 quidem
1720 2776 1959 2824 Ambrosii
1980 2776 2139 2824 verbis
2170 2785 2303 2841 patet
2331 2792 2500 2823 omnes

381 2858 526 2906 etiam
540 2858 692 2923 pisces
705 2857 953 2922 reptilibus
971 2858 1230 2922 aggregari,
1242 2875 1392 2922 quum
1408 2858 1510 2905 sine
1526 2859 1713 2904 incessu
1726 2857 1906 2922 pedum
1918 2873 2020 2905 sese
2033 2866 2311 2904 moveant.«
2323 2857 2501 2904 Animae

381 2938 584 2986 viventis
608 2956 631 2981 »
657 2937 772 2984 dicit
794 2937 855 2985 ad
878 2937 1196 2985 differentiam
1218 2937 1550 2985 vivificationis
1576 2937 1850 3002 plantarum
1864 2975 1876 2997 ,
1903 2953 2009 3002 quae
2030 2937 2069 2984 si
2091 2937 2302 2984 animam
2329 2953 2500 3001 quam-

383 3019 520 3078 dam,
545 3017 596 3064 id
615 3027 686 3065 est
699 3018 848 3065 vitam
866 3016 1044 3065 habere
1059 3017 1303 3077 dicantur,
1329 3033 1429 3064 non
1452 3027 1613 3064 tamen
1635 3033 1691 3064 ex
1710 3033 1761 3064 se
1777 3017 1938 3064 vivere
1956 3015 2160 3075 habent,
2182 3016 2304 3063 sicut
2319 3031 2375 3063 ea
2396 3032 2501 3080 quae

382 3097 612 3164 spirando
634 3107 682 3145 et
703 3097 984 3162 respirando
1009 3094 1202 3158 vivunt,
1233 3098 1318 3146 sed
1346 3107 1482 3145 terrae
1509 3107 1696 3145 tantum
1723 3095 1872 3144 affixae
1898 3097 2057 3161 ipsum
2085 3105 2219 3143 terrae
2245 3095 2500 3142 humorem

384 3179 433 3225 in
457 3194 536 3226 eas
560 3176 966 3225 conscendentem
990 3193 1078 3243 pro
1100 3178 1197 3225 vita
1224 3177 1423 3225 habent.
1455 3177 1563 3224 Tale
1594 3187 1665 3224 est
1692 3193 1830 3240 ergo,
1860 3195 1883 3220 «
1910 3175 2079 3222 animae
2105 3175 2331 3233 viventis,
2358 3193 2381 3219 »
2407 3174 2502 3221 hoc

385 3266 455 3304 est
476 3257 584 3305 vitae
606 3263 677 3305 ex·
697 3274 747 3304 se
764 3294 776 3316 ‚
809 3266 861 3304 ut
892 3256 1074 3305 dictum
1107 3266 1201 3316 est,
1241 3257 1566 3322 permanentis
1583 3294 1595 3316 ,
1634 3273 1735 3304 non
1774 3272 1831 3303 ex
1866 3255 2161 3305 immissione
2197 3254 2374 3302 terreni
2408 3254 2499 3300 hu·

386 3352 549 3385 moris.

435 3502 444 3519 ¹
467 3502 586 3538 Psalm.
603 3514 657 3537 cm
669 3530 677 3539 .
694 3515 724 3537 v.
741 3504 796 3537 25.
820 3523 854 3529 -
871 3503 882 3520 ¹
896 3503 971 3547 Leg.
984 3506 1142 3548 fluviales.
