2970 4152
1273 407 1554 454 CARMINA.
2384 404 2478 450 297

361 500 567 563 hymnos
607 508 774 564 utpote
814 501 1130 546 Innocentum
1167 509 1214 546 et
1254 499 1661 564 Evangelistarum
1708 515 1792 546 seu
1829 497 2018 565 illarum
2062 506 2334 544 sanctarum
2375 513 2479 560 quae

361 581 566 644 virgines
586 579 663 627 vel
687 590 917 644 martyres
939 580 1138 627 minime
1171 581 1445 628 extiterunt.
1479 580 1742 628 Nonnullas
1781 579 1990 645 denique
2021 578 2261 627 asserebas
2293 595 2394 625 esse
2429 579 2477 625 in

362 661 535 726 quibus
557 677 909 726 nonnunquam
931 660 1022 708 hos
1059 678 1087 708 a
1120 661 1293 726 quibus
1333 661 1647 709 decantantur
1682 661 1873 708 mentiri
1894 677 2086 709 necesse
2107 661 2190 721 sit,
2219 670 2322 707 tum
2346 659 2481 706 vide-

309 773 313 776 ·
362 740 471 788 licet
494 757 584 805 pro
607 741 836 806 temporis
857 741 1160 801 necessitate,
1191 752 1292 788 tum
1324 758 1414 806 pro
1440 740 1651 788 falsitatis
1676 741 1950 787 insertione.
1978 743 2101 788 Casu
2120 740 2300 805 quippe
2322 738 2481 803 aliquo

363 821 439 869 vel
473 822 850 887 dispensatione,
893 838 952 869 eo
987 822 1136 869 modo
1174 823 1344 888 saepius
1372 815 1620 887 praepediti
1642 821 1807 869 fideles
1829 822 2086 869 constituta
2106 821 2336 868 horarum
2362 831 2480 868 tem-

363 919 483 968 pora
523 903 600 951 vel
638 903 955 969 praeveniunt,
996 903 1073 950 vel
1109 903 1169 950 ab
1202 904 1315 968 ipsis
1354 903 1736 967 praeveniuntur,
1775 913 1829 949 ut
1863 902 2051 967 devipso
2077 902 2244 950 saltem
2267 912 2482 967 tempore

364 983 555 1030 mentiri
577 981 947 1048 compellantur,
967 982 1086 1030 dum
1109 982 1328 1030 videlicet
1350 992 1433 1029 aut
1454 993 1718 1029 nocturnos
1740 981 1839 1039 die,
1879 991 1961 1028 aut
1984 982 2183 1029 diurnos
2206 991 2349 1028 nocte
2387 981 2481 1045 hy-

366 1080 506 1112 mnos
524 1063 796 1112 decantant.
826 1066 1024 1110 Constat
1045 1064 1223 1129 quippe
1246 1062 1511 1111 secundum
1549 1064 1880 1129 propheticam
1902 1064 2231 1110 auctoritatem
2263 1073 2310 1109 et
2332 1063 2482 1110 eccle-

365 1143 598 1191 siasticam
619 1144 966 1191 institutionem
980 1179 993 1204 ,
1020 1160 1110 1191 nec
1140 1160 1168 1190 a
1191 1144 1333 1191 laude
1354 1144 1444 1191 Dei
1478 1154 1671 1191 noctem
1707 1145 1859 1209 ipsam
1895 1159 2085 1202 vacare,
2114 1144 2234 1190 sicut
2256 1143 2482 1207 scriptum

366 1235 465 1274 est:
497 1245 521 1270 «
546 1227 731 1272 Memor
754 1225 820 1272 fui
849 1235 991 1272 nocte
1015 1242 1065 1272 n.
1097 1235 1132 1272 t.
1160 1228 1219 1272 D.
1239 1227 1268 1284 ¹,
1296 1244 1319 1269 »
1346 1235 1393 1272 et
1413 1226 1588 1273 iterum
1611 1244 1621 1271 :
1649 1246 1671 1270 «
1699 1224 1855 1272 Media
1885 1218 2051 1283 nocte,
2080 1241 2118 1271 s.
2147 1223 2210 1271 ad
2234 1240 2276 1270 c.
2306 1224 2429 1283 tibi²‚
2462 1245 2483 1267 υ

366 1308 462 1355 hoc
493 1317 564 1355 est
585 1306 647 1354 ad
677 1306 974 1354 laudandum
1005 1317 1075 1366 te;
1101 1323 1191 1354 nec
1215 1317 1398 1372 septem
1432 1307 1637 1372 reliquas
1654 1307 1819 1354 laudes
1844 1306 1906 1354 de
1929 1306 2102 1371 quibus
2123 1304 2253 1352 idem
2275 1307 2490 1353 meminit

368 1386 634 1453 propheta:
661 1407 686 1431 «
708 1387 889 1452 Septies
916 1387 966 1434 in
994 1386 1072 1434 die
1104 1386 1137 1434 l.
1165 1386 1215 1434 d.
1244 1386 1373 1447 tibi-³,
1407 1406 1430 1431 »
1456 1387 1547 1434 nisi
1579 1387 1628 1434 in
1651 1387 1729 1435 die
1751 1385 2092 1452 persolvendas
2123 1402 2240 1432 esse.
2276 1387 2502 1442 Quarum-

369 1465 565 1531 quidem
586 1467 741 1533 prima
762 1483 868 1531 quae
890 1467 1132 1514 matutinae
1154 1466 1319 1514 laudes
1341 1466 1659 1532 appellantur,
1683 1467 1744 1515 de
1768 1483 1863 1531 qua
1884 1466 1934 1513 in
1965 1465 2138 1513 eodem
2165 1465 2394 1530 scriptum
2420 1477 2488 1512 est

367 1547 604 1613 propheta
625 1565 635 1594 :
664 1566 688 1592 «
709 1550 763 1593 In
789 1547 1031 1594 matutinis
1052 1550 1112 1594 D.
1149 1564 1215 1594 m.
1247 1548 1296 1594 in
1331 1557 1378 1595 te
1395 1549 1425 1606 ⁴,
1450 1567 1474 1592 »
1497 1548 1545 1594 in
1571 1548 1677 1613 ipso
1702 1548 1860 1595 statim
1887 1546 1982 1594 diei
2005 1546 2164 1604 initio,
2191 1544 2491 1592 illucescente

370 1643 543 1675 aurora
565 1643 648 1674 seu
672 1626 892 1687 lucifero,
919 1627 1251 1693 praemittenda
1275 1637 1371 1688 est,
1391 1627 1524 1692 quod
1541 1628 1683 1675 etiam
1719 1628 1769 1674 in
1806 1627 2045 1693 plerisque
2083 1625 2385 1689 distinguitur
2406 1624 2490 1687 hy-

372 1708 512 1755 mnis.
530 1710 691 1766 Quum
708 1708 837 1754 enim
849 1707 963 1755 dicit
986 1726 996 1754 :
1024 1727 1047 1752 «
1068 1711 1216 1755 Nocte
1233 1718 1479 1772 surgentes
1493 1725 1543 1755 v.
1558 1710 1645 1766 o.⁵,
1673 1726 1696 1752 »
1714 1718 1761 1754 et
1779 1707 1951 1754 iterum
1973 1724 1982 1752 :
2007 1727 2030 1751 «
2050 1709 2248 1771 Noctem
2271 1705 2489 1752 canendo

369 1790 446 1848 r.⁸,
477 1807 501 1832 »
528 1787 634 1835 vel:
666 1807 688 1833 «
719 1787 790 1835 Ad
814 1787 1144 1836 confitendum
1162 1789 1398 1853 surgimus
1421 1790 1696 1853 morasque⁶
1718 1806 1767 1835 n.
1791 1806 1853 1848 r.,
1891 1808 1914 1833 »
1950 1798 1997 1836 et
2027 1787 2138 1835 alibi
2162 1807 2174 1833 :
2206 1805 2229 1832 «
2256 1789 2359 1833 Nox
2394 1797 2493 1833 atra

370 1884 532 1915 rerum
550 1868 760 1932 contegit
779 1879 865 1915 ter.
891 1885 934 1916 c.
955 1886 1002 1915 ο.
1023 1871 1052 1928 ⁸,
1085 1888 1108 1913 υ
1140 1869 1214 1916 vel
1243 1887 1253 1915 ε
1287 1888 1310 1913 «
1340 1872 1459 1916 Nam
1483 1868 1658 1916 lectulo
1685 1869 2016 1933 consurgimus
2040 1885 2088 1915 n.
2113 1885 2161 1932 q.
2190 1868 2259 1926 t.⁹,
2285 1885 2308 1909 »
2331 1876 2378 1913 et
2396 1884 2495 1912 rur-

370 1966 477 1997 sum
500 1968 510 1996 :
539 1968 562 1994 «
581 1952 643 1996 Ut
655 1948 834 2014 quique
851 1948 998 1997 horas
1022 1950 1237 1996 noctium
1256 1966 1387 1998 nunc
1412 1967 1454 1996 c.
1477 1952 1571 2010 1·.¹⁰,
1601 1969 1625 1995 »
1652 1960 1699 1998 et
1721 1950 1911 2011 similia,
1938 1949 2028 2015 ipsi
2051 1948 2141 1995 sibi
2165 1947 2333 2011 hymni
2357 1946 2489 2011 quod

370 2029 595 2078 nocturni
623 2039 734 2076 sunt
764 2030 1089 2077 testimonium
1125 2029 1354 2096 praebent.
1384 2030 1460 2076 Sic
1491 2040 1537 2077 et
1568 2030 1787 2077 matutini
1820 2029 1988 2094 hymni
2020 2028 2203 2094 proprii
2235 2027 2484 2092 temporis,

369 2129 467 2177 quo
484 2110 676 2158 dicendi
691 2121 823 2172 sunt,
845 2112 1192 2159 institutionem
1217 2127 1569 2176 nonnunquam
1591 2110 1894 2178 profitentur.
1917 2109 2063 2157 Verbi
2077 2109 2224 2174 gratia
2243 2124 2393 2172 quum
2416 2106 2492 2154 di-

369 2196 492 2243 citur
514 2212 524 2240 :
550 2212 574 2238 α
596 2195 718 2241 Ecce
735 2193 835 2257 Jam
859 2210 909 2240 n.
933 2203 967 2240 t.
992 2195 1088 2253 u.¹¹,
1114 2213 1138 2239 »
1161 2203 1208 2241 et
1231 2194 1431 2240 iterum:
1457 2213 1480 2237 ι(
1505 2196 1602 2240 Lux
1625 2209 1735 2241 ecce
1757 2210 1795 2240 s.
1827 2194 1918 2252 a.¹¹,
1943 2211 1967 2236 »
1993 2191 2067 2239 vel
2094 2209 2104 2237 ε
2136 2209 2161 2235 «
2192 2194 2371 2237 Aurora
2390 2189 2487 2252 jam

369 2292 407 2322 s.
429 2273 598 2341 polum
613 2275 654 2334 ¹³,
677 2293 701 2319 »
726 2290 810 2321 seu
836 2291 846 2320 ε
878 2293 900 2318 «
924 2275 1107 2321 Aurora
1131 2273 1249 2320 lucis
1268 2290 1307 2319 r.
1329 2274 1372 2332 ¹⁸,
1395 2292 1417 2316 »
1444 2283 1491 2320 et
1514 2273 1626 2320 alibi
1654 2292 1663 2319 :
1691 2293 1714 2318 «
1739 2272 1845 2320 Ales
1862 2271 1958 2319 diei
1974 2270 2170 2319 nuntius
2188 2269 2220 2316 l.
2241 2286 2346 2335 pro.
2376 2284 2491 2333 prae-

371 2353 486 2401 cinit
499 2355 541 2412 ¹¹⁵,
562 2371 585 2396 »
604 2352 680 2400 vel
707 2371 716 2399 :
744 2372 767 2398 «
788 2355 961 2400 Ortum
979 2353 1177 2418 refulget
1197 2353 1229 2400 l.
1244 2354 1284 2412 ¹⁶,
1311 2362 1397 2400 »et
1420 2353 1458 2399 si
1480 2353 1562 2418 qui
1581 2363 1691 2400 sunt
1715 2351 2015 2417 hujusmodi,
2038 2351 2128 2416 ipsi
2145 2366 2234 2397 nos
2254 2349 2492 2396 instruunt

368 2435 537 2499 hymni
559 2450 657 2498 quo
678 2444 893 2500 tempore
912 2435 1007 2481 sint
1030 2434 1277 2494 cantandi,
1302 2445 1352 2481 ut
1386 2435 1424 2481 si
1449 2435 1515 2482 eis
1544 2434 1761 2482 videlicet
1792 2450 1878 2481 sua
1902 2443 2118 2498 tempora
2142 2448 2244 2478 non
2270 2429 2492 2477 observe-

371 2529 501 2572 mus,
529 2512 579 2558 in
601 2513 704 2577 ipsa
726 2529 895 2560 eorum
918 2513 1187 2578 prolatione
1222 2513 1477 2561 mendaces
1519 2514 1834 2561 inveniamur.
1871 2515 2007 2559 Hanc
2038 2522 2197 2558 tamen
2230 2508 2492 2556 observan-

371 2593 487 2640 tiam
509 2607 610 2638 non
628 2600 723 2639 tam
743 2592 1026 2657 negligentia
1050 2592 1333 2658 plerumque
1351 2592 1496 2652 tollit,
1519 2610 1664 2657 quam
1687 2593 1939 2640 necessitas
1968 2591 2127 2655 aliqua
2154 2588 2229 2636 vel
2251 2589 2493 2654 dispensa-

370 2674 437 2723 tio
459 2671 711 2738 praepedit;
740 2673 873 2737 quod
919 2674 1125 2721 maxime
1160 2675 1209 2720 in
1249 2673 1601 2739 parochialibus
1643 2691 1725 2721 seu
1769 2672 2033 2720 minoribus
2058 2671 2267 2719 ecclesiis
2293 2680 2491 2736 propter

370 2755 495 2818 ipsas
512 2751 724 2818 plebium
741 2753 1079 2818 occupationes
1094 2753 1309 2818 quotidie
1329 2752 1430 2800 fieri
1453 2770 1646 2802 necesse
1662 2764 1748 2813 est,
1773 2754 1821 2800 in
1839 2752 2013 2818 quibus
2027 2752 2190 2800 omnia
2204 2761 2250 2798 et
2270 2751 2365 2797 fere
2381 2767 2492 2798 con-

372 2833 504 2880 tinue
521 2842 813 2898 peraguntur
831 2833 881 2879 in
900 2832 994 2880 die.
1018 2835 1114 2880 Nec
1130 2832 1286 2880 solum
1301 2843 1518 2898 tempora
1537 2850 1637 2881 non
1656 2834 1905 2880 observata
1925 2832 2229 2879 mendacium
2244 2832 2487 2896 ingerunt,

419 3037 431 3056 ⁸
455 3051 471 3068 ι
485 3037 631 3072 Nominis
659 3038 724 3080 tui,
742 3038 890 3086 Domine.
906 3050 922 3068 n
942 3037 1063 3072 Psalm.
1089 3049 1204 3079 cxviu,
1232 3049 1263 3070 v.
1290 3039 1345 3071 55.
1363 3055 1406 3063 —
1461 3058 1501 3063 —
1520 3039 1534 3058 ⁹
1549 3054 1565 3071 ι
1580 3041 1689 3075 Noctis
1708 3042 1817 3086 quieto
1843 3049 2003 3085 tempore,
2026 3054 2041 3070 n
2066 3041 2184 3084 Hymn,
2209 3040 2243 3073 S,
2262 3039 2435 3074 Ambrosii,
2453 3058 2495 3065 -

374 3098 388 3116 ¹
413 3110 428 3128 ι
463 3098 570 3132 Media
606 3104 702 3132 nocte
742 3098 912 3142 surgebam
950 3099 993 3132 ad
1029 3087 1250 3132 confitendum
1291 3098 1362 3132 tibi.
1390 3112 1404 3128 υ
1463 3097 1622 3132 ¹⁰·Nunc
1641 3098 1846 3132 concinendo
1858 3099 2070 3141 rumpimus.»
2089 3097 2207 3140 ilymn.
2223 3097 2259 3130 S.
2273 3096 2494 3130 Ambrosii.—

374 3159 654 3200 Psalmmxvuiff.
669 3157 812 3192 62.—⁸«
826 3156 969 3191 Laudem
981 3156 1038 3190 tibi
1051 3157 1153 3190 dixi.»
1164 3158 1284 3192 Psalm.
1296 3169 1407 3200 cxviii,
1464 3156 1491 3174 ¹⁴
1510 3169 1526 3186 ι
1541 3156 1628 3190 Ecce
1648 3156 1716 3200 jam
1744 3155 1848 3189 noctis
1870 3161 2021 3188 tenuatur
2042 3153 2167 3187 umbra·
2185 3166 2199 3183 ι
2218 3153 2336 3197 Hymn.
2357 3153 2391 3187 S.
2409 3153 2493 3186 Gre-

373 3226 405 3249 v.
425 3203 555 3250 164.'—
570 3215 585 3234 ⁶
601 3228 616 3246 ι
631 3216 668 3249 ln
683 3215 848 3250 matutinis
864 3241 873 3255 ,
890 3214 1045 3254 Domine,
1062 3215 1246 3249 meditabor
1268 3215 1301 3248 in
1328 3222 1372 3248 te.
1391 3228 1407 3245 n
1464 3212 1556 3256 gorii.
1572 3230 1614 3235 —
1629 3211 1658 3230 ¹¹
1678 3225 1694 3241 ι
1708 3213 1775 3245 Lux
1795 3221 1874 3246 ecce
1895 3210 1997 3254 surgit
2011 3220 2125 3244 aurea.
2139 3222 2154 3240 ι
2172 3209 2292 3254 Hymn.
2316 3209 2494 3243 Prudentii.

373 3272 493 3307 Psalm.
517 3283 601 3313 rxu,
630 3283 661 3306 v.
689 3274 722 3306 ¹1.
743 3289 785 3296 -
814 3271 827 3289 ¹⁵
857 3285 872 3302 α
897 3272 1000 3306 Nocte
1039 3279 1207 3315 surgentes
1241 3272 1411 3315 vigilemus
1463 3287 1507 3294 —-
1520 3269 1550 3287 ¹⁸
1572 3282 1587 3298 ιι
1603 3270 1727 3302 Aurora
1742 3268 1807 3311 jam
1825 3268 1950 3312 spargit
1967 3267 2090 3311 polum.
2107 3280 2123 3297 ι
2138 3283 2183 3292 —-
2198 3265 2228 3284 ¹⁴
2247 3279 2261 3296 a
2276 3267 2401 3300 Aurora
2413 3267 2495 3299 lucis

373 3338 500 3362 omnes.
513 3340 530 3359 ι
549 3328 668 3373 Hymn.
687 3328 723 3362 S.
739 3328 887 3373 Gregorii
904 3327 1074 3373 papae.——⁰
1087 3339 1102 3358 ι
1115 3327 1250 3362 Noctem
1261 3327 1410 3362 canendo
1462 3326 1582 3360 rutilat.
1598 3340 1613 3357 ι
1638 3343 1681 3350 -
1703 3325 1732 3343 ¹⁵
1752 3338 1768 3354 ι
1786 3324 1861 3358 Ales
1886 3324 1951 3358 diei
1983 3324 2114 3358 nuntius
2144 3324 2250 3357 lucem
2277 3324 2493 3367 propinquam

374 3385 565 3428 rumpimus.
581 3397 597 3415 ι
617 3385 734 3430 Hymn.
757 3385 791 3418 S.
815 3384 989 3419 Ambrosii.
1005 3402 1046 3408 —
1065 3384 1076 3402 ‘¹
1093 3397 1109 3414 ι
1123 3384 1173 3417 Ad
1188 3384 1410 3418 confitendum
1465 3383 1625 3427 praecinit.
1637 3395 1652 3412 υ
1670 3382 1786 3425 Hymn.
1803 3381 1981 3414 Prudentii.
1994 3398 2038 3405 —
2054 3380 2084 3398 ¹⁰
2101 3393 2115 3410 α
2130 3380 2241 3413 Ortum
2259 3380 2398 3423 refulget
2410 3379 2494 3412 luci-

375 3442 533 3484 surgimus
560 3452 732 3486 morasque
757 3442 862 3476 noctis
888 3445 1078 3486 rumpimus.
1094 3454 1109 3471 ι»
1130 3441 1248 3485 Hymn.
1272 3441 1308 3475 S.
1329 3442 1410 3474 Am·
1466 3441 1524 3474 fer.
1542 3453 1556 3470 ι
1571 3439 1690 3483 Hymn.
1707 3438 1881 3471 Ambrosii.

374 3497 548 3531 brosii.--⁸
564 3510 579 3527 ι
589 3498 696 3532 Terrae
709 3499 836 3534 colores
848 3499 1003 3533 omnium.
1018 3511 1033 3529 »a
1049 3499 1169 3542 Bymn.
1183 3499 1218 3532 S.
1237 3497 1408 3533 Ambrosii.

538 3569 551 3597 1
2283 3553 2333 3591 38
