2970 4152
572 388 668 436 664
1371 386 1541 434 PETRI
1576 389 1886 438 ABAELARDI

572 481 769 528 diversis
804 479 965 527 usibus
989 496 1045 527 ea
1068 496 1172 544 quae
1204 479 1266 526 ad
1297 496 1449 526 unum
1477 481 1674 529 minime
1702 482 1884 543 valent,
1921 482 1983 530 ad
2018 482 2148 530 aliud
2184 484 2442 533 commoda
2472 496 2606 546 sunt,
2633 496 2685 534 ut
2739 533 2741 535 ,

571 571 812 609 sarmenta
833 561 1026 625 praecisa
1047 577 1152 624 quae
1175 560 1348 607 fructui
1370 561 1478 608 vitis
1500 573 1731 610 nocerent
1752 565 1790 611 si
1812 565 1862 610 in
1887 580 1941 611 ea
1963 575 2290 624 remanerent,
2324 565 2383 613 ad
2414 566 2684 615 faciendum

569 643 729 705 ignem
747 640 822 687 vel
838 640 900 687 ad
922 640 1035 688 alias
1060 641 1432 688 necessitudines
1455 659 1556 689 non
1575 643 1757 690 inutilia
1781 653 1908 691 sunt.
1925 645 2144 708 Denique
2164 655 2347 709 quanto
2363 646 2566 711 amplius
2587 648 2684 694 vita

569 720 670 767 11366
698 720 1010 785 periculosior
1035 720 1107 767 vel
1137 720 1286 783 magis
1308 721 1508 785 poenalis
1530 722 1752 782 habetur,
1779 733 1914 770 tanto
1945 723 2187 771 ardentius
2209 724 2289 772 illa
2317 726 2550 790 expetitur
2581 742 2686 790 quae

570 801 631 848 ab
640 801 728 865 „his
751 801 975 848 omnibus
998 802 1224 848 immunis
1249 802 1443 850 exsistit.
1470 803 1598 860 Quid
1621 814 1779 851 autem
1802 805 1996 869 proprie
2017 803 2204 852 bonum
2226 821 2281 852 ac
2303 822 2389 871 per
2411 822 2484 865 se,
2509 806 2685 854 scilicet

568 883 671 929 sine
694 882 984 946 adjectione,
1010 882 1085 928 vel
1108 882 1225 947 quid
1248 882 1428 930 malum
1451 884 1549 931 sive
1572 884 1849 932 indifferens
1882 885 2083 946 dicatur,
2109 886 2160 933 in
2191 886 2401 934 secunda
2430 886 2686 936 collatione

569 973 755 1021 nostra,
775 973 1010 1027 quantum
1032 963 1238 1010 arbitror
1260 964 1395 1023 satis,
1424 974 1494 1011 est
1516 964 1784 1012 definitum.
2670 979 2672 982 ’

633 1046 704 1090 Ι)6
724 1043 951 1090 creaturis
973 1053 1132 1090 autem
1163 1043 1396 1090 nonnulla
1419 1054 1488 1091 est
1510 1045 1732 1108 quaestio,
1760 1055 1922 1092 utrum
1944 1045 2189 1106 videlicet,
2216 1057 2268 1093 ut
2291 1046 2576 1112 quibusdam
2612 1048 2682 1095 vi-

568 1123 723 1181 detur,
750 1122 987 1187 quidquid
1010 1133 1080 1169 est
1101 1133 1149 1170 et
1171 1133 1357 1170 creator
1381 1140 1481 1170 non
1520 1134 1618 1184 est,
1657 1134 1873 1172 creatura
1908 1125 2119 1185 dicatur;
2156 1143 2215 1173 an
2246 1126 2357 1173 solae
2391 1127 2681 1185 substantiae,

567 1219 667 1249 non
701 1203 847 1250 etiam
868 1201 1032 1250 earum
1057 1203 1322 1250 accidentia
1357 1203 1572 1250 dicendae
1594 1203 1689 1250 sint
1716 1215 1965 1264 creaturae,
2003 1221 2065 1252 an
2093 1222 2168 1252 res
2196 1206 2339 1253 etiam
2370 1206 2538 1271 aliquae
2565 1207 2686 1254 sicut

568 1293 638 1330 est
659 1283 823 1330 sessio.
852 1285 958 1330 Non
985 1283 1115 1330 enim
1137 1300 1287 1348 quum
1311 1283 1518 1348 aliquem
1540 1284 1708 1331 sedere
1730 1284 1919 1345 accidit,
1936 1285 2197 1350 quamdam
2219 1303 2323 1333 rem
2346 1296 2460 1333 tunc
2483 1287 2686 1334 dicimus

567 1380 668 1411 6556
701 1380 806 1428 quae
840 1363 971 1429 prius
1008 1380 1109 1411 non
1150 1364 1313 1423 fuerit,
1357 1364 1432 1411 vel
1469 1364 1731 1429 quamdam
1769 1382 1872 1412 rem
1910 1366 2105 1431 periisse
2145 1383 2249 1431 quae
2282 1367 2414 1431 prius
2447 1367 2495 1413 in
2531 1377 2686 1415 stante

567 1444 746 1492 fuisset.
2616 1445 2618 1447 ’

635 1544 659 1570 «
685 1529 745 1571 Et
780 1525 958 1573 factum
991 1536 1062 1574 est
1092 1543 1305 1592 vespere.
1337 1546 1360 1571 »
1386 1528 1516 1575 Sicut
1538 1527 1588 1574 in
1618 1528 1796 1575 caeteris
1824 1526 1994 1574 diebus
2022 1526 2105 1574 tali
2130 1526 2229 1573 vfine
2258 1543 2406 1591 opera
2428 1543 2598 1573 eorum
2618 1528 2686 1574 sic

567 1605 834 1666 concludit,
871 1617 923 1654 ut
957 1607 1076 1654 nihil
1103 1624 1247 1673 supra
1276 1607 1638 1672 intelligendum
1665 1609 1726 1655 sit
1753 1607 1886 1672 quod
1915 1607 1977 1655 ad
2005 1623 2151 1672 opera
2187 1606 2560 1671 uniuscujusque
2593 1606 2688 1654 diei

566 1686 824 1750 pertineat,
846 1686 911 1734 ita
933 1697 980 1734 et
996 1687 1057 1734 de
1079 1687 1171 1735 hac
1193 1687 1271 1734 die
1293 1687 1658 1751 intelligendum
1681 1687 1888 1747 videtur,
1908 1697 1962 1734 ut
1978 1686 2097 1734 nihil
2119 1685 2295 1734 seilicet
2317 1702 2461 1750 supra
2482 1685 2532 1732 id
2554 1685 2686 1750 quod

565 1766 749 1814 dictum
770 1777 841 1814 est
860 1767 922 1814 ad
946 1768 1278 1833 operationem
1299 1768 1441 1833 hujus
1463 1768 1559 1816 diei
1581 1769 1821 1833 pertinere
1838 1768 2041 1828 dicatur,
2060 1767 2145 1815 sed
2160 1767 2319 1815 statim
2334 1767 2501 1832 primis
2522 1783 2689 1831 paren-

565 1847 691 1895 tibus
725 1848 918 1906 creatis,
957 1858 1110 1896 totam
1149 1849 1482 1914 operationem
1514 1849 1656 1913 hujus
1686 1859 1826 1896 sextae
1853 1849 1948 1896 diei
1982 1857 2366 1896 consummatam
2404 1864 2521 1894 esse.
2549 1845 2687 1894 Unde

564 1926 697 1991 quod
718 1928 768 1974 in
791 1928 1102 1993 sequentibus
1124 1929 1317 1976 additur
1340 1929 1400 1976 de
1423 1928 1751 1994 prohibitione
1772 1929 1888 1993 ligni
1908 1928 2030 1976 facta
2045 1966 2057 1988 ,
2082 1927 2159 1975 vel
2181 1927 2556 1991 transgressione
2572 1942 2689 1991 prae·

564 2009 716 2072 cepti,
742 2018 789 2055 et
811 2008 872 2056 de
896 2010 1129 2072 ejectione
1146 2010 1378 2074 paradisi,
1404 2010 1479 2057 vel
1502 2010 1811 2075 impositione
1836 2010 2091 2057 nominum
2114 2025 2260 2074 quam
2282 2008 2435 2056 Adam
2457 2007 2587 2068 fecit,
2615 2006 2688 2054 vel

563 2088 603 2134 si
625 2104 720 2152 qua
742 2098 854 2135 sunt
887 2089 1001 2148 alia,
1027 2107 1128 2136 non
1153 2106 1345 2136 necesse
1370 2099 1441 2136 est
1462 2090 1563 2136 haec
1586 2090 1750 2136 omnia
1782 2106 1871 2136 nos
1899 2089 2114 2154 profiteri
2144 2099 2276 2136 sexto
2305 2089 2383 2135 die
2403 2088 2505 2135 haec
2538 2085 2686 2147 facta;

564 2170 826 2233 praesertim
847 2185 998 2233 quum
1020 2170 1256 2216 incertum
1289 2170 1349 2216 sit
1377 2179 1559 2233 quanto
1588 2170 1819 2233 temporis
1847 2169 2002 2233 spatio
2036 2168 2103 2215 illi
2131 2178 2352 2232 parentes
2386 2169 2436 2214 in
2465 2167 2690 2232 paradiso

564 2249 880 2313 perstiterint,
906 2258 959 2295 ut
979 2249 1080 2296 haec
1100 2248 1278 2295 scilicet
1301 2249 1465 2296 omnia
1488 2265 1594 2312 quae
1615 2257 1781 2313 postea
1803 2247 2074 2294 referuntur
2096 2247 2163 2294 ibi
2192 2247 2314 2294 facta
2335 2247 2501 2306 fuisse,
2527 2248 2690 2312 peragi

564 2339 761 2394 possent
794 2339 904 2376 ante
938 2330 1154 2393 ipsorum
1187 2328 1524 2392 dejectionem.
1558 2328 1703 2386 Quod
1738 2329 1868 2375 enim
1901 2327 2061 2375 multis
2093 2328 2230 2374 annis
2267 2326 2343 2373 vel
2376 2326 2545 2373 diebus
2578 2336 2690 2374 ante

564 2411 990 2474 transgressionem
1013 2410 1063 2456 in
1085 2409 1309 2474 paradiso
1334 2409 1532 2469 fuerint,
1558 2419 1658 2456 tam
1681 2409 1938 2456 auctoritas
1960 2424 2108 2472 quam
2129 2407 2250 2454 ratio
2275 2405 2455 2454 habere
2479 2406 2687 2465 videtur,

567 2493 690 2540 sicut
712 2489 1027 2557 postmodum
1048 2491 1157 2538 1060
1180 2508 1268 2539 5110
1285 2508 1467 2556 ponere
1490 2490 1806 2538 decrevimus.

635 2592 658 2616 «
683 2572 795 2619 Dies
817 2581 992 2619 sextus.
1027 2589 1050 2616 »
1077 2571 1223 2629 Quod
1245 2571 1295 2617 in
1322 2587 1402 2618 sex
1425 2570 1596 2617 diebus
1618 2587 1767 2635 opera
1788 2586 1875 2618 sua
1896 2573 2052 2617 Deum
2074 2584 2432 2616 consummasse
2453 2567 2690 2634 propheta

564 2652 778 2700 retulerit
800 2668 901 2698 non
922 2661 1062 2699 vacat
1085 2668 1113 2699 a
1135 2651 1362 2715 mysterio
1379 2688 1390 2710 ,
1416 2660 1469 2697 ut
1489 2650 1712 2698 videlicet
1733 2650 2015 2716 perfectioni
2038 2666 2240 2715 operum
2256 2650 2359 2714 ipsa
2381 2665 2574 2713 quoque
2597 2665 2688 2696 nu-

564 2733 684 2779 meri
712 2741 1012 2779 attestaretur
1040 2730 1269 2796 perfectio
1298 2750 1308 2778 :
1335 2731 1414 2777 hic
1446 2731 1625 2796 quippe
1655 2746 1884 2778 numerus
1911 2730 1994 2795 qui
2021 2729 2235 2777 senarius
2259 2728 2432 2775 dicitur
2462 2730 2586 2775 inter
2607 2745 2689 2776 605

563 2829 791 2860 numeros
812 2813 895 2877 qui
917 2812 1115 2877 persecti
1134 2811 1359 2858 dicuntur
1380 2811 1564 2876 primus
1587 2811 1809 2858 occurrit.
1835 2813 1946 2858 Tres
1968 2810 2148 2874 quippe
2170 2825 2486 2856 numerorum
2508 2808 2688 2872 species

562 2891 829 2939 secundum
859 2891 1271 2956 computationem
1302 2890 1512 2955 partium
1546 2906 1740 2938 suarum
1778 2890 2159 2953 distinguuntur3
2197 2904 2349 2953 quum
2370 2886 2590 2934 videlicet
2611 2886 2689 2935 alii

562 2973 786 3038 perfecti,
826 2972 905 3020 alii
940 2972 1263 3031 abundantes,
1301 2971 1380 3018 alii
1417 2971 1640 3018 dicantur
1676 2971 1919 3018 diminuti.
1949 2969 2147 3017 Perfecti
2181 2985 2296 3016 11610
2334 2978 2446 3016 sunt
2479 2983 2688 3032 quorum

564 3055 774 3119 partium
796 3054 1093 3119 computatio
1123 3069 1322 3101 summae
1347 3053 1494 3100 totius
1529 3052 1805 3118 adaequatur
1833 3071 1843 3099 :
1869 3052 2004 3100 verbi
2027 3052 2198 3116 gratia,
2235 3051 2448 3098 senarius
2479 3049 2688 3096 mediam

566 3145 752 3199 partem
774 3133 923 3181 habet
943 3134 1233 3194 ternarium,
1259 3132 1450 3180 tertiam
1478 3132 1745 3192 binarium,
1784 3143 1965 3180 sextam
1994 3133 2227 3179 unitatem
2253 3149 2264 3177 :
2290 3129 2464 3194 quibus
2491 3128 2687 3193 quidem

567 3212 628 3260 ad
650 3213 856 3260 invicem
875 3213 940 3260 ita
953 3213 1131 3277 junctis
1150 3222 1204 3259 ut
1225 3212 1355 3259 dicas
1368 3249 1379 3271 ,
1406 3228 1530 3259 unus
1545 3249 1557 3271 ,
1583 3211 1681 3259 duo
1697 3249 1708 3271 ,
1734 3222 1830 3259 tres
1846 3250 1857 3271 ,
1883 3211 2040 3260 solum
2055 3203 2249 3276 perficit*
2261 3209 2519 3256 senarium.
2533 3206 2690 3254 Abun-

569 3293 738 3341 dantes
759 3310 874 3340 vero
898 3294 1087 3340 numeri
1106 3293 1332 3340 dicuntur
1351 3310 1560 3357 quorum
1581 3293 1879 3358 computatio
1902 3293 2112 3358 partium
2133 3292 2262 3356 ipsos
2283 3288 2516 3337 excedens
2540 3289 2689 3352 majo·

569 3389 672 3421 rem
694 3372 853 3420 reddit
875 3389 1155 3432 numerum,
1182 3383 1235 3420 ut
1257 3372 1582 3421 duodenarius
1611 3391 1622 3421 :
1647 3372 1790 3437 hujus
1817 3373 1997 3439 quippe
2028 3372 2241 3420 senarius
2275 3369 2434 3418 media
2455 3385 2565 3434 pars
2588 3371 2684 3427 est,

567 3453 898 3519 quaternarius
926 3453 1086 3515 tertia,
1122 3453 1357 3502 ternarius
1386 3463 1581 3518 quarta,
1614 3452 1829 3506 binarius
1859 3461 2012 3511 sexta,
2047 3451 2203 3498 unitas
2233 3448 2547 3508 duodecima3
2584 3463 2689 3512 quae
