2970 4152
1004 412 1063 459 ΙΝ
1096 412 1193 458 DIE
1228 410 1604 458 PENTECOTES
1637 368 1853 455 SEitMo.
2389 405 2483 452 485

369 509 496 556 scitis
521 513 550 555 a
573 509 727 574 prima
753 507 853 566 die,
880 523 976 571 qua
1004 507 1241 570 ingressus
1266 522 1372 552 sum
1394 505 1444 551 in
1469 505 1650 563 Asiam,
1675 503 1878 568 qualiter
1906 500 2156 549 vobiscum
2181 516 2267 565 per
2290 515 2486 546 omnem

369 598 556 654 tempus
579 589 767 647 fuerim,
790 588 998 635 serviens
1017 587 1228 634 Domino
1256 602 1368 632 cum
1396 585 1530 631 omni
1551 584 1843 642 humilitate,
1867 593 1914 630 et
1934 582 2178 646 lacrymis,
2199 590 2246 627 et
2261 581 2485 627 tentatio-

370 669 537 728 nibus,
571 686 676 733 quae
704 668 822 715 mihi
845 668 1120 715 acciderunt
1140 683 1198 713 ex
1218 665 1402 713 insidiis
1424 665 1699 712 Judaeorum
1721 682 1730 710 :
1760 662 2008 727 quomodo
2032 661 2151 708 nihil
2167 660 2487 707 subtraxerim

369 749 582 808 utilium,
610 749 868 814 quominus
890 748 1227 795 annuntiarem
1247 746 1408 806 vobis,
1442 756 1489 792 et
1513 745 1739 792 docerem
1760 761 1846 790 vos
1871 743 2084 808 publice,
2111 752 2157 789 et
2179 758 2265 806 per
2287 741 2484 800 domos,

369 829 624 876 testificans
646 829 816 875 Judaeis
838 839 886 875 et
910 827 1163 891 gentilibus
1181 828 1231 873 in
1253 829 1409 873 Deum
1434 824 1789 891 poenitentiam,
1816 834 1863 871 et
1879 823 2024 870 fidem
2046 824 2095 869 in
2119 822 2383 869 Dominum
2399 839 2486 869 no-

369 919 520 956 strum
554 912 715 956 Jesum
749 909 1007 955 Christum.
1040 912 1098 955 Et
1120 924 1250 954 nunc
1274 923 1384 954 ecce
1414 906 1630 970 alligatus
1659 924 1747 970 ego
1771 905 1941 970 spiritu
1965 903 2091 950 vado
2121 903 2171 949 in
2203 903 2485 961 Jerusalem,

369 1005 473 1052 quae
494 989 544 1034 in
565 987 624 1036 *ea
645 987 764 1035 mihi
794 998 996 1035 ventura
1023 998 1136 1035 sunt
1162 988 1411 1051 ignorans,
1445 987 1538 1034 nisi
1559 986 1693 1051 quod
1714 986 1915 1051 Spiritus
1938 994 2128 1031 sanctus
2154 1000 2297 1048 super
2320 1000 2489 1030 omnes

369 1068 581 1115 civitates
602 1078 893 1133 protestatur
914 1067 1033 1114 mihi
1057 1067 1220 1122 dicens
1238 1105 1249 1126 ,
1281 1067 1513 1131 quoniam
1535 1066 1727 1113 vincula
1749 1075 1796 1112 et
1818 1064 2150 1111 tribulationes
2173 1080 2250 1110 me
2272 1074 2485 1110 manent.

367 1147 459 1194 vSed
496 1147 615 1194 nihil
650 1147 828 1194 horum
864 1163 1064 1205 vereor,
1106 1163 1196 1193 nec
1237 1146 1359 1194 facio
1395 1147 1605 1193 animam
1649 1162 1807 1192 meam
1837 1144 2170 1209 pretiosiorem
2205 1159 2351 1207 quam
2386 1160 2487 1201 me,

369 1225 637 1273 dummodo
664 1242 996 1273 consummem
1025 1242 1219 1272 cursum
1240 1242 1426 1284 meum,
1459 1235 1506 1272 et
1528 1225 1845 1272 ministerium
1868 1224 2002 1288 quod
2025 1223 2186 1288 accepi
2217 1239 2246 1269 a
2279 1222 2490 1269 Domino

368 1308 477 1354 Jesu
492 1344 503 1366 ,
534 1306 778 1354 testificari
801 1305 1113 1370 Evangelium
1136 1307 1239 1353 Dei.
1263 1326 1284 1351 υ
1307 1306 1479 1353 Multas
1502 1307 1669 1353 tamin
1692 1306 1892 1369 antiquo
1914 1321 2062 1369 quam
2083 1305 2131 1351 in
2156 1320 2286 1350 novo
2309 1303 2491 1368 populo

367 1387 690 1435 solemnitates
717 1388 955 1435 institutas
986 1387 1209 1451 legimus,
1242 1405 1410 1434 verum
1440 1388 1502 1435 ad
1527 1387 1708 1434 nullam
1730 1403 1896 1434 earum
1918 1386 2223 1450 Jerosolymis
2249 1386 2491 1433 celebran-

367 1466 506 1526 dam,
533 1467 609 1514 vel
632 1467 763 1514 hunc
786 1467 1082 1532 apostolum,
1102 1467 1176 1514 vel
1198 1478 1417 1527 caeteros,
1439 1478 1697 1533 postquam
1719 1468 1781 1515 ad
1804 1477 1966 1531 gentes
1982 1468 2295 1526 transierunt,
2321 1467 2411 1513 nisi
2430 1466 2491 1514 ad

368 1548 530 1607 istam,
564 1558 616 1595 ut
650 1548 877 1608 dicimus,
911 1548 1090 1595 redisse
1129 1548 1370 1595 novimus.
1404 1549 1547 1596 Venit
1584 1549 1743 1613 itaque
1790 1548 1962 1596 Paulus
1996 1548 2342 1612 Jerosolymam
2381 1564 2490 1594 cum

366 1645 574 1688 summo,
599 1639 651 1676 ut
678 1629 860 1676 dictum
883 1639 970 1687 est,
996 1629 1102 1676 vitae
1129 1645 1224 1676 suae
1249 1629 1542 1689 discrimine,
1568 1630 1789 1694 praescius
1815 1646 1984 1676 eorum
2007 1646 2112 1694 quae
2138 1629 2205 1675 ibi
2229 1637 2486 1694 pateretur.

367 1711 530 1768 Venit,
547 1710 767 1775 inquam,
794 1709 1116 1756 celebraturus
1141 1712 1452 1757 Pentecosten
1469 1747 1480 1769 ,
1501 1727 1602 1756 non
1618 1720 1717 1757 tam
1732 1720 1943 1758 veterem
1966 1727 2078 1757 cum
2097 1709 2269 1756 Judaeis
2294 1710 2342 1755 in
2369 1718 2490 1755 tem-

366 1789 471 1854 plo,
509 1807 655 1854 quam
683 1806 861 1837 novam
894 1807 1006 1836 cum
1044 1790 1312 1837 christianis
1348 1791 1397 1837 in
1432 1790 1699 1838 coenaculo.
1732 1790 1804 1837 Ibi
1837 1791 2015 1856 quippe
2047 1790 2270 1838 uberiore
2292 1789 2492 1854 Spiritus

366 1870 517 1918 sancti
560 1870 708 1934 gratia
746 1870 989 1935 discipulis
1033 1870 1187 1918 infusa
1209 1908 1220 1929 ,
1270 1870 1534 1934 angelicam
1574 1871 1843 1918 custodiam
1882 1871 1942 1918 de
1989 1870 2170 1935 templo
2208 1870 2492 1934 migrantem

367 1962 566 1999 noverat
587 1952 869 2011 consistere,
891 1962 938 1998 et
954 1952 1202 2016 antiquam
1224 1951 1425 2015 gloriam
1441 1954 1700 2016 Synagogae
1724 1952 1786 1999 ad
1806 1953 2070 1999 novitatem
2091 1951 2310 1998 Ecclesiae
2334 1961 2492 1998 trans-

366 2029 511 2077 latam
547 2049 664 2079 esse.
705 2032 849 2089 Quod
877 2042 923 2079 et
957 2031 1125 2079 beatus
1159 2048 1544 2079 commemorans
1581 2033 1867 2095 Augustinus
1900 2032 2130 2096 Epistoloe
2168 2033 2365 2079 Ioannis
2402 2031 2492 2078 ho—

366 2111 507 2159 melia
534 2113 747 2161 secunda
773 2113 840 2160 sic
873 2114 938 2160 ait
965 2132 975 2159 ε
1012 2113 1144 2159 «Ubi
1172 2112 1368 2159 inchoat
1401 2113 1631 2171 Ecclesia,
1663 2114 1753 2159 nisi
1782 2113 1866 2159 ubi
1899 2114 2030 2160 venit
2059 2113 2120 2159 de
2148 2112 2269 2159 coelo
2292 2114 2492 2178 Spiritus

364 2202 584 2253 sanctus,
624 2203 670 2240 et
707 2192 922 2258 implevit
956 2202 1113 2240 totum
1147 2192 1337 2252 locum,
1376 2202 1423 2240 et
1458 2192 1609 2240 factus
1646 2201 1716 2239 est
1759 2209 1906 2239 sonus
1940 2193 2076 2257 quasi
2121 2193 2320 2240 ferretur
2354 2194 2492 2241 ssatus

364 2273 644 2334 vehemens,
670 2285 717 2322 et
738 2274 909 2339 linguae
932 2275 1093 2323 divisae
1117 2285 1229 2323 sunt
1251 2275 1381 2323 velut
1403 2276 1523 2340 ignis
1538 2277 1555 2323 Ρ
1570 2295 1594 2321 »

428 2355 596 2420 Liquet
614 2356 773 2420 itaque
795 2367 1031 2420 quantum
1056 2356 1169 2404 huic
1201 2357 1493 2404 solemnitati
1524 2357 1697 2404 debeat
1723 2356 1951 2415 Ecclesia,
1982 2356 2207 2421 quando,
2234 2366 2287 2403 ut
2308 2356 2489 2403 dictum

364 2444 456 2494 est,
488 2434 710 2482 uberiore
739 2436 888 2499 gratia
921 2446 1163 2501 suscepta,
1199 2453 1345 2500 quam
1376 2437 1620 2502 discipulis
1651 2437 1887 2483 Dominus
1920 2437 2227 2501 promiserat,
2269 2436 2486 2483 dicens²:

369 2533 392 2558 ι(
406 2517 503 2562 Vos
526 2525 687 2562 autem
705 2515 1014 2579 baptizamini
1030 2516 1208 2580 Spiritu
1225 2526 1391 2563 sancto
1412 2533 1511 2563 non
1535 2526 1645 2581 post
1667 2516 1843 2563 multos
1859 2515 1949 2562 hos
1967 2516 2085 2574 dies,
2103 2536 2124 2559 υ
2142 2516 2248 2562 vitae
2270 2516 2490 2580 spiritalis

363 2595 564 2659 sumpsit
586 2595 835 2642 exordium
851 2633 862 2654 ,
888 2596 1029 2642 donis
1051 2596 1277 2643 omnibus
1299 2596 1562 2654 cumulata,
1588 2606 1724 2643 tanto
1759 2596 1964 2661 proinde
1993 2613 2020 2643 a
2046 2595 2225 2643 carnali
2251 2613 2490 2660 synagoga

363 2675 566 2740 amplius
597 2676 823 2734 discreta,
862 2686 1044 2740 quanto
1077 2675 1334 2741 spiritalior
1362 2677 1546 2724 effecta.
1589 2680 1642 2723 ln
1678 2676 1819 2740 hujus
1848 2676 2045 2740 quidem
2076 2676 2308 2723 coenaculi
2344 2687 2486 2742 typo,

362 2755 612 2803 carissimae
641 2773 852 2815 sorores,
888 2766 935 2803 et
966 2757 1171 2820 virgines
1201 2757 1563 2822 paraclitenses,
1596 2766 1808 2803 vestrum
1837 2757 2102 2803 oratorium
2133 2766 2487 2816 constructum,

362 2846 409 2882 et
430 2836 575 2900 ipsius
597 2837 773 2883 summi
800 2835 1016 2883 Paracliti
1037 2838 1236 2884 nomine
1260 2837 1469 2900 glorioso
1491 2837 1770 2900 insignitum
1786 2875 1797 2895 ,
1824 2847 2005 2902 quanta
2026 2837 2086 2883 sit
2109 2837 2366 2884 devotione
2390 2848 2489 2884 tam

362 2915 498 2983 vobis
528 2933 675 2981 quam
713 2917 801 2963 toti
834 2917 1016 2982 populo
1047 2918 1135 2964 Dei
1165 2917 1497 2965 venerandum
1526 2917 1834 2983 perpendite,
1866 2928 2102 2982 quantum
2139 2934 2225 2964 vos
2255 2918 2490 2982 spiritales

360 3006 579 3061 oporteat
603 3013 704 3043 esse
726 3013 914 3061 semper
939 2997 1168 3044 attendite
1198 3016 1208 3044 :
1235 3015 1339 3062 quae
1362 2998 1562 3063 Spiritus
1588 2998 1739 3045 sancti
1761 2998 1959 3063 proprio
1991 2997 2195 3062 templo,
2227 2998 2365 3061 eique
2388 2998 2486 3062 spi-

360 3077 557 3125 ritaliter
592 3087 896 3136 consecrato,
933 3094 990 3124 ex
1017 3078 1314 3143 professione
1341 3088 1498 3126 vestra
1530 3079 1639 3126 estis
1668 3078 1850 3125 dicatae.
1893 3079 1968 3124 Sic
1994 3095 2107 3141 ergo
2142 3078 2286 3124 vivite
2316 3078 2365 3124 in
2395 3077 2489 3124 hoc

362 3157 635 3206 manufacto
664 3169 712 3206 et
738 3158 980 3223 corporali
1014 3159 1221 3224 templo,
1259 3170 1312 3206 ut
1340 3160 1489 3225 ipsius
1520 3159 1729 3224 spiritale
1764 3158 1997 3224 templum
2034 3158 2157 3205 effici
2190 3159 2484 3206 mereamini.

361 3241 508 3304 Hujus
534 3251 714 3305 quanta
749 3241 809 3288 sit
848 3240 1056 3301 offensa,
1095 3250 1142 3287 et
1170 3254 1317 3305 quam·
1344 3241 1614 3306 periculosa
1645 3242 1693 3287 in
1730 3257 1836 3287 eam
1867 3240 2177 3303 transgressio
2210 3240 2355 3298 facta,
2389 3241 2490 3305 ipsa

360 3320 544 3368 Veritas
575 3330 799 3379 testatur,
826 3320 990 3367 dicens
1017 3339 1027 3366 :
1060 3321 1388 3385 «Quicunque
1415 3320 1586 3368 dixerit
1617 3320 1818 3367 verbum
1846 3330 2014 3367 contra
2047 3319 2215 3366 Filium
2244 3319 2482 3378 hominis,

411 3506 418 3522 ⁸
447 3506 518 3539 Act.
536 3509 662 3549 Apo-st„
680 3518 752 3551 cap.
772 3519 802 3549 ι,
820 3518 850 3540 ν.
871 3508 902 3541 5.
915 3524 958 3532 —
975 3506 987 3524 ⁸
1005 3506 1133 3546 Matth„
1153 3516 1226 3551 cap.
1245 3518 1309 3548 xn,
1328 3518 1358 3541 v.
1379 3509 1431 3540 32.
