2970 4152
550 406 645 452 606
1346 402 1521 449 PETRI
1551 402 1863 450 ABAELARDI

550 515 686 546 aures
711 490 898 545 tantum
915 497 1149 542 Dominus
1171 496 1435 559 requirens,
1462 496 1600 543 dicit¹
1627 515 1637 543 ε
1668 515 1691 542 «
1718 497 1810 554 Qui
1832 496 1979 542 habet
2001 510 2137 541 aures
2161 488 2414 555 audiendi,
2436 496 2613 543 audiat.
2636 515 2659 540 »

551 583 711 636 Quum
734 589 894 625 autem
917 576 1033 622 fides
1050 577 1268 623 omnium
1291 576 1618 624 bonorumxsit
1641 576 2031 634 fundamentum,
2051 574 2153 621 sine
2170 590 2265 638 qua
2284 575 2584 639 impossibile
2594 586 2664 631 est

550 659 735 722 placere
769 661 890 715 Deo,
917 666 963 703 et
985 655 1143 702 cordis
1171 656 1275 721 ipsa
1297 657 1357 704 sit
1387 657 1548 723 potius
1570 673 1715 721 quam
1750 657 1870 715 oris,
1901 655 2047 703 corde
2082 655 2235 714 enim,
2264 664 2317 701 ut
2350 655 2534 702 dictum
2568 665 2639 702 est
2650 649 2710 713 ξ’*

550 739 775 795 creditur,
803 738 952 800 magis
974 738 1018 783 ei
1043 737 1200 783 cordis
1223 728 1608 803 quam'corporis
1631 753 1769 786 aures
1796 746 1910 784 sunt
1937 735 2254 802 applicandae,
2279 744 2334 782 ut
2354 735 2488 800 quod
2508 735 2665 782 verbis

550 818 818 876 asserimus,
849 817 1160 881 intelligentia
1181 810 1442 882 eapiamus.
1474 820 1580 864 Non
1614 819 1745 863 enim*
1775 816 1917 880 longe
1953 826 2023 863 est
2059 831 2086 863 a
2110 803 2390 875 mendacio,
2422 816 2505 880 qui
2534 815 2666 880 quod

550 898 698 943 nescit
721 895 990 961 profitetur,
1026 906 1073 943 et
1100 897 1296 961 perjurii
1318 912 1427 943 reus
1451 908 1521 944 est
1536 934 1546 954 ,
1580 897 1661 960 qui
1678 897 1806 959 jurat
1830 895 1964 959 quod
1985 896 2189 959 ignorat.
2222 895 2367 952 Quod
2388 895 2585 959 quidem
2606 911 2668 942 ne

548 993 907 1040 praesumamus,
932 976 1010 1023 illa
1040 993 1128 1023 nos
1151 977 1363 1042 Apostoli
1388 977 1696 1041 reprehensio
1728 985 2024 1040 compescat,
2051 991 2146 1040 qua
2167 975 2457 1040 quibusdam
2486 977 2667 1043 improv-

548 1073 736 1120 perans,
771 1057 858 1103 ait²
885 1075 895 1101 ε
927 1076 949 1100 κ
967 1057 1239 1104 Nescientes
1262 1057 1323 1104 de
1350 1056 1524 1121 quibus
1558 1056 1839 1119 loquuntur,
1866 1072 2023 1119 neque
2056 1055 2116 1101 de
2148 1054 2320 1119 quibus
2355 1055 2612 1102 affirmant.
2642 1074 2666 1099 >³

548 1137 671 1184 Nulli
693 1148 763 1185 est
785 1147 944 1185 autem
966 1137 1293 1202 periculosius
1309 1137 1615 1184 mendacium
1639 1135 1715 1183 vel
1742 1152 1893 1195 error,
1929 1151 2076 1199 quam
2109 1135 2156 1181 in
2194 1135 2269 1182 his
2297 1152 2402 1200 quae
2431 1126 2493 1182 ad
2524 1134 2671 1182 fidem

547 1219 789 1281 pertinent
817 1236 827 1264 ε
854 1227 902 1264 et
922 1232 1093 1280 quassa
1127 1227 1197 1264 est
1226 1217 1486 1264 verborum
1519 1216 1743 1281 prolatio,
1769 1233 1917 1280 quam
1953 1214 2262 1279 intelligentia
2293 1231 2394 1262 non
2416 1215 2630 1280 sequitur
2656 1232 2667 1261 ε

547 1315 651 1360 quae
674 1297 735 1344 ad
757 1297 853 1343 hoc
875 1306 1065 1343 tantum
1086 1298 1303 1344 instituta
1336 1307 1469 1355 sunt,
1495 1306 1548 1343 ut
1576 1296 1937 1360 intelligentiam
1975 1295 2225 1348 conferant
2259 1294 2438 1342 audita.
2477 1296 2670 1351 Quanto

549 1386 709 1422 autem
732 1376 1009 1422 divinorum
1045 1376 1303 1423 verborum
1332 1376 1569 1423 salubrior
1596 1385 1668 1422 est
1701 1375 2030 1439 intelligentia,
2054 1372 2192 1422 tanto
2214 1375 2316 1422 haec
2347 1391 2375 1422 a
2406 1373 2548 1421 nobis
2570 1389 2673 1421 ama

549 1457 670 1520 plius
698 1467 768 1504 est
796 1457 1100 1521 requirenda.
1131 1457 1203 1503 Ad
1231 1474 1377 1521 quam
1406 1474 1494 1504 nos
1523 1473 1667 1522 supra
1699 1466 1994 1504 memoratus
2016 1455 2302 1503 adhortatur
2333 1454 2595 1520 apostolus,
2620 1464 2674 1500 ut

549 1554 698 1600 quum
721 1537 894 1584 divinae
921 1537 1075 1585 laudis
1104 1537 1464 1584 benedictiones
1498 1537 1573 1584 vel
1606 1538 1850 1584 orationes
1872 1535 2095 1600 quaelibet
2118 1536 2168 1583 in
2203 1535 2400 1582 ecclesia
2429 1534 2574 1593 fiunt,
2597 1534 2675 1581 vel

549 1617 727 1681 aliquid
763 1618 937 1664 dicitur
973 1617 1034 1663 ad
1063 1616 1480 1664 confirmationem
1516 1617 1650 1680 cujus
1686 1617 1759 1664 vel
1790 1617 1944 1681 precis
1971 1603 2397 1681 complectionem,
2421 1634 2446 1660 «
2471 1618 2621 1662 Amen
2649 1632 2685 1683 ”t

548 1713 630 1742 seu
658 1716 681 1740 «
706 1697 831 1756 Fiat,
856 1716 880 1741 υ
907 1706 978 1744 est
1003 1696 1422 1761 respondendum,
1449 1713 1477 1743 a
1499 1697 1692 1756 nemine
1714 1696 1764 1743 id
1786 1695 2069 1762 responderi
2090 1695 2360 1760 permittat,
2389 1695 2472 1759 qui
2495 1710 2550 1742 ea
2571 1709 2676 1758 quae

547 1787 888 1840 praecesserunt
905 1814 916 1836 ,
943 1793 1043 1823 non
1078 1776 1327 1840 intelligat.
1355 1777 1430 1823 Sic
1459 1777 1639 1842 quippe
1673 1776 1933 1823 Corinthiis
1968 1774 2181 1823 scribens
2217 1775 2278 1822 de
2314 1775 2465 1822 idiota
2499 1774 2678 1821 litteras

547 1857 815 1918 ignorante,
832 1867 879 1903 et
895 1857 1030 1921 quasi
1047 1856 1108 1903 ad
1128 1856 1525 1921 respondendum
1544 1854 1594 1903 in
1617 1857 1815 1903 ecclesia
1837 1857 2064 1920 cuiquam
2081 1855 2322 1902 adstante8
2342 1873 2352 1900 :
2379 1852 2677 1911 «Quomodo

549 1937 674 1984 dicet
701 1940 851 1985 Amen
884 1955 1028 2003 super
1048 1948 1181 1985 tuam
1205 1938 1612 1998 benedictionem,
1635 1939 1718 2002 qui
1741 1938 1859 2002 quid
1881 1937 2012 1985 dicas
2034 1937 2211 1984 nescit?
2229 1954 2252 1980 »
2278 1935 2494 1993 Quodet
2511 1934 2679 1981 beatus

549 2019 869 2082 Hieronymus
887 2021 1165 2066 memoriter
1186 2030 1371 2079 tenens,
1395 2037 1546 2084 quum
1563 2020 1833 2067 Marcellam
1854 2019 1914 2067 de
1935 2019 2133 2067 diversis
2151 2016 2430 2066 nominibus
2445 2014 2680 2065 hebraicis

549 2097 781 2145 erudiret*
809 2117 819 2144 :
843 2118 867 2142 «
890 2102 943 2144 In
966 2098 1177 2157 hebraeo,
1205 2118 1231 2143 -»
1257 2099 1436 2163 inquit,
1461 2100 1673 2164 «legitur
1689 2116 1830 2147 amen
1844 2137 1855 2158 ,
1882 2099 2016 2163 quod
2038 2099 2218 2146 scilicet
2239 2114 2296 2144 ea
2313 2112 2427 2143 vera
2442 2096 2538 2143 sint
2553 2088 2680 2142 dicta

551 2194 656 2240 quae
682 2194 828 2241 supra
851 2177 1215 2225 confirmantur.
1239 2196 1261 2222 »
1285 2178 1424 2225 Unde
1447 2188 1494 2225 et
1510 2178 1682 2225 Paulus
1701 2180 1866 2225 asserit
1880 2195 1981 2225 non
1998 2195 2140 2244 posse
2162 2177 2372 2240 aliquem
2387 2173 2681 2239 respondere

555 2273 763 2316 «amen,
784 2275 807 2301 >2
831 2257 882 2304 id
904 2267 996 2316 est,
1025 2257 1314 2304 confirmare
1337 2274 1392 2304 ea
1415 2275 1520 2322 quae
1550 2275 1695 2325 supra
1718 2259 1846 2305 dicta
1877 2268 2011 2318 sunt,
2038 2258 2128 2304 nisi
2151 2255 2434 2303 intellexerit
2458 2253 2683 2319 praedica-

551 2337 751 2383 tionem.
779 2338 874 2394 Qui
890 2347 938 2384 et
958 2338 1022 2384 ad
1045 2338 1264 2383 omnium
1286 2338 1672 2400 intelligentiam,
1694 2356 1799 2402 quae
1815 2339 1864 2384 in
1883 2338 2083 2384 ecclesia
2104 2336 2349 2393 dicuntur,
2373 2334 2683 2382 vehementer

552 2432 640 2462 nos
665 2417 927 2466 excitans¹⁵2
953 2434 977 2462 «
1001 2415 1324 2482 Impleamini,
1345 2434 1367 2460 »
1393 2416 1573 2480 inquit,
1604 2417 1823 2481 «Spiritu
1846 2426 2032 2475 sancto,
2057 2416 2310 2479 loquentes
2331 2413 2684 2478 vobismetipsis

552 2497 600 2542 in
623 2495 835 2561 psalmis,
855 2506 902 2542 et
915 2496 1125 2560 hymnis,
1142 2505 1189 2542 et
1203 2496 1398 2542 canticis
1421 2489 1730 2562 spiritalibus.
1753 2515 1777 2540 »
1796 2499 1903 2543 Non
1916 2496 2048 2542 enim
2063 2495 2156 2542 sibi
2172 2494 2246 2542 vel
2265 2509 2429 2541 secum
2450 2493 2679 2557 loquitur,

552 2577 633 2639 qui
662 2575 796 2640 quod
824 2575 941 2625 dicit
966 2576 1163 2622 minime
1191 2575 1408 2639 intelligit
1443 2593 1453 2621 :
1480 2593 1633 2639 quum
1671 2585 1852 2636 totum,
1889 2586 1944 2622 ut
1977 2575 2162 2623 dictum
2184 2583 2277 2634 est,
2303 2573 2539 2620 sermonis
2576 2572 2682 2620 offi-

553 2656 681 2702 cium
703 2655 765 2703 ad
787 2655 1147 2720 intelligentiam
1170 2656 1231 2702 sit
1253 2656 1676 2703 accommodatum
1694 2675 1705 2703 :
1722 2672 1811 2704 nec
1828 2671 1987 2703 sermo
2013 2656 2115 2703 sine
2138 2653 2450 2717 intelligentia
2470 2645 2685 2717 prolatus

553 2744 653 2785 tam
675 2752 834 2782 sermo
851 2751 998 2799 quam
1015 2750 1163 2783 sonus
1180 2735 1240 2783 sit
1254 2735 1525 2783 habendus.
1547 2739 1609 2783 Ut
1623 2737 1784 2800 igitur,
1797 2737 1933 2801 juxta
1951 2734 2252 2801 Apostolum,
2274 2732 2455 2780 malitia
2477 2730 2682 2797 parvuli,

555 2829 699 2860 sensu
722 2824 883 2861 autem
906 2814 1126 2879 perfecti,
1146 2814 1341 2862 firmum
1359 2825 1609 2864 teneamus
1631 2814 1745 2863 fidei
1767 2816 2158 2873 fundamentum,
2181 2812 2316 2878 quod
2342 2811 2686 2877 proposuimus

557 2896 869 2959 expositionis
891 2895 1015 2955 luce,
1043 2906 1190 2960 prout
1211 2896 1451 2943 Dominus
1474 2898 1697 2944 annuerit
1712 2935 1723 2957 ,
1748 2899 2160 2945 consummemus.

623 2993 647 3017 «
667 2975 822 3022 Credo
848 2976 898 3021 in
921 2977 1095 3021 Deum.
1114 2993 1137 3019 »
1163 2975 1258 3022 Sed
1279 2985 1333 3021 ut
1361 2975 1675 3023 confessionis
1698 2993 1794 3024 suae
1813 2977 2066 3024 veritatem
2088 2974 2336 3031 observet,
2362 2987 2424 3018 ne
2447 2988 2502 3019 os
2512 2962 2686 3034 ,quod

559 3054 804 3114 mentitur,
831 3054 1019 3101 occidat
1038 3055 1267 3113 animam,
1291 3055 1538 3102 attendere
1560 3057 1772 3120 primum
1789 3056 1935 3104 debet
1947 3065 1996 3103 et
2013 3054 2215 3120 quidwwsit
2233 3042 2428 3109 credere
2443 3051 2493 3098 in
2509 3052 2683 3096 Deum.

562 3129 699 3177 Aliud
733 3133 911 3198 quippe
938 3142 1009 3181 est
1043 3134 1237 3181 credere
1266 3137 1446 3193 Deum,
1479 3134 1610 3182 aliud
1641 3135 1837 3183 credere
1872 3139 1994 3195 Deo,
2027 3127 2159 3190 aliu‘d
2175 3179 2178 3181 ,
2194 3121 2396 3180 credere
2422 3130 2472 3176 in
2508 3103 2682 3197 ffeum.

564 3209 769 3257 Credere
806 3214 983 3278 quippe
1013 3217 1169 3262 Deum
1206 3224 1277 3262 est
1304 3215 1538 3262 aestimare
1566 3214 1700 3279 quod
1733 3216 1835 3280 ipse
1869 3216 1946 3263 sit.
1985 3213 2191 3262 Credere
2223 3214 2345 3269 De0‚
2381 3207 2540 3256 verbis
2564 3207 2682 3270 ejuS‚

610 3406 618 3423 ¹
642 3406 770 3448 Matth„
787 3419 861 3450 cap.
876 3420 929 3451 xi,
949 3421 978 3445 v.
1002 3412 1053 3446 15.
1069 3429 1110 3436 —
1124 3412 1136 3430 ⁸
1157 3414 1235 3446 Tim.
1257 3414 1290 3453 I,
1307 3423 1381 3458 cap.
1400 3425 1428 3454 1,
1448 3424 1479 3446 ν.
1501 3415 1534 3445 ’7.
1553 3431 1594 3437 -—
1609 3413 1622 3431 ³
1641 3413 1783 3446 Corinth.
1807 3414 1844 3453 I,
1860 3423 1934 3457 cap.
1952 3423 2021 3453 xlv,
2038 3421 2070 3446 v.
2092 3413 2142 3444 16.
2163 3428 2202 3434 -·-
2220 3409 2234 3428 ⁴
2255 3396 2335 3451 ὁΡΡ·
2355 3414 2380 3443 ¹·
2400 3408 2450 3446 Π)
2467 3406 2533 3442 0⁰¹·
2555 3405 2687 3438 ⁷⁰⁶·-

567 3464 579 3480 z.
598 3464 734 3506 Ephes„
751 3476 825 3509 cap.
845 3477 878 3507 v,
893 3477 924 3502 v.
943 3469 994 3501 19.
2109 3463 2111 3465 Ι
