2970 4152
592 389 684 435 496
1166 389 1334 435 PETRI
1375 390 1686 437 ABAELARDI
1722 392 1794 438 ΕΤ
1828 392 2129 440 HELOlSSAE

587 482 901 547 philosophos
924 499 1115 529 morum
1142 482 1431 552 aedificator:
1459 503 1482 528 «
1509 486 1840 550 Propositum,
1866 506 1887 530 υ
1916 487 2093 549 inquit¹
2110 522 2126 546 „
2155 506 2176 531 «
2202 496 2417 534 nostrum
2444 498 2514 534 est
2540 505 2704 536 secun-

588 561 703 608 dum
730 573 948 610 naturam
975 564 1149 610 vivere.
1175 567 1277 610 Hoc
1302 573 1468 611 contra
1494 575 1710 612 naturam
1736 576 1830 625 est,
1861 576 2082 630 torquere
2100 583 2274 631 corpus
2296 584 2435 614 suum
2451 604 2463 627 ,
2484 579 2530 615 et
2548 569 2704 616 faciles

587 642 742 689 odisse
765 643 1049 702 munditias,
1082 654 1128 690 et
1161 643 1431 707 squalorem
1455 655 1678 710 appetere
1694 682 1723 705 ,,,
1735 656 1781 692 et
1805 646 1922 692 cibis
1948 662 2046 693 non
2073 656 2258 693 tantum
2288 647 2456 694 vilibus
2493 649 2560 694 uti
2576 683 2588 708 ,
2619 649 2703 696 sed

585 723 713 768 tetris
750 733 796 769 et
830 723 1051 770 horridis.
1081 724 1502 781 Quemadmodum
1539 709 1806 772 desiderare
1837 726 2059 773 delicatas
2093 743 2168 774 res
2205 727 2399 774 luxuriae
2431 738 2523 787 est,
2562 729 2629 775 ita
2657 740 2703 776 et

585 803 773 850 usitatas
794 814 838 851 et
861 822 959 851 non
986 822 1160 869 magno
1177 805 1409 870 parabiles
1423 806 1582 870 fugere
1598 806 1863 854 dementiae.
1876 807 2204 871 Frugalitatem
2224 808 2364 873 exigit
2382 808 2699 875 philosophia,

582 899 679 929 non
717 902 925 948 poenam.
972 889 1131 933 Potest
1168 897 1326 933 tamen
1364 903 1463 933 esse
1494 884 1936 952 non'incomposita
1965 888 2216 952 frugalitas.
2251 889 2338 936 Hic
2377 889 2494 935 mihi
2531 889 2703 937 modus

580 963 749 1027 placet.
779 985 801 1009 »
833 966 970 1013 Unde
995 976 1041 1013 et
1060 967 1322 1040 §regorius
1348 967 1606 1013 Moralium
1640 967 1761 1014 libro
1795 971 1918 1013 XXX
1936 969 1972 1027 ²,
2002 985 2152 1032 quum
2176 969 2289 1033 ipsis
2315 968 2567 1016 hominum
2601 986 2703 1017 mo-

580 1044 709 1092 ribus
737 1063 835 1092 non
863 1056 958 1093 tam
985 1047 1205 1094 ciborum
1232 1064 1376 1111 quam
1404 1048 1673 1094 animorum
1699 1048 1973 1112 qualitatem
2002 1049 2339 1096 attendendam
2365 1067 2465 1096 esse
2487 1050 2698 1110 doceret,

579 1142 633 1172 ac
653 1126 770 1190 gulae
793 1127 1078 1174 tentationes
1097 1128 1403 1192 distingueret
1427 1146 1436 1173 ε
1468 1148 1490 1171 «
1513 1127 1803 1191 Aliquando,
1833 1147 1855 1172 »
1875 1129 2053 1192 inquit,
2083 1148 2105 1173 «
2123 1128 2255 1175 cibos
2273 1128 2497 1189 lautiores
2516 1131 2698 1194 quaerit,

577 1206 835 1271 aliquando
875 1207 1095 1272 quaelibet
1127 1207 1360 1255 sumenda
1390 1208 1643 1272 praeparari
1669 1209 1933 1255 accuratius
1961 1209 2155 1274 appetit.
2195 1212 2551 1274 Nonnunquam
2586 1227 2700 1258 vero

577 1298 623 1334 et
647 1287 873 1351 abjectius
900 1299 968 1335 est
992 1289 1123 1352 quod
1149 1287 1414 1346 desiderat,
1448 1297 1494 1334 et
1521 1298 1679 1335 tamen
1710 1288 1813 1353 ipso
1841 1299 1952 1335 aestu
1981 1289 2202 1336 immensi
2228 1289 2448 1337 desiderii
2471 1301 2651 1355 peccat.
2673 1311 2697 1335 »

579 1373 645 1415 Ex
669 1371 870 1434 AEgypto
893 1369 1100 1434 populus
1128 1368 1326 1415 eductus
1353 1369 1402 1415 in
1428 1368 1625 1415 heremo
1657 1369 1913 1430 occubuit,
1953 1370 2064 1434 quia
2098 1370 2322 1435 despecto
2355 1388 2530 1419 manna
2568 1361 2701 1422 cibos

577 1451 791 1497 carnium
817 1450 974 1514 petiit,
1007 1466 1128 1513 quos
1153 1449 1377 1495 lautiores
1399 1451 1597 1514 putavit.
1623 1452 1678 1496 Et
1702 1451 2129 1514 primogenitorum
2150 1450 2349 1515 gloriam
2375 1455 2495 1499 Esau
2521 1454 2696 1512 amisit,

577 1532 687 1595 quia
709 1546 881 1594 magno
906 1539 1019 1577 aestu
1047 1529 1267 1576 desiderii
1286 1529 1427 1576 vilem
1453 1529 1631 1589 cibum,
1654 1530 1703 1576 id
1727 1540 1796 1577 est
1818 1530 2091 1577 lenticulam
2110 1531 2397 1596 concupivit,
2420 1548 2564 1596 quam
2583 1532 2701 1580 dum

578 1611 842 1659 vendendis
865 1611 1006 1658 etiam
1031 1611 1356 1676 primogenitis
1375 1611 1603 1676 praetulit,
1624 1627 1721 1674 quo
1741 1611 1790 1656 in
1810 1610 1939 1657 illam
1963 1611 2174 1676 appetitu
2191 1610 2433 1659 anhelaret
2457 1612 2696 1662 indicavit.

579 1696 741 1756 Neque
766 1693 892 1739 enim
925 1691 1082 1751 cibus,
1112 1691 1196 1738 sed
1218 1691 1453 1756 appetitus
1471 1691 1521 1737 in
1543 1691 1655 1737 vitio
1682 1701 1766 1737 est.
1792 1690 1929 1737 Unde
1955 1700 2001 1737 et
2019 1690 2242 1738 lautiores
2260 1691 2391 1739 cibos
2418 1692 2702 1758 plerumque

579 1775 679 1833 sine
706 1773 846 1838 culpa
870 1773 1126 1831 sumimus,
1158 1782 1204 1819 et
1221 1772 1501 1835 abjectiores
1526 1789 1624 1819 non
1658 1773 1759 1820 sine
1783 1783 1913 1819 reatu
1948 1773 2248 1819 conscientiae
2270 1772 2590 1836 degustamus.
2615 1775 2702 1822 Hic

578 1856 755 1920 quippe
791 1871 935 1918 quem
974 1853 1179 1900 diximus
1204 1856 1324 1900 Esau
1345 1855 1357 1877 ³
1381 1853 1637 1918 primatum
1665 1871 1751 1918 per
1776 1853 2048 1901 lenticulam
2072 1853 2280 1918 perdidit
2305 1864 2351 1900 et
2373 1854 2524 1901 Elias*
2547 1855 2596 1901 in
2620 1855 2702 1902 he-

578 1952 711 1982 remo
739 1937 959 1982 virtutem
984 1935 1198 1999 corporis
1223 1951 1389 1981 carnes
1414 1933 1604 1980 edendo
1634 1935 1851 1981 servavit.
1886 1933 2024 1981 Unde
2050 1944 2096 1981 et
2120 1935 2342 1998 antiquus
2374 1935 2524 1983 hostis
2540 1973 2552 1995 ,
2590 1937 2702 2000 quia

579 2007 676 2061 non
714 2015 900 2073 cibum,
942 2016 1024 2062 sed
1068 2014 1161 2061 cibi
1194 2014 1628 2078 concupiscentiam
1662 2031 1762 2061 esse
1794 2031 1985 2061 causam
2022 2014 2342 2062 damnationis
2377 2015 2619 2080 intelligit,
2655 2027 2701 2063 et

577 2098 785 2161 primum
817 2096 905 2143 sibi
932 2097 1178 2143 hominem
1203 2113 1301 2142 non
1328 2112 1495 2155 carne,
1518 2095 1602 2142 sed
1624 2112 1773 2160 pomo
1799 2095 2032 2155 subdidit;
2056 2105 2101 2142 et
2121 2095 2386 2142 secundum
2408 2112 2506 2143 non
2532 2113 2696 2157 carne,

577 2177 659 2222 sed
685 2193 807 2240 pane
838 2177 1050 2223 tentavit.
1086 2176 1207 2223 Hinc
1235 2186 1306 2222 est
1341 2175 1473 2239 quod
1510 2175 1792 2239 plerumque
1834 2176 1980 2222 Adam
2025 2174 2164 2240 culpa
2194 2175 2521 2236 committitur,
2559 2178 2701 2224 etiam

576 2274 725 2320 quum
757 2257 938 2319 abjecta
961 2267 1006 2303 et
1033 2256 1141 2303 vilia
1165 2265 1433 2303 sumuntur.
1460 2258 1526 2301 Ea
1543 2256 1702 2319 itaque
1722 2255 1954 2302 sumenda
1973 2266 2106 2314 sunt,
2127 2272 2232 2319 quae
2252 2266 2428 2303 naturae
2452 2258 2702 2306 necessitas

577 2339 741 2401 quaerit
763 2348 809 2384 et
831 2354 929 2383 non
959 2353 1063 2400 quae
1087 2336 1261 2383 edendi
1285 2336 1434 2382 libido
1469 2336 1691 2400 suggerit.
1721 2336 1892 2382 Minori
1918 2352 2031 2383 vero
2060 2335 2296 2383 desiderio
2322 2337 2703 2402 concupiscimus

577 2436 681 2482 quae
698 2419 855 2465 minus
875 2418 1092 2483 praetiosa
1116 2433 1217 2464 esse
1242 2416 1482 2474 videmus,
1512 2427 1557 2463 et
1585 2433 1688 2480 quae
1721 2416 1868 2480 magis
1895 2415 2164 2475 abundant,
2199 2426 2246 2463 et
2273 2416 2409 2463 vilius
2440 2427 2664 2465 emuntur
2687 2438 2696 2465 ε

575 2501 694 2546 sicut
723 2510 789 2546 est
815 2499 1145 2545 communium
1180 2497 1313 2544 cibus
1349 2497 1591 2556 carnium,
1627 2496 1709 2560 qui
1735 2506 1782 2543 et
1803 2495 2043 2543 infirmam
2068 2507 2287 2543 naturam
2316 2496 2467 2544 multo
2507 2497 2704 2545 validius

574 2597 717 2644 quam
744 2581 894 2644 pisces
924 2579 1186 2638 confortat,
1217 2588 1263 2625 et
1288 2579 1497 2624 minores
1540 2593 1798 2642 expensaS,
1834 2587 1880 2624 et
1916 2576 2175 2624 faciliorem
2214 2577 2360 2624 habet
2402 2584 2698 2642 apparatum.

575 2665 694 2707 Usus
723 2670 881 2707 autem
908 2660 1124 2706 carnium
1147 2675 1202 2706 ac
1228 2659 1350 2718 vini,
1380 2659 1500 2706 sicut
1525 2668 1572 2705 et
1596 2658 1795 2723 nuptiae,
1819 2657 2101 2705 intermedia
2126 2657 2242 2703 boni
2267 2668 2310 2704 et
2337 2657 2480 2718 mali,
2515 2658 2610 2706 hoc
2635 2670 2703 2707 est

573 2740 888 2788 indifferentia
917 2750 1274 2805 computantur,
1305 2739 1414 2787 licet
1438 2739 1621 2804 copulae
1643 2738 1866 2804 nuptialis
1891 2755 2000 2785 usus
2035 2738 2236 2785 omnino
2271 2724 2466 2802 peccato
2500 2755 2598 2786 non
2628 2757 2703 2787 ca-

573 2833 698 2879 reat,
731 2832 778 2867 et
811 2821 974 2867 vinum
1003 2819 1227 2867 omnibus
1259 2819 1493 2866 alimentis
1526 2819 1835 2885 periculosius
1865 2819 2044 2866 existat.
2081 2818 2223 2875 Quod
2255 2818 2469 2883 profecto
2506 2820 2543 2866 si
2580 2830 2704 2867 tem-

577 2913 735 2965 perate
754 2911 1000 2967 sumptum
1024 2901 1238 2964 religioni
1265 2917 1364 2947 non
1392 2899 1703 2960 interdicitur,
1737 2898 1855 2963 quid
1879 2899 2080 2945 aliorum
2109 2899 2329 2946 timemus
2347 2898 2698 2961 alimentorum,

575 2982 841 3029 dummodo
868 2983 915 3028 in
943 2983 1008 3028 eis
1043 2981 1216 3028 modus
1252 2997 1349 3028 non
1377 2980 1666 3028 excedatur?
1698 2981 1747 3026 Si
1767 2979 1934 3027 beatus
1957 2980 2114 3044 ipsum
2139 2979 2420 3026 Benedictus
2443 2980 2576 3044 quod
2603 2998 2703 3029 mo-

578 3062 839 3109 nachorum
870 3079 971 3108 non
997 3078 1098 3109 esse
1131 3061 1382 3126 profitetur
1398 3063 1428 3118 ⁵,
1464 3061 1672 3125 quadam
1706 3070 1865 3107 tamen
1899 3059 2251 3124 dispensatione
2276 3059 2523 3106 monachis
2562 3060 2704 3124 hujus

546 3192 549 3195 ,
579 3143 805 3206 temporis
822 3178 833 3200 ,
858 3141 957 3204 jam
985 3126 1313 3205 refrigescente
1336 3140 1544 3206 pristinae
1563 3139 1803 3187 charitatis
1829 3140 2014 3186 fervore
2030 3175 2043 3198 ,
2069 3138 2335 3186 concedere
2353 3139 2565 3202 cogitur3
2587 3141 2703 3204 quid

578 3233 742 3269 caetera
770 3238 869 3267 non
900 3222 1145 3285 indulgere
1169 3221 1356 3269 feminis
1385 3221 1643 3268 debeamus
1659 3256 1671 3280 ,
1700 3237 1805 3285 quae
1829 3220 1988 3267 adhuc
2012 3221 2078 3267 eis
2101 3218 2232 3267 nulla
2256 3218 2486 3284 professio
2510 3220 2703 3268 interdi-

627 3431 632 3445 ¹
664 3429 763 3471 Epist.
786 3439 816 3459 v.
834 3445 877 3451 —-
892 3426 903 3444 ¹
919 3427 1000 3471 Cap.
1019 3440 1114 3468 xviii,
1134 3430 1216 3471 Opp.
1235 3437 1258 3463 t.
1276 3430 1309 3468 1,
1330 3430 1392 3464 col.
1411 3430 1487 3463 983.
1507 3446 1545 3453 -—-
1562 3428 1575 3446 ⁸
1595 3429 1724 3467 Genes„
1743 3438 1816 3471 cap.
1838 3438 1916 3467 xxv,
1937 3438 1967 3460 ν.
1987 3429 2042 3460 33.
2059 3443 2103 3453 -
2116 3425 2130 3443 ⁴
2149 3427 2229 3469 Περ.
2253 3425 2296 3459 lll
2310 3451 2320 3467 ‚
2340 3435 2413 3470 cap.
2429 3436 2558 3468 xvu‚v.
2575 3428 2594 3458 4
2607 3434 2640 3460 et
2650 3438 2700 3471 aq.

579 3507 622 3513 —
636 3488 647 3504 ¹⁵
663 3488 793 3530 Reguh,
808 3498 882 3530 cap.
901 3498 950 3519 xi..
