2970 4152
943 419 1021 465 DE
1055 416 1279 465 SANCTA
1311 412 1577 465 SUSANNA
1610 416 1823 463 SERMO.
2354 419 2447 465 539

402 520 560 575 Quam
586 529 799 562 severam
824 528 1018 577 quoque
1046 511 1332 558 sententiam
1359 509 1420 556 de
1442 509 1572 556 laenis
1593 511 1746 558 sancti
1774 509 2260 575 patresinstituerint,
2288 527 2342 556 ex
2367 528 2447 558 eo-

336 614 446 645 rum
477 595 783 644 manifestum
817 603 887 640 est
917 592 1125 657 scriptis,
1164 607 1282 655 quas
1314 590 1364 636 in
1398 589 1492 636 fine
1526 607 1720 654 quoque
1752 606 1779 637 a
1807 590 2148 637 communione
2182 591 2446 655 privarunt.

339 677 478 724 Unde
500 686 547 724 et
568 675 686 723 illud
707 685 778 722 est
800 673 1077 721 Eliberitani
1100 670 1314 729 concilii,
1341 686 1447 735 cap.
1475 687 1525 717 x1
1552 688 1561 717 :
1594 690 1616 715 «
1641 673 1790 717 Mater
1813 671 1888 717 vel
1910 687 2106 735 parens,
2135 671 2211 717 vel
2232 670 2452 736 quaelibet

338 757 491 806 fidelis
522 758 563 805 si
595 755 888 804 lenocinium
916 753 1198 811 exercuerit,
1232 769 1290 799 eo
1319 751 1453 815 quod
1477 750 1686 798 alienum
1708 769 1883 816 corpus
1904 752 2174 799 vendiderit
2194 751 2270 799 vel
2293 769 2450 809 suum,

339 838 517 904 placuit
553 853 643 884 nec
674 837 723 882 in
762 834 858 882 fine
887 831 1400 882 communicandam.»
1427 830 1572 888 Quod
1600 831 1640 877 si
1669 832 1719 877 in
1742 831 1929 878 seminis
1952 831 2108 878 saeculi
2131 831 2252 878 adeo
2275 831 2454 878 lenoci-

339 920 476 966 nium
505 927 617 965 sunt
651 915 893 973 detestati,
925 924 1161 978 quantum
1194 914 1243 959 in
1277 912 1466 978 sponsis
1493 911 1665 959 Christi
1693 912 1821 959 istud
1852 922 1923 959 est
1951 911 2334 970 abhorrendum,
2373 910 2456 957 ubi

338 999 591 1064 proprium
623 997 712 1044 Dei
741 996 976 1061 templum
1003 995 1232 1055 violatur,
1258 1004 1305 1042 et
1325 994 1427 1041 haec
1449 995 1493 1040 ei
1514 993 1727 1040 vindicta
1748 993 2013 1059 specialiter
2036 994 2327 1041 reservatur?
2361 1012 2383 1036 «
2411 993 2457 1038 Si

339 1080 470 1143 quis,
494 1097 517 1123 »
555 1078 711 1143 inquit
747 1075 1046 1142 Apostolus¹‚
1082 1075 1357 1140 «templum
1393 1075 1480 1122 Dei
1513 1074 1788 1134 violaverit,
1827 1074 2070 1139 disperdet
2104 1074 2238 1121 illum
2266 1077 2454 1120 Deus.»

340 1162 484 1206 Beata
510 1159 653 1217 laica,
695 1167 742 1205 et
774 1157 954 1215 saeculi,
992 1173 1093 1203 non
1122 1156 1336 1215 claustri,
1377 1155 1553 1202 femina
1581 1155 1829 1220 praedicta,
1860 1155 2070 1202 hominis
2099 1155 2257 1219 potius
2287 1155 2460 1217 conjux

341 1255 487 1303 quam
509 1238 682 1285 Christi
703 1253 881 1302 sponsa
903 1236 1132 1296 dicenda,
1166 1246 1326 1299 surget
1354 1237 1403 1282 in
1421 1236 1628 1299 judicio,
1665 1246 1713 1282 et
1739 1235 2083 1283 condemnabit
2105 1237 2461 1299 generationem

340 1319 467 1366 hanc
488 1318 768 1383 pessimam;
795 1333 900 1380 quae
921 1326 975 1363 ut
996 1315 1207 1363 hominis
1230 1326 1439 1364 servaret
1461 1315 1626 1375 fidem,
1652 1316 1793 1380 elegit
1814 1317 2007 1363 interire
2031 1316 2231 1374 munda,
2258 1332 2319 1362 ne
2342 1316 2464 1362 vive-

340 1409 414 1446 ret
441 1397 709 1445 immunda.
742 1396 882 1444 Unde
913 1407 1074 1444 autem
1104 1407 1238 1444 tanto
1270 1397 1562 1444 castimoniae
1589 1397 1692 1444 zelo
1727 1413 1980 1455 succensa,
2018 1407 2153 1444 tanto
2186 1397 2464 1443 constantiae

342 1495 482 1526 muro
518 1488 640 1525 esset
670 1478 877 1534 munita,
911 1475 1204 1523 subinfertur
1237 1492 1388 1540 quum
1426 1475 1656 1523 dicitur²z
1687 1480 1954 1523 «Parentes
1988 1485 2149 1523 autem
2183 1475 2283 1538 ejus
2314 1492 2463 1539 quum

342 1566 500 1604 essent
515 1557 648 1620 justi,
676 1555 957 1603 erudierunt
978 1554 1125 1602 filiam
1149 1571 1286 1603 suam
1306 1555 1573 1602 secundum
1600 1555 1754 1619 legem
1781 1556 1995 1619 Moysi.»
2032 1558 2102 1601 De
2125 1555 2262 1618 justis
2290 1570 2463 1618 paren-

343 1636 471 1684 tibus
483 1635 743 1700 justissima
762 1635 860 1682 filia
873 1644 985 1683 nata
997 1645 1308 1694 memoratur,
1325 1645 1372 1682 et
1388 1635 1436 1681 in
1450 1636 1698 1683 communi
1714 1653 1883 1683 eorum
1892 1634 2032 1683 laude
2051 1626 2345 1682 sanctissima
2364 1644 2462 1680 stu-

344 1717 423 1764 dia
459 1716 795 1782 praedicantur.
832 1715 976 1773 Quod
1010 1725 1058 1763 et
1091 1714 1258 1763 beatus
1286 1716 1605 1780 Hieronymus
1640 1716 1890 1780 diligenter
1919 1715 2192 1776 attendens,
2226 1731 2376 1779 quum
2414 1715 2462 1760 in

344 1795 680 1860 explanatione
701 1794 910 1842 Danielis
928 1794 990 1842 ad
1013 1795 1143 1842 hunc
1165 1794 1327 1842 locum
1349 1796 1549 1856 veniret,
1575 1797 1640 1843 ait
1658 1798 1699 1843 ³:
1730 1815 1754 1841 «
1780 1799 1882 1843 Hoc
1904 1795 2140 1842 utendum
2162 1804 2232 1842 est
2253 1795 2466 1841 testimo·

345 1877 428 1924 nio
452 1876 514 1924 ad
536 1875 919 1924 exhortationem
941 1885 1213 1941 parentum,
1239 1886 1291 1923 ut
1314 1876 1521 1925 doceant
1538 1878 1672 1941 juxta
1694 1877 1847 1942 legem
1869 1877 2082 1935 Domini,
2098 1892 2465 1939 sermonemque

346 1958 581 2018 divinum,
608 1974 707 2005 non
732 1957 889 2005 solum
905 1957 1046 2016 filios,
1071 1957 1156 2005 sed
1179 1957 1299 2006 filias
1312 1975 1437 2006 suas.
1457 1978 1480 2004 υ
1506 1962 1609 2006 Hoc
1632 1959 1789 2006 adhuc
1813 1976 2055 2006 sacrarum
2077 1958 2341 2005 litterarum
2363 1956 2465 2003 zelo

340 2036 561 2100 Judaicus
590 2037 797 2103 populus
834 2038 883 2085 in
918 2038 1031 2103 ipsis
1060 2039 1205 2086 etiam
1234 2038 1442 2086 tenebris
1470 2040 1691 2087 caecitatis
1718 2056 1813 2086 suae
1840 2038 2100 2104 plurimum
2130 2038 2340 2096 fervens,
2366 2053 2465 2083 non

347 2116 653 2163 mediocriter
678 2127 918 2175 nostram,
951 2117 1001 2164 id
1029 2128 1100 2166 est
1130 2117 1502 2167 christianorum
1524 2118 1862 2183 negligentiam
1885 2128 2091 2167 accusat.
2116 2121 2267 2165 Tanto
2290 2118 2468 2182 quippe

347 2197 520 2245 ardore
550 2198 703 2262 legem
728 2198 1103 2264 amplectuntur,
1135 2209 1189 2247 ut
1216 2199 1441 2264 quislibet
1468 2217 1637 2248 eorum
1659 2211 2087 2266 quantumcunque
2109 2216 2307 2265 pauper,
2334 2209 2470 2263 quot-

347 2289 468 2343 quot
487 2278 663 2327 habeat
684 2277 832 2338 filios,
859 2279 1103 2327 neminem
1126 2279 1313 2328 divinas
1344 2280 1523 2329 litteras
1547 2282 1768 2345 ignorare
1795 2282 2055 2347 permittat.
2092 2284 2311 2339 Quorum
2334 2290 2467 2326 tanto

349 2357 451 2405 zelo
495 2358 752 2422 Apostolus
786 2360 990 2407 maxime
1025 2360 1346 2424 compatiens,
1379 2361 1469 2408 ait'·
1497 2380 1507 2408 :
1538 2381 1561 2406 «
1587 2364 1798 2419 Fratres,
1833 2361 2053 2408 voluntas
2087 2360 2283 2425 quidem
2312 2358 2469 2405 cordis

350 2439 444 2485 mei
467 2447 515 2484 et
536 2437 804 2485 obsecratio
827 2438 889 2486 ad
912 2442 1068 2485 Deum
1090 2438 1143 2486 fit
1164 2456 1254 2504 pro
1276 2440 1366 2487 illis
1395 2441 1444 2487 in
1474 2440 1691 2488 salutem.
1719 2442 2063 2488 Testimonium
2087 2441 2215 2486 enim
2238 2438 2468 2503 perhibeo

350 2517 440 2565 illis
468 2519 603 2583 quod
633 2518 986 2567 aemulationem
1017 2521 1104 2566 Dei
1133 2519 1336 2580 habent,
1369 2521 1456 2568 sed
1487 2538 1586 2569 non
1616 2522 1883 2569 secundum
1917 2522 2187 2579 scientiam,
2208 2539 2230 2564 »
2269 2520 2363 2566 hoc
2401 2530 2470 2565 est

351 2615 581 2663 magnum
603 2599 841 2647 fervorem
865 2599 912 2646 in
935 2603 1091 2647 Deum
1107 2638 1118 2659 ,
1146 2617 1201 2647 ac
1223 2601 1513 2648 desiderium
1537 2603 1586 2648 in
1607 2602 1845 2650 mandatis
1867 2603 1985 2666 ejus,
2011 2618 2115 2666 quae
2138 2602 2185 2648 in
2211 2601 2311 2664 lege
2334 2617 2467 2647 acee-

351 2688 539 2742 perant,
565 2679 913 2742 cognoscendis
935 2689 1077 2744 atque
1100 2680 1372 2745 implendis,
1397 2681 1506 2729 licet
1527 2682 1575 2728 in
1599 2699 1775 2745 magno
1797 2683 2100 2748 persistentes
2121 2699 2300 2740 errore,
2320 2697 2469 2745 quum

353 2757 454 2804 haec
482 2758 544 2805 ad
575 2757 777 2805 salutem
807 2758 1024 2806 sufficere
1052 2759 1267 2807 credant.
1307 2761 1564 2809 AEmulatio
1593 2762 1771 2827 quippe
1797 2779 1882 2812 seu
1916 2762 2043 2809 zelus
2075 2761 2294 2826 quislibet
2323 2762 2468 2807 animi

354 2836 513 2884 fervor
540 2837 798 2884 vehemens
838 2838 900 2885 ad
930 2838 1219 2886 desiderium
1256 2840 1508 2903 cujuslibet
1548 2852 1869 2906 nuncupatur,
1914 2842 2051 2889 Unde
2087 2851 2133 2889 et
2168 2852 2265 2889 tam
2313 2841 2469 2887 bonus

354 2933 501 2981 quam
530 2916 682 2964 malus
715 2917 843 2964 zelus
871 2918 1045 2966 dicitur
1071 2919 1331 2968 vehemens
1358 2921 1536 2969 scilicet
1563 2923 1827 2970 commotio
1858 2923 2005 2970 animi
2034 2939 2088 2970 ac
2117 2921 2386 2968 sollicitudo
2409 2921 2468 2968 ad

354 2995 534 3060 aliquid
574 2997 831 3060 agendum.
876 2998 1000 3046 Nulli
1033 3016 1176 3060 vero,
1210 3001 1285 3048 vel
1317 3002 1458 3066 pauci
1496 3001 1868 3051 christianorum
1900 3014 2034 3061 sunt,
2078 3004 2160 3067 qui
2191 3002 2470 3065 evangelicae

356 3077 586 3125 doctrinae
613 3078 957 3143 perfectionem
991 3090 1126 3128 tanto
1161 3082 1321 3129 studio
1343 3082 1419 3130 vel
1441 3099 1583 3131 causa
1607 3084 1982 3148 amplectuntur,
2016 3094 2067 3130 ut
2101 3084 2200 3147 ejus
2234 3083 2470 3130 desiderio

356 3157 479 3205 filios
503 3175 616 3206 suos
643 3160 788 3207 sacris
813 3160 1028 3208 imbuere
1049 3161 1215 3210 litteris
1237 3174 1427 3223 curent,
1455 3164 1541 3212 sed
1570 3165 1843 3230 temporalis
1866 3164 2202 3212 tantummodo
2226 3163 2470 3211 commodi

357 3253 522 3297 causa,
556 3249 610 3286 ut
636 3238 779 3303 hujus
799 3241 906 3288 vitae
928 3243 1193 3291 necessaria
1213 3243 1305 3291 sihi
1326 3245 1439 3309 ipsis
1459 3245 1536 3292 vel
1559 3245 1648 3293 illis
1670 3246 1782 3293 inde
1809 3246 2094 3311 provideant
2116 3255 2197 3293 aut
2225 3245 2285 3291 de
2305 3243 2471 3290 officiis

359 3318 660 3379 clericorum,
677 3330 758 3368 aut
780 3321 841 3368 de
863 3321 1030 3370 habitu
1043 3324 1411 3372 monachorum.
1440 3325 1578 3373 Unde
1595 3336 1722 3373 recte
1738 3325 1799 3374 ab
1815 3327 2080 3374 intentione
2097 3325 2261 3374 talium
2280 3335 2470 3389 patrum

409 3499 419 3516 ¹
443 3499 585 3534 Corinth.
603 3502 636 3542 t,
653 3511 727 3546 cap.
741 3513 794 3544 ιιι,
811 3514 843 3538 v,
865 3506 914 3537 1¹1.
931 3522 971 3530 —
987 3504 1000 3522 ⁸
1015 3505 1111 3546 Dan,
1128 3516 1202 3549 cap.
1219 3518 1295 3548 xm,
1310 3518 1341 3541 v.
1360 3509 1391 3541 3.
1408 3525 1452 3534 —-
1468 3508 1481 3526 ⁸
1507 3509 1720 3550 Opp.t.111,
1741 3509 1804 3543 col.
1822 3509 1917 3542 113⁴.
1934 3527 1973 3534 —
1991 3508 2005 3526 ⁴
2023 3509 2130 3550 Rom.,
2157 3518 2230 3550 cap.
2258 3519 2298 3547 x,
2317 3517 2348 3539 v.
2377 3511 2403 3539 1.
