2970 4152
730 394 897 440 PETRI
933 393 1244 441 ABAELARDI
1279 394 1352 440 ET
1384 394 1684 441 HELOISSAE
1717 396 2032 442 EPISTOLAE.
2366 398 2457 447 ¹107

352 488 565 534 animum
601 488 748 551 magis
784 487 971 534 videtur
1003 488 1334 536 necessarium.
1373 491 1552 535 Omnes
1585 490 1744 553 itaque
1775 507 1862 537 nos
1893 490 2064 537 Christi
2088 490 2266 537 ancillae
2285 527 2297 550 ,
2333 501 2379 538 et
2409 493 2455 538 in

351 567 535 614 Christo
560 565 664 614 filiae
688 576 803 626 tuae,
832 567 930 614 duo
961 584 1090 614 nunc
1113 584 1141 614 a
1164 575 1245 615 tua
1263 568 1543 632 paternitate
1567 569 1802 633 supplices
1831 570 2126 634 Postulamus
2141 606 2153 628 ,
2185 587 2290 634 quae
2318 570 2456 618 nobis

351 645 614 693 admodum
638 647 899 693 necessaria
914 646 1234 711 providemus.
1253 649 1483 708 ‘Quorum‘
1496 647 1689 711 quidem
1709 648 1906 694 alterum
1933 660 2000 695 est
2013 686 2025 707 ‚
2049 659 2101 696 ut
2119 666 2208 697 nos
2227 650 2457 697 instruere

351 725 464 772 velis
482 725 610 772 unde
627 725 1056 772 sanctimonialium
1084 726 1204 772 ordo
1233 728 1449 791 coeperit,
1481 738 1527 773 et
1551 743 1655 790 quae
1682 737 1853 774 nostrae
1882 729 1939 774 sit
1960 729 2264 792 professionis
2294 740 2457 776 aucto—

351 805 476 853 ritas.
502 805 707 852 Alterum
728 822 842 851 vero
862 816 931 851 est
945 841 957 863 ‚
982 815 1030 852 ut
1050 806 1256 870 aliquam
1276 806 1414 852 nobis
1434 807 1643 869 regulam
1673 807 1909 861 instituas,
1939 818 1984 854 et
2006 809 2228 873 scriptam
2253 809 2425 873 dirigas
2444 846 2455 868 ‚

351 901 455 947 quae
473 884 753 931 feminarum
770 884 828 930 sit
842 886 1062 948 propria,
1083 895 1128 932 et
1147 902 1204 932 ex
1222 886 1405 949 integro
1426 896 1597 932 nostrae
1612 887 1984 933 conversationis
2000 889 2010 910 ¹
2036 897 2208 934 statum
2224 888 2461 935 habitum-

352 981 444 1028 que
468 963 704 1011 describat
726 982 735 1010 :
765 964 898 1028 quod
916 965 1134 1012 nondum
1158 982 1186 1012 a
1205 966 1419 1013 Patribus
1444 966 1615 1013 sanctis
1638 976 1796 1013 actum
1822 983 1922 1013 esse
1943 968 2290 1031 conspeximus.
2317 969 2460 1031 Cujus

352 1044 547 1108 quidem
564 1045 632 1092 rei
649 1044 835 1091 defectu
854 1054 901 1091 et
922 1045 1182 1109 indigentia
1202 1063 1330 1093 nunc
1348 1047 1524 1110 agitur,
1550 1057 1601 1093 ut
1618 1047 1679 1093 ad
1698 1047 1911 1110 ejusdem
1931 1048 2101 1111 regulae
2119 1049 2461 1112 professionem

353 1135 449 1171 tam
473 1141 625 1172 mares
650 1142 793 1189 quam
820 1125 1004 1172 feminae
1029 1126 1075 1172 in
1102 1127 1399 1173 monasteriis
1423 1127 1770 1191 suscipiantur,
1795 1137 1842 1173 et
1869 1127 1996 1174 idem
2025 1128 2330 1175 institutionis
2352 1146 2463 1176 mo-

353 1204 539 1251 nasticae
557 1204 725 1268 jugum
746 1205 1007 1269 imponitur
1030 1204 1222 1252 infirmo
1247 1207 1377 1253 sexui
1404 1223 1537 1270 aeque
1564 1217 1615 1253 ut
1638 1207 1760 1253 forti.
1789 1210 1942 1254 Unam
1964 1209 2142 1272 quippe
2169 1224 2296 1254 nunc
2322 1225 2466 1271 regu-

353 1282 448 1330 lam
479 1284 607 1330 Beati
634 1283 873 1331 Benedicti
897 1283 1027 1349 apud
1055 1285 1247 1331 Latinos
1276 1284 1458 1332 feminae
1482 1285 1767 1350 profitentur
1792 1303 1924 1350 aeque
1950 1297 2000 1332 ut
2025 1287 2128 1332 viri.
2159 1290 2314 1343 Quam
2349 1288 2466 1333 sicut

353 1363 463 1410 viris
481 1363 787 1410 solummodo
812 1373 997 1411 constat
1019 1365 1243 1430 scriptam
1262 1382 1390 1424 esse,
1420 1367 1483 1413 ita
1512 1377 1558 1413 et
1577 1366 1636 1413 ab
1656 1367 1767 1432 ipsis
1786 1376 1970 1414 tantum
1991 1367 2175 1431 impleri
2201 1384 2340 1431 posse
2369 1372 2465 1414 tam

352 1441 572 1506 subjectis
589 1443 764 1507 pariter
777 1445 791 1466 ²
811 1460 956 1507 quam
974 1443 1190 1509 praelatis.
1220 1448 1278 1490 Ut
1298 1446 1427 1492 enim
1446 1455 1613 1492 caetera
1637 1462 1766 1492 nunc
1792 1446 2009 1492 omittam
2034 1447 2204 1511 regulae
2229 1448 2432 1511 capitula
2452 1485 2463 1507 ‚

353 1521 469 1585 quid
484 1521 546 1568 ad
563 1521 762 1569 feminas
780 1522 913 1587 quod
932 1522 993 1570 de
1012 1523 1232 1583 cuculliS‚
1262 1523 1591 1583 femoralibus,
1612 1535 1658 1571 et
1677 1525 1999 1590 scapularibus
2016 1525 2081 1572 ibi
2099 1527 2327 1590 scriptum
2347 1529 2467 1574 est³?

354 1601 481 1659 Quid
514 1601 720 1666 denique
747 1602 808 1649 ad
837 1604 960 1667 ipsas
987 1602 1048 1650 de
1086 1604 1257 1651 tunicis
1286 1615 1366 1651 aut
1393 1605 1454 1652 de
1482 1605 1631 1652 laneis
1660 1604 1721 1652 ad
1749 1621 1943 1652 carnem
1969 1606 2283 1664 indumentiS,
2320 1624 2468 1671 quum

355 1697 516 1728 earum
535 1682 750 1729 humoris
774 1684 1000 1747 superflui
1026 1694 1279 1732 menstruae
1298 1687 1600 1750 purgationes
1626 1685 1725 1733 haec
1744 1687 1942 1732 omnino
1970 1687 2232 1750 refugiant?
2258 1688 2384 1744 Quid
2409 1689 2469 1735 ad

354 1762 478 1826 ipsas
497 1762 662 1819 etiam,
693 1763 826 1826 quod
852 1763 914 1810 de
935 1763 1105 1811 abbate
1123 1766 1343 1812 statuitur
1360 1768 1395 1822 θ’,
1430 1776 1480 1812 ut
1499 1767 1598 1830 ipse
1623 1766 1877 1812 lectionem
1898 1766 2024 1813 dicat
2049 1767 2394 1831 evangelicam,
2425 1779 2471 1814 et

353 1850 461 1904 post
491 1841 642 1906 ipsam
670 1841 906 1905 hymnum
939 1843 1163 1907 incipiat?
1195 1844 1322 1901 Quid
1353 1844 1413 1891 de
1442 1861 1605 1891 mensa
1637 1844 1817 1892 abbatis
1848 1846 2044 1892 seorsim
2071 1863 2180 1892 cum
2213 1847 2471 1911 peregrinis

355 1930 400 1967 et
421 1919 686 1986 hospitibus
709 1922 1043 1970 constituenda
1056 1922 1097 1968 ³?
1119 1924 1345 1987 Nunquid
1365 1933 1537 1970 nostrae
1556 1926 1779 1971 convenit
1799 1925 2039 1989 religioni,
2066 1935 2115 1971 ut
2130 1925 2204 1972 vel
2225 1942 2469 1989 nunquam

353 2001 611 2067 hospitium
634 2002 741 2049 viris
760 2002 1023 2067 praebeatur
1036 2005 1071 2063 ⁸,
1106 2014 1186 2050 aut
1201 2021 1311 2051 cum
1330 2005 1403 2051 his
1421 2021 1543 2068 quos
1563 2006 1820 2070 susceperit
1838 2006 1948 2052 viris
1965 2005 2198 2053 abbatissa
2216 2007 2470 2053 comedat?

354 2083 397 2127 Ο
415 2098 560 2146 quam
579 2081 723 2130 facilis
742 2083 801 2130 ad
823 2084 1011 2130 ruinam
1029 2084 1298 2132 animarum
1320 2085 1531 2132 virorum
1556 2101 1611 2132 ac
1631 2085 1883 2132 mulierum
1909 2086 1955 2132 in
1980 2103 2129 2132 unuin
2149 2086 2460 2133 cohabitatio!

353 2161 553 2208 Maxime
575 2178 687 2209 vero
719 2163 765 2209 in
793 2179 983 2221 mensa,
1013 2163 1092 2210 ubi
1120 2164 1313 2229 crapula
1337 2165 1612 2212 dominatur
1643 2175 1690 2212 et
1718 2165 1944 2224 ebrietas,
1973 2176 2017 2213 et
2044 2167 2207 2213 vinum
2239 2168 2285 2212 in
2314 2167 2470 2214 dulce-

354 2241 465 2295 dine
496 2241 695 2301 bibitur,
738 2243 784 2288 in
815 2259 913 2306 quo
945 2252 1013 2290 est
1039 2243 1238 2291 luxuria.
1276 2244 1419 2303 Quod
1457 2256 1503 2292 et
1535 2245 1700 2292 beatus
1733 2262 2001 2310 praecavens
2032 2247 2377 2311 Hieronymus,
2409 2247 2467 2294 ad

356 2330 554 2369 matrem
584 2331 628 2367 et
653 2320 796 2368 filiam
825 2321 1035 2369 scribens
1059 2323 1276 2370 meminit
1307 2324 1469 2371 dicens
1496 2327 1510 2349 Ἴ
1551 2343 1560 2371 :
1612 2343 1635 2370 «
1657 2324 1856 2372 Difficile
1896 2326 2016 2373 inter
2054 2326 2218 2391 epulas
2254 2337 2468 2373 servatur

355 2399 595 2464 pudicitia.
625 2419 647 2444 »
688 2403 792 2465 lpse
824 2417 1018 2465 quoque
1045 2412 1188 2467 poeta
1213 2402 1406 2450 luxuriae
1436 2404 1836 2469 turpitudinisque
1863 2403 2036 2452 doctor
2060 2405 2182 2452 libro
2210 2408 2470 2452 Anmtorioe

355 2481 489 2526 Artis
516 2479 750 2528 intitulato
779 2491 1005 2544 quantam
1027 2481 1349 2537 fornicationis
1381 2484 1710 2530 occasionem⁸
1741 2484 1959 2531 convivia
1994 2485 2196 2531 maxime
2232 2485 2469 2550 piaebeant

355 2559 563 2608 studiose
583 2561 856 2626 exequitur,
881 2561 1045 2609 dicens
1062 2564 1076 2586 ⁹
1098 2581 1107 2610 ι

812 2679 989 2733 Vinaque
1008 2692 1133 2734 quum
1152 2678 1310 2722 bibulas
1328 2693 1511 2735 sparsere
1530 2681 1742 2736 Cupidinis
1761 2682 1869 2730 alas,

864 2749 1096 2800 Permanet,
1117 2754 1158 2790 et
1176 2755 1312 2803 coepto
1331 2755 1411 2791 stat
1429 2751 1565 2803 grayis
1584 2750 1650 2791 ille
1661 2750 1790 2793 loco..
1802 2782 1828 2791 ..

810 2817 924 2857 'l‘unc
941 2818 1108 2858 veniunt
1127 2818 1234 2859 risus
1246 2851 1256 2870 ,
1282 2825 1376 2860 tunc
1397 2832 1549 2876 pauper
1567 2833 1721 2861 cornua
1739 2821 1864 2862 sumit
1881 2839 1890 2869 ;

861 2885 974 2925 Tunc
992 2884 1110 2926 dolor
1129 2892 1170 2926 et
1188 2899 1316 2938 curae,
1336 2887 1682 2949 rugaquefrontis
1700 2887 1850 2928 abir...

806 2949 892 2992 lllic
910 2964 1017 3006 saepe
1036 2952 1196 2995 animos
1210 2953 1406 3008 juvenum
1426 2952 1596 3010 rapuere
1613 2955 1781 3010 puellae,

858 3021 907 3059 Et
924 3021 1059 3061 Venus
1077 3021 1119 3062 in
1141 3022 1276 3072 venis,
1298 3023 1405 3076 ignis
1423 3023 1465 3063 in
1485 3024 1581 3077 igne
1596 3023 1692 3064 furit
1706 3024 1742 3063 ¹⁰.
1783 3015 1806 3043 ‘¹

359 3127 582 3198 Nunquid
610 3140 657 3180 et
684 3133 722 3180 si
757 3133 953 3182 feminas
977 3135 1101 3183 solas
1127 3135 1335 3202 hospitio
1358 3149 1598 3203 susceptas
1623 3138 1683 3185 ad
1717 3154 1930 3185 mensam
1958 3138 2255 3195 admiserint,
2287 3140 2468 3187 nullum

405 3292 414 3308 ¹
441 3292 658 3327 (lonver-rionis
672 3293 697 3326 C
711 3300 743 3326 ct
758 3292 824 3327 MS.
841 3293 936 3327 Amb.
950 3312 971 3318 -
986 3297 1198 3338 Profa-sionis
1214 3297 1279 3331 MS.
1296 3297 1389 3331 Δῃὼ.
1438 3297 1448 3314 ²
1463 3297 1567 3342 Epist.
1588 3309 1706 3332 cxxxix
1721 3324 1730 3339 ‚
1752 3298 1832 3339 opp.
1862 3304 1885 3331 t.
1912 3298 1967 3338 tv,
1986 3310 2021 3342 p.
2041 3300 2116 3332 732.
2132 3317 2175 3324 —
2191 3298 2203 3316 ¹
2226 3301 2309 3339 Quot
2329 3307 2469 3341 tempora

359 3363 403 3370 —-
416 3345 428 3363 ¹
449 3346 570 3380 Pariter
606 3355 695 3391 patet
729 3349 791 3382 BC.
807 3366 851 3372 —-
874 3349 886 3366 ³
910 3349 1031 3393 Regula
1060 3352 1168 3386 Sancti
1203 3353 1367 3387 Benedicti
1382 3379 1388 3393 ,
1435 3357 1616 3395 impunitati
1631 3363 1661 3387 ee
1675 3356 1815 3388 lasciviae
1829 3361 2008 3396 opportuna
2025 3354 2121 3389 Rus.
2134 3354 2202 3380 —⁹
2218 3354 2328 3397 ovid.‚
2343 3358 2383 3388 de
2395 3356 2472 3388 Arte

360 3410 435 3446 cap.
453 3402 572 3436 tv.—⁴
587 3403 710 3447 Regula
726 3404 835 3438 Sancti
851 3404 1035 3447 Benedicti,
1053 3417 1126 3451 cap.
1143 3420 1187 3441 xi.
1206 3427 1228 3432 -
1243 3410 1256 3426 ⁶
1271 3409 1391 3453 Regula
1436 3411 1591 3449 Amandi,
1613 3411 1669 3444 tib.
1689 3411 1719 3451 l,
1735 3421 1766 3444 v.
1783 3413 1844 3444 2823
1862 3418 1894 3445 et
1909 3422 1959 3455 sq.
1973 3428 2017 3436 -
2037 3411 2064 3429 '⁰
2084 3413 2154 3445 Fuit
2172 3399 2264 3457 [Bc.
2281 3392 2331 3465 D

359 3458 470 3492 Sancti
486 3459 667 3499 Benedicti,
684 3471 758 3505 cap.
777 3472 885 3494 tw.—
898 3461 1033 3499 ‘'ff—D.
1047 3480 1068 3487 -
1082 3464 1233 3497 Proebeat
1252 3464 1333 3498 Edd.
1364 3484 1391 3489 —
1624 3468 1627 3471 “
