2970 4152
884 447 1194 496 EXPOSlTlO
1230 447 1546 496 ORATIONIS
1579 447 1903 496 DOMINICAE.
2363 449 2454 496 597

335 546 553 594 basilicas
581 545 797 605 evolant,
834 544 1045 592 vestibus
1073 542 1352 590 melioribus
1385 559 1550 589 coram
1583 543 1852 608 aspectibus
1878 542 2135 590 hominum
2163 543 2335 607 singuli
2368 561 2458 610 pro

333 642 476 691 posse
504 642 592 673 suo
621 642 672 672 se
703 625 966 684 adornant,
1002 624 1205 671 domum
1237 623 1325 670 Dei
1354 623 1505 670 sancti
1528 623 1664 686 quasi
1694 622 1778 669 filii
1800 623 1888 670 Dei
1910 624 2231 671 communiter
2252 624 2455 683 intrant,

336 721 492 770 genua
510 704 735 764 flectunt,
759 714 957 770 pectora
977 703 1190 751 tundunt
1207 740 1219 762 ,
1245 718 1416 749 manus
1441 702 1746 766 expandunt,
1773 719 1859 750 ora
1889 703 2131 767 aperiunt,
2158 720 2330 768 preces*
2350 703 2458 750 fim-

335 785 482 845 dunt,
499 785 712 832 dicentes
732 803 744 832 z
770 788 943 832 «Pater
964 795 1146 843 noster,
1169 803 1193 829 »
1211 783 1314 842 sed,
1331 783 1466 849 quod
1479 783 1582 830 sine
1595 784 1727 847 gravi
1745 800 1952 831 moerore
1971 784 2231 832 dicendum
2244 803 2345 833 non
2363 796 2433 833 est
2446 824 2456 844 ,

336 881 484 930 quam
498 864 636 912 multi
648 864 851 912 domum
864 866 970 924 Dei,
987 865 1252 912 Dominum
1265 864 1566 929 deprecaturi
1579 864 1933 928 ingrediuntur,
1945 875 1992 912 et
2004 882 2150 929 quam
2163 866 2302 930 pauci
2320 883 2461 914 exau-

335 944 562 992 diuntur?
580 947 739 1002 Quam
751 945 890 992 multi
901 945 1167 992 Dominum
1188 954 1364 992 vocant
1377 945 1427 991 in
1444 944 1536 991 hac
1553 944 1772 991 oratione
1792 963 1802 990 :
1823 963 1847 989 «
1865 947 2001 992 Pater
2023 956 2203 1005 noster,
2224 966 2244 990 υ
2263 947 2346 1010 qui
2360 963 2459 993 non

336 1036 450 1073 sunt
464 1026 565 1090 ejus
577 1025 686 1087 filii,
705 1026 790 1073 sed
804 1026 928 1073 illius
946 1027 1094 1091 patris
1111 1026 1171 1073 de
1187 1043 1286 1090 quo
1305 1026 1537 1091 scriptum
1553 1028 1659 1072 est¹z
1684 1044 1707 1070 «
1729 1027 1827 1073 Vos
1844 1042 1901 1072 ex
1918 1035 2055 1090 patre
2074 1026 2268 1073 diabolo
2286 1025 2417 1073 estis!
2437 1046 2458 1069 η

335 1106 424 1152 Dei
446 1116 682 1153 non-sunt
703 1104 811 1165 filii,
837 1106 921 1170 qui
937 1105 1144 1170 jamdiu
1168 1105 1483 1171 perdiderunt
1505 1105 1706 1170 gratiam
1728 1123 1739 1151 ε
1763 1104 1945 1152 diaboli
1973 1115 2085 1152 sunt
2111 1105 2219 1165 filii,
2245 1107 2357 1170 quia
2378 1124 2464 1171 per

335 1185 611 1250 superbiam
633 1203 715 1234 eos
744 1188 930 1251 genuit,
953 1197 1001 1234 et
1022 1188 1171 1234 nutrit
1193 1204 1279 1252 per
1301 1187 1511 1252 culpam.
1537 1186 1640 1233 Filii
1667 1196 1779 1234 sunt
1801 1186 1982 1233 diaboli
2005 1203 2173 1234 omnes
2198 1187 2458 1248 immundi,

336 1266 692 1327 concubinarii,
725 1267 788 1315 ad
812 1266 1036 1314 ultimum
1065 1268 1219 1327 avari,
1256 1267 1501 1327 maledici,
1533 1267 1864 1327 foeneratores,
1892 1277 1940 1314 et
1968 1267 2070 1314 aliis
2098 1267 2464 1332 quibuscunque

336 1346 690 1395 damnabilibus
723 1348 931 1413 peccatis
969 1348 1217 1412 depravati
1250 1348 1333 1412 qui
1371 1347 1539 1395 dicunt
1575 1347 1707 1395 fratri
1742 1363 1831 1394 suo
1852 1385 1863 1407 ,
1894 1367 1917 1392 α
1944 1347 2095 1406 fatue,
2123 1366 2146 1390 »
2178 1348 2261 1412 qui
2298 1348 2466 1395 vident

336 1426 586 1474 mulierem
608 1426 671 1475 ad
692 1427 1139 1493 concupiscendum
1156 1443 1281 1475 eam.
1303 1431 1361 1474 Et
1383 1428 1675 1492 quicunque,
1697 1427 1783 1474 etsi
1805 1444 1905 1474 non
1920 1443 2145 1492 perverso
2170 1444 2339 1492 opere,
2360 1445 2467 1492 per·-

335 1523 474 1556 versa
495 1517 657 1555 tamen
680 1524 708 1556 a
736 1511 839 1556 Deo
871 1509 1078 1574 separati
1109 1519 1222 1557 sunt
1252 1509 1517 1569 voluntate,
1543 1519 1591 1556 et
1623 1509 1758 1574 quod
1791 1508 1944 1556 multo
1979 1509 2167 1573 gravius
2198 1519 2291 1568 est,
2333 1511 2466 1574 quod

337 1588 487 1652 magis
507 1588 724 1636 flendum
746 1599 839 1649 est,
859 1607 960 1637 non
982 1590 1140 1637 solum
1154 1590 1373 1654 vulgares
1396 1601 1444 1638 et
1464 1590 1648 1638 indocti
1669 1590 1799 1650 laici,
1818 1607 1987 1638 verum
2010 1591 2155 1638 etiam
2175 1601 2223 1638 et
2245 1591 2467 1638 innume—

337 1668 512 1716 rabiles
539 1670 691 1716 nostri
722 1671 954 1735 temporis
987 1671 1282 1731 sacerdotes,
1309 1671 1392 1736 qui
1423 1688 1559 1719 sacro
1590 1672 1810 1736 peruncti
1838 1681 1949 1719 sunt
1978 1670 2110 1730 oleo,
2140 1672 2222 1736 qui
2251 1672 2467 1735 quotidie

337 1749 482 1796 sacris
504 1758 740 1796 ornantur
768 1750 1005 1809 vestibus,
1031 1751 1177 1798 sacris
1208 1752 1434 1798 assistunt
1462 1751 1714 1811 altaribus,
1741 1752 1824 1816 qui
1853 1762 2207 1799 sacramentum
2237 1751 2466 1799 dominici

337 1828 554 1893 corporis
579 1838 627 1876 et
657 1830 900 1893 sanguinis
929 1839 1132 1877 tractare
1161 1831 1487 1878 mundissimis
1519 1831 1742 1879 manibus
1773 1831 1976 1890 debent,
2007 1832 2272 1878 Dominum
2300 1849 2390 1897 pro
2419 1850 2468 1880 se

337 1906 524 1972 sibique
552 1909 819 1957 commissis
846 1909 1036 1974 placare
1068 1910 1255 1958 devotis
1289 1911 1513 1976 precibus
1539 1930 1549 1957 ε
1580 1911 1696 1976 ipsi,
1730 1911 1952 1975 inquam,
1985 1911 2210 1958 sordibus
2241 1909 2468 1981 vitiorum

338 1988 668 2049 involvuntur,
699 1991 790 2055 ipsi
827 1991 1025 2039 maculis
1047 2002 1357 2056 peccatorum
1382 1991 1689 2056 polluuntur,
1716 1991 1799 2038 sed
1835 2002 1905 2050 et,
1931 1991 2065 2056 quod
2101 1992 2343 2040 scelestius
2372 2004 2465 2051 est,

339 2085 440 2115 non
464 2069 622 2116 solum
641 2070 813 2118 talibus
835 2070 1058 2135 qualibus
1081 2071 1219 2118 multi
1242 2071 1348 2118 laici
1372 2071 1613 2118 foedantur
1640 2071 1921 2128 sceleribus3
1948 2071 2033 2118 sed
2062 2071 2215 2118 multo
2241 2073 2469 2135 graviori—

338 2149 429 2197 bus
448 2187 459 2209 ,
485 2160 532 2197 et
554 2167 654 2198 non
677 2151 726 2197 in
752 2150 1143 2206 aedificationem,
1176 2152 1260 2199 sed
1289 2152 1338 2198 in
1368 2151 1650 2199 scandalum
1680 2162 1726 2199 et
1755 2152 1803 2198 in
1834 2152 2023 2198 ruinam
2052 2152 2347 2217 populorum
2370 2154 2470 2216 jam

338 2231 505 2295 positi,
534 2231 760 2279 omnibus
782 2231 1117 2297 proverbium,
1143 2233 1264 2280 risus
1297 2242 1344 2280 et
1374 2242 1681 2298 contemptus
1711 2232 1820 2280 sacti
1850 2242 1978 2279 sunt.
2006 2233 2167 2279 Sciant
2189 2233 2333 2280 etiam
2356 2233 2471 2281 tales

339 2310 611 2359 sacerdotes
626 2312 760 2377 quod
782 2312 1017 2377 quotidie,
1044 2312 1243 2377 quando
1262 2313 1469 2378 primam
1483 2313 1655 2360 horam
1672 2316 1775 2360 Deo
1790 2313 2051 2361 decantant
2063 2350 2074 2372 ,
2095 2313 2170 2380 vel
2191 2314 2471 2378 semetipsos

340 2390 635 2439 maledicunt
646 2429 658 2451 ,
679 2392 755 2440 vel
771 2393 1101 2440 testimonium
1117 2393 1292 2440 divinae
1309 2393 1660 2441 maledictionis
1677 2394 1932 2440 adversum
1951 2410 2001 2440 se
2018 2393 2203 2452 dicunt,
2231 2393 2349 2440 dum
2364 2412 2472 2459 pro-

342 2471 554 2518 ferunt²z
587 2492 610 2516 «
631 2472 870 2519 Maledicti
891 2473 975 2537 qui
998 2473 1241 2520 declinant
1263 2490 1291 2521 a
1313 2473 1551 2521 mandatis
1580 2474 1690 2520 tuis.
1711 2492 1736 2518 »
1762 2474 2050 2537 Quicunque
2074 2473 2215 2536 igitur
2233 2510 2244 2532 ,
2274 2473 2466 2534 fratres,

342 2554 497 2598 Deum
520 2551 570 2598 in
593 2552 823 2599 Oratione
845 2552 1100 2600 Dominica
1120 2562 1308 2618 patrem
1330 2563 1487 2614 vocat,
1507 2554 1782 2618 quicunque
1807 2552 1868 2601 ab
1891 2570 1950 2600 eo
1974 2552 2188 2600 exaudiri
2211 2553 2466 2612 desiderat,

342 2630 499 2689 taliter
510 2631 656 2691 vivat,
680 2642 732 2679 ut
747 2635 875 2680 Deus
892 2650 1003 2680 eum
1019 2650 1160 2680 suum
1179 2633 1330 2681 fllium
1347 2643 1662 2698 recognoscat
1681 2651 1782 2681 esse
1800 2650 1886 2699 per
1906 2635 2128 2698 gratiam,
2151 2634 2234 2698 qui
2253 2634 2470 2680 omnium

337 2722 479 2777 pater
491 2722 562 2760 est
574 2730 660 2778 per
678 2724 916 2762 naturam.
939 2714 1179 2780 Alioquin,
1198 2731 1350 2780 quum
1360 2714 1673 2779 judicabitur,
1695 2714 1840 2762 exibit
1857 2714 2209 2762 condemnatus
2221 2751 2232 2773 ,
2255 2724 2300 2760 et
2315 2715 2470 2761 oratio

343 2790 485 2856 hujus
519 2791 601 2840 fiet
635 2794 684 2840 in
719 2804 999 2859 peccatum:
1032 2814 1055 2840 «
1081 2798 1216 2842 Pater
1239 2805 1426 2854 noster,
1455 2796 1538 2860 qui
1567 2812 1616 2843 es
1639 2796 1689 2842 in
1713 2795 1860 2843 coelis.
1887 2814 1910 2840 »
1937 2795 2031 2853 Qui
2059 2794 2192 2853 dicit,
2223 2804 2418 2859 «pater,
2444 2814 2466 2839 »

343 2883 504 2938 captat
515 2873 1023 2940 benevolentiam;qui
1037 2876 1152 2924 dicit
1166 2895 1188 2921 α
1208 2887 1388 2936 noster,
1405 2895 1429 2921 »
1450 2876 1657 2924 excludit
1678 2876 1970 2942 superbiam.
1990 2876 2084 2934 Qui
2109 2875 2241 2935 dicit,
2271 2895 2292 2919 «
2318 2876 2400 2939 qui
2422 2870 2473 2922 es

344 2954 393 3000 in
417 2954 566 3013 coelis,
590 2973 614 2999 »
631 2955 822 3003 exhibet
843 2957 1178 3004 reverentiam.
1196 2958 1290 3015 Qui
1313 2957 1451 3017 dicit,
1476 2967 1669 3023 «pater,
1695 2977 1719 3003 »
1746 2967 1906 3023 captat
1927 2956 2332 3015 benevolentiam,
2359 2956 2471 3020 quia

347 3034 479 3099 pium
501 3034 692 3082 clamat.
719 3036 814 3093 Qui
836 3036 951 3084 dicit
976 3056 999 3083 «
1020 3047 1200 3097 noster,
1224 3057 1248 3083 »
1269 3038 1477 3085 excludit
1498 3038 1795 3104 superbiam,
1822 3038 1935 3103 quia
1957 3055 2057 3085 non
2081 3037 2171 3084 sibi
2194 3046 2471 3100 arroganter

345 3116 623 3181 proprium,
657 3127 739 3164 aut
766 3117 1045 3183 specialem;
1076 3118 1161 3166 sed
1189 3128 1238 3166 et
1265 3119 1367 3167 aliis
1396 3120 1540 3167 etiam
1570 3136 1882 3167 communem
1911 3118 2179 3166 denuntiat.
2207 3118 2300 3175 Qui
2329 3117 2467 3175 dicit,

349 3216 372 3242 «
390 3197 474 3261 qui
498 3213 548 3244 es
569 3197 619 3244 in
641 3197 794 3257 coelis,
817 3217 841 3243 »
859 3197 1051 3246 exhibet
1071 3200 1413 3258 reverentiam,
1440 3201 1552 3265 quia
1575 3217 1677 3261 non
1698 3199 1855 3247 solum
1877 3199 2077 3259 infimis,
2098 3198 2183 3246 sed
2205 3207 2252 3245 et
2273 3197 2471 3245 summis

347 3291 459 3324 eum
480 3276 732 3341 praesidere
762 3278 1003 3343 praedicat.
1034 3298 1057 3326 «
1078 3279 1409 3327 Sanctificetur
1431 3297 1610 3327 nomen
1634 3290 1789 3327 tuum.
1812 3299 1835 3323 υ
1863 3279 2011 3326 Multa
2034 3288 2146 3326 sunt
2168 3279 2366 3325 nomina
2397 3277 2469 3324 di-

346 3355 475 3403 vina.
499 3358 644 3414 Quod
665 3375 779 3423 ergo
802 3375 982 3407 nomen
1005 3359 1211 3425 petimus
1229 3359 1531 3420 sanctificari,
1557 3376 1709 3424 quum
1732 3358 1935 3407 dicimus
1954 3378 1964 3406 :
1986 3357 2357 3406 «Sanctificetur
2380 3373 2468 3402 no-

392 3523 402 3541 ¹
424 3523 534 3564 Joan„
548 3534 621 3569 cap.
638 3536 714 3567 vm,
728 3536 758 3560 v.
777 3527 833 3560 Η.
848 3544 888 3550 -
906 3525 919 3544 ⁸
933 3526 1051 3560 Psalm.
1070 3537 1173 3569 cxvu,
1194 3538 1226 3561 v.
1244 3529 1297 3560 21.
