2970 4152
1255 428 1569 481 EPISTOLAE.
1810 470 1816 475 ,
2409 428 2470 472 75

362 526 530 584 serim,
566 534 614 571 et
645 540 790 588 quam
828 522 1106 571 miserabili¹
1135 538 1246 568 casu
1288 537 1474 569 summa
1505 530 1551 567 et
1581 520 1757 584 ubique
1791 531 1904 569 nota
1940 520 2178 586 proditio²
2210 537 2287 567 me
2322 522 2470 585 ipsam

363 621 556 669 quoque
581 604 697 652 mihi
721 614 878 653 tecum
895 603 1137 651 abstulerit
1152 638 1163 660 ‚
1184 611 1231 649 et
1248 600 1699 666 incomparabiliter³
1717 601 1869 664 major
1890 601 1948 648 sit
1972 600 2112 648 dolor
2130 618 2186 648 ex
2210 601 2473 648 amissionis

363 684 513 733 modo
531 701 677 748 quam
695 701 751 730 ex
766 685 780 707 ⁴
803 683 998 733 damno.
1022 685 1131 740 Quo
1156 698 1270 731 vero
1287 681 1447 744 major*
1463 689 1534 727 est
1556 680 1753 731 dolendi
1778 696 1942 739 causa,
1963 680 2142 744 majora
2170 689 2280 726 sunt
2305 695 2474 726 conso-

363 765 552 813 lationis
581 764 851 812 adhibenda
877 763 1110 823 remedia,
1135 779 1233 814 non
1259 763 1423 826 utique
1451 760 1512 808 ab
1536 761 1652 820 alio,
1681 760 1765 807 sed
1780 777 1808 807 a
1827 761 2002 826 teipso,
2035 771 2087 808 ut
2105 762 2188 825 qui
2211 761 2340 808 solus
2357 777 2406 809 es
2426 761 2472 806 in

365 862 506 893 causa
524 844 745 902 dolendi,
768 843 897 891 solus
913 845 977 893 sis
995 845 1044 892 in
1063 844 1211 908 gratia
1226 842 1524 890 consolandi.
1547 841 1684 889 Solus
1702 842 1880 906 quippe
1899 858 1948 888 es
1967 843 2050 905 qui
2068 859 2145 889 me
2170 843 2448 893 contristare
2461 878 2471 898 ‚

366 927 448 989 qui
467 942 546 978 me
563 923 796 975 laetificare
809 960 822 983 ,
851 941 934 972 seu
953 925 1188 973 consolari
1207 923 1376 971 valeas.
1400 925 1458 969 Et
1481 922 1611 969 solus
1630 938 1680 969 es
1697 922 1780 986 qui
1804 922 2064 986 plurimum
2084 921 2133 968 id
2150 922 2266 969 mihi
2282 922 2473 979 deheim,

366 1014 413 1053 et
431 1015 544 1053 tunc
562 1004 766 1053 maxime
783 1021 934 1068 quum
953 1005 1170 1052 universa
1189 1020 1293 1068 quae
1306 1002 1499 1066 jusseris
1519 1003 1568 1050 in
1586 1011 1772 1049 tantum
1790 1002 2103 1066 impleverim,
2127 1013 2177 1049 ut
2196 1020 2346 1067 quum
2365 1013 2410 1053 te
2430 1005 2478 1050 iu

365 1085 526 1148 aliquo
554 1084 809 1135 ,offendere
839 1101 937 1132 non
963 1101 1181 1149 possem,
1210 1085 1441 1148 meipsam
1470 1099 1560 1148 pro
1582 1083 1715 1146 jussu
1742 1093 1825 1135 tuo
1855 1083 2053 1147 perdere
2095 1084 2390 1146 sustinerem.
2422 1087 2475 1131 Et

366 1164 500 1228 quod
523 1165 676 1228 majus
699 1175 792 1224 est,
821 1165 1047 1229 dictuque
1080 1164 1321 1224 mirabile,
1360 1165 1408 1210 in
1439 1173 1620 1213 tantam
1651 1180 1814 1211 versus
1832 1166 1846 1188 ⁵
1875 1174 1945 1210 est
1975 1181 2111 1213 amor
2141 1165 2370 1217 insaniam
2388 1202 2400 1223 ,
2430 1177 2479 1212 ut

367 1244 500 1308 quod
518 1245 674 1292 solum
693 1245 945 1311 appetebat
960 1282 972 1304 ,
1002 1245 1095 1293 hoc
1120 1247 1220 1310 ipse
1244 1244 1331 1291 sibi
1357 1245 1459 1292 sine
1482 1261 1566 1309 spe
1591 1244 1961 1310 recuperationis
1986 1245 2214 1304 auferret,
2244 1263 2394 1310 quum
2421 1247 2479 1292 ad

368 1335 499 1373 tuam
520 1326 677 1373 statim
697 1326 960 1390 jussionem
974 1327 988 1350 ⁶
1005 1335 1100 1373 tam
1119 1325 1335 1373 habitum
1355 1325 1454 1390 ipsa
1477 1341 1623 1389 quam
1646 1325 1860 1372 animum
1885 1325 2187 1373 immutarem
2212 1343 2220 1370 :
2246 1336 2297 1372 ut
2316 1336 2362 1373 te
2387 1337 2482 1374 tam

368 1406 584 1471 corporis
601 1407 695 1453 mei
713 1423 858 1470 quam
875 1407 1020 1454 animi
1038 1406 1231 1455 unicum
1247 1421 1569 1471 possessorem
1582 1407 1596 1429 '¹
1611 1405 1929 1453 ostenderem.
1953 1405 2077 1455 Nihil
2102 1423 2315 1471 unquam
2332 1407 2485 1469 (Deus

369 1485 487 1547 scit)
510 1485 559 1532 in
586 1495 632 1532 te
669 1487 760 1536 nisi
788 1496 832 1535 te
866 1486 1112 1550 nequisivi3
1142 1496 1188 1534 te
1214 1502 1360 1551 pure,
1399 1502 1500 1532 non
1536 1495 1617 1532 tua
1657 1486 2014 1550 concupiscens.
2056 1489 2161 1533 Non
2196 1487 2483 1534 matrimonii

370 1564 547 1614 foedera
566 1602 578 1624 ‚
609 1583 709 1613 non
728 1567 872 1617 dotes
898 1567 1078 1631 aliquas
1105 1567 1372 1632 expectavi,
1401 1583 1501 1613 non
1530 1565 1741 1631 denique
1766 1582 1895 1613 meas
1922 1565 2186 1631 voluptates
2210 1577 2290 1614 aut
2315 1567 2484 1613 volun-

369 1655 513 1704 tates,
536 1646 621 1693 sed
646 1657 780 1707 tuas,
809 1648 1047 1713 sicutipse
1065 1648 1191 1696 nosti
1213 1683 1226 1707 ,
1256 1647 1516 1712 adimplere
1540 1646 1715 1694 studui.
1733 1650 1797 1697 Et
1815 1648 1854 1694 si
1881 1648 2064 1694 uxoris⁸
2082 1664 2259 1694 nomen
2285 1650 2488 1695 sanctius

369 1742 426 1773 ac
450 1726 652 1774 validius
676 1728 890 1788 videtur,
920 1728 1113 1778 dulcius
1138 1729 1255 1776 mihi
1280 1744 1468 1793 semper
1493 1728 1643 1775 extitit
1666 1728 1828 1776 amicae
1853 1727 2164 1787 vocabulum3
2193 1739 2295 1787 aut,
2326 1730 2360 1774 si
2389 1745 2486 1774 non

370 1807 653 1870 indigneris,
683 1809 962 1856 concubinae
986 1810 1061 1856 vel
1088 1810 1258 1869 scorti3
1288 1819 1365 1868 ut,
1395 1825 1493 1872 quo
1519 1825 1596 1855 me
1620 1808 1840 1856 videlicet
1866 1825 1953 1873 pro
1977 1820 2021 1855 te
2046 1808 2248 1874 amplius
2271 1807 2490 1855 humilia-

368 1903 494 1946 rem,
514 1887 800 1953 ampliorem
824 1888 953 1953 apud
973 1899 1018 1936 te
1032 1905 1352 1954 consequerer
1376 1889 1596 1953 gratiam,
1619 1898 1666 1936 et
1685 1889 1752 1935 sic
1777 1889 1919 1936 etiam
1944 1888 2229 1936 excellentiae
2248 1899 2338 1936 tuae
2352 1891 2365 1911 ⁹
2390 1888 2489 1951 glo-

371 1968 490 2018 riam
520 1968 680 2016 minus
711 1968 951 2017 laederem.
980 1969 1126 2027 Quod
1151 1979 1198 2016 et
1225 1978 1278 2016 tu
1304 1969 1404 2034 ipse
1430 1969 1499 2016 tui
1526 1969 1674 2032 gratia
1704 1967 1879 2015 oblitus
1905 1969 2093 2033 penitus
2119 1985 2218 2015 non
2255 1968 2379 2015 fuisti
2402 2005 2412 2026 ,
2442 1970 2490 2014 iu

371 2065 457 2109 ea,
480 2066 627 2113 quam
650 2065 794 2115 supra
822 2050 1048 2108 memini,
1077 2050 1145 2097 ad
1170 2052 1391 2097 Amicum
1416 2049 1615 2115 epistola
1638 2065 1727 2113 pro
1746 2049 2074 2096 consolatione
2099 2049 2302 2107 directa3
2340 2048 2420 2095 ubi
2447 2062 2490 2096 et

371 2130 578 2177 rationes
597 2129 853 2178 nonnullas
871 2166 885 2189 ,
908 2129 1084 2194 quibus
1104 2139 1149 2176 te
1173 2146 1201 2177 a
1219 2130 1445 2194 conjugio
1464 2139 1630 2177 nostro
1647 2129 1861 2176 infaustis
1875 2128 2094 2176 thalamis
2110 2146 2332 2179 revocare
2351 2148 2494 2178 cona-

372 2209 458 2258 bar
473 2246 486 2270 ,
503 2227 744 2276 exponere
762 2227 862 2258 non
875 2227 925 2259 es
942 2210 1250 2275 dedignatus,
1272 2210 1356 2258 sed
1375 2210 1614 2276 plerisque
1629 2210 1780 2257 tacitis
1794 2246 1806 2268 ,
1827 2209 2000 2274 quibus
2018 2227 2231 2258 amorem
2251 2213 2491 2277 conjugio,

368 2289 638 2338 libertatem
663 2290 854 2339 vinculo
877 2290 1203 2356 praeferebam.
1240 2293 1396 2338 Deum
1422 2300 1592 2338 testem
1622 2290 1796 2337 invoco
1812 2325 1824 2348 ‚
1852 2290 1891 2337 si
1916 2307 1993 2338 me
2026 2294 2257 2356 Augustus
2278 2294 2495 2340 universo

371 2370 629 2434 praesidens
646 2370 830 2420 mundo
856 2371 1148 2418 matrimonii
1172 2370 1362 2418 honore
1387 2369 1686 2434 dignaretur,
1720 2379 1969 2435 totumque
1995 2371 2112 2418 mihi
2134 2371 2302 2420 orbem
2325 2375 2498 2420 contir-

373 2459 524 2497 maret
564 2451 613 2498 in
652 2460 887 2516 perpetuo
926 2450 1280 2516 praesidendum
1301 2486 1313 2509 ‚
1354 2450 1510 2497 carius
1544 2448 1662 2496 mihi
1705 2459 1751 2496 et
1783 2449 1972 2514 dignius
2009 2450 2250 2498 videretur
2290 2462 2369 2498 tua
2404 2452 2495 2499 dici

372 2529 620 2588 meretrix,
649 2546 795 2593 quam
819 2529 943 2577 illius
964 2530 1255 2595 imperatrix.
1287 2533 1393 2577 Non
1426 2530 1556 2576 enim
1581 2545 1679 2593 quo
1705 2530 1906 2594 quisque
1932 2529 2076 2576 ditior
2107 2531 2204 2577 sive
2229 2532 2492 2596 potentior,

371 2607 483 2656 *ideo
509 2617 556 2654 et
578 2607 776 2668 melior;
806 2609 1008 2665 fortunae
1035 2609 1153 2655 illud
1181 2618 1251 2655 est
1269 2644 1281 2668 ,
1309 2608 1404 2655 hoc
1429 2608 1628 2655 virtutis.
1657 2611 1752 2655 Nec
1772 2625 1822 2654 se
1846 2608 2044 2658 minime
2069 2608 2283 2656 venalem
2303 2611 2498 2657 aestimet

375 2702 476 2734 esse
500 2703 606 2751 quae
624 2687 846 2737 libentius
861 2689 1023 2737 ditiori
1047 2705 1192 2753 quam
1217 2688 1415 2754 pauperi
1432 2687 1570 2735 nubit
1585 2724 1598 2748 ,
1628 2698 1674 2735 et
1692 2687 1798 2753 plus
1818 2689 1865 2735 in
1884 2688 2055 2735 marito
2073 2705 2157 2736 sua
2180 2706 2325 2753 quam
2342 2691 2495 2756 ipsum

374 2768 685 2833 concupiscit.
714 2771 851 2818 Certe
877 2785 1216 2833 quamcunque
1252 2768 1313 2816 ad
1338 2769 1527 2834 nuptias
1552 2768 1653 2816 haec
1685 2769 2071 2834 concupiscentia
2083 2772 2107 2794 ¹⁰
2136 2770 2288 2829 ducit,
2318 2787 2498 2823 merces

376 2848 420 2894 ei
445 2848 604 2911 potius
628 2865 773 2912 quam
795 2849 947 2913 gratia
964 2849 1180 2899 debetur.
1204 2851 1398 2896 Certum
1422 2849 1600 2915 quippe
1626 2858 1694 2896 est
1719 2865 1823 2897 eam
1851 2865 1925 2897 res
1949 2849 2074 2914 ipsas
2091 2886 2102 2908 ,
2133 2867 2230 2896 non
2250 2850 2495 2900 hominem

376 2928 533 2992 sequi,
563 2938 610 2978 et
632 2945 710 2987 sei,
739 2930 779 2976 si
797 2939 960 2994 posset
975 2965 987 2987 ,
1011 2929 1131 2977 velle
1154 2930 1439 2994 prostituere
1464 2929 1640 2977 ditiori.
1670 2930 1801 2977 Sicut
1827 2930 2042 2978 inductio
2068 2930 2144 2977 illa
2174 2931 2497 3000 Aspasiae'phi-

376 3006 591 3072 losophae
606 3007 736 3073 apud
754 3009 1039 3056 socraticum
1063 3009 1338 3057 AEschinem
1357 3026 1468 3057 cum
1486 3008 1807 3075 Xenophonte
1826 3020 1871 3056 et
1891 3026 2035 3056 uxore
2056 3009 2155 3073 ejus
2173 3010 2332 3059 habita
2350 3013 2497 3058 mani-

370 3087 488 3136 feste
519 3088 762 3136 convincit
777 3092 817 3135 ¹¹.
865 3091 1022 3147 Quam
1053 3089 1246 3153 quidem
1284 3089 1613 3138 inductionem
1649 3106 1797 3155 quum
1832 3089 2054 3155 praedicta
2102 3091 2389 3159 philosopha
2436 3094 2493 3139 ad

376 3168 756 3217 reconciliandos
796 3170 998 3219 invicem
1033 3169 1140 3217 illos
1168 3172 1524 3236 proposuisset,
1554 3170 1635 3218 tali
1660 3170 1756 3218 fine
1789 3171 1940 3236 ipsam
1957 3173 1983 3195 ¹⁸
2013 3171 2246 3219 conclusit
2281 3191 2290 3219 ε
2330 3194 2352 3218 «
2374 3175 2495 3231 Quia

423 3338 434 3356 ⁴
462 3341 600 3375 Funmo
626 3341 721 3375 Rus.
745 3360 774 3366 -
799 3342 811 3359 ¹
833 3344 980 3376 Eviratio
1007 3341 1102 3376 RMS.
1125 3360 1163 3366 -
1183 3343 1196 3360 ³
1215 3343 1291 3377 sine
1319 3346 1414 3378 dubio
1460 3344 1553 3378 RMS.
1566 3361 1611 3369 —
1628 3343 1653 3361 ¹⁰
1667 3344 1745 3376 Hoec
1759 3346 1831 3376 auri
1846 3346 2058 3387 sacrasames
2075 3344 2166 3378 RMS.
2186 3363 2229 3370 —
2246 3346 2271 3362 ¹¹
2291 3346 2494 3379 Demonstrat

378 3395 474 3430 Rus.
491 3412 534 3424 --
551 3396 565 3415 ⁴
586 3398 744 3432 >Inseritur
768 3402 836 3440 ipso
865 3398 960 3433 RMS.
983 3416 1027 3423 —-
1051 3398 1064 3416 ⁸
1087 3399 1229 3434 Mutatus
1256 3399 1351 3433 Rus.
1375 3419 1414 3425 --
1459 3400 1703 3435 Rus-Cicer.
1719 3402 1758 3433 de
1774 3400 1894 3433 [nvem.
1917 3399 1950 3441 1,
1970 3411 2062 3434 xxxi.
2079 3419 2119 3425 —
2137 3399 2164 3417 ¹'
2179 3401 2232 3435 Sic
2251 3401 2342 3435 ABD.
2357 3404 2492 3443 -lpsam

381 3450 394 3468 ⁸
416 3452 482 3486 Tuo
500 3454 665 3496 confestim
676 3455 768 3496 jussu
784 3454 877 3488 Rus.
901 3474 933 3479 —-
951 3454 962 3473 '¹
978 3456 1150 3489 Dominum
1167 3455 1262 3490 Rus.
1274 3455 1342 3482 --⁸
1359 3456 1415 3490 ln—
1460 3457 1553 3491 deest
1572 3457 1657 3490 Edd.

380 3509 497 3543 seritur
511 3513 727 3545 carri-semum
745 3511 839 3545 Rus.
856 3530 898 3536 -
915 3511 928 3528 ⁰
948 3513 1068 3545 Indolis
1089 3519 1153 3546 tuae
1173 3516 1417 3555 perspicacioris
