2970 4152
472 424 569 474 262
1163 424 1464 472 HELoissAE
1497 404 1888 475 PROBLEMATA

444 513 446 515 ¹
469 520 672 567 aliorum
696 520 855 584 lugere
879 519 1131 567 conveniat
1155 519 1444 567 monachum
1463 555 1476 580 ,
1498 521 1813 586 Hieronymus
1841 520 1983 583 hujus
2005 520 2311 584 professionis
2339 521 2572 568 maximus

467 599 716 665 profitetur
751 600 911 646 dicens
931 618 941 646 :
965 619 989 644 «
1012 599 1273 646 Monachus
1298 616 1397 663 non
1417 600 1626 659 doctoris
1639 625 1663 660 5·
1685 601 1768 648 sed
1786 599 2050 666 plangentis
2067 598 2211 647 hahet
2231 598 2571 664 officium„qui

467 696 517 727 se
539 689 587 726 et
610 678 845 725 mundum
870 679 1047 743 lugeat,
1071 689 1119 726 et
1138 679 1333 726 Domini
1348 680 1548 744 pavidus
1570 679 1864 745 praestoletur
1887 679 2161 726 adventum.
2185 677 2314 735 Quid
2332 678 2461 726 enim
2474 679 2570 727 vita

464 762 722 807 monastica
739 795 751 820 ‚
771 761 866 809 ‚nisi
889 760 1107 824 quaedam
1140 771 1210 807 est
1239 760 1533 807 districtioris
1553 760 1840 825 poenitentiae
1857 758 2037 806 forma?
2063 776 2086 803 »
2102 761 2312 822 Lugeant
2339 774 2451 822 ergo
2468 774 2570 806 mo-

460 840 602 888 nachi
628 841 724 889 sive
748 841 871 900 hoc,
910 851 961 888 ut
987 841 1167 887 dictum
1192 850 1287 899 est,
1319 842 1416 887 sive
1434 840 1516 886 illo
1542 839 1713 900 modo,
1736 849 1789 887 ut
1812 840 1958 886 risum
1984 847 2256 886 mereantur
2277 837 2570 885 consolatio-

458 920 532 967 nis
559 919 620 967 de
648 936 743 984 quo
774 936 886 967 vere
914 920 1087 967 dicitur
1114 937 1124 965 z
1151 939 1174 964 «
1208 919 1448 977 Quoniam
1482 920 1572 984 ipsi
1604 918 2001 977 consolabuntur,
2036 935 2059 961 »
2090 915 2388 965 attendentes
2420 915 2563 975 illud,

458 999 592 1063 quod
617 999 842 1064 apostolis
865 1000 1099 1046 Dominus
1127 1000 1345 1064 promisit
1361 1002 1402 1045 ¹:
1436 1002 1626 1046 «Amen
1643 1034 1657 1058 ‚
1688 1014 1827 1045 amen
1854 997 1962 1044 dico
1988 996 2149 1056 vobis,
2180 996 2292 1060 quia
2323 994 2570 1061 plorabitis

457 1089 504 1126 et
527 1078 699 1127 flebitis
724 1096 808 1126 vos
823 1115 837 1139 ,
866 1079 1074 1126 mundus
1102 1088 1259 1125 autem
1280 1078 1527 1142 gaudebit,
1549 1094 1635 1125 vos
1652 1087 1810 1124 autem
1833 1075 2228 1124 contristabimini
2247 1092 2258 1122 ε
2280 1074 2366 1122 sed
2385 1074 2568 1126 tristitia

455 1169 610 1207 vestra
629 1169 838 1207 vertetur
860 1159 910 1206 in
931 1158 1172 1223 gaudium,
1197 1177 1220 1202 n
1246 1158 1384 1205 Unde
1409 1168 1455 1205 et
1479 1174 1505 1205 e
1527 1157 1766 1204 contrario
1784 1155 2000 1221 reprobis
2015 1156 2104 1203 ait¹
2123 1172 2133 1202 z
2160 1174 2184 1200 «
2203 1157 2283 1202 Vae
2300 1153 2463 1213 vobis,
2484 1155 2568 1219 qui

454 1255 583 1287 nunc
602 1240 762 1287 ridetis
785 1258 794 1286 :
818 1241 929 1305 quia
953 1239 1213 1304 plorabitis.
1241 1258 1263 1284 »
1292 1239 1548 1286 Contrariae
1577 1238 1754 1302 quippe
1777 1237 1883 1285 vitae
1902 1236 2163 1284 contrarios
2183 1244 2331 1282 status
2354 1244 2402 1282 et
2419 1234 2568 1282 exitus

454 1320 653 1380 habent,
682 1336 832 1385 quum
857 1336 986 1367 nunc
1006 1319 1120 1382 justi
1142 1319 1308 1366 flentes
1331 1328 1496 1383 postea
1514 1318 1722 1377 rideant,
1747 1327 1793 1364 et
1811 1317 1962 1380 iniqui
1979 1315 2127 1363 modo
2145 1314 2354 1362 ridentes
2369 1350 2382 1373 ‚
2404 1331 2432 1361 e
2450 1330 2567 1363 con-

455 1400 598 1447 trario
624 1400 784 1446 fleant.
814 1399 934 1446 Justi
958 1400 1054 1445 sive
1073 1398 1133 1445 de
1159 1398 1510 1462 perpetratione
1539 1397 1745 1461 peccati,
1778 1396 1876 1443 sive
1901 1395 1962 1442 de
1985 1394 2212 1442 dilatione
2236 1393 2370 1457 regni
2388 1409 2568 1442 conso-

452 1479 677 1527 lationem
698 1480 934 1544 accipiunt
950 1515 962 1538 ‚
991 1478 1185 1543 quando
1211 1477 1270 1524 ad
1298 1478 1444 1524 vitam
1468 1476 1621 1535 illam,
1644 1492 1748 1540 quae
1772 1491 1800 1522 a
1828 1475 1995 1522 dolore
2021 1474 2210 1539 penitus
2229 1483 2299 1520 est
2319 1473 2563 1533 immunis,

451 1560 747 1623 perveniunt.
775 1578 798 1603 «
820 1559 947 1606 Beati
962 1559 1047 1622 qui
1070 1558 1282 1624 esuriunt
1295 1558 1324 1602 ³.
1355 1575 1377 1600 »
1402 1559 1513 1603 Post
1529 1556 1675 1602 vitam
1698 1554 2046 1601 continentium
2068 1553 2128 1599 ad
2155 1552 2375 1600 ordinem
2398 1552 2566 1601 transit

452 1649 714 1697 rectorum,
741 1639 804 1685 ita
829 1638 943 1686 istos
973 1638 1220 1685 instituens
1247 1636 1295 1681 in
1327 1634 1542 1693 duobus,
1571 1635 1690 1681 sicut
1722 1633 1828 1680 illos
1858 1632 2030 1680 fecerat
2059 1633 2108 1678 in
2141 1630 2306 1678 tribus.
2345 1633 2568 1679 Rectores

450 1718 497 1764 in
524 1717 707 1782 populo
735 1718 823 1764 Dei
843 1754 856 1776 ‚
889 1733 997 1763 non·
1014 1715 1171 1762 solum
1194 1713 1513 1761 ecclesiasticae
1532 1722 1643 1759 sunt
1669 1720 1926 1777 potestates
1951 1711 1999 1758 in
2024 1709 2372 1769 sacerdotibus,
2398 1725 2565 1757 verum

449 1797 589 1843 etiam
617 1797 859 1843 saeculares
892 1796 940 1842 in
973 1794 1176 1858 regibus.
1217 1796 1274 1839 Et
1313 1792 1579 1839 notandum
1605 1791 1738 1856 quod
1770 1807 1921 1856 quum
1951 1790 2163 1837 binarius
2192 1805 2444 1848 numerus,
2476 1789 2565 1852 :qui

447 1877 707 1940 conjugatis
739 1876 962 1924 convenit
986 1885 1103 1922 teste
1132 1874 1423 1936 Hieronymo
1441 1873 1472 1931 ¹⁹,
1504 1871 1781 1918 immundus
1810 1871 1891 1929 sit,
1924 1870 2056 1917 unde
2089 1879 2135 1917 et
2167 1884 2314 1933 opera
2346 1868 2564 1916 secundae

448 1956 542 2003 diei
570 1957 762 2004 laudem
793 1955 969 2003 habere
1007 1971 1106 2001 non
1153 1962 1454 2011 meruerunt,
1497 1961 1544 1998 et
1583 1950 1697 1997 bina
1739 1951 1799 1998 de
1836 1949 2097 1996 immundis
2130 1947 2450 1995 animantibus
2465 1950 2478 1972 ‘⁵
2513 1948 2560 1994 in

449 2035 641 2083 archam
677 2036 808 2098 jussa
849 2044 959 2081 sunt
986 2034 1130 2091 mitti,
1173 2049 1270 2078 non
1300 2032 1561 2094 incongrue
1600 2029 1898 2076 continentes
1933 2046 2020 2094 per
2055 2027 2342 2086 ternarium,
2373 2027 2456 2091 qui
2477 2026 2564 2074 im-

447 2132 533 2180 par
550 2132 777 2162 numerus
795 2125 866 2162 est
879 2150 891 2173 ‚
915 2114 1061 2177 magis
1086 2116 1232 2176 quam
1253 2112 1492 2158 binarium
1508 2109 1806 2157 describendi
1834 2126 1934 2157 esse
1952 2108 2188 2156 videntur.
2220 2108 2407 2159 Caeteris
2425 2122 2558 2165 vero,

449 2194 530 2241 ubi
553 2194 854 2241 continentiae
869 2194 1022 2240 virtus*
1036 2192 1235 2238 omnino
1255 2207 1354 2237 non
1376 2190 1620 2255 praeminet
1634 2225 1646 2249 ‚
1672 2189 1821 2253 magis
1840 2188 2096 2236 convenire
2122 2187 2336 2234 binarius
2353 2185 2555 2233 videtur.

447 2275 634 2322 Esuries
649 2274 723 2321 vel
742 2275 840 2321 sitis
855 2273 1042 2337 justitiae
1057 2308 1068 2330 ,
1095 2271 1384 2319 desiderium
1411 2286 1637 2333 magnum
1666 2279 1736 2317 est
1763 2270 1811 2315 in
1836 2267 2098 2316 rectoribus
2118 2266 2288 2314 dehitae
2305 2265 2523 2313 vindictae
2545 2283 2554 2311 :

448 2365 500 2401 ut
521 2354 762 2413 videlicet,
786 2353 909 2400 mala
938 2353 1189 2400 commissa
1209 2360 1392 2397 tantum
1420 2348 1659 2396 vindicare
1685 2347 1854 2407 velint,
1875 2357 2107 2411 quantum
2125 2362 2175 2393 se
2193 2344 2367 2392 debere
2384 2359 2561 2408 cogno-

446 2436 635 2493 scunt⁶‚
675 2444 721 2480 et
751 2434 791 2479 si
828 2449 927 2479 non
965 2442 1149 2479 tantum
1188 2439 1420 2494 quantum
1450 2428 1518 2475 illi
1547 2428 1835 2486 meruerint,
1865 2427 1947 2491 qui
1983 2426 2301 2489 deliquerunt.
2341 2423 2559 2487 Alioquin

447 2513 766 2561 misericordia
783 2513 832 2559 in
853 2513 919 2559 eis
938 2511 1098 2557 locum
1126 2526 1224 2556 non
1255 2508 1477 2566 haberet,
1501 2509 1539 2554 si
1555 2507 1774 2555 videlicet
1801 2506 1919 2553 nihil
1944 2506 2004 2554 de
2027 2520 2193 2570 poena,
2212 2519 2356 2568 quam
2373 2503 2442 2550 rei
2459 2519 2560 2552 me·

390 2609 397 2617 ·
446 2603 659 2651 ruerunt,
675 2592 954 2639 relaxarent.
982 2593 1101 2636 Nam
1120 2583 1166 2635 et
1184 2588 1382 2634 coelestis
1396 2586 1560 2649 judex,
1583 2603 1726 2650 quem
1746 2586 1919 2633 terreni
1938 2584 2115 2632 debent
2131 2583 2325 2642 imitari,
2345 2582 2409 2629 ita
2422 2582 2559 2645 justi-

445 2674 559 2719 tiam
578 2682 809 2737 temperat
825 2688 912 2736 per
932 2668 1327 2725 misericordiam,
1351 2677 1403 2713 ut
1426 2683 1523 2713 non
1552 2677 1736 2713 tantum
1763 2682 1870 2713 reos
1893 2665 2085 2729 puniat,
2111 2673 2344 2727 quantum
2370 2661 2436 2709 illi
2467 2678 2559 2708 me·

446 2763 624 2811 rentur,
654 2752 739 2799 sed
761 2761 993 2815 quantum
1019 2749 1106 2813 ipsi
1131 2747 1382 2805 convenit,
1410 2746 1543 2808 cujus
1570 2747 1894 2792 miserationes
1917 2760 2059 2808 super
2082 2743 2244 2789 omnia
2266 2758 2413 2806 opera
2436 2741 2551 2803 ejus.

447 2832 567 2878 Hinc
598 2832 727 2878 enim
751 2831 811 2877 de
839 2831 942 2894 ipso
970 2829 1196 2891 scriptum
1224 2828 1350 2872 est⁷.·
1386 2828 1520 2871 «Aut
1544 2825 1845 2871 obliviscetur
1873 2823 2084 2869 misereri
2112 2824 2262 2879 Deus,
2295 2830 2378 2867 aut
2405 2820 2558 2867 conti-

447 2912 577 2958 nebit
613 2912 661 2957 in
698 2911 767 2956 ira
805 2925 888 2956 sua
924 2905 1269 2953 misericordias
1302 2920 1424 2951 suas.
1451 2923 1475 2948 »
1513 2907 1570 2950 Et
1605 2905 1858 2950 rursum⁸t
1895 2905 1997 2948 «Et
2021 2918 2170 2966 quum
2208 2901 2352 2946 iratus
2383 2900 2551 2957 fueris,

448 2989 778 3036 misericordiae
809 2985 1148 3047 recordaberis.
1178 3003 1200 3027 »
1235 2983 1553 3048 Superexaltat
1574 2983 1750 3046 quippe
1777 2981 2099 3028 misericordia
2115 2980 2374 3043 judicium,
2394 2975 2440 3025 et
2459 2995 2556 3024 ma-

448 3070 514 3131 gis
529 3069 738 3131 judicem
764 3066 1071 3115 commendat
1103 3081 1248 3129 quam
1281 3063 1555 3114 vindictam.
1590 3066 1698 3108 Haec
1721 3078 1833 3125 ergo
1863 3062 1960 3107 duo
1995 3062 2041 3107 in
2062 3060 2222 3123 judice
2250 3074 2436 3122 semper
2456 3073 2555 3103 esse

448 3148 624 3195 debent
641 3148 919 3210 conjuncta,
942 3156 994 3192 ut
1011 3156 1058 3194 et
1078 3161 1214 3192 reum
1239 3143 1405 3208 puniat
1429 3159 1514 3207 per
1534 3142 1784 3204 justitiam,
1813 3152 1857 3188 et
1883 3141 2039 3187 minus
2059 3155 2203 3203 quam
2228 3138 2452 3185 meruerit
2468 3152 2554 3200 per

448 3227 773 3285 clementiam,
802 3243 945 3289 quam
963 3225 1040 3271 hic
1059 3225 1171 3271 dicit
1198 3221 1585 3270 misericordiam.
1606 3221 1926 3268 Misericordia
1947 3220 2124 3284 quippe
2148 3235 2175 3264 a
2199 3218 2382 3265 miseris
2406 3216 2548 3267 dicta,

493 3376 503 3393 ⁴
521 3377 629 3415 Joau„
652 3385 724 3418 cap.
755 3386 828 3415 xvi,
854 3385 884 3406 v.
915 3352 1023 3407 20.'-
1043 3373 1055 3390 ²
1073 3374 1166 3412 Luc„
1191 3384 1263 3416 cap.
1292 3383 1321 3405 vi
1334 3398 1342 3411 ,
1369 3382 1399 3405 v.
1419 3372 1475 3403 25.
1521 3373 1603 3404 tibus
1615 3371 1697 3404 Cod.
1711 3370 1793 3403 vict.
1810 3389 1847 3394 —
1865 3370 1877 3387 ⁶
1892 3371 2133 3411 Recoqnoscunt
2149 3367 2230 3401 Cod.
2244 3367 2328 3401 vict.
2347 3384 2383 3392 ›-
2402 3366 2413 3383 '¹
2429 3366 2547 3399 Psalm.

450 3450 490 3455 -
511 3433 524 3449 ³
541 3432 674 3470 Matth.‚
696 3441 770 3474 cap.
791 3442 823 3470 v,
841 3441 870 3462 v.
897 3432 929 3462 6.
957 3447 998 3454 -
1015 3430 1029 3446 ⁴
1043 3430 1144 3472 Epist.
1170 3441 1256 3468 xxx,
1282 3430 1361 3470 Opp.
1382 3435 1405 3461 t.
1422 3427 1475 3467 IV,
1522 3438 1635 3468 Lxxw,
1651 3437 1683 3459 v.
1704 3428 1755 3460 10.
1773 3444 1810 3450 -
1825 3425 1837 3443 ⁸
1851 3425 1989 3464 nabao..
2002 3434 2076 3467 cap.
2094 3434 2138 3463 ιιι,
2156 3434 2187 3457 v.
2206 3426 2237 3457 2.

448 3495 533 3530 part.
562 3488 611 3529 11,
635 3487 698 3521 col.
720 3488 797 3519 241.
816 3501 861 3513 ·-
875 3485 888 3503 ⁸
904 3486 951 3518 De
965 3488 1133 3519 immundis
1156 3489 1188 3518 in
1208 3484 1309 3518 archa
1327 3487 1478 3517 animan—
