2970 4152
869 440 1150 488 EPISTOLA
1184 439 1264 488 AD
1297 439 1483 488 DIVUM
1516 440 1897 490 BERNARDUM.
2350 445 2444 493 649

331 533 482 585 mavit
502 550 589 582 vos
611 550 668 583 ea
688 534 883 583 caritate
897 551 1023 600 ,qua
1041 551 1119 583 me
1133 534 1370 600 praecipue
1389 534 1756 600 amplectimini,
1778 536 2129 602 aliquantulum
2147 549 2448 588 commotum

333 632 454 676 esse,
474 615 636 682 quod'
624 633 673 664 m
694 617 905 665 oratorio
929 616 1012 665 illo
1034 607 1187 664 oratio
1207 615 1451 685 dominica
1471 633 1573 664 non
1589 617 1656 666 ita
1670 617 1772 666 ibi·
1759 635 1810 667 m
1831 618 1966 667 horis
1989 618 2308 684 quotidianis,
2329 621 2450 669 sicut

334 697 466 758 alibi,
490 698 678 746 recitari
697 698 853 746 solet.
878 708 927 746 et
943 714 1094 764 quum
1114 688 1216 745 hoc
1230 713 1318 763 per
1338 713 1416 745 me
1438 697 1617 745 factum
1638 687 1912 759 crederetis
1932 716 2012 748 me
2031 717 2175 766 super
2194 700 2291 749 hoc
2313 703 2449 784 quasi

334 777 396 826 de
416 779 628 826 novitate
649 777 858 842 quadam
879 777 1141 827 notabilem
1160 777 1330 826 videri.
1356 780 1467 835 Quo
1492 777 1684 839 audito,
1720 766 1927 828 scribere
1960 780 2098 828 vobis
2132 781 2323 830 decrevi
2357 799 2449 830 no-

333 868 482 906 stram
503 875 646 922 super
674 857 770 906 hoc
798 858 1181 923 qualemcunque
1214 855 1592 917 excusationem,
1617 859 1823 919 maxime
1856 877 2008 924 quum
2030 871 2238 909 vestram
2270 863 2449 910 minus¹

334 953 483 1002 quam
504 947 694 985 caeteras
724 953 895 986 omnes
916 937 1131 985 dolerem
1145 974 1157 997 ,
1182 947 1237 986 ut
1263 936 1424 997 decet,
1449 937 1785 986 offensionem.

398 1020 621 1077 Constat,
644 1027 700 1065 ut
719 1018 892 1077 nostis,
916 1017 1044 1065 hanc
1065 1017 1359 1066 dominicam
1387 1018 1658 1066 orationem
1686 1018 1763 1065 vel
1793 1035 1821 1068 a
1849 1019 1962 1067 solis
1990 1020 2214 1068 Matthaeo
2249 1032 2296 1070 et
2325 1025 2451 1072 Luca

334 1113 425 1145 nos
444 1095 624 1145 habere
644 1099 1015 1164 conscriptam¹,
1040 1115 1251 1163 quorum
1277 1098 1398 1146 alter
1429 1108 1529 1146 tam
1561 1098 1807 1165 apostolus
1837 1116 1984 1164 quam
2016 1102 2303 1166 evangelista
2338 1102 2451 1149 huic

335 1177 566 1237 orationi,
596 1195 747 1243 quum
780 1178 1064 1239 traderetur,
1098 1178 1312 1227 interfuit
1339 1197 1351 1227 τ
1376 1179 1506 1227 unde
1537 1189 1585 1227 et
1614 1195 1722 1228 eam
1742 1178 1930 1244 plenius
1951 1197 2007 1228 ac
2027 1181 2305 1246 perfectius,
2331 1182 2452 1230 sicut

334 1267 383 1304 et
402 1266 560 1305 totum
579 1275 854 1306 sermonem
874 1259 925 1306 in
946 1267 1114 1306 monte
1134 1257 1380 1319 habitum,
1394 1259 1482 1307 'cui
1503 1268 1575 1307 est
1603 1259 1708 1325 ipsa
1733 1259 1910 1308 inserta
1924 1297 1936 1320 ,
1973 1261 2213 1326 scripsisse
2249 1261 2451 1309 dubium

335 1353 437 1385 non
459 1347 548 1385 est.
572 1340 722 1386 Lucas
742 1354 877 1398 vero,
902 1338 1162 1404 discipulus
1182 1339 1338 1398 Pauli,
1361 1340 1445 1404 qui
1465 1356 1556 1388 nec
1577 1339 1690 1388 huic
1711 1341 1922 1389 sermoni
1945 1341 2181 1401 interfuit,
2207 1358 2297 1389 nec
2311 1379 2322 1401 ,
2348 1358 2453 1407 quae

330 1433 393 1466 ex
422 1434 508 1466 ore
533 1418 779 1467 dominico
805 1419 1009 1468 audierit
1023 1456 1036 1479 ,
1059 1421 1248 1486 scripsit
1263 1457 1276 1480 ,
1299 1420 1386 1468 sed
1406 1437 1513 1486 quae
1528 1457 1541 1480 ,
1565 1421 1711 1470 Paulo
1734 1421 1939 1470 maxime
1960 1422 2194 1470 referente
2216 1459 2227 1482 ,
2254 1422 2448 1482 didicit,

335 1514 483 1563 quem
502 1516 592 1547 nec
612 1499 681 1547 illi
701 1501 913 1548 sermoni
940 1510 1128 1549 constat
1150 1501 1444 1563 interfuisse,
1470 1502 1635 1551 scribit
1662 1503 1807 1552 etiam
1835 1504 1937 1551 n‘on
1965 1504 2100 1552 illum
2120 1504 2454 1570 perfectiorem

336 1577 635 1629 dominicum
665 1598 963 1642 sermonem,
987 1598 1134 1648 quem
1154 1583 1206 1631 in
1229 1593 1400 1631 monte
1419 1583 1591 1632 habuit
1613 1601 1726 1633 cum
1745 1585 2003 1651 apostolis,
2027 1586 2112 1634 sed
2135 1603 2280 1651 quem
2302 1586 2454 1634 turbis

336 1661 387 1708 in
411 1662 756 1728 campestribus
778 1662 907 1711 fecit.
932 1663 1180 1712 Electurus
1199 1664 1379 1730 quippe
1399 1665 1646 1730 apostolos
1666 1666 1928 1725 Dominus,
1953 1666 2076 1714 sicut
2101 1667 2332 1732 scriptum
2354 1676 2425 1714 est
2438 1705 2449 1725 ,

334 1758 364 1786 ιε
383 1741 434 1790 in
461 1753 692 1792 montana
713 1743 887 1804 subiit3
909 1762 934 1789 »
959 1744 1124 1794 turbas
1143 1761 1260 1793 vero
1284 1745 1538 1806 docturus,
1562 1745 1625 1794 ad
1640 1747 1924 1813 campestria
1945 1746 2102 1795 rediit.
2125 1747 2241 1795 Illuc
2258 1747 2454 1813 quidem

336 1823 619 1871 conscendit
633 1860 647 1886 ,
671 1823 752 1872 hic
773 1823 1021 1872 descendit
1034 1860 1048 1885 ,
1073 1825 1123 1872 in
1145 1842 1244 1890 quo
1266 1841 1414 1890 quam
1434 1825 1577 1874 altior
1604 1826 1686 1875 illa
1705 1836 1828 1875 esset
1845 1826 2089 1887 doctrina,
2114 1844 2211 1892 qua
2232 1827 2455 1876 doctores

334 1901 468 1967 ipsos
494 1902 718 1962 docebat,
742 1913 963 1970 patenter
990 1905 1280 1954 ostenderet.
1302 1908 1446 1954 Beato
1469 1906 1678 1972 denique
1698 1907 1993 1972 Hieronymo
2021 1918 2290 1967 attestante,
2316 1909 2455 1956 novi-

336 1997 467 2044 mus,
492 1985 613 2033 sicut
634 1995 682 2034 et
704 1986 955 2054 manifesta
975 1987 1149 2036 veritas
1169 1986 1335 2047 habet,
1358 1989 1590 2053 quoniam
1610 1988 1746 2037 aliter
1773 1988 1958 2049 audita,
1983 1988 2117 2037 aliter
2138 1991 2239 2038 visa
2260 2007 2458 2038 narran-

334 2073 448 2111 tur:
474 2073 522 2111 et
542 2064 676 2128 quod
697 2047 867 2113 melius
887 2065 1216 2130 intelligimus,
1235 2066 1404 2115 melius
1420 2077 1469 2115 et
1489 2068 1793 2133 proferimuS.
1818 2069 1924 2116 De
1910 2085 2016 2134 ipso
2039 2069 2171 2117 fonte
2188 2070 2453 2129 Matthaeus,

335 2130 398 2190 de
419 2143 576 2192 rivulo
608 2144 753 2192 fontis
786 2147 936 2193 Lucas
970 2155 1042 2194 est
1075 2156 1285 2212 potatus.
1312 2150 1419 2195 Non
1454 2149 1696 2212 arguimus
1728 2151 1906 2197 Lucam
1933 2149 2195 2210 mendacii,
2229 2168 2320 2199 nec
2356 2153 2457 2218 ipse

336 2221 479 2271 nobis
501 2224 736 2284 irascitur,
758 2224 800 2273 si
817 2224 861 2271 ei
878 2223 1143 2273 Mattheum
1164 2226 1493 2291 praeferamus,
1518 2237 1567 2275 et
1585 2228 1855 2276 orationem
1878 2228 2195 2290 dominicam,
2220 2248 2325 2296 quae
2347 2247 2459 2297 apo-

335 2300 470 2350 stolis
490 2302 717 2351 omnibus
747 2303 1030 2368 generaliter
1051 2304 1251 2365 tradita,
1277 2315 1325 2354 et
1346 2306 1408 2354 ab
1437 2307 1659 2372 apostolo
1692 2318 1764 2356 est
1790 2309 1989 2374 scripta,
2030 2310 2074 2356 ei
2110 2310 2452 2370 anteferamus,

335 2397 441 2447 quae
461 2382 656 2447 quidem
685 2382 922 2449 discipulo
943 2394 1016 2432 est
1037 2383 1189 2445 dicta,
1213 2387 1477 2450 praesertim
1497 2403 1649 2451 quum
1679 2387 1808 2435 illam
1838 2387 2046 2436 Matthaei
2069 2388 2190 2436 sicut
2210 2390 2259 2436 in
2290 2400 2457 2437 aucto·

336 2462 475 2510 ritate
495 2473 543 2510 et
565 2464 613 2509 in
637 2462 932 2528 perfectione
953 2474 1143 2512 constat
1164 2465 1391 2514 eminere.
1419 2469 1481 2514 Ut
1503 2476 1663 2514 autem
1684 2467 1747 2515 de
1766 2477 1968 2532 utraque
1990 2469 2125 2533 quasi
2153 2479 2264 2517 ante
2291 2469 2457 2517 oculos

335 2541 492 2606 posita
521 2542 690 2590 melius
712 2542 981 2607 judicemus
994 2580 1007 2604 ,
1041 2545 1178 2608 juvat
1209 2556 1465 2611 utramque
1504 2548 1726 2612 praesenti
1763 2547 1873 2596 loco
1908 2550 2134 2597 inserere.
2173 2551 2305 2598 Sicut
2342 2568 2455 2616 ergo

337 2622 584 2670 Matthaeus
607 2622 787 2684 scribit,
812 2640 963 2688 quum
980 2624 1257 2689 praedictam
1279 2627 1548 2676 orationem
1571 2627 1799 2693 apostolis
1821 2629 2054 2689 traderet,
2079 2631 2144 2678 ait
2165 2648 2175 2677 ε
2203 2632 2320 2678 «Sic
2341 2648 2455 2696 ergo

337 2700 568 2750 orabitis:
598 2722 621 2747 «
649 2705 786 2750 Pater
809 2713 990 2764 noster,
1014 2705 1099 2769 qui
1133 2722 1184 2753 es
1209 2706 1259 2753 in
1282 2706 1435 2766 coelis,
1471 2707 1794 2757 sanctificetur
1825 2726 2004 2757 nomen
2033 2720 2186 2758 tuum.
2224 2711 2457 2759 Adveniat

339 2799 366 2825 u
392 2797 594 2846 regnum
618 2792 774 2830 tuum.
798 2784 901 2832 Fiat
921 2783 1143 2834 voluntas
1164 2794 1246 2833 tua
1264 2786 1386 2834 sicut
1407 2787 1458 2834 in
1481 2787 1603 2835 coelo
1627 2798 1674 2836 et
1694 2789 1744 2836 in
1767 2799 1910 2838 terra.
1936 2792 2114 2837 Panem
2135 2801 2354 2838 nostrum
2376 2808 2457 2839 su-

340 2879 363 2904 «
390 2861 841 2926 persubstantialem
863 2862 927 2912 da
947 2863 1089 2912 nobis
1110 2864 1275 2913 hodie.
1300 2869 1360 2914 Et
1382 2866 1569 2916 dimitte
1598 2868 1739 2916 nobis
1762 2868 1923 2918 debita
1945 2881 2131 2930 nostra,
2156 2871 2277 2918 sicut
2299 2881 2346 2918 et
2366 2888 2457 2918 nos

340 2959 365 2985 «
391 2939 675 2990 dimittimus
700 2941 1001 2993 debitoribus
1029 2946 1224 2994 nostris.
1250 2949 1310 2994 Et
1331 2964 1394 2995 ne
1416 2965 1508 2996 nos
1529 2948 1729 2997 inducas
1750 2950 1801 2998 in
1823 2951 2139 2999 tentationem
2165 2970 2176 2998 ε
2201 2952 2286 2999 sed
2307 2951 2458 2999 libera

340 3039 363 3065 κ
390 3037 481 3070 nos
503 3037 532 3070 a
554 3022 701 3071 malo.
725 3042 749 3068 n
776 3027 926 3073 Lucas
958 3043 1075 3074 vero
1099 3027 1168 3075 sic
1190 3028 1257 3076 ait
1282 3047 1293 3076 :
1324 3048 1349 3074 α
1375 3032 1573 3079 Factum
1599 3041 1671 3079 est
1699 3049 1851 3097 quum
1873 3031 1996 3080 esset
2015 3033 2077 3080 ’in
2112 3033 2221 3080 loco
2244 3032 2458 3098 quodam

337 3117 501 3162 orans,
522 3113 577 3150 ut
589 3104 807 3164 cessavit,
827 3104 944 3153 dixit
962 3122 1087 3154 unus
1099 3124 1156 3155 ex
1166 3107 1408 3175 discipulis
1424 3111 1523 3175 ejus
1543 3111 1607 3160 ad
1619 3128 1730 3160 eum
1747 3131 1759 3160 z
1782 3113 2035 3172 «Domine,
2058 3111 2180 3161 doce
2193 3130 2283 3160 nos
2299 3129 2454 3173 orare,

341 3199 366 3226 α
390 3181 515 3230 slent
530 3192 577 3230 et
593 3186 801 3232 Joannes
814 3184 981 3233 docuit
998 3185 1258 3253 discipulos
1274 3206 1443 3238 suos.»
1459 3193 1518 3238 Et
1531 3192 1598 3259 ait
1612 3191 1730 3240 illis:
1751 3211 1775 3238 «
1794 3195 1956 3251 Quum
1969 3194 2131 3254 oratis,
2148 3193 2322 3241 dicite·
2343 3197 2458 3241 «Pa

343 3280 366 3303 «
394 3270 486 3322 ter,
509 3263 832 3312 sanctificetur
844 3282 1024 3314 nomen
1047 3276 1202 3317 tuum.
1228 3269 1461 3319 Adveniat
1477 3288 1679 3336 regnum
1698 3283 1853 3322 tuum.
1874 3275 2050 3321 Panem
2064 3284 2283 3322 nostrum
2297 3276 2458 3340 quoti-

342 3359 366 3383 «
393 3339 594 3391 dianum
617 3343 681 3392 da
703 3345 845 3393 nobis
866 3346 1128 3411 quotidie&
1153 3352 1212 3397 Et
1235 3349 1420 3398 dimitte
1442 3351 1583 3399 nobis
1605 3363 1800 3418 peccata
1822 3364 2014 3414 nostra,
2039 3354 2276 3420 siquidem
2300 3365 2347 3402 et
2369 3355 2457 3419 ipsi

388 3521 398 3564 ⁸,
422 3521 609 3567 tegendum
626 3537 697 3560 esse
712 3528 839 3562 videtur
854 3533 969 3573 mayis.
985 3548 1024 3555 -—
1040 3530 1053 3547 ¹
1069 3529 1196 3574 Matth„
1211 3541 1284 3575 cap.
1303 3542 1334 3565 vi
1347 3557 1355 3573 ‚
1372 3544 1403 3565 v.
1422 3534 1441 3565 9
1457 3540 1489 3566 et
1501 3543 1570 3577 seq.
1587 3551 1611 3558 -
1625 3533 1719 3576 Luc„
1733 3544 1806 3578 cap.
1821 3545 1854 3568 xi
1865 3561 1873 3577 ‚
1889 3546 1920 3569 v.
1935 3537 1953 3567 ‘2
1969 3543 2001 3568 et
2017 3546 2133 3579 seq.—
2146 3536 2159 3554 ⁸
2170 3535 2314 3579 Legend.
2328 3537 2435 3568 hodie.
