<?xml version="1.0" encoding="UTF-8"?>
<!DOCTYPE html PUBLIC "-//W3C//DTD XHTML 1.0 Transitional//EN"
    "http://www.w3.org/TR/xhtml1/DTD/xhtml1-transitional.dtd">
<html xmlns="http://www.w3.org/1999/xhtml" xml:lang="en" lang="en">
 <head>
  <title>
</title>
<meta http-equiv="Content-Type" content="text/html;charset=utf-8" />
  <meta name='ocr-system' content='tesseract 3.04.00' />
  <meta name='ocr-capabilities' content='ocr_page ocr_carea ocr_par ocr_line ocrx_word'/>
</head>
<body>
  <div class='ocr_page' id='page_1' title='image "./operahactenusseo01abeluoft_0301.png"; bbox 0 0 2970 4152; ppageno 0'>
   <div class='ocr_carea' id='block_1_1' title="bbox 841 471 2482 524">
    <p class='ocr_par' dir='ltr' id='par_1_1' title="bbox 841 471 2482 524">
     <span class='ocr_line' id='line_1_1' title="bbox 841 471 2482 524; baseline 0.004 -6"><span class='ocrx_word' id='word_1_1' title='bbox 841 471 970 520; x_wconf 88' lang='lat' dir='ltr'>CUM</span> <span class='ocrx_word' id='word_1_2' title='bbox 994 474 1166 520; x_wconf 84' lang='lat' dir='ltr'>PETRI</span> <span class='ocrx_word' id='word_1_3' title='bbox 1202 474 1518 522; x_wconf 85' lang='lat' dir='ltr'><strong>ABAELARDI</strong></span> <span class='ocrx_word' id='word_1_4' title='bbox 1553 475 1986 524; x_wconf 84' lang='lat' dir='ltr'><strong>SOLUTIONIBUS.</strong></span> <span class='ocrx_word' id='word_1_5' title='bbox 2384 479 2482 524; x_wconf 79' lang='lat'>287</span> 
     </span>
    </p>
   </div>
   <div class='ocr_carea' id='block_1_2' title="bbox 356 565 2490 1493">
    <p class='ocr_par' dir='ltr' id='par_1_2' title="bbox 356 565 2490 1493">
     <span class='ocr_line' id='line_1_2' title="bbox 358 565 2487 634; baseline 0.002 -20"><span class='ocrx_word' id='word_1_6' title='bbox 358 566 574 632; x_wconf 85' lang='lat' dir='ltr'>lapsioris</span> <span class='ocrx_word' id='word_1_7' title='bbox 602 566 708 612; x_wconf 85' lang='lat' dir='ltr'>vitae</span> <span class='ocrx_word' id='word_1_8' title='bbox 733 575 830 624; x_wconf 89' lang='lat' dir='ltr'>est,</span> <span class='ocrx_word' id='word_1_9' title='bbox 859 565 1083 615; x_wconf 90' lang='lat' dir='ltr'>deseruit.</span> <span class='ocrx_word' id='word_1_10' title='bbox 1114 568 1314 633; x_wconf 88' lang='lat' dir='ltr'>Reptilia</span> <span class='ocrx_word' id='word_1_11' title='bbox 1338 585 1478 628; x_wconf 86' lang='lat' dir='ltr'>vero,</span> <span class='ocrx_word' id='word_1_12' title='bbox 1501 586 1606 632; x_wconf 82' lang='lat' dir='ltr'>quae</span> <span class='ocrx_word' id='word_1_13' title='bbox 1625 578 1725 616; x_wconf 90' lang='lat' dir='ltr'>toto</span> <span class='ocrx_word' id='word_1_14' title='bbox 1756 586 1958 634; x_wconf 90' lang='lat' dir='ltr'>corpore</span> <span class='ocrx_word' id='word_1_15' title='bbox 1978 571 2027 615; x_wconf 94' lang='lat' dir='ltr'>in</span> <span class='ocrx_word' id='word_1_16' title='bbox 2054 570 2151 616; x_wconf 90' lang='lat' dir='ltr'>imo</span> <span class='ocrx_word' id='word_1_17' title='bbox 2179 570 2369 633; x_wconf 85' lang='lat' dir='ltr'>jacent,</span> <span class='ocrx_word' id='word_1_18' title='bbox 2399 588 2487 618; x_wconf 91' lang='lat' dir='ltr'>nec</span> 
     </span>
     <span class='ocr_line' id='line_1_3' title="bbox 357 646 2482 714; baseline 0.001 -21"><span class='ocrx_word' id='word_1_19' title='bbox 357 663 407 694; x_wconf 90' lang='lat' dir='ltr'>se</span> <span class='ocrx_word' id='word_1_20' title='bbox 441 646 675 693; x_wconf 90' lang='lat' dir='ltr'>ullatenus</span> <span class='ocrx_word' id='word_1_21' title='bbox 699 646 876 709; x_wconf 85' lang='lat' dir='ltr'>erigere</span> <span class='ocrx_word' id='word_1_22' title='bbox 900 657 1102 710; x_wconf 86' lang='lat' dir='ltr'>possunt</span> <span class='ocrx_word' id='word_1_23' title='bbox 1117 684 1129 708; x_wconf 90' lang='lat'>,</span> <span class='ocrx_word' id='word_1_24' title='bbox 1157 647 1352 713; x_wconf 77' lang='lat' dir='ltr'>reprobi</span> <span class='ocrx_word' id='word_1_25' title='bbox 1387 658 1496 695; x_wconf 88' lang='lat' dir='ltr'>sunt</span> <span class='ocrx_word' id='word_1_26' title='bbox 1526 649 1725 695; x_wconf 84' lang='lat' dir='ltr'>terrenis</span> <span class='ocrx_word' id='word_1_27' title='bbox 1749 649 1993 696; x_wconf 86' lang='lat' dir='ltr'>desideriis</span> <span class='ocrx_word' id='word_1_28' title='bbox 2017 650 2207 714; x_wconf 91' lang='lat' dir='ltr'>penitus</span> <span class='ocrx_word' id='word_1_29' title='bbox 2227 660 2450 696; x_wconf 89' lang='lat' dir='ltr'>vacantes</span> <span class='ocrx_word' id='word_1_30' title='bbox 2469 686 2482 706; x_wconf 92' lang='lat'>,</span> 
     </span>
     <span class='ocr_line' id='line_1_4' title="bbox 358 725 2489 794; baseline 0.002 -21"><span class='ocrx_word' id='word_1_31' title='bbox 358 737 404 774; x_wconf 87' lang='lat' dir='ltr'>et</span> <span class='ocrx_word' id='word_1_32' title='bbox 432 727 481 773; x_wconf 90' lang='lat' dir='ltr'>in</span> <span class='ocrx_word' id='word_1_33' title='bbox 518 725 760 792; x_wconf 86' lang='lat' dir='ltr'>profundo</span> <span class='ocrx_word' id='word_1_34' title='bbox 787 725 1013 774; x_wconf 88' lang='lat' dir='ltr'>vitiorum</span> <span class='ocrx_word' id='word_1_35' title='bbox 1047 738 1414 777; x_wconf 83' lang='lat' dir='ltr'>commorantes.</span> <span class='ocrx_word' id='word_1_36' title='bbox 1441 731 1512 775; x_wconf 90' lang='lat' dir='ltr'>De</span> <span class='ocrx_word' id='word_1_37' title='bbox 1534 728 1756 792; x_wconf 86' lang='lat' dir='ltr'>qualibus</span> <span class='ocrx_word' id='word_1_38' title='bbox 1782 730 2012 794; x_wconf 88' lang='lat' dir='ltr'>scriptum</span> <span class='ocrx_word' id='word_1_39' title='bbox 2037 739 2107 776; x_wconf 89' lang='lat' dir='ltr'>est</span> <span class='ocrx_word' id='word_1_40' title='bbox 2127 732 2170 775; x_wconf 86' lang='lat'>¹:</span> <span class='ocrx_word' id='word_1_41' title='bbox 2217 748 2240 774; x_wconf 74' lang='grc' dir='ltr'>ι(</span> <span class='ocrx_word' id='word_1_42' title='bbox 2263 733 2489 777; x_wconf 78' lang='lat' dir='ltr'>Peccator</span> 
     </span>
     <span class='ocr_line' id='line_1_5' title="bbox 358 805 2490 873; baseline 0.001 -19"><span class='ocrx_word' id='word_1_43' title='bbox 358 823 508 871; x_wconf 89' lang='lat' dir='ltr'>quum</span> <span class='ocrx_word' id='word_1_44' title='bbox 535 807 587 852; x_wconf 94' lang='lat' dir='ltr'>in</span> <span class='ocrx_word' id='word_1_45' title='bbox 609 805 903 871; x_wconf 78' lang='lat' dir='ltr'>profundum</span> <span class='ocrx_word' id='word_1_46' title='bbox 922 807 1147 854; x_wconf 89' lang='lat' dir='ltr'>vitiorum</span> <span class='ocrx_word' id='word_1_47' title='bbox 1168 809 1351 855; x_wconf 87' lang='lat' dir='ltr'>venerit</span> <span class='ocrx_word' id='word_1_48' title='bbox 1366 844 1378 867; x_wconf 87' lang='lat'>‚</span> <span class='ocrx_word' id='word_1_49' title='bbox 1401 809 1683 855; x_wconf 79' lang='lat' dir='ltr'>contemnit.</span> <span class='ocrx_word' id='word_1_50' title='bbox 1707 827 1731 852; x_wconf 87' lang='lat'>»</span> <span class='ocrx_word' id='word_1_51' title='bbox 1756 808 1895 854; x_wconf 88' lang='lat' dir='ltr'>Unde</span> <span class='ocrx_word' id='word_1_52' title='bbox 1917 825 2006 855; x_wconf 89' lang='lat' dir='ltr'>nec</span> <span class='ocrx_word' id='word_1_53' title='bbox 2029 810 2183 873; x_wconf 89' lang='lat' dir='ltr'>pisces</span> <span class='ocrx_word' id='word_1_54' title='bbox 2202 826 2414 873; x_wconf 85' lang='lat' dir='ltr'>unquam</span> <span class='ocrx_word' id='word_1_55' title='bbox 2443 811 2490 856; x_wconf 94' lang='lat' dir='ltr'>in</span> 
     </span>
     <span class='ocr_line' id='line_1_6' title="bbox 366 886 2488 952; baseline 0 -19"><span class='ocrx_word' id='word_1_56' title='bbox 366 886 599 934; x_wconf 89' lang='lat' dir='ltr'>sacrificio</span> <span class='ocrx_word' id='word_1_57' title='bbox 615 886 704 932; x_wconf 89' lang='lat' dir='ltr'>Dei</span> <span class='ocrx_word' id='word_1_58' title='bbox 733 887 950 951; x_wconf 88' lang='lat' dir='ltr'>permissi</span> <span class='ocrx_word' id='word_1_59' title='bbox 974 898 1084 934; x_wconf 91' lang='lat' dir='ltr'>sunt</span> <span class='ocrx_word' id='word_1_60' title='bbox 1107 889 1282 936; x_wconf 84' lang='lat' dir='ltr'>offerri.</span> <span class='ocrx_word' id='word_1_61' title='bbox 1307 890 1449 935; x_wconf 88' lang='lat' dir='ltr'>Recte</span> <span class='ocrx_word' id='word_1_62' title='bbox 1474 889 1616 951; x_wconf 85' lang='lat' dir='ltr'>igitur</span> <span class='ocrx_word' id='word_1_63' title='bbox 1650 887 1920 934; x_wconf 82' lang='lat' dir='ltr'>volatilibus</span> <span class='ocrx_word' id='word_1_64' title='bbox 1938 898 2122 934; x_wconf 87' lang='lat' dir='ltr'>tantum</span> <span class='ocrx_word' id='word_1_65' title='bbox 2149 898 2196 934; x_wconf 91' lang='lat' dir='ltr'>et</span> <span class='ocrx_word' id='word_1_66' title='bbox 2219 888 2488 952; x_wconf 87' lang='lat' dir='ltr'>gressilibus</span> 
     </span>
     <span class='ocr_line' id='line_1_7' title="bbox 360 964 2486 1034; baseline 0.001 -21"><span class='ocrx_word' id='word_1_67' title='bbox 360 964 681 1014; x_wconf 89' lang='lat' dir='ltr'>animantibus</span> <span class='ocrx_word' id='word_1_68' title='bbox 703 966 753 1012; x_wconf 92' lang='lat' dir='ltr'>in</span> <span class='ocrx_word' id='word_1_69' title='bbox 777 966 1053 1030; x_wconf 84' lang='lat' dir='ltr'>paradisum</span> <span class='ocrx_word' id='word_1_70' title='bbox 1077 968 1319 1027; x_wconf 84' lang='lat' dir='ltr'>adductis,</span> <span class='ocrx_word' id='word_1_71' title='bbox 1345 985 1445 1016; x_wconf 90' lang='lat' dir='ltr'>non</span> <span class='ocrx_word' id='word_1_72' title='bbox 1474 970 1616 1015; x_wconf 88' lang='lat' dir='ltr'>etiam</span> <span class='ocrx_word' id='word_1_73' title='bbox 1643 968 1911 1033; x_wconf 84' lang='lat' dir='ltr'>reptilibus,</span> <span class='ocrx_word' id='word_1_74' title='bbox 1938 969 2084 1015; x_wconf 88' lang='lat' dir='ltr'>Adam</span> <span class='ocrx_word' id='word_1_75' title='bbox 2108 969 2303 1016; x_wconf 87' lang='lat' dir='ltr'>nomina</span> <span class='ocrx_word' id='word_1_76' title='bbox 2328 970 2486 1034; x_wconf 91' lang='lat' dir='ltr'>impo-</span> 
     </span>
     <span class='ocr_line' id='line_1_8' title="bbox 358 1045 2485 1114; baseline 0.002 -22"><span class='ocrx_word' id='word_1_77' title='bbox 358 1047 506 1094; x_wconf 88' lang='lat' dir='ltr'>suisse</span> <span class='ocrx_word' id='word_1_78' title='bbox 532 1045 704 1098; x_wconf 81' lang='lat' dir='ltr'>dicitur</span> <span class='ocrx_word' id='word_1_79' title='bbox 733 1065 743 1092; x_wconf 76' lang='grc' dir='ltr'>ε</span> <span class='ocrx_word' id='word_1_80' title='bbox 786 1047 897 1110; x_wconf 89' lang='lat' dir='ltr'>quia</span> <span class='ocrx_word' id='word_1_81' title='bbox 930 1046 992 1094; x_wconf 93' lang='lat' dir='ltr'>de</span> <span class='ocrx_word' id='word_1_82' title='bbox 1031 1058 1132 1095; x_wconf 91' lang='lat' dir='ltr'>toto</span> <span class='ocrx_word' id='word_1_83' title='bbox 1172 1049 1414 1113; x_wconf 78' lang='lat' dir='ltr'>praesentis</span> <span class='ocrx_word' id='word_1_84' title='bbox 1446 1049 1664 1096; x_wconf 88' lang='lat' dir='ltr'>Ecclesiae</span> <span class='ocrx_word' id='word_1_85' title='bbox 1696 1048 1907 1113; x_wconf 80' lang='lat' dir='ltr'>populo,</span> <span class='ocrx_word' id='word_1_86' title='bbox 1943 1049 1991 1095; x_wconf 90' lang='lat' dir='ltr'>in</span> <span class='ocrx_word' id='word_1_87' title='bbox 2032 1066 2128 1113; x_wconf 90' lang='lat' dir='ltr'>qua</span> <span class='ocrx_word' id='word_1_88' title='bbox 2152 1050 2305 1112; x_wconf 85' lang='lat' dir='ltr'>granis</span> <span class='ocrx_word' id='word_1_89' title='bbox 2340 1049 2485 1114; x_wconf 85' lang='lat' dir='ltr'>paleae</span> 
     </span>
     <span class='ocr_line' id='line_1_9' title="bbox 358 1125 2483 1193; baseline 0.001 -19"><span class='ocrx_word' id='word_1_90' title='bbox 358 1125 515 1174; x_wconf 87' lang='lat' dir='ltr'>adhuc</span> <span class='ocrx_word' id='word_1_91' title='bbox 553 1135 664 1172; x_wconf 86' lang='lat' dir='ltr'>sunt</span> <span class='ocrx_word' id='word_1_92' title='bbox 697 1128 965 1191; x_wconf 83' lang='lat' dir='ltr'>permixtae,</span> <span class='ocrx_word' id='word_1_93' title='bbox 1006 1128 1095 1174; x_wconf 92' lang='lat' dir='ltr'>soli</span> <span class='ocrx_word' id='word_1_94' title='bbox 1112 1129 1447 1191; x_wconf 54' lang='lat' dir='ltr'>scontinentes,</span> <span class='ocrx_word' id='word_1_95' title='bbox 1483 1139 1530 1176; x_wconf 91' lang='lat' dir='ltr'>et</span> <span class='ocrx_word' id='word_1_96' title='bbox 1562 1129 1679 1175; x_wconf 88' lang='lat' dir='ltr'>boni</span> <span class='ocrx_word' id='word_1_97' title='bbox 1717 1129 1958 1193; x_wconf 88' lang='lat' dir='ltr'>conjugati</span> <span class='ocrx_word' id='word_1_98' title='bbox 1990 1129 2052 1176; x_wconf 91' lang='lat' dir='ltr'>ad</span> <span class='ocrx_word' id='word_1_99' title='bbox 2083 1146 2248 1176; x_wconf 86' lang='lat' dir='ltr'>verum</span> <span class='ocrx_word' id='word_1_100' title='bbox 2282 1130 2483 1176; x_wconf 86' lang='lat' dir='ltr'>coelestis</span> 
     </span>
     <span class='ocr_line' id='line_1_10' title="bbox 356 1205 2479 1274; baseline 0.002 -23"><span class='ocrx_word' id='word_1_101' title='bbox 356 1206 516 1270; x_wconf 87' lang='lat' dir='ltr'>patriae</span> <span class='ocrx_word' id='word_1_102' title='bbox 539 1205 815 1272; x_wconf 83' lang='lat' dir='ltr'>paradisum</span> <span class='ocrx_word' id='word_1_103' title='bbox 837 1217 950 1254; x_wconf 91' lang='lat' dir='ltr'>sunt</span> <span class='ocrx_word' id='word_1_104' title='bbox 971 1209 1275 1272; x_wconf 88' lang='lat' dir='ltr'>perventuri,</span> <span class='ocrx_word' id='word_1_105' title='bbox 1297 1219 1344 1256; x_wconf 92' lang='lat' dir='ltr'>et</span> <span class='ocrx_word' id='word_1_106' title='bbox 1366 1210 1455 1256; x_wconf 92' lang='lat' dir='ltr'>Dei</span> <span class='ocrx_word' id='word_1_107' title='bbox 1473 1210 1725 1256; x_wconf 86' lang='lat' dir='ltr'>vocatione</span> <span class='ocrx_word' id='word_1_108' title='bbox 1750 1209 1881 1274; x_wconf 88' lang='lat' dir='ltr'>digni</span> <span class='ocrx_word' id='word_1_109' title='bbox 1906 1228 1915 1255; x_wconf 90' lang='lat'>:</span> <span class='ocrx_word' id='word_1_110' title='bbox 1946 1226 2154 1274; x_wconf 91' lang='lat' dir='ltr'>quorum</span> <span class='ocrx_word' id='word_1_111' title='bbox 2172 1210 2366 1257; x_wconf 89' lang='lat' dir='ltr'>nomina</span> <span class='ocrx_word' id='word_1_112' title='bbox 2380 1210 2479 1272; x_wconf 88' lang='lat' dir='ltr'>jam</span> 
     </span>
     <span class='ocr_line' id='line_1_11' title="bbox 356 1283 2478 1353; baseline 0.002 -22"><span class='ocrx_word' id='word_1_113' title='bbox 356 1285 406 1332; x_wconf 90' lang='lat' dir='ltr'>in</span> <span class='ocrx_word' id='word_1_114' title='bbox 440 1283 563 1332; x_wconf 88' lang='lat' dir='ltr'>libro</span> <span class='ocrx_word' id='word_1_115' title='bbox 586 1285 692 1332; x_wconf 85' lang='lat' dir='ltr'>vitae</span> <span class='ocrx_word' id='word_1_116' title='bbox 720 1297 830 1333; x_wconf 91' lang='lat' dir='ltr'>sunt</span> <span class='ocrx_word' id='word_1_117' title='bbox 848 1288 1037 1351; x_wconf 90' lang='lat' dir='ltr'>scripta.</span> <span class='ocrx_word' id='word_1_118' title='bbox 1072 1290 1144 1335; x_wconf 90' lang='lat' dir='ltr'>De</span> <span class='ocrx_word' id='word_1_119' title='bbox 1174 1305 1271 1352; x_wconf 88' lang='lat' dir='ltr'>qua</span> <span class='ocrx_word' id='word_1_120' title='bbox 1296 1289 1493 1353; x_wconf 89' lang='lat' dir='ltr'>quidem</span> <span class='ocrx_word' id='word_1_121' title='bbox 1525 1290 1777 1336; x_wconf 87' lang='lat' dir='ltr'>vocatione</span> <span class='ocrx_word' id='word_1_122' title='bbox 1811 1290 1921 1349; x_wconf 90' lang='lat' dir='ltr'>Dei,</span> <span class='ocrx_word' id='word_1_123' title='bbox 1962 1289 2081 1336; x_wconf 90' lang='lat' dir='ltr'>illud</span> <span class='ocrx_word' id='word_1_124' title='bbox 2109 1299 2180 1336; x_wconf 91' lang='lat' dir='ltr'>est</span> <span class='ocrx_word' id='word_1_125' title='bbox 2210 1289 2478 1353; x_wconf 75' lang='lat' dir='ltr'>Apostoli²z</span> 
     </span>
     <span class='ocr_line' id='line_1_12' title="bbox 360 1356 2480 1433; baseline 0.003 -24"><span class='ocrx_word' id='word_1_126' title='bbox 360 1384 382 1408; x_wconf 78' lang='grc' dir='ltr'>(ι</span> <span class='ocrx_word' id='word_1_127' title='bbox 410 1367 543 1422; x_wconf 89' lang='lat' dir='ltr'>Quos</span> <span class='ocrx_word' id='word_1_128' title='bbox 583 1375 744 1420; x_wconf 87' lang='lat' dir='ltr'>autem</span> <span class='ocrx_word' id='word_1_129' title='bbox 779 1366 1158 1430; x_wconf 83' lang='lat' dir='ltr'>praedestinavit,</span> <span class='ocrx_word' id='word_1_130' title='bbox 1199 1368 1294 1414; x_wconf 92' lang='lat' dir='ltr'>hoc</span> <span class='ocrx_word' id='word_1_131' title='bbox 1327 1378 1375 1416; x_wconf 90' lang='lat' dir='ltr'>et</span> <span class='ocrx_word' id='word_1_132' title='bbox 1409 1356 1627 1428; x_wconf 82' lang='lat' dir='ltr'>vocavit3</span> <span class='ocrx_word' id='word_1_133' title='bbox 1662 1379 1709 1416; x_wconf 91' lang='lat' dir='ltr'>et</span> <span class='ocrx_word' id='word_1_134' title='bbox 1735 1386 1856 1433; x_wconf 92' lang='lat' dir='ltr'>quos</span> <span class='ocrx_word' id='word_1_135' title='bbox 1887 1370 2101 1429; x_wconf 84' lang='lat' dir='ltr'>vocavit,</span> <span class='ocrx_word' id='word_1_136' title='bbox 2139 1368 2243 1416; x_wconf 92' lang='lat' dir='ltr'>illos</span> <span class='ocrx_word' id='word_1_137' title='bbox 2270 1379 2317 1416; x_wconf 90' lang='lat' dir='ltr'>et</span> <span class='ocrx_word' id='word_1_138' title='bbox 2345 1371 2480 1432; x_wconf 83' lang='lat' dir='ltr'>justi-</span> 
     </span>
     <span class='ocr_line' id='line_1_13' title="bbox 356 1443 579 1493; baseline -0.004 -2"><span class='ocrx_word' id='word_1_139' title='bbox 356 1443 528 1493; x_wconf 83' lang='lat' dir='ltr'>ficavit.</span> <span class='ocrx_word' id='word_1_140' title='bbox 556 1464 579 1488; x_wconf 86' lang='lat'><strong><em>»</em></strong></span> 
     </span>
    </p>
   </div>
   <div class='ocr_carea' id='block_1_3' title="bbox 1105 1563 1725 1595">
    <p class='ocr_par' dir='ltr' id='par_1_3' title="bbox 1105 1563 1725 1595">
     <span class='ocr_line' id='line_1_14' title="bbox 1105 1563 1725 1595; baseline 0.002 -3"><span class='ocrx_word' id='word_1_141' title='bbox 1105 1563 1349 1594; x_wconf 72' lang='lat' dir='ltr'>PROBLEMA</span> <span class='ocrx_word' id='word_1_142' title='bbox 1381 1563 1602 1595; x_wconf 81' lang='lat' dir='ltr'>HELOISSAE</span> <span class='ocrx_word' id='word_1_143' title='bbox 1633 1565 1725 1594; x_wconf 82' lang='lat' dir='ltr'><strong>XLI.</strong></span> 
     </span>
    </p>
   </div>
   <div class='ocr_carea' id='block_1_4' title="bbox 354 1652 2480 1961">
    <p class='ocr_par' dir='ltr' id='par_1_4' title="bbox 354 1652 2480 1961">
     <span class='ocr_line' id='line_1_15' title="bbox 422 1652 2480 1716; baseline 0 -18"><span class='ocrx_word' id='word_1_144' title='bbox 422 1653 687 1709; x_wconf 87' lang='lat' dir='ltr'>Quaerimus</span> <span class='ocrx_word' id='word_1_145' title='bbox 703 1653 809 1716; x_wconf 90' lang='lat' dir='ltr'>quis</span> <span class='ocrx_word' id='word_1_146' title='bbox 823 1652 942 1700; x_wconf 92' lang='lat' dir='ltr'>illud</span> <span class='ocrx_word' id='word_1_147' title='bbox 959 1653 1194 1702; x_wconf 83' lang='lat' dir='ltr'>addiderit</span> <span class='ocrx_word' id='word_1_148' title='bbox 1210 1654 1375 1702; x_wconf 84' lang='lat' dir='ltr'>influe</span> <span class='ocrx_word' id='word_1_149' title='bbox 1401 1656 1757 1702; x_wconf 76' lang='lat' dir='ltr'>Deuteronomii</span> <span class='ocrx_word' id='word_1_150' title='bbox 1768 1657 1798 1713; x_wconf 82' lang='lat'>³,</span> <span class='ocrx_word' id='word_1_151' title='bbox 1827 1654 2058 1701; x_wconf 91' lang='lat' dir='ltr'>librorum</span> <span class='ocrx_word' id='word_1_152' title='bbox 2076 1653 2253 1701; x_wconf 90' lang='lat' dir='ltr'>scilicet</span> <span class='ocrx_word' id='word_1_153' title='bbox 2270 1653 2480 1716; x_wconf 87' lang='lat' dir='ltr'>quinque</span> 
     </span>
     <span class='ocr_line' id='line_1_16' title="bbox 354 1732 2479 1801; baseline 0.001 -24"><span class='ocrx_word' id='word_1_154' title='bbox 354 1732 506 1795; x_wconf 85' lang='lat' dir='ltr'>Moysi</span> <span class='ocrx_word' id='word_1_155' title='bbox 541 1733 812 1792; x_wconf 89' lang='lat' dir='ltr'>novissimi,</span> <span class='ocrx_word' id='word_1_156' title='bbox 850 1734 983 1798; x_wconf 94' lang='lat' dir='ltr'>quod</span> <span class='ocrx_word' id='word_1_157' title='bbox 1008 1735 1069 1782; x_wconf 93' lang='lat' dir='ltr'>de</span> <span class='ocrx_word' id='word_1_158' title='bbox 1094 1745 1248 1782; x_wconf 88' lang='lat' dir='ltr'>morte</span> <span class='ocrx_word' id='word_1_159' title='bbox 1281 1737 1432 1799; x_wconf 89' lang='lat' dir='ltr'>Moysi</span> <span class='ocrx_word' id='word_1_160' title='bbox 1463 1746 1509 1782; x_wconf 92' lang='lat' dir='ltr'>et</span> <span class='ocrx_word' id='word_1_161' title='bbox 1540 1736 1764 1801; x_wconf 91' lang='lat' dir='ltr'>deinceps</span> <span class='ocrx_word' id='word_1_162' title='bbox 1798 1745 2045 1782; x_wconf 84' lang='lat' dir='ltr'>narratur:</span> <span class='ocrx_word' id='word_1_163' title='bbox 2076 1745 2237 1782; x_wconf 87' lang='lat' dir='ltr'>utrum</span> <span class='ocrx_word' id='word_1_164' title='bbox 2262 1733 2479 1781; x_wconf 88' lang='lat' dir='ltr'>videlicet</span> 
     </span>
     <span class='ocr_line' id='line_1_17' title="bbox 354 1810 2474 1880; baseline 0.001 -23"><span class='ocrx_word' id='word_1_165' title='bbox 354 1810 457 1875; x_wconf 91' lang='lat' dir='ltr'>ipse</span> <span class='ocrx_word' id='word_1_166' title='bbox 487 1814 675 1876; x_wconf 89' lang='lat' dir='ltr'>Moyses</span> <span class='ocrx_word' id='word_1_167' title='bbox 698 1812 749 1859; x_wconf 93' lang='lat' dir='ltr'>id</span> <span class='ocrx_word' id='word_1_168' title='bbox 774 1830 968 1878; x_wconf 89' lang='lat' dir='ltr'>quoque</span> <span class='ocrx_word' id='word_1_169' title='bbox 992 1815 1274 1880; x_wconf 88' lang='lat' dir='ltr'>prophetico</span> <span class='ocrx_word' id='word_1_170' title='bbox 1306 1816 1473 1880; x_wconf 88' lang='lat' dir='ltr'>spiritu</span> <span class='ocrx_word' id='word_1_171' title='bbox 1500 1816 1669 1863; x_wconf 84' lang='lat' dir='ltr'>dixerit</span> <span class='ocrx_word' id='word_1_172' title='bbox 1685 1852 1696 1874; x_wconf 89' lang='lat'>,</span> <span class='ocrx_word' id='word_1_173' title='bbox 1735 1825 1787 1862; x_wconf 91' lang='lat' dir='ltr'>ut</span> <span class='ocrx_word' id='word_1_174' title='bbox 1818 1816 1960 1862; x_wconf 88' lang='lat' dir='ltr'>etiam</span> <span class='ocrx_word' id='word_1_175' title='bbox 1986 1815 2036 1862; x_wconf 94' lang='lat' dir='ltr'>id</span> <span class='ocrx_word' id='word_1_176' title='bbox 2061 1815 2192 1861; x_wconf 90' lang='lat' dir='ltr'>libris</span> <span class='ocrx_word' id='word_1_177' title='bbox 2220 1815 2321 1878; x_wconf 91' lang='lat' dir='ltr'>ejus</span> <span class='ocrx_word' id='word_1_178' title='bbox 2356 1830 2474 1861; x_wconf 85' lang='lat' dir='ltr'>con-</span> 
     </span>
     <span class='ocr_line' id='line_1_18' title="bbox 354 1893 1898 1961; baseline 0.002 -24"><span class='ocrx_word' id='word_1_179' title='bbox 354 1893 596 1939; x_wconf 88' lang='lat' dir='ltr'>numerari</span> <span class='ocrx_word' id='word_1_180' title='bbox 622 1894 788 1958; x_wconf 91' lang='lat' dir='ltr'>possit,</span> <span class='ocrx_word' id='word_1_181' title='bbox 818 1910 877 1941; x_wconf 90' lang='lat' dir='ltr'>an</span> <span class='ocrx_word' id='word_1_182' title='bbox 898 1894 959 1942; x_wconf 89' lang='lat' dir='ltr'>ab</span> <span class='ocrx_word' id='word_1_183' title='bbox 976 1894 1069 1942; x_wconf 91' lang='lat' dir='ltr'>alio</span> <span class='ocrx_word' id='word_1_184' title='bbox 1094 1896 1406 1961; x_wconf 87' lang='lat' dir='ltr'>postmodum</span> <span class='ocrx_word' id='word_1_185' title='bbox 1427 1897 1486 1942; x_wconf 90' lang='lat' dir='ltr'>sit</span> <span class='ocrx_word' id='word_1_186' title='bbox 1504 1895 1898 1960; x_wconf 81' lang='lat' dir='ltr'>superadditum?</span> 
     </span>
    </p>
   </div>
   <div class='ocr_carea' id='block_1_5' title="bbox 1111 2021 1655 2069">
    <p class='ocr_par' dir='ltr' id='par_1_5' title="bbox 1111 2021 1655 2069">
     <span class='ocr_line' id='line_1_19' title="bbox 1111 2021 1655 2069; baseline -0.002 -1"><span class='ocrx_word' id='word_1_187' title='bbox 1111 2030 1115 2033; x_wconf 81' lang='grc'><strong>“</strong></span> <span class='ocrx_word' id='word_1_188' title='bbox 1178 2023 1360 2069; x_wconf 74' lang='lat' dir='ltr'>Salutio</span> <span class='ocrx_word' id='word_1_189' title='bbox 1394 2021 1655 2069; x_wconf 72' lang='lat' dir='ltr'>Aboelardi.</span> 
     </span>
    </p>
   </div>
   <div class='ocr_carea' id='block_1_6' title="bbox 308 2129 2470 2917">
    <p class='ocr_par' dir='ltr' id='par_1_6' title="bbox 308 2129 2470 2917">
     <span class='ocr_line' id='line_1_20' title="bbox 418 2129 2465 2197; baseline -0.001 -20"><span class='ocrx_word' id='word_1_190' title='bbox 418 2131 547 2178; x_wconf 84' lang='lat' dir='ltr'>Sicut</span> <span class='ocrx_word' id='word_1_191' title='bbox 583 2131 709 2179; x_wconf 86' lang='lat' dir='ltr'>Beda</span> <span class='ocrx_word' id='word_1_192' title='bbox 743 2149 886 2196; x_wconf 90' lang='lat' dir='ltr'>super</span> <span class='ocrx_word' id='word_1_193' title='bbox 922 2132 1123 2178; x_wconf 87' lang='lat' dir='ltr'>Esdram</span> <span class='ocrx_word' id='word_1_194' title='bbox 1149 2133 1425 2179; x_wconf 77' lang='lat' dir='ltr'>meminit⁴2</span> <span class='ocrx_word' id='word_1_195' title='bbox 1452 2152 1475 2176; x_wconf 92' lang='lat'><strong><em>«</em></strong></span> <span class='ocrx_word' id='word_1_196' title='bbox 1499 2136 1602 2197; x_wconf 88' lang='lat' dir='ltr'>lpse</span> <span class='ocrx_word' id='word_1_197' title='bbox 1630 2131 1824 2190; x_wconf 87' lang='lat' dir='ltr'>Esdras,</span> <span class='ocrx_word' id='word_1_198' title='bbox 1850 2132 1932 2195; x_wconf 89' lang='lat' dir='ltr'>qui</span> <span class='ocrx_word' id='word_1_199' title='bbox 1969 2147 2067 2177; x_wconf 92' lang='lat' dir='ltr'>non</span> <span class='ocrx_word' id='word_1_200' title='bbox 2100 2129 2255 2177; x_wconf 90' lang='lat' dir='ltr'>solum</span> <span class='ocrx_word' id='word_1_201' title='bbox 2291 2130 2465 2193; x_wconf 82' lang='lat' dir='ltr'>legem,</span> 
     </span>
     <span class='ocr_line' id='line_1_21' title="bbox 352 2209 2465 2275; baseline -0 -19"><span class='ocrx_word' id='word_1_202' title='bbox 352 2209 435 2256; x_wconf 91' lang='lat' dir='ltr'>sed</span> <span class='ocrx_word' id='word_1_203' title='bbox 460 2211 602 2257; x_wconf 83' lang='lat' dir='ltr'>etiam</span> <span class='ocrx_word' id='word_1_204' title='bbox 619 2247 631 2267; x_wconf 90' lang='lat'>,</span> <span class='ocrx_word' id='word_1_205' title='bbox 662 2221 713 2257; x_wconf 92' lang='lat' dir='ltr'>ut</span> <span class='ocrx_word' id='word_1_206' title='bbox 750 2211 1020 2257; x_wconf 90' lang='lat' dir='ltr'>communis</span> <span class='ocrx_word' id='word_1_207' title='bbox 1049 2210 1286 2274; x_wconf 90' lang='lat' dir='ltr'>majorum</span> <span class='ocrx_word' id='word_1_208' title='bbox 1312 2211 1433 2258; x_wconf 88' lang='lat' dir='ltr'>fama</span> <span class='ocrx_word' id='word_1_209' title='bbox 1460 2221 1555 2271; x_wconf 91' lang='lat' dir='ltr'>est,</span> <span class='ocrx_word' id='word_1_210' title='bbox 1585 2227 1779 2258; x_wconf 88' lang='lat' dir='ltr'>omnem</span> <span class='ocrx_word' id='word_1_211' title='bbox 1806 2227 1948 2258; x_wconf 77' lang='lat' dir='ltr'>sacrae</span> <span class='ocrx_word' id='word_1_212' title='bbox 1986 2211 2236 2275; x_wconf 86' lang='lat' dir='ltr'>Scripturae</span> <span class='ocrx_word' id='word_1_213' title='bbox 2270 2210 2465 2264; x_wconf 78' lang='lat' dir='ltr'>seriem,</span> 
     </span>
     <span class='ocr_line' id='line_1_22' title="bbox 352 2288 2470 2356; baseline -0.001 -20"><span class='ocrx_word' id='word_1_214' title='bbox 352 2305 457 2352; x_wconf 83' lang='lat' dir='ltr'>quae</span> <span class='ocrx_word' id='word_1_215' title='bbox 489 2290 666 2354; x_wconf 89' lang='lat' dir='ltr'>pariter</span> <span class='ocrx_word' id='word_1_216' title='bbox 696 2291 794 2354; x_wconf 86' lang='lat' dir='ltr'>igni</span> <span class='ocrx_word' id='word_1_217' title='bbox 830 2289 1081 2355; x_wconf 90' lang='lat' dir='ltr'>absumpta</span> <span class='ocrx_word' id='word_1_218' title='bbox 1111 2300 1203 2349; x_wconf 90' lang='lat' dir='ltr'>est,</span> <span class='ocrx_word' id='word_1_219' title='bbox 1242 2300 1386 2356; x_wconf 90' lang='lat' dir='ltr'>prout</span> <span class='ocrx_word' id='word_1_220' title='bbox 1419 2290 1507 2337; x_wconf 89' lang='lat' dir='ltr'>sibi</span> <span class='ocrx_word' id='word_1_221' title='bbox 1530 2290 1790 2337; x_wconf 71' lang='lat' dir='ltr'>&#39;videbatur</span> <span class='ocrx_word' id='word_1_222' title='bbox 1820 2290 2081 2354; x_wconf 78' lang='lat' dir='ltr'>legentibus</span> <span class='ocrx_word' id='word_1_223' title='bbox 2120 2288 2363 2347; x_wconf 87' lang='lat' dir='ltr'>sufficere,</span> <span class='ocrx_word' id='word_1_224' title='bbox 2406 2303 2470 2334; x_wconf 86' lang='lat' dir='ltr'>re—</span> 
     </span>
     <span class='ocr_line' id='line_1_23' title="bbox 352 2369 2468 2436; baseline 0 -22"><span class='ocrx_word' id='word_1_225' title='bbox 352 2370 558 2434; x_wconf 85' lang='lat' dir='ltr'>scripsit,</span> <span class='ocrx_word' id='word_1_226' title='bbox 586 2389 608 2413; x_wconf 87' lang='lat'>»</span> <span class='ocrx_word' id='word_1_227' title='bbox 634 2380 730 2417; x_wconf 90' lang='lat' dir='ltr'>tam</span> <span class='ocrx_word' id='word_1_228' title='bbox 755 2371 848 2417; x_wconf 90' lang='lat' dir='ltr'>hoc</span> <span class='ocrx_word' id='word_1_229' title='bbox 874 2387 1019 2434; x_wconf 88' lang='lat' dir='ltr'>quam</span> <span class='ocrx_word' id='word_1_230' title='bbox 1037 2369 1265 2435; x_wconf 88' lang='lat' dir='ltr'>pleraque</span> <span class='ocrx_word' id='word_1_231' title='bbox 1286 2370 1375 2417; x_wconf 91' lang='lat' dir='ltr'>alia</span> <span class='ocrx_word' id='word_1_232' title='bbox 1399 2371 1583 2436; x_wconf 89' lang='lat' dir='ltr'>scriptis</span> <span class='ocrx_word' id='word_1_233' title='bbox 1601 2369 1783 2419; x_wconf 82' lang='lat' dir='ltr'>Veteris‘</span> <span class='ocrx_word' id='word_1_234' title='bbox 1807 2371 2095 2418; x_wconf 88' lang='lat' dir='ltr'>Testamenti</span> <span class='ocrx_word' id='word_1_235' title='bbox 2119 2369 2304 2433; x_wconf 91' lang='lat' dir='ltr'>adjecit.</span> <span class='ocrx_word' id='word_1_236' title='bbox 2335 2370 2410 2416; x_wconf 76' lang='lat' dir='ltr'>Sic</span> <span class='ocrx_word' id='word_1_237' title='bbox 2425 2377 2468 2414; x_wconf 82' lang='lat' dir='ltr'>et</span> 
     </span>
     <span class='ocr_line' id='line_1_24' title="bbox 353 2447 2469 2516; baseline -0.001 -22"><span class='ocrx_word' id='word_1_238' title='bbox 353 2449 585 2496; x_wconf 88' lang='lat' dir='ltr'>nonnulla</span> <span class='ocrx_word' id='word_1_239' title='bbox 609 2450 792 2515; x_wconf 89' lang='lat' dir='ltr'>scriptis</span> <span class='ocrx_word' id='word_1_240' title='bbox 811 2450 952 2496; x_wconf 90' lang='lat' dir='ltr'>etiam</span> <span class='ocrx_word' id='word_1_241' title='bbox 979 2450 1259 2513; x_wconf 88' lang='lat' dir='ltr'>evangelicis</span> <span class='ocrx_word' id='word_1_242' title='bbox 1283 2450 1589 2516; x_wconf 88' lang='lat' dir='ltr'>superaddita</span> <span class='ocrx_word' id='word_1_243' title='bbox 1612 2451 1830 2498; x_wconf 86' lang='lat' dir='ltr'>videmus</span> <span class='ocrx_word' id='word_1_244' title='bbox 1860 2468 1887 2498; x_wconf 89' lang='lat' dir='ltr'>a</span> <span class='ocrx_word' id='word_1_245' title='bbox 1912 2449 2271 2515; x_wconf 74' lang='lat' dir='ltr'>translatoribus</span> <span class='ocrx_word' id='word_1_246' title='bbox 2295 2468 2304 2495; x_wconf 74' lang='grc' dir='ltr'>ε</span> <span class='ocrx_word' id='word_1_247' title='bbox 2336 2447 2469 2514; x_wconf 85' lang='lat' dir='ltr'>quale</span> 
     </span>
     <span class='ocr_line' id='line_1_25' title="bbox 354 2528 2464 2591; baseline 0 -17"><span class='ocrx_word' id='word_1_248' title='bbox 354 2537 422 2574; x_wconf 90' lang='lat' dir='ltr'>est</span> <span class='ocrx_word' id='word_1_249' title='bbox 454 2528 574 2575; x_wconf 92' lang='lat' dir='ltr'>illud</span> <span class='ocrx_word' id='word_1_250' title='bbox 619 2529 668 2575; x_wconf 91' lang='lat' dir='ltr'>in</span> <span class='ocrx_word' id='word_1_251' title='bbox 703 2529 923 2576; x_wconf 85' lang='lat' dir='ltr'>Matthaeo</span> <span class='ocrx_word' id='word_1_252' title='bbox 942 2533 988 2576; x_wconf 77' lang='lat'>⁸:</span> <span class='ocrx_word' id='word_1_253' title='bbox 1023 2548 1046 2575; x_wconf 90' lang='lat'><strong><em>«</em></strong></span> <span class='ocrx_word' id='word_1_254' title='bbox 1077 2530 1174 2590; x_wconf 90' lang='lat' dir='ltr'>Eli,</span> <span class='ocrx_word' id='word_1_255' title='bbox 1205 2531 1299 2591; x_wconf 91' lang='lat' dir='ltr'>Eli,</span> <span class='ocrx_word' id='word_1_256' title='bbox 1328 2531 1505 2578; x_wconf 88' lang='lat' dir='ltr'>lamma</span> <span class='ocrx_word' id='word_1_257' title='bbox 1527 2531 1838 2578; x_wconf 82' lang='lat' dir='ltr'>sabacthani?</span> <span class='ocrx_word' id='word_1_258' title='bbox 1865 2531 1959 2577; x_wconf 91' lang='lat' dir='ltr'>hoc</span> <span class='ocrx_word' id='word_1_259' title='bbox 1985 2541 2056 2577; x_wconf 89' lang='lat' dir='ltr'>est</span> <span class='ocrx_word' id='word_1_260' title='bbox 2088 2549 2096 2576; x_wconf 94' lang='lat'><strong>:</strong></span> <span class='ocrx_word' id='word_1_261' title='bbox 2142 2533 2271 2577; x_wconf 88' lang='lat' dir='ltr'>Deus</span> <span class='ocrx_word' id='word_1_262' title='bbox 2305 2543 2434 2577; x_wconf 84' lang='lat' dir='ltr'>meus</span> <span class='ocrx_word' id='word_1_263' title='bbox 2453 2564 2464 2585; x_wconf 93' lang='lat'>‚</span> 
     </span>
     <span class='ocr_line' id='line_1_26' title="bbox 308 2608 2466 2676; baseline -0.001 -21"><span class='ocrx_word' id='word_1_264' title='bbox 308 2641 319 2650; x_wconf 85' lang='lat'>-</span> <span class='ocrx_word' id='word_1_265' title='bbox 354 2610 481 2655; x_wconf 92' lang='lat' dir='ltr'>Deus</span> <span class='ocrx_word' id='word_1_266' title='bbox 508 2625 667 2669; x_wconf 92' lang='lat' dir='ltr'>meus,</span> <span class='ocrx_word' id='word_1_267' title='bbox 699 2620 749 2656; x_wconf 88' lang='lat' dir='ltr'>ut</span> <span class='ocrx_word' id='word_1_268' title='bbox 774 2608 889 2674; x_wconf 91' lang='lat' dir='ltr'>quid</span> <span class='ocrx_word' id='word_1_269' title='bbox 916 2627 992 2658; x_wconf 91' lang='lat' dir='ltr'>me</span> <span class='ocrx_word' id='word_1_270' title='bbox 1012 2610 1341 2675; x_wconf 81' lang='lat' dir='ltr'>dereliquisti?</span> <span class='ocrx_word' id='word_1_271' title='bbox 1373 2613 1490 2658; x_wconf 89' lang='lat' dir='ltr'>»Sic</span> <span class='ocrx_word' id='word_1_272' title='bbox 1524 2622 1570 2658; x_wconf 93' lang='lat' dir='ltr'>et</span> <span class='ocrx_word' id='word_1_273' title='bbox 1604 2613 1653 2658; x_wconf 91' lang='lat' dir='ltr'>in</span> <span class='ocrx_word' id='word_1_274' title='bbox 1677 2612 1854 2658; x_wconf 78' lang='lat' dir='ltr'>caeteris</span> <span class='ocrx_word' id='word_1_275' title='bbox 1882 2611 2177 2676; x_wconf 87' lang='lat' dir='ltr'>evangelistis</span> <span class='ocrx_word' id='word_1_276' title='bbox 2194 2647 2206 2671; x_wconf 95' lang='lat'>,</span> <span class='ocrx_word' id='word_1_277' title='bbox 2237 2625 2336 2675; x_wconf 86' lang='lat' dir='ltr'>quae</span> <span class='ocrx_word' id='word_1_278' title='bbox 2367 2624 2466 2654; x_wconf 91' lang='lat' dir='ltr'>non</span> 
     </span>
     <span class='ocr_line' id='line_1_27' title="bbox 353 2688 2466 2756; baseline -0.001 -21"><span class='ocrx_word' id='word_1_279' title='bbox 353 2688 590 2749; x_wconf 81' lang='lat' dir='ltr'>hebraice,</span> <span class='ocrx_word' id='word_1_280' title='bbox 613 2689 698 2736; x_wconf 90' lang='lat' dir='ltr'>sed</span> <span class='ocrx_word' id='word_1_281' title='bbox 718 2706 864 2754; x_wconf 84' lang='lat' dir='ltr'>graece</span> <span class='ocrx_word' id='word_1_282' title='bbox 884 2691 1056 2756; x_wconf 87' lang='lat' dir='ltr'>scripta</span> <span class='ocrx_word' id='word_1_283' title='bbox 1075 2701 1201 2751; x_wconf 90' lang='lat' dir='ltr'>sunt,</span> <span class='ocrx_word' id='word_1_284' title='bbox 1224 2691 1362 2738; x_wconf 88' lang='lat' dir='ltr'>simul</span> <span class='ocrx_word' id='word_1_285' title='bbox 1383 2692 1613 2756; x_wconf 86' lang='lat' dir='ltr'>expositio</span> <span class='ocrx_word' id='word_1_286' title='bbox 1631 2692 1833 2739; x_wconf 89' lang='lat' dir='ltr'>istorum</span> <span class='ocrx_word' id='word_1_287' title='bbox 1848 2691 2183 2739; x_wconf 87' lang='lat' dir='ltr'>hebraicorum</span> <span class='ocrx_word' id='word_1_288' title='bbox 2214 2688 2466 2738; x_wconf 81' lang='lat' dir='ltr'>verborum</span> 
     </span>
     <span class='ocr_line' id='line_1_28' title="bbox 353 2766 2465 2837; baseline -0.001 -23"><span class='ocrx_word' id='word_1_289' title='bbox 353 2767 514 2815; x_wconf 87' lang='lat' dir='ltr'>addita</span> <span class='ocrx_word' id='word_1_290' title='bbox 539 2769 786 2834; x_wconf 89' lang='lat' dir='ltr'>reperitur.</span> <span class='ocrx_word' id='word_1_291' title='bbox 807 2769 949 2817; x_wconf 90' lang='lat' dir='ltr'>Libro</span> <span class='ocrx_word' id='word_1_292' title='bbox 968 2771 1110 2817; x_wconf 89' lang='lat' dir='ltr'>etiam</span> <span class='ocrx_word' id='word_1_293' title='bbox 1130 2771 1406 2835; x_wconf 84' lang='lat' dir='ltr'>Hieronymi</span> <span class='ocrx_word' id='word_1_294' title='bbox 1427 2771 1485 2818; x_wconf 84' lang='lat' dir='ltr'>de</span> <span class='ocrx_word' id='word_1_295' title='bbox 1503 2771 1772 2818; x_wconf 76' lang='lat' dir='ltr'>Illustrl&#39;bas</span> <span class='ocrx_word' id='word_1_296' title='bbox 1799 2773 1935 2836; x_wconf 29' lang='grc' dir='ltr'>αἰνῶς.</span> <span class='ocrx_word' id='word_1_297' title='bbox 1950 2771 2033 2819; x_wconf 91' lang='lat' dir='ltr'>ubi</span> <span class='ocrx_word' id='word_1_298' title='bbox 2052 2788 2101 2818; x_wconf 93' lang='lat' dir='ltr'>se</span> <span class='ocrx_word' id='word_1_299' title='bbox 2125 2772 2277 2837; x_wconf 89' lang='lat' dir='ltr'>ipsum</span> <span class='ocrx_word' id='word_1_300' title='bbox 2301 2769 2351 2815; x_wconf 91' lang='lat' dir='ltr'>in</span> <span class='ocrx_word' id='word_1_301' title='bbox 2372 2766 2465 2813; x_wconf 86' lang='lat' dir='ltr'>fine</span> 
     </span>
     <span class='ocr_line' id='line_1_29' title="bbox 354 2849 2142 2917; baseline 0.003 -24"><span class='ocrx_word' id='word_1_302' title='bbox 354 2849 512 2912; x_wconf 89' lang='lat' dir='ltr'>operis</span> <span class='ocrx_word' id='word_1_303' title='bbox 537 2849 719 2912; x_wconf 90' lang='lat' dir='ltr'>posuit,</span> <span class='ocrx_word' id='word_1_304' title='bbox 743 2849 843 2912; x_wconf 89' lang='lat' dir='ltr'>ejus</span> <span class='ocrx_word' id='word_1_305' title='bbox 861 2850 966 2897; x_wconf 84' lang='lat' dir='ltr'>vitae</span> <span class='ocrx_word' id='word_1_306' title='bbox 985 2851 1223 2914; x_wconf 87' lang='lat' dir='ltr'>quantitas</span> <span class='ocrx_word' id='word_1_307' title='bbox 1239 2861 1285 2898; x_wconf 88' lang='lat' dir='ltr'>et</span> <span class='ocrx_word' id='word_1_308' title='bbox 1302 2850 1408 2898; x_wconf 85' lang='lat' dir='ltr'>finis</span> <span class='ocrx_word' id='word_1_309' title='bbox 1432 2868 1458 2898; x_wconf 91' lang='lat' dir='ltr'>a</span> <span class='ocrx_word' id='word_1_310' title='bbox 1478 2851 1689 2915; x_wconf 91' lang='lat' dir='ltr'>quodam</span> <span class='ocrx_word' id='word_1_311' title='bbox 1708 2851 1870 2899; x_wconf 89' lang='lat' dir='ltr'>addita</span> <span class='ocrx_word' id='word_1_312' title='bbox 1893 2853 2142 2917; x_wconf 87' lang='lat' dir='ltr'>reperitur.</span> 
     </span>
    </p>
   </div>
   <div class='ocr_carea' id='block_1_7' title="bbox 1091 2994 1732 3025">
    <p class='ocr_par' dir='ltr' id='par_1_7' title="bbox 1091 2994 1732 3025">
     <span class='ocr_line' id='line_1_30' title="bbox 1091 2994 1732 3025; baseline 0.002 -1"><span class='ocrx_word' id='word_1_313' title='bbox 1091 2994 1334 3025; x_wconf 79' lang='lat' dir='ltr'>PROBLEMA</span> <span class='ocrx_word' id='word_1_314' title='bbox 1366 2994 1587 3025; x_wconf 76' lang='lat' dir='ltr'>HELOISSAE</span> <span class='ocrx_word' id='word_1_315' title='bbox 1622 2995 1732 3025; x_wconf 83' lang='lat' dir='ltr'>XLII.</span> 
     </span>
    </p>
   </div>
   <div class='ocr_carea' id='block_1_8' title="bbox 352 3085 2465 3231">
    <p class='ocr_par' dir='ltr' id='par_1_8' title="bbox 352 3085 2465 3231">
     <span class='ocr_line' id='line_1_31' title="bbox 418 3085 2465 3152; baseline 0 -21"><span class='ocrx_word' id='word_1_316' title='bbox 418 3087 587 3133; x_wconf 87' lang='lat' dir='ltr'>Utrum</span> <span class='ocrx_word' id='word_1_317' title='bbox 612 3085 780 3150; x_wconf 90' lang='lat' dir='ltr'>aliquis</span> <span class='ocrx_word' id='word_1_318' title='bbox 804 3087 853 3133; x_wconf 94' lang='lat' dir='ltr'>in</span> <span class='ocrx_word' id='word_1_319' title='bbox 885 3103 943 3134; x_wconf 93' lang='lat' dir='ltr'>eo</span> <span class='ocrx_word' id='word_1_320' title='bbox 969 3087 1101 3152; x_wconf 89' lang='lat' dir='ltr'>quod</span> <span class='ocrx_word' id='word_1_321' title='bbox 1121 3088 1230 3136; x_wconf 87' lang='lat' dir='ltr'>facit</span> <span class='ocrx_word' id='word_1_322' title='bbox 1257 3106 1284 3136; x_wconf 91' lang='lat' dir='ltr'>a</span> <span class='ocrx_word' id='word_1_323' title='bbox 1309 3090 1519 3137; x_wconf 90' lang='lat' dir='ltr'>Domino</span> <span class='ocrx_word' id='word_1_324' title='bbox 1550 3089 1639 3136; x_wconf 91' lang='lat' dir='ltr'>sibi</span> <span class='ocrx_word' id='word_1_325' title='bbox 1663 3106 1967 3148; x_wconf 89' lang='lat' dir='ltr'>concessum,</span> <span class='ocrx_word' id='word_1_326' title='bbox 1998 3088 2077 3136; x_wconf 64' lang='lat' dir='ltr'>vel&#39;</span> <span class='ocrx_word' id='word_1_327' title='bbox 2090 3088 2230 3134; x_wconf 89' lang='lat' dir='ltr'>etiam</span> <span class='ocrx_word' id='word_1_328' title='bbox 2250 3087 2434 3150; x_wconf 87' lang='lat' dir='ltr'>jussum</span> <span class='ocrx_word' id='word_1_329' title='bbox 2454 3119 2465 3142; x_wconf 91' lang='lat'>,</span> 
     </span>
     <span class='ocr_line' id='line_1_32' title="bbox 352 3167 1034 3231; baseline 0.004 -20"><span class='ocrx_word' id='word_1_330' title='bbox 352 3181 548 3228; x_wconf 90' lang='lat' dir='ltr'>peccare</span> <span class='ocrx_word' id='word_1_331' title='bbox 566 3167 737 3231; x_wconf 89' lang='lat' dir='ltr'>possit,</span> <span class='ocrx_word' id='word_1_332' title='bbox 765 3167 1034 3231; x_wconf 80' lang='lat' dir='ltr'>quaerimus.</span> 
     </span>
    </p>
   </div>
   <div class='ocr_carea' id='block_1_9' title="bbox 358 3323 2464 3428">
    <p class='ocr_par' dir='ltr' id='par_1_9' title="bbox 358 3323 2464 3428">
     <span class='ocr_line' id='line_1_33' title="bbox 400 3323 2464 3374; baseline 0.002 -21"><span class='ocrx_word' id='word_1_333' title='bbox 400 3323 409 3340; x_wconf 84' lang='lat'>¹</span> <span class='ocrx_word' id='word_1_334' title='bbox 435 3325 549 3364; x_wconf 67' lang='lat' dir='ltr'>Pron„</span> <span class='ocrx_word' id='word_1_335' title='bbox 570 3335 645 3370; x_wconf 76' lang='lat' dir='ltr'>cap.</span> <span class='ocrx_word' id='word_1_336' title='bbox 669 3339 764 3369; x_wconf 72' lang='lat' dir='ltr'>um,</span> <span class='ocrx_word' id='word_1_337' title='bbox 781 3339 813 3361; x_wconf 85' lang='lat' dir='ltr'>v.</span> <span class='ocrx_word' id='word_1_338' title='bbox 835 3330 885 3361; x_wconf 76' lang='lat'>13.</span> <span class='ocrx_word' id='word_1_339' title='bbox 901 3346 944 3353; x_wconf 89' lang='lat'><em>-</em></span> <span class='ocrx_word' id='word_1_340' title='bbox 958 3328 971 3346; x_wconf 84' lang='lat'><strong>¹</strong></span> <span class='ocrx_word' id='word_1_341' title='bbox 985 3330 1094 3369; x_wconf 77' lang='lat' dir='ltr'>Rom„</span> <span class='ocrx_word' id='word_1_342' title='bbox 1110 3340 1184 3374; x_wconf 78' lang='lat' dir='ltr'>cap.</span> <span class='ocrx_word' id='word_1_343' title='bbox 1203 3340 1277 3370; x_wconf 86' lang='lat' dir='ltr'>vm,</span> <span class='ocrx_word' id='word_1_344' title='bbox 1294 3342 1325 3365; x_wconf 83' lang='lat' dir='ltr'>v.</span> <span class='ocrx_word' id='word_1_345' title='bbox 1343 3331 1396 3364; x_wconf 88' lang='grc'>30.</span> <span class='ocrx_word' id='word_1_346' title='bbox 1410 3347 1454 3356; x_wconf 91' lang='lat'>--</span> <span class='ocrx_word' id='word_1_347' title='bbox 1470 3331 1483 3349; x_wconf 84' lang='lat'>⁸</span> <span class='ocrx_word' id='word_1_348' title='bbox 1496 3330 1576 3373; x_wconf 83' lang='lat' dir='ltr'>Cap.</span> <span class='ocrx_word' id='word_1_349' title='bbox 1607 3340 1708 3363; x_wconf 74' lang='lat' dir='ltr'>xxxin</span> <span class='ocrx_word' id='word_1_350' title='bbox 1736 3336 1769 3362; x_wconf 81' lang='lat' dir='ltr'>et</span> <span class='ocrx_word' id='word_1_351' title='bbox 1794 3339 1907 3362; x_wconf 68' lang='lat' dir='ltr'>xum.</span> <span class='ocrx_word' id='word_1_352' title='bbox 1927 3345 1970 3354; x_wconf 93' lang='lat'>—-</span> <span class='ocrx_word' id='word_1_353' title='bbox 1983 3327 1996 3345; x_wconf 80' lang='lat'>⁸</span> <span class='ocrx_word' id='word_1_354' title='bbox 2016 3328 2094 3369; x_wconf 83' lang='lat' dir='ltr'>Opp.</span> <span class='ocrx_word' id='word_1_355' title='bbox 2123 3334 2146 3360; x_wconf 86' lang='lat' dir='ltr'>t.</span> <span class='ocrx_word' id='word_1_356' title='bbox 2166 3325 2221 3366; x_wconf 83' lang='lat' dir='ltr'>IV,</span> <span class='ocrx_word' id='word_1_357' title='bbox 2244 3325 2306 3359; x_wconf 85' lang='lat' dir='ltr'>col.</span> <span class='ocrx_word' id='word_1_358' title='bbox 2330 3326 2405 3358; x_wconf 81' lang='lat'>38⁷.</span> <span class='ocrx_word' id='word_1_359' title='bbox 2421 3339 2464 3348; x_wconf 81' lang='lat'>·-</span> 
     </span>
     <span class='ocr_line' id='line_1_34' title="bbox 358 3381 1459 3428; baseline 0.014 -13"><span class='ocrx_word' id='word_1_360' title='bbox 358 3383 370 3398; x_wconf 82' lang='lat'>¹⁵</span> <span class='ocrx_word' id='word_1_361' title='bbox 385 3383 513 3424; x_wconf 65' lang='lat' dir='ltr'>Matth„</span> <span class='ocrx_word' id='word_1_362' title='bbox 530 3395 605 3428; x_wconf 86' lang='lat' dir='ltr'>cap.</span> <span class='ocrx_word' id='word_1_363' title='bbox 620 3396 727 3427; x_wconf 79' lang='lat' dir='ltr'>xxvn,</span> <span class='ocrx_word' id='word_1_364' title='bbox 744 3398 777 3421; x_wconf 86' lang='lat' dir='ltr'>v.</span> <span class='ocrx_word' id='word_1_365' title='bbox 793 3389 845 3421; x_wconf 78' lang='lat'>46.</span> <span class='ocrx_word' id='word_1_366' title='bbox 1453 3381 1459 3387; x_wconf 45' lang='lat'>¹</span> 
     </span>
    </p>
   </div>
  </div>
 </body>
</html>
