2970 4152
785 401 864 447 DE
898 399 1122 447 SANCTO
1156 400 1380 448 JOANNE
1414 401 1693 449 BAPTlSTA
1726 403 1942 449 SERMO.
2329 402 2421 448 569

313 501 469 540 ratum
489 493 538 539 in
563 492 830 557 superfluis.
858 494 1048 556 Onager
1072 509 1184 555 ergo
1208 493 1319 551 iste,
1345 494 1458 557 quia
1479 496 1744 543 necessaria
1764 497 1920 543 ventri
1942 495 2168 543 alimenta
2186 511 2285 541 non
2308 495 2421 541 sub-

313 572 481 631 trahit,
507 573 591 621 sed
613 573 852 638 superflua
871 573 1018 632 tollit,
1047 573 1307 620 clamorem
1331 575 1562 625 exactoris
1578 612 1590 633 ,
1611 586 1665 622 ut
1686 575 1869 623 dictum
1891 586 1982 635 est,
2008 592 2108 622 non
2137 575 2292 634 audit,
2312 576 2423 639 quia

314 653 358 699 ei
378 670 478 700 non
502 652 800 718 obtemperat
814 653 864 700 in
889 652 1154 718 superfluis.
1181 655 1251 698 De
1266 669 1363 716 quo
1391 652 1549 700 adhuc
1573 654 1792 702 subditur
1811 675 1820 701 :
1842 675 1866 701 «
1885 654 2215 719 Circumspicit
2235 663 2423 700 montes

313 727 511 796 pascuae'
523 749 641 792 suae,
661 742 708 779 et
731 733 935 780 virentia
958 748 1158 796 quaeque
1172 731 1421 797 perquirit.
1442 734 1668 780 »Montes
1684 750 1870 798 pascuae
1891 734 2137 781 volumina
2158 743 2269 780 sunt
2286 733 2427 780 subli-

314 811 480 858 mioris
499 810 729 858 doctrinae
743 849 755 870 ,
781 811 831 858 id
855 821 925 858 est
949 828 1092 858 sacrae
1113 811 1371 875 scripturae.
1404 812 1513 868 Quo
1539 827 1652 874 ergo
1668 812 1755 858 iste
1775 813 1996 877 spiritalis
2025 829 2202 875 onager
2224 812 2426 877 amplius

314 889 434 937 cibis
456 890 784 955 corporalibus
803 891 1032 951 abstinet,
1052 901 1187 939 tanto
1210 889 1540 937 consolatione
1553 890 1761 938 melioris
1780 892 1897 950 cibi,
1922 893 1972 939 id
1989 902 2059 939 est
2076 892 2254 956 pabulo
2277 892 2427 939 divini

313 969 448 1016 verbi
469 971 619 1034 magis
641 970 844 1035 indiget3
869 957 916 1018 et
941 989 1039 1035 quo
1062 971 1191 1018 illam
1214 971 1372 1018 minus
1394 980 1552 1030 curat,
1571 970 1663 1017 hac
1682 971 1940 1018 refectione
1958 973 2168 1020 animam
2190 973 2339 1036 magis
2361 989 2429 1019 sa-

313 1049 416 1097 tiat.
453 1052 580 1096 Bene
609 1059 769 1098 autem
791 1051 1155 1116 circumspicere
1188 1051 1361 1099 dicitur
1390 1060 1578 1097 montes
1601 1067 1788 1115 pascuae
1812 1068 1906 1098 suae
1922 1089 1933 1110 ,
1963 1051 2059 1099 hoc
2081 1062 2152 1099 est
2179 1051 2428 1115 diligenter

314 1130 555 1196 inquirere
578 1148 634 1179 ac
656 1131 934 1197 providere,
957 1132 1006 1178 in
1033 1131 1207 1196 quibus
1231 1131 1501 1191 montibus,
1527 1130 1577 1178 id
1602 1141 1674 1179 est
1691 1132 1836 1178 sacris
1852 1131 2178 1179 voluminibus
2195 1133 2428 1197 aptiorem

315 1209 405 1263 sibi
434 1210 745 1259 refectionem
776 1229 832 1259 ex
869 1211 1178 1276 intelligentia
1213 1212 1430 1277 ipsorum
1457 1212 1607 1276 possit
1640 1212 1864 1277 reperire.
1902 1215 2008 1259 Non
2043 1212 2173 1259 enim
2207 1211 2430 1258 omnibus

316 1291 534 1339 omnium
559 1291 794 1340 librorum
816 1292 957 1340 lectio
980 1293 1227 1358 competit,
1248 1309 1337 1339 nec
1363 1309 1531 1340 omnes
1554 1293 1616 1340 ab
1639 1293 1864 1340 omnibus
1887 1293 2083 1357 intelligi
2103 1302 2322 1358 possunt,
2343 1310 2430 1340 nec

315 1373 366 1420 in
397 1372 622 1421 omnibus
659 1373 846 1421 ferculis
882 1391 1050 1421 omnes
1084 1374 1262 1439 pariter
1298 1373 1617 1421 oblectantur.
1656 1378 1716 1421 Et
1749 1374 1980 1438 quoniam
2013 1375 2063 1421 in
2097 1373 2270 1421 divinis
2298 1372 2431 1419 libris

315 1452 537 1518 quaedam
567 1454 986 1520 reprehenduntur
1003 1492 1015 1514 ,
1046 1454 1268 1520 quaedam
1301 1455 1728 1514 commendantur,
1762 1472 1852 1502 nec
1881 1455 2038 1502 solum
2059 1455 2157 1502 vita
2189 1453 2433 1501 bonorum

316 1547 463 1596 quam
485 1550 758 1598 sequamur,
784 1536 1099 1582 verumetiam
1121 1534 1359 1582 malorum
1380 1551 1526 1599 quam
1552 1523 1787 1599 fugiamus
1810 1535 2120 1593 describitur3
2147 1544 2335 1581 montes
2358 1534 2433 1580 isti

317 1628 419 1661 non
444 1613 601 1662 solum
621 1615 825 1663 viridem
839 1653 852 1677 ‚
877 1616 961 1664 sed
985 1616 1129 1663 etiam
1151 1617 1327 1663 siccam
1350 1616 1601 1663 continent
1625 1616 1844 1664 herbam.
1876 1618 1993 1674 Quae
2015 1617 2146 1663 enim
2168 1616 2231 1663 ad
2252 1613 2432 1662 secula-

317 1709 422 1742 rem
443 1696 685 1759 pertinent
707 1697 856 1744 vitam
879 1696 1008 1744 foeno
1033 1696 1361 1762 comparanda
1385 1706 1519 1756 sunt,
1547 1696 1681 1762 quod
1704 1696 1943 1744 abscisum
1965 1696 2026 1743 de
2055 1706 2181 1743 terra
2208 1712 2303 1743 suae.
2324 1694 2434 1741 viri·

318 1774 480 1823 ditatis
494 1777 710 1840 vigorem
730 1778 902 1825 amisit.
930 1781 989 1825 Et
1010 1778 1107 1825 vita
1129 1776 1449 1842 reproborum
1472 1793 1499 1824 a
1521 1787 1649 1825 terra
1663 1777 1928 1824 viventium
1952 1776 2123 1835 aliena,
2148 1775 2223 1823 his
2243 1762 2433 1823 caducis

321 1853 512 1903 inhians
525 1855 685 1916 rebus,
701 1873 806 1921 quae
829 1857 877 1903 in
899 1857 1085 1904 defectu
1101 1857 1389 1917 consistunt,
1406 1856 1534 1903 foeno
1549 1866 1880 1921 comparatur;
1906 1856 2027 1903 sicut
2043 1872 2069 1902 e
2083 1855 2326 1902 contrario
2339 1854 2437 1900 vita

317 1933 596 1995 electorum,
622 1953 728 2001 quae
740 1936 1077 2001 quotidianum
1091 1936 1277 1984 habens
1298 1936 1586 2002 profectum,
1612 1936 1675 1983 ad
1698 1934 2136 1983 immarcessibilem
2156 1934 2319 1999 patriae
2342 1950 2437 1981 coe-

317 2012 445 2061 lestis
482 2015 618 2079 quasi
648 2031 836 2080 semper
863 2016 1061 2063 virentis
1093 2015 1247 2062 tendit
1283 2016 1633 2075 amoenitatem,
1668 2015 1925 2061 virentium
1954 2023 2204 2079 pratorum
2229 2013 2437 2078 speciem

319 2093 454 2156 gerit.
485 2093 569 2140 His
596 2094 739 2157 igitur
767 2111 946 2158 onager
968 2105 1133 2143 noster
1162 2095 1210 2141 in
1242 2094 1331 2142 illis
1359 2094 1605 2141 montibus
1634 2093 1936 2141 reficiendus.
1965 2096 2071 2140 Non
2095 2093 2219 2140 sicca
2239 2092 2433 2157 pabula,

318 2171 403 2220 sed
424 2172 627 2221 virentia
653 2175 844 2238 quaerit‚
872 2175 985 2239 quia
1012 2174 1113 2222 hoec
1138 2174 1324 2238 assequi
1354 2174 1546 2232 nititur,
1571 2190 1658 2238 per
1684 2190 1789 2238 quae
1811 2173 1872 2220 ad
1900 2182 2126 2220 aeternam
2154 2171 2439 2237 pertingitur

317 2251 483 2312 vitam,
505 2262 553 2299 et
573 2252 649 2300 his
662 2262 852 2300 tantum
875 2255 1086 2301 animam
1103 2271 1239 2301 suam
1261 2253 1341 2300 bic
1362 2252 1557 2301 reficere
1576 2263 1729 2312 curat,
1755 2252 1930 2319 quibus
1945 2252 2007 2300 ad
2029 2268 2287 2319 supernam
2309 2251 2437 2300 illam

319 2331 629 2390 refectionem
652 2336 916 2397 perveniat.

382 2415 492 2460 Haec
527 2412 724 2482 quidem
758 2414 819 2461 de
851 2431 1034 2478 onagro
1065 2416 1114 2462 in
1154 2416 1387 2479 generali,
1429 2426 1483 2462 ut
1516 2417 1581 2462 ita
1618 2415 1794 2472 dicam,
1837 2431 2046 2479 persona
2086 2413 2436 2462 monachorum

319 2493 552 2557 expositio
580 2502 746 2540 nostra
767 2505 1020 2558 prosecuta
1044 2505 1131 2542 est.
1158 2497 1314 2552 Quem
1339 2512 1470 2541 nunc
1491 2494 1553 2542 de
1576 2511 1748 2558 genere
1767 2495 1828 2542 ad
1850 2496 2057 2559 speciem
2079 2494 2433 2553 transferentes,

319 2572 369 2620 in
397 2589 588 2620 summo
611 2572 692 2620 illo
715 2573 1068 2621 monachorum
1089 2574 1305 2639 principe
1320 2611 1331 2632 ,
1360 2573 1494 2637 cujus
1518 2573 1665 2620 hodie
1688 2573 1964 2620 solemnitas
1989 2573 2159 2637 agitur,
2179 2573 2316 2636 juvat
2335 2573 2436 2622 haec

321 2652 484 2699 omnia
514 2651 783 2715 diligentius
814 2652 1118 2700 considerare
1138 2689 1149 2711 ,
1183 2652 1266 2699 ubi
1294 2669 1350 2700 ea
1380 2652 1634 2717 perfectius
1670 2653 1907 2718 possimus
1941 2654 2186 2712 invenire3
2220 2656 2303 2718 qui
2334 2654 2436 2703 sine

319 2731 617 2796 professione
634 2731 805 2796 regulae
826 2732 1008 2791 vivens,
1026 2749 1222 2780 omnem
1243 2731 1415 2796 regulae
1432 2732 1727 2780 transcendit
1748 2732 2108 2797 perfectionem.
2135 2733 2223 2780 Hic
2238 2734 2433 2799 quippe,

321 2819 374 2858 ut
401 2809 583 2858 dictum
612 2821 703 2869 est,
735 2812 784 2858 in
813 2813 981 2876 spiritu
1009 2822 1056 2859 et
1077 2813 1251 2859 virtute
1274 2813 1470 2859 veniens
1501 2812 1636 2871 Eliae,
1668 2811 1811 2875 hujus
1838 2812 2072 2877 propositi
2094 2812 2265 2872 vitam,
2291 2830 2437 2877 quam

321 2889 399 2938 ille
416 2891 678 2951 inchoavit,
700 2893 800 2957 ipse
819 2893 1186 2940 consummavit.
1215 2892 1286 2939 Ab
1307 2892 1383 2939 his
1402 2891 1593 2940 duobus
1611 2902 1842 2957 tanquam
1862 2893 2065 2940 ducibus
2083 2894 2234 2940 nostri
2255 2910 2435 2959 propo-

321 2970 423 3030 siti,
453 2987 537 3018 seu
563 2970 859 3036 principibus
889 2971 1031 3035 hujus
1059 2972 1375 3037 philosophiae
1402 2971 1670 3019 christianae
1694 2981 1793 3019 tam
1821 2972 1870 3019 in
1894 2972 2040 3020 veteri
2063 2989 2209 3037 quam
2232 2974 2279 3020 in
2307 2990 2437 3021 novo

322 3049 505 3114 populo
539 3050 695 3098 studia
730 3060 842 3097 sunt
880 3060 1058 3098 exorta.
1098 3052 1416 3116 Hieronymus
1454 3050 1522 3097 ad
1544 3050 1803 3098 Paulinum
1845 3051 1894 3098 in
1929 3052 2066 3116 epist.
2104 3055 2169 3098 11¹
2197 3072 2206 3098 :
2238 3071 2262 3097 «
2285 3052 2440 3101 Habet

323 3131 705 3196 unumquodque
726 3131 1029 3196 propositum
1051 3132 1291 3197 principes
1313 3149 1443 3191 suos,
1465 3141 1512 3179 et
1534 3141 1587 3178 ut
1609 3131 1672 3179 ad
1695 3141 1858 3179 nostra
1873 3133 2139 3192 veniamus,
2158 3133 2369 3198 episcopi
2392 3143 2438 3182 et

324 3210 587 3276 presbyteri
599 3212 807 3260 habeant
823 3212 885 3260 ad
901 3212 1171 3278 exemplum
1192 3212 1436 3278 apostolos
1449 3223 1497 3260 et
1515 3211 1802 3277 apostolicos
1815 3212 1960 3272 viros,
1975 3208 2184 3278 quoium
2200 3213 2438 3261 honorem

324 3291 648 3356 possidentes,
674 3292 852 3341 habere
875 3293 1088 3341 nitantur
1111 3303 1158 3341 et
1179 3295 1419 3341 meritum.
1449 3296 1544 3341 Nos
1566 3303 1726 3341 autem
1747 3292 2010 3342 habea-mus
2031 3285 2266 3359 propositi
2289 3297 2440 3343 nostri

373 3474 381 3490 ⁴
407 3473 509 3518 Epist.
527 3486 622 3518 nix,
643 3477 723 3519 Opp.
747 3483 772 3510 t.
797 3476 852 3518 tv,
872 3484 957 3522 part.
974 3477 1003 3511 ll
1017 3502 1026 3518 ,
1045 3477 1110 3511 col.
1130 3478 1207 3511 565.

511 3545 527 3574 1
2204 3538 2257 3578 '72
