2970 4152
561 420 655 466 502
1360 418 1531 465 PETRI
1569 418 1881 466 ABAELARDI

559 512 811 558 mittuntur
833 512 923 568 eis,
948 520 996 558 et
1017 526 1225 575 quorum
1247 511 1533 559 retinueritis
1556 522 1740 559 retenta
1762 522 1888 559 sunt.
1913 530 1935 555 »
1959 514 2018 558 Et
2039 510 2236 575 quidem
2259 521 2417 558 actum
2439 527 2540 558 esse
2561 527 2679 558 con-

558 601 648 638 stat
676 592 724 638 in
755 600 973 639 extremae
1004 591 1103 655 ejus
1132 591 1432 656 apparitione
1454 591 1641 653 illarum
1665 594 1877 657 quinque
1899 608 2018 656 quas
2040 591 2122 638 illo
2146 590 2224 638 die
2245 590 2415 655 legitur
2436 590 2675 649 habuisse,

558 673 776 721 videlicet
797 672 963 737 quinta
984 672 1088 719 vice
1111 689 1369 737 apparens,
1395 683 1511 720 tunc
1534 675 1762 739 Spiritum
1785 674 1922 721 daret
1950 675 1999 720 in
2023 683 2149 720 terra
2163 711 2174 732 ,
2200 690 2344 737 quem
2367 674 2679 738 postmodum

557 754 616 801 de
639 754 760 801 coelo
783 754 1011 802 missurus
1034 764 1159 814 erat,
1184 755 1352 819 quinta
1380 755 1442 802 de
1469 755 1639 803 eadem
1673 755 1929 820 completa.
1957 758 2115 813 Quam
2147 754 2343 819 quidem
2375 756 2675 814 missionem,

556 843 601 878 et
627 850 903 898 supremum
925 833 1125 898 Spiritus
1146 835 1299 882 sancti
1321 834 1607 895 adventum,
1633 851 1778 900 quem
1801 852 1930 882 nunc
1953 835 2177 894 colimus,
2205 835 2305 900 ipse
2328 845 2469 882 antea
2495 835 2678 900 promi-

555 924 694 961 serat.
726 933 749 959 «
767 918 890 979 Ego,
915 934 937 959 υ
964 916 1119 980 inquit
1140 917 1366 975 Veritas¹,
1394 918 1683 963 «veritatem
1706 916 1816 963 dico
1839 916 1977 963 vobis
1998 934 2008 962 :
2037 916 2226 981 expedit
2249 917 2386 963 vobis
2409 926 2461 963 ut
2483 933 2572 980 ego
2594 932 2677 964 va-

556 994 683 1041 dam.
711 996 758 1041 Si
780 996 909 1042 enim
931 1012 1031 1043 non
1056 995 1219 1043 abiero
1234 1033 1245 1055 ,
1265 996 1520 1061 paraclitus
1537 1013 1636 1042 non
1654 997 1814 1042 veniet
1833 996 1894 1042 ad
1912 1012 2023 1054 vos3
2046 997 2085 1043 si
2102 1007 2262 1043 autem
2280 996 2443 1043 abiero
2456 1034 2468 1056 ,
2491 996 2678 1043 mittam

554 1092 663 1122 eum
687 1075 748 1123 ad
769 1093 907 1124 VOS.»
924 1079 1039 1134 Quae
1061 1086 1131 1124 est
1153 1078 1263 1135 ista,
1290 1076 1510 1135 obsecro,
1538 1076 1814 1134 necessitas,
1835 1076 1897 1122 ad
1919 1077 2119 1140 Spiritus
2141 1077 2292 1123 sancti
2314 1077 2599 1137 adventum,
2625 1088 2678 1124 ut

555 1158 683 1220 prius
707 1157 838 1205 abire
860 1167 1079 1222 oporteat
1100 1157 1369 1205 Christum?
1393 1156 1619 1220 Nunquid
1640 1157 1690 1202 in
1714 1167 1839 1203 terra
1861 1157 2126 1204 consistens
2143 1195 2154 1215 ,
2186 1174 2297 1204 eum
2320 1157 2434 1204 dare
2464 1175 2563 1205 non
2586 1177 2676 1224 po-

554 1248 696 1297 terat,
722 1239 855 1302 cujus
876 1238 1225 1303 plenitudinem
1247 1238 1346 1302 ipse
1369 1254 1558 1302 semper
1578 1237 1956 1295 habebat?Quid
1981 1254 2134 1285 causae
2156 1239 2332 1297 extitit,
2359 1249 2411 1285 ut
2433 1240 2482 1286 in
2503 1240 2677 1287 coelum

554 1318 854 1378 ascenderet,
880 1330 1110 1383 tanquam
1143 1318 1370 1365 missurus
1401 1318 1630 1382 Spiritum
1664 1317 1725 1365 de
1758 1318 2047 1382 longinquo,
2084 1335 2228 1382 quem
2259 1319 2374 1366 dare
2407 1331 2596 1384 poterat
2618 1321 2679 1368 de

554 1399 800 1461 proximo?
823 1402 929 1446 Non
952 1399 1082 1445 enim
1103 1397 1267 1445 localis
1289 1408 1360 1444 est
1380 1398 1582 1462 Spiritus
1599 1414 1704 1452 non
1734 1397 1891 1444 solum
1923 1397 2136 1457 divinus,
2163 1398 2246 1446 sed
2281 1416 2369 1446 nec
2405 1399 2644 1448 humanus
2665 1440 2676 1460 ,

554 1495 643 1524 nec
662 1495 796 1526 more
818 1495 1078 1544 corporum
1099 1477 1320 1543 spiritalis
1343 1488 1512 1524 natura
1538 1478 1723 1524 moveri
1740 1477 1888 1525 habet
1910 1478 1971 1524 de
1993 1478 2102 1525 loco
2131 1478 2192 1525 ad
2214 1478 2392 1525 locum.
2424 1499 2447 1524 «
2465 1480 2647 1528 Coelum
2660 1519 2671 1539 ‚

554 1559 708 1623 inquit
729 1562 857 1607 Deus
871 1597 882 1618 ,
908 1570 955 1606 et
976 1570 1153 1606 terram
1177 1576 1266 1622 ego
1289 1559 1465 1623 impleo
1479 1562 1509 1605 ².
1533 1578 1556 1603 »
1576 1561 1634 1606 Et
1652 1559 1773 1606 sicut
1790 1559 1975 1606 Veritas
1992 1560 2081 1606 ait³
2105 1578 2114 1606 ε
2139 1578 2163 1604 «
2181 1560 2381 1624 Spiritus
2398 1571 2468 1608 est
2484 1564 2629 1620 Deus,
2647 1582 2670 1606 »

553 1639 635 1701 qui
661 1658 684 1682 «
708 1639 791 1686 ubi
812 1639 915 1686 vult
936 1639 1105 1704 spirat,
1132 1638 1351 1685 dividens
1373 1638 1569 1701 singulis
1591 1648 1737 1703 prout
1765 1639 1883 1686 vult.
1906 1658 1929 1682 »
1955 1639 2099 1703 Cujus
2127 1640 2495 1687 immensitatem
2525 1651 2571 1688 et
2600 1641 2672 1688 di-

552 1720 759 1767 vinitatis
781 1721 1048 1786 potentiam
1070 1720 1187 1768 locis
1210 1719 1436 1767 omnibus
1457 1720 1792 1785 praesidentem
1814 1720 2060 1768 Psalmista
2080 1722 2403 1786 conspiciens,
2431 1723 2491 1770 ad
2514 1725 2675 1771 Domi-

552 1817 669 1847 num
691 1802 781 1848 ait⁴
808 1820 817 1847 :
848 1804 1000 1859 «Quo
1023 1801 1105 1848 ibo
1129 1818 1154 1848 a
1178 1801 1346 1866 spiritu
1367 1811 1476 1860 tuo,
1503 1811 1549 1848 et
1570 1818 1668 1866 quo
1692 1817 1720 1849 a
1741 1801 1859 1849 facie
1890 1812 1972 1849 tua
2007 1802 2211 1866 fugiam?
2244 1803 2291 1848 Si
2326 1803 2586 1850 ascendero
2622 1805 2670 1851 in

552 1880 749 1940 coelum,
775 1892 828 1928 tu
849 1881 944 1928 illic
965 1899 1016 1929 es
1043 1900 1054 1927 z
1081 1882 1119 1928 si
1142 1881 1437 1928 descendero
1466 1883 1515 1929 in
1544 1882 1810 1942 infernum,
1849 1882 1979 1930 ades.
2009 1901 2032 1926 »
2060 1885 2123 1930 Ac
2157 1883 2196 1929 si
2229 1893 2391 1947 aperte
2429 1883 2555 1930 dicat
2587 1903 2596 1930 :
2624 1886 2671 1930 Si

552 1978 737 2008 summa
759 1973 841 2009 tua
861 1962 1074 2021 bonitas,
1101 1962 1161 2009 de
1185 1979 1282 2026 quo
1311 1962 1430 2009 illud
1458 1965 1552 2010 est⁶
1579 1982 1588 2010 :
1619 1963 1876 2011 «Dilexisti
1904 1964 2159 2028 justitiam,
2193 1973 2240 2010 et
2273 1963 2416 2010 odisti
2448 1964 2669 2028 iniquita-

553 2051 673 2100 tem,
692 2060 714 2084 »
736 2042 853 2088 meis
875 2052 921 2089 te
943 2043 1149 2107 peccatis
1172 2043 1345 2089 iratum
1368 2042 1653 2102 reddiderit,
1680 2061 1777 2108 quo
1800 2043 1918 2090 mihi
1940 2043 2123 2108 patebit
2136 2044 2424 2108 apraesentia
2441 2053 2522 2091 tua
2538 2044 2673 2091 locus

555 2121 790 2184 fugiendi?
819 2122 1000 2169 vel⁶....
1033 2133 1115 2169 tua
1149 2122 1338 2169 abditus
1373 2123 1730 2171 abscondendi?
1753 2126 1909 2182 Quem
1942 2125 2102 2171 statim
2135 2141 2222 2189 per
2256 2123 2383 2171 hanc
2415 2125 2670 2172 incircum-

551 2201 712 2265 scripti
734 2202 925 2265 spiritus
946 2202 1018 2248 sui
1033 2202 1328 2266 majestatem
1344 2201 1523 2267 ubique
1542 2204 1841 2268 conspiciens
1855 2214 2160 2268 praesentem,
2181 2203 2353 2268 adjecit
2371 2223 2381 2250 ε
2406 2223 2429 2248 «
2447 2206 2494 2251 Si
2513 2222 2673 2252 ascen-

553 2281 670 2327 dero
694 2281 742 2327 in
763 2280 959 2341 coelum,
983 2292 1107 2329 etc.»
1126 2285 1373 2347 Tanquam
1388 2283 1427 2329 si
1445 2282 1624 2330 diceret
1643 2283 1833 2330 :Nullus
1857 2284 1974 2330 mihi
1997 2294 2126 2332 tutus
2144 2285 2278 2331 locus
2297 2284 2486 2348 refugii,
2506 2295 2605 2332 tam
2619 2286 2667 2332 in

552 2362 767 2424 supernis
789 2378 934 2426 quam
967 2363 1015 2409 in
1051 2362 1249 2421 infimis,
1287 2380 1437 2427 quum
1474 2380 1550 2411 me
1584 2365 1805 2429 persequi
1839 2364 2131 2425 decreveris,
2171 2382 2321 2430 quum
2357 2365 2419 2412 ad
2449 2366 2669 2430 quaelibet

546 2440 730 2502 agenda
750 2441 837 2487 tibi
866 2442 961 2488 sint
988 2452 1160 2490 cuncta
1189 2443 1296 2490 loca
1323 2444 1589 2507 praesentia.
1616 2444 1835 2509 Denique
1867 2454 1914 2491 et
1944 2445 1994 2491 in
2029 2445 2133 2509 ipso
2169 2444 2247 2491 die
2281 2446 2664 2506 resurrectionis,

546 2530 596 2566 ut
613 2521 713 2583 jam
741 2537 883 2585 supra
912 2523 1240 2582 meminimus,
1279 2524 1506 2588 Spiritum
1541 2534 1759 2571 sanctum
1794 2524 1855 2571 ab
1887 2541 1946 2571 eo
1982 2525 2210 2589 apostolis
2244 2525 2412 2573 datum
2443 2542 2543 2572 esse
2579 2543 2667 2573 no-

546 2616 715 2646 wmus.

609 2682 701 2738 Qui
723 2697 836 2744 ergo
855 2682 956 2745 jam
978 2681 1177 2729 dederat
1199 2683 1248 2729 in
1270 2693 1397 2730 terra
1418 2684 1660 2749 spiritum,
1686 2684 1804 2750 quid
1826 2684 1888 2731 ad
1911 2701 2021 2731 eum
2044 2685 2217 2732 iterum
2238 2684 2455 2732 dandum
2477 2702 2668 2733 necesse

546 2759 630 2806 fuit
658 2777 768 2808 eum
797 2760 1055 2808 ascendere
1083 2762 1132 2808 in
1162 2762 1360 2822 coelum,
1387 2773 1620 2828 tanquam
1642 2780 1752 2811 eum
1774 2763 1841 2811 ibi
1863 2765 2116 2829 reperiret,
2150 2781 2296 2830 quem
2330 2765 2378 2811 in
2413 2775 2538 2812 terra
2568 2781 2666 2811 non

547 2839 767 2899 haberet,
785 2851 866 2887 aut
888 2841 1001 2888 inde
1023 2840 1158 2887 illum
1180 2842 1406 2902 mitteret,
1426 2860 1571 2907 quern
1593 2844 1642 2890 in
1666 2854 1791 2892 terra
1809 2844 1910 2907 jam
1927 2844 2047 2892 sicut
2069 2845 2200 2909 prius
2223 2844 2284 2892 de
2306 2861 2356 2892 se
2377 2844 2668 2892 insufflando

543 2919 656 2967 dare
677 2938 775 2968 non
793 2931 979 2986 posset3
1003 2921 1144 2981 adeo,
1165 2922 1381 2987 inquam,
1400 2940 1592 2970 necesse
1615 2923 1702 2970 fuit
1723 2934 1777 2971 ut
1791 2924 1971 2972 diceret
1993 2944 2002 2972 :
2027 2945 2049 2969 «
2068 2925 2166 2973 Nisi
2187 2942 2276 2989 ego
2299 2925 2482 2984 abiero,
2505 2927 2663 2973 etc.?»

547 3002 632 3046 Aut
655 3000 864 3048 fortassis
886 3001 987 3048 haec
1010 3002 1172 3049 missio
1195 3003 1396 3067 Spiritus
1419 3005 1636 3070 superior
1658 3004 1746 3052 fuit
1768 3021 1823 3052 ac
1846 3007 2017 3070 major,
2037 3016 2092 3054 ut
2112 3006 2172 3053 de
2194 3006 2317 3054 coelo
2340 3006 2503 3053 danda
2524 3017 2665 3064 esset,

542 3095 685 3141 quam
725 3081 841 3128 illud
879 3081 1158 3147 praedictum
1193 3082 1378 3130 donum
1418 3085 1467 3130 in
1508 3085 1788 3133 remissione
1822 3096 2131 3151 peccatorum
2168 3103 2255 3152 per
2294 3086 2666 3134 insufflationem

544 3162 768 3222 apostolis
803 3163 849 3208 in
887 3173 1012 3210 terra
1047 3163 1293 3212 collatum.
1327 3167 1507 3212 Revera
1535 3165 1677 3229 longe
1711 3168 1929 3230 superior
1956 3178 2003 3214 et
2033 3168 2322 3215 eminentior
2349 3167 2600 3231 dignitate,
2627 3169 2665 3215 si

544 3238 792 3301 diligenter
821 3252 866 3288 et
895 3242 1013 3289 illud
1042 3243 1227 3291 donum
1257 3243 1528 3292 discernere
1550 3245 1809 3293 valeamus.
1846 3246 1915 3293 Ibi
1945 3248 2121 3312 quippe
2150 3257 2359 3311 potestas
2387 3246 2466 3293 illa
2494 3247 2666 3294 collata

590 3440 599 3455 ¹
616 3439 724 3478 luam,
736 3451 807 3483 cap.
830 3453 895 3475 xvi.
913 3453 944 3474 v.
958 3444 1052 3475 7.-—²
1062 3445 1197 3485 Jerem.,
1213 3456 1286 3488 cap.
1302 3457 1393 3484 xxnn,
1409 3457 1439 3479 v.
1455 3447 1507 3478 24.
1521 3465 1539 3469 --
1557 3446 1691 3487 ‘Joan.,
1707 3457 1781 3491 cap.
1799 3459 1844 3487 ιιι,
1861 3460 1891 3480 v.
1908 3448 2003 3480 8.—-⁴
2018 3448 2135 3481 Psalm.
2152 3458 2284 3487 cxxxvi,
2302 3458 2333 3480 v.
2346 3447 2438 3480 7.-⁸
2451 3448 2569 3480 Psalm.
2581 3458 2653 3481 κων

543 3509 574 3529 v.
592 3501 623 3528 8.
639 3517 664 3521 ψ
679 3498 803 3533 “Locus
818 3507 1000 3543 corruptus.
