2970 4152
1115 658 1542 747 EPISTOLA
1593 659 1710 743 lv,

855 840 955 878 QUAE
987 839 1066 871 EST
1098 838 1379 871 RESCRIPTUM
1412 839 1636 873 HELOISSAE
1668 839 1726 870 AD
1759 839 1955 870 PETRUM.

1173 998 1513 1034 ARGUMENTUM
1521 1024 1527 1031 .

352 1096 460 1131 Plena
482 1097 682 1143 planctibus
708 1106 743 1132 et
768 1096 951 1133 doloribus
965 1106 1017 1132 est
1034 1097 1195 1144 epistola.
1215 1098 1352 1145 Plangit
1369 1098 1464 1133 enim
1482 1098 1639 1133 Heloissa
1655 1107 1689 1132 et
1706 1110 1803 1133 suam
1819 1124 1830 1141 ,
1848 1106 1884 1132 et
1901 1098 2152 1132 monacharum
2177 1109 2315 1131 suarum
2330 1124 2339 1140 ,
2369 1105 2470 1143 atque

323 1148 326 1150 ⁷
397 1150 504 1197 ipsius
520 1150 695 1185 Ahaelardi
711 1151 872 1186 miseram
889 1149 1128 1185 conditionem
1142 1177 1152 1194 ,
1170 1160 1313 1198 accepta
1328 1152 1489 1198 planctus
1503 1152 1686 1186 occasione
1698 1164 1740 1186 ex
1751 1160 1925 1198 postrema
1937 1151 2164 1199 praecedentis
2182 1150 2333 1197 epistolae
2349 1160 2446 1197 parte
2459 1180 2468 1195 ‚

397 1202 459 1236 ubi
469 1201 584 1238 desua
600 1216 644 1238 ex
660 1204 727 1239 hac
742 1204 814 1238 vita
829 1204 1037 1251 migratione
1053 1204 1213 1238 meminit
1224 1204 1440 1239 Abaelardus.
1458 1205 1579 1239 Multis
1595 1204 1705 1240 utitur
1721 1205 1918 1247 affectibus,
1931 1205 2058 1251 quibus
2069 1205 2233 1238 lectorem
2251 1202 2296 1237 ad
2313 1216 2470 1250 compas-

395 1255 531 1290 sionem
546 1268 689 1292 suarum
704 1265 740 1291 et
753 1256 930 1292 Abaelardi
947 1265 1083 1300 movet,
1102 1265 1144 1291 ut
1159 1258 1256 1292 forte*
1266 1258 1372 1292 etiam
1386 1259 1559 1306 lacrymas
1582 1258 1749 1293 excutiat.
1772 1258 1910 1305 Plangit
1930 1266 1964 1293 et
1980 1257 2088 1305 ipsius
2113 1255 2288 1291 Abaelardi
2314 1257 2466 1303 plagam.

395 1308 508 1344 Multa
523 1310 629 1344 etiam
645 1309 690 1344 de
707 1310 790 1357 ipsis
805 1310 842 1344 in
861 1322 1010 1358 corpore
1027 1310 1226 1345 carnalibus
1244 1310 1424 1345 desideriis
1448 1311 1770 1357 inardescentibus,
1797 1324 1874 1358 quae
1900 1309 2090 1357 aliquando
2120 1322 2200 1345 cum
2226 1309 2303 1356 ipso
2328 1320 2470 1356 experta

395 1361 508 1395 fuerat
527 1362 711 1397 Abaelardo
723 1389 734 1406 ,
754 1364 991 1409 conqueritur.
1012 1363 1167 1409 Proinde
1187 1364 1395 1398 exteriorem
1414 1372 1448 1398 et
1463 1373 1620 1412 apertam
1636 1364 1843 1412 religionem
1865 1376 1962 1399 suam
1978 1376 2052 1398 non
2072 1364 2266 1410 incongrue
2281 1370 2444 1397 extenuat
2460 1392 2468 1406 ‚

394 1424 436 1447 ac
449 1414 546 1449 illam
562 1415 777 1451 simulationi
793 1417 912 1464 potius
926 1428 1032 1462 quam
1050 1417 1172 1464 pietati
1187 1418 1352 1460 ascribit;
1371 1429 1406 1452 se
1427 1415 1600 1453 Abelardf
1615 1418 1669 1452 sui
1691 1418 1910 1453 orationibus
1929 1417 2047 1465 juvari.
2065 1417 2237 1464 postulat,
2266 1424 2367 1461 atque
2393 1430 2469 1450 suas

394 1465 515 1502 laudes
530 1468 710 1504 humiliter
726 1469 850 1517 rejicit.

890 1565 1015 1605 Unico
1032 1576 1105 1619 suo
1114 1570 1208 1616 post
1230 1565 1440 1606 Christum
1459 1569 1584 1606 unica
1601 1578 1677 1606 sua
1694 1569 1739 1606 in
1756 1566 1931 1606 Christo.

411 1663 572 1722 Miror,
606 1665 745 1711 unice
781 1681 914 1711 meus
934 1701 946 1723 ,
990 1665 1120 1729 quod
1156 1676 1326 1730 praeter
1359 1665 1758 1712 consuetudinem
1797 1663 2135 1730 epistolarum,
2171 1665 2269 1710 imo
2307 1674 2471 1710 contra

341 1741 502 1804 ,ipsum
528 1743 749 1791 ordinem
775 1744 1039 1791 naturalem
1067 1762 1252 1804 rerum,
1281 1746 1329 1792 in
1360 1746 1463 1810 ipsa
1485 1745 1642 1792 fronte
1670 1744 1964 1792 salutationis
1993 1743 2254 1809 epistolaris
2282 1760 2359 1790 me
2389 1743 2472 1789 tibi

343 1838 622 1887 praeponere
660 1824 999 1888 praesumpsisti
1029 1842 1040 1869 :
1072 1823 1295 1871 feminam
1334 1824 1553 1871 videlicet
1586 1825 1712 1883 viro,
1762 1841 1959 1871 uxorem
2003 1825 2174 1870 marito
2193 1859 2206 1882 ,
2252 1823 2470 1870 ancillafn

344 1900 568 1960 domino,
604 1903 862 1950 monialem
898 1902 1138 1950 monacho
1165 1913 1211 1951 et
1241 1903 1502 1963 sacerdoti,
1536 1903 1854 1951 diaconissam
1887 1904 2062 1951 abbati.
2099 1906 2267 1951 Rectus
2296 1906 2471 1969 quippe

343 1980 465 2027 ordo
493 1991 562 2028 est
591 1991 637 2028 et
664 1981 922 2042 honestus,
951 1991 1002 2029 ut
1028 1983 1111 2047 qui
1135 1982 1197 2029 ad
1222 1984 1491 2048 superiores
1522 1983 1597 2030 vel
1631 1984 1692 2030 ad
1727 2000 1865 2049 pares
1896 1983 2137 2043 scribunt,
2170 2000 2337 2031 eorum
2371 1977 2472 2047 qui-

342 2059 431 2108 bus
450 2061 663 2108 scribunt
678 2063 874 2109 nomina
887 2063 983 2109 suis
997 2072 1307 2127 anteponant.
1330 2064 1410 2110 Sin
1425 2074 1585 2111 autem
1604 2063 1664 2111 ad
1682 2064 1946 2122 inferiores,
1962 2063 2238 2128 praecedunt
2256 2065 2472 2129 scriptio-

341 2142 438 2188 nis¹
469 2142 640 2189 ordine
663 2143 746 2207 qui
773 2142 1050 2208 praecedunt
1075 2160 1234 2191 rerum
1261 2143 1504 2209 dignitate.
1541 2144 1662 2192 Illud
1694 2146 1835 2192 etiam
1867 2161 1965 2192 non
1994 2161 2138 2210 parva
2159 2145 2473 2192 admiratione

341 2223 662 2288 suscepimus,
697 2224 830 2288 quod
864 2224 1038 2289 quibus
1071 2224 1414 2272 consolationis
1444 2225 1711 2273 remedium
1745 2226 1914 2273 afferre
1949 2225 2180 2285 debuisti,
2215 2225 2470 2273 desolatio-

341 2318 452 2349 nem
483 2303 679 2364 auxisti;
707 2314 754 2352 et
777 2321 896 2369 quas
924 2305 1139 2369 mitigare
1168 2304 1425 2364 debueras,
1457 2306 1666 2353 excitasti
1688 2306 1935 2370 lacrymas.
1963 2309 2080 2364 Quae
2105 2307 2232 2353 enim
2254 2317 2469 2353 nostrum

339 2382 475 2429 siccis
497 2383 647 2431 oculis
665 2384 830 2431 audire
854 2384 1028 2450 possit,
1052 2384 1185 2449 quod
1204 2385 1329 2432 circa
1353 2384 1498 2434 finem
1520 2386 1731 2452 epistolae
1755 2386 1951 2452 posuisti
1974 2386 2137 2434 dicens
2153 2389 2192 2432 ²:
2219 2406 2241 2430 α
2263 2386 2405 2444 Quod
2427 2388 2469 2450 si

340 2479 418 2509 me
447 2465 682 2512 Dominus
711 2466 760 2512 in
787 2481 958 2512 manus
983 2466 1286 2513 inimicorum
1319 2466 1591 2526 tradiderit,
1629 2477 1679 2514 ut
1707 2483 1783 2514 me
1802 2466 1978 2514 scilicet
1996 2467 2302 2532 praevalentes
2323 2468 2467 2513 inter-

339 2540 521 2602 ficiant,
556 2553 646 2590 etc.
683 2563 706 2587 »
743 2547 786 2591 Ο
817 2545 1111 2604 charissime,
1141 2561 1239 2609 quo
1274 2545 1323 2592 id
1354 2546 1517 2593 animo
1552 2547 1787 2610 cogitasti,
1821 2562 1919 2609 quo
1953 2546 1999 2592 id
2029 2546 2299 2602 oredicere
2332 2547 2464 2592 susti·
2531 2586 2538 2591 .

338 2623 539 2669 nuisti⁸?
560 2626 815 2688 Nunquam
836 2624 1079 2672 ancillulas
1114 2641 1222 2671 suas
1252 2625 1375 2672 adeo
1401 2628 1530 2673 Deus
1552 2625 1872 2685 obliviscatur,
1898 2636 1947 2673 ut
1973 2643 2050 2673 eas
2077 2625 2161 2672 tibi
2190 2627 2464 2690 superstites

339 2713 558 2750 reservet.
596 2706 849 2768 Nunquam
885 2704 1026 2751 nobis
1065 2705 1213 2752 vitam
1239 2704 1366 2752 illam
1398 2705 1663 2765 concedat,
1699 2722 1803 2770 quae
1840 2706 1973 2753 omni
2006 2722 2177 2770 genere
2208 2706 2374 2752 mortis
2405 2707 2462 2752 sit

336 2784 538 2847 gravior.
567 2787 630 2832 Te
668 2795 855 2832 nostras
884 2786 1107 2850 exequias
1135 2785 1401 2844 celebrare,
1436 2797 1482 2833 te
1506 2796 1692 2833 nostras
1726 2789 1829 2834 Deo
1864 2787 2046 2835 animas
2072 2787 2296 2833 convenit
2328 2803 2461 2832 conn-

337 2863 586 2923 mendare,
620 2873 667 2911 et
693 2881 812 2929 quas
829 2868 932 2912 Deo
959 2866 1220 2929 aggregasti
1246 2865 1308 2912 ad
1327 2866 1482 2931 ipsum
1501 2867 1811 2931 praemittere;
1837 2876 1886 2914 ut
1906 2866 2034 2913 nulla
2053 2865 2254 2930 amplius
2273 2865 2460 2930 deipsis

335 2943 624 3005 perturberis
653 2943 995 3004 sollicitudine,
1031 2955 1079 2993 et
1113 2955 1246 2993 tanto
1279 2946 1427 2993 laetior
1462 2962 1552 2993 nos
1586 2946 1910 3011 subsequaris,
1947 2955 2126 3010 quanto
2147 2946 2372 2992 ‘securior
2399 2946 2460 2993 de.

335 3032 499 3070 nostra·
525 3023 675 3070 salute
694 3024 793 3087 jam
825 3025 982 3072 fueris.
1018 3028 1177 3084 Parce,
1210 3025 1441 3085 obsecro,
1465 3027 1684 3084 domine,
1712 3043 1853 3092 parce
1877 3025 2152 3090 hujusmodi
2171 3025 2333 3085 dictis,
2362 3028 2461 3090 qui·

334 3100 425 3149 bns
442 3103 634 3151 miseras
652 3104 952 3152 miserrimas>
968 3105 1133 3166 facias3
1156 3115 1202 3153 et
1219 3116 1272 3153 ut
1292 3107 1464 3172 ipsum,
1491 3107 1815 3171 quodcunque
1844 3107 2068 3165 vivimus,
2093 3123 2153 3154 ne
2172 3106 2311 3154 nobis
2334 3107 2460 3154 aufe-

336 3199 410 3229 ras
434 3193 543 3230 ante
567 3195 786 3232 mortem.
817 3185 998 3232 Sufficit
1027 3186 1121 3234 diei
1150 3186 1328 3234 malitia
1353 3205 1436 3235 sua
1452 3190 1481 3247 ⁵,
1515 3199 1561 3235 et
1586 3188 1686 3235 dies
1715 3188 1792 3234 illa
1812 3187 2059 3247 omnibus,
2082 3204 2205 3252 quos
2229 3189 2453 3245 inveniet,

379 3309 384 3323 ¹
406 3312 575 3347 scribendi
607 3324 680 3347 vero
709 3314 804 3348 RMS·
833 3333 865 3338 -
897 3314 909 3331 ¹
934 3314 1016 3348 Vide
1042 3326 1140 3360 suppa
1165 3304 1239 3359 Ρές,
1259 3317 1315 3348 83,
1332 3334 1373 3340 —
1506 3298 1507 3301 Ἰ
1560 3317 1760 3352 Myrmidonum
1776 3316 1942 3350 Dolopumve
1955 3323 1999 3342 aut
2014 3318 2075 3342 duri
2091 3317 2166 3342 miles
2182 3318 2281 3351 Ulysm

337 3365 349 3381 ³
368 3367 526 3402 Inseritur
542 3382 550 3402 ε
567 3370 612 3403 Ee
630 3381 694 3404 non
711 3382 841 3412 possum
856 3374 889 3405 in
901 3374 1025 3405 silentio
1042 3374 1177 3406 obruere
1192 3374 1273 3406 illud
1294 3383 1374 3413 poe·
1563 3366 1702 3399 Temperet
1720 3374 1733 3389 ‘¹
1750 3364 1895 3398 iacrymis?
1908 3365 1982 3390 '⁸⁸¹5'

337 3426 433 3457 ticum
449 3427 494 3458 ad
508 3436 596 3459 meas
613 3437 663 3459 res
677 3430 819 3468 apprime
837 3435 986 3469 spectans
1002 3443 1009 3460 :
1422 3439 1435 3456 ⁴
1454 3439 1584 3479 nauh„
1601 3449 1674 3481 cap,
1693 3450 1721 3471 νι
1732 3464 1741 3479 ‚
1756 3448 1785 3470 v.
1804 3439 1858 3471 35.

864 3497 932 3528 Quis
946 3497 1009 3523 talia
1026 3497 1049 3522 sn
1055 3497 1107 3523 ndo
