2970 4152
877 385 1189 433 EXPOSlTlO
1224 384 1552 440 ORATIONIS
1571 378 1894 448 DOMJNICAE.
2354 384 2438 431 601

330 480 394 524 Et
410 478 449 524 si
471 476 538 524 illi
559 494 659 525 non
679 489 850 546 curant
863 496 1041 545 panem
1054 481 1199 539 istum
1219 479 1362 528 nobis
1384 480 1623 544 frangere,
1649 490 1702 527 tu
1724 481 1826 545 ipse
1839 495 1929 526 nos
1950 494 2092 543 pasce
2109 493 2195 543 per
2214 479 2450 526 occultam

331 555 524 621 spiritus
546 557 616 604 tui
639 557 976 624 aspirationem
990 596 1001 618 ,
1026 569 1081 606 ut
1101 559 1229 606 intus
1251 575 1337 624 per
1355 569 1402 606 te
1424 560 1668 624 capiamus
1689 575 1866 624 panem
1879 595 1890 617 ,
1917 574 2015 622 quo
2038 557 2152 604 foris
2174 555 2451 603 fraudamur

332 653 420 703 per
441 637 633 685 illorum
655 640 1042 689 taciturnitatem.
1071 658 1098 688 ι(
1118 642 1296 687 Panem
1318 649 1538 688 nostrum
1560 639 1899 704 quotidianum
1918 638 1983 686 da
2003 637 2144 685 nobis
2164 636 2328 685 hodie.
2350 656 2373 682 »

1113 791 1127 809 ⁹
1197 801 1376 832 ΡΕΤῙΤῙΟ
1404 800 1595 840 QUINTA.

403 929 426 953 «
456 911 652 958 Dimitte
680 911 821 958 nobis
843 910 1005 959 debita
1027 923 1215 971 nostra,
1241 913 1362 961 sicut
1383 922 1431 959 et
1458 928 1548 959 nos
1576 911 1859 958 dimittimus
1887 909 2182 958 debitoribus
2210 909 2401 956 nostris.
2431 926 2453 951 ι)

336 992 496 1047 Quam
527 991 688 1039 multis
713 992 951 1053 timenda,
978 1010 1122 1057 quam
1153 993 1321 1042 multis*
1341 990 1611 1058 peruiciosa
1641 1002 1734 1051 est,
1763 991 1953 1050 fratres,
1985 993 2074 1039 ista
2095 990 2269 1039 oratio!
2300 989 2457 1037 Multis

333 1072 509 1118 etenim
538 1072 644 1137 plus
672 1072 858 1120 confert
886 1073 1160 1122 detrimenti
1183 1091 1334 1139 quam
1362 1074 1627 1138 augmenti,
1663 1072 1770 1138 plus
1799 1072 1966 1120 damni
1992 1089 2141 1137 quam
2170 1073 2307 1119 lucri.
2336 1074 2458 1118 Sunt

333 1167 542 1216 namque
558 1153 777 1217 quidam,
797 1153 879 1218 qui
901 1171 988 1218 per
1003 1171 1227 1219 magnam
1242 1155 1319 1202 vel
1339 1154 1536 1218 longam
1554 1153 1860 1217 malignitatis
1875 1153 1949 1200 vel
1969 1154 2193 1201 odiorum
2212 1152 2456 1199 malitiam¹

335 1231 583 1291 obdurati,
609 1233 715 1281 illos
737 1237 821 1300 qui
844 1253 930 1302 per
959 1235 1168 1300 aliquam
1196 1235 1420 1299 injuriam
1443 1233 1555 1282 facti
1580 1244 1691 1282 sunt
1714 1233 1804 1281 illis
1825 1233 2092 1293 debitores,
2121 1233 2342 1280 manibus
2365 1232 2459 1279 suis

333 1310 504 1358 laedere
526 1312 601 1359 vel
622 1313 840 1377 jugulare
865 1315 1216 1380 concupiscunt
1243 1334 1253 1361 ε
1280 1331 1370 1361 nec
1391 1331 1482 1379 pro
1507 1314 1681 1361 timore
1703 1314 1815 1371 Dei,
1842 1313 1926 1360 sed
1955 1313 2176 1378 precibus
2204 1304 2457 1359 hominum

334 1389 706 1439 satisfactionem
728 1395 957 1459 recipere,
982 1394 1057 1442 vel
1080 1394 1395 1441 concordiam
1419 1387 1574 1441 facere
1596 1393 1783 1440 volunt.
1803 1396 1875 1440 De
1898 1392 2071 1440 talibus
2094 1393 2323 1457 scriptum
2347 1394 2457 1437 est²:

338 1489 362 1516 «
383 1474 484 1519 Uva
504 1483 699 1533 eorum,
726 1491 819 1522 uva
842 1475 982 1535 fellis,
1008 1485 1055 1523 et
1082 1475 1252 1523 botrus
1274 1475 1614 1522 amarissimus.
1643 1474 1722 1522 Fel
1746 1474 2013 1522 draconum
2035 1475 2176 1529 vinea
2198 1489 2390 1530 eorum,
2417 1482 2459 1517 et

340 1567 578 1600 venenum
595 1555 815 1620 aspidum
832 1556 1114 1604 insanabile.
1136 1575 1160 1600 υ
1179 1557 1274 1613 Qui
1296 1573 1447 1621 quum
1469 1555 1587 1604 tales
1602 1556 1721 1615 sint,
1740 1565 1919 1603 secrete
1942 1565 2102 1602 tamen
2122 1554 2183 1602 ad
2205 1553 2460 1600 Ecclesiam

338 1631 689 1698 confluunt,-et
717 1650 882 1683 coram
911 1638 1014 1682 Deo
1044 1645 1091 1682 et
1119 1635 1255 1682 altari
1283 1636 1384 1699 ejus
1413 1645 1605 1683 orantes
1633 1634 1834 1682 dicunt:
1861 1637 2044 1682 «Pater
2072 1643 2252 1692 noster,
2278 1631 2463 1679 dimitte

338 1712 479 1760 nobis
501 1713 664 1762 debita
687 1726 869 1775 nostra,
885 1726 977 1764 etc.
996 1735 1020 1763 »
1046 1716 1158 1775 Sed,
1178 1734 1208 1764 0
1228 1716 1400 1764 misera
1422 1714 1715 1781 insipientia!
1744 1732 1775 1762 o
1799 1714 1959 1762 infelix
1982 1711 2315 1779 praesumptio!
2344 1713 2461 1758 iram

337 1793 423 1838 Dei
458 1793 713 1842 adversum
746 1813 796 1843 se
829 1796 1051 1862 precibus
1085 1795 1371 1863 provocare!
1399 1799 1558 1843 Homo
1590 1795 1779 1843 homini
1814 1805 2024 1842 reservat
2058 1778 2201 1853 iram,
2230 1803 2276 1840 et
2306 1809 2333 1840 a
2362 1790 2464 1839 Deo

303 1925 307 1928 ⁴
340 1872 506 1934 quaerit
535 1874 940 1924 misericordiam?
962 1878 1083 1923 Sunt
1113 1886 1273 1924 autem
1302 1875 1501 1940 quidam
1528 1875 1818 1940 imperfecti,
1851 1891 2060 1939 quorum
2090 1872 2462 1939 imperfectioni,

339 1953 460 1999 sicut
483 1952 598 2000 dicit
619 1953 787 2002 beatus
816 1956 1104 2019 Augustinus
1119 1993 1130 2014 ,
1152 1956 1315 2003 divina
1345 1956 1587 2003 miseratio
1610 1954 2023 2012 condescendens,
2049 1953 2274 2001 concedit
2299 1962 2353 1999 ut
2383 1950 2469 1998 sal-

339 2041 437 2079 tem
465 2042 581 2080 tunc
610 2033 909 2082 debitoribus
940 2036 1037 2082 suis
1068 2035 1231 2082 debita
1259 2035 1527 2093 dimittant,
1556 2051 1707 2098 quum
1738 2035 1828 2099 ipsi
1851 2034 2093 2081 debitores
2121 2032 2467 2095 indulgentiam

339 2110 400 2158 ab
423 2112 490 2158 eis
512 2112 603 2159 sibi
626 2113 729 2160 dari
752 2114 1116 2178 postulaverint.
1146 2116 1277 2161 Sicut
1298 2115 1536 2160 Dominus
1558 2131 1697 2160 servo
1728 2131 1817 2159 suo
1847 2129 2056 2176 nequam
2086 2112 2250 2158 fecisse
2277 2111 2465 2175 legitur,

337 2193 750 2255 quemadmodum
777 2195 1007 2260 scriptum
1037 2196 1151 2242 est³z
1180 2214 1204 2239 «
1224 2196 1368 2242 Serve
1390 2211 1624 2259 nequam,
1651 2210 1795 2241 omne
1819 2193 2038 2240 debitum
2066 2192 2225 2239 dimisi
2248 2191 2334 2239 tibi
2358 2193 2470 2256 quia

338 2274 514 2336 rogasti
542 2291 636 2321 me.
662 2293 684 2318 υ
717 2275 1003 2340 Quicunque
1037 2284 1199 2322 autem
1228 2284 1420 2339 rogatus
1448 2291 1476 2321 a
1503 2274 1723 2321 debitore
1755 2273 1973 2320 debitum
2002 2271 2254 2336 cujuslibet
2288 2272 2470 2335 injuriae

340 2352 579 2400 dimittere
607 2355 891 2414 contemnit,
917 2355 967 2402 in
992 2371 1172 2402 vanum
1194 2355 1284 2402 sibi
1303 2371 1331 2402 a
1353 2355 1566 2401 Domino
1590 2354 1766 2401 dimitti
1789 2352 2007 2400 debitum
2030 2352 2212 2417 peccati
2235 2353 2304 2399 sui
2330 2352 2464 2416 petit.

341 2434 570 2490 Quinimo
594 2435 744 2498 magis
765 2434 884 2481 illud
905 2435 1027 2482 iram
1043 2435 1219 2498 judicis
1247 2445 1472 2498 aggravat
1493 2451 1639 2498 quam
1664 2433 1869 2481 alleviat.
1902 2433 2132 2490 Quamvis
2153 2448 2269 2478 vero
2298 2432 2470 2495 imper-

342 2513 474 2561 fectis
502 2513 796 2561 concedatur
823 2530 910 2561 sua
936 2531 1077 2580 posse
1106 2515 1372 2579 requirere,
1397 2514 1770 2562 satisfactionem
1789 2511 1850 2559 de
1878 2511 1969 2559 sibi
1998 2511 2126 2559 illata
2155 2512 2329 2575 injuria
2356 2512 2471 2558 reci-

342 2610 478 2658 pere,
505 2604 552 2641 et
576 2611 602 2641 a
626 2593 925 2644 debitoribus
947 2595 1106 2658 rogari
1129 2595 1189 2641 de
1212 2594 1510 2659 indulgentia
1537 2612 1547 2639 ε
1573 2594 1614 2640 si
1636 2603 1796 2640 tamen
1819 2591 1937 2638 nihil
1961 2591 2139 2638 horum
2161 2590 2263 2638 fieri
2286 2591 2470 2638 contin-

343 2685 447 2737 gat,
474 2674 654 2722 debent
693 2675 894 2722 omnino
925 2675 1109 2740 proprii
1143 2674 1302 2722 cordis
1334 2676 1454 2722 iram
1482 2674 1740 2733 refrenare,
1765 2683 1813 2721 et
1845 2671 2067 2721 tenebras
2100 2671 2324 2720 odiorum
2359 2688 2387 2718 a
2420 2688 2469 2717 se

344 2754 544 2819 pellere,
571 2771 807 2802 memores
835 2754 960 2803 illius
982 2755 1148 2803 Jacobi
1171 2754 1395 2820 apostoli‘
1420 2773 1430 2802 ε
1458 2775 1480 2799 «
1507 2759 1579 2802 Ira
1605 2755 1734 2801 enim
1757 2754 1846 2800 viri
1869 2753 2101 2817 justitiam
2125 2753 2212 2799 Dei
2236 2769 2334 2798 non
2360 2768 2471 2816 ope-

342 2841 542 2887 ratum»
568 2837 645 2881 Et⁵
663 2851 672 2880 :
698 2853 721 2878 «
741 2835 837 2892 Qui
859 2834 962 2882 odit
982 2834 1178 2882 fratrem
1200 2852 1358 2894 suum,
1380 2834 1476 2882 hoc
1500 2843 1592 2893 est,
1613 2834 1771 2881 omnis
1793 2832 2055 2891 homicida,
2077 2849 2176 2880 non
2201 2830 2346 2878 habet
2368 2846 2470 2895 par·

344 2923 442 2960 tem
465 2915 513 2960 in
536 2930 686 2978 regno
701 2914 841 2962 Dei.»
858 2914 1182 2962 Perfectorum
1205 2925 1366 2962 autem
1387 2925 1457 2961 est
1479 2914 1706 2962 omnibus
1728 2914 1893 2961 omnia
1915 2912 2062 2960 corde
2085 2929 2227 2977 puro,
2249 2910 2382 2958 vultu
2401 2911 2472 2973 ju-

344 2992 525 3052 cundo,
547 2994 650 3040 sine
672 2994 1017 3041 restauratione
1039 3010 1224 3054 rerum,
1247 2995 1349 3042 sine
1371 2994 1693 3042 satisfactione
1716 2993 2015 3057 injuriarum,
2040 3001 2087 3039 et
2109 2992 2211 3038 sine
2230 2988 2466 3056 precibus,

347 3074 443 3120 suis
467 3072 766 3121 debitoribus
789 3073 1063 3138 indulgere:
1090 3075 1286 3139 insuper
1308 3085 1355 3122 et
1380 3091 1466 3122 sua
1486 3074 1714 3133 tribuere,
1741 3084 1788 3121 et
1817 3073 2047 3138 obsequia
2075 3072 2319 3119 charitatis
2347 3068 2473 3117 exhi-

348 3153 479 3201 bere.
509 3154 762 3202 Provideat
789 3155 932 3219 igitur
955 3155 1282 3221 unusquisque
1304 3155 1394 3203 sibi
1419 3156 1467 3202 in
1491 3157 1709 3203 oratione
1731 3155 1846 3202 ista:
1867 3174 1890 3198 «
1912 3154 2106 3200 Dimitte
2129 3151 2288 3209 nobis,
2314 3160 2467 3215 pater,

354 3233 517 3282 debita
538 3245 724 3299 nostra,
740 3235 865 3283 >sicut
886 3246 932 3283 et
955 3252 1044 3283 nos
1065 3234 1349 3284 di'mittimus
1373 3236 1671 3284 debitoribus
1696 3236 1870 3282 nostris
1884 3272 1895 3291 ,
1920 3254 1940 3278 υ
1966 3244 2013 3281 et
2034 3234 2072 3281 si
2095 3249 2185 3298 pro
2209 3223 2473 3295 aliqua-fra-

990 3339 1019 3378 ,ρ
1045 3339 1048 3344 .

396 3399 403 3415 ¹
432 3398 533 3432 Aliter
551 3402 708 3435 militium.
727 3420 764 3425 —-
782 3400 794 3417 ³
812 3402 955 3439 Denter„
972 3412 1046 3446 cap.
1069 3414 1178 3443 xxxii,
1199 3413 1229 3436 v.
1256 3404 1309 3434 327.
1327 3420 1368 3428 ·—
1384 3402 1397 3420 ⁸
1418 3402 1546 3440 Manli„
1567 3413 1638 3445 cap,
1668 3413 1764 3441 xvm,
1784 3413 1813 3433 v.
1842 3402 1894 3433 32.
1914 3419 1949 3424 -
1970 3400 1983 3418 ⁴
1997 3399 2123 3437 Jacob„
2155 3409 2228 3440 cap.
2253 3409 2283 3438 ι,
2306 3407 2335 3429 ν.
2355 3396 2410 3426 ⁶20.
2430 3411 2471 3418 —-

352 3455 471 3492 'lnam
490 3457 526 3499 l,
542 3468 618 3502 cap.
632 3470 665 3492 ιιι
678 3484 687 3499 ‚
701 3470 732 3493 v.
751 3461 802 3492 15.
1314 3450 1370 3516 ·⁶

508 3526 523 3555 ι
2257 3514 2309 3553 76
