2970 4152
1313 402 1632 449 EPISTOLAE.
2430 404 2483 450 24
2498 404 2515 449 1

398 498 563 546 beatus
595 513 838 563 exponens
863 486 1119 561 Gregorius
1147 495 1231 543 lib.
1263 495 1440 542 Moral.
1469 498 1572 542 XVI
1604 496 1722 542 ait¹:
1755 514 1778 540 «
1804 497 1935 560 Saepe
1958 511 2110 559 quum
2149 494 2350 559 eloquiis
2388 497 2529 543 sacris

397 578 691 628 intendimus
702 615 715 639 ,
739 578 1060 643 malignorum
1075 577 1326 643 spirituum
1346 575 1540 629 insidias
1555 576 1744 640 gravius
1757 577 2015 623 toleramus
2031 612 2043 636 ,
2063 576 2176 640 quia
2194 576 2343 624 menti
2359 586 2530 624 nostrae

397 668 695 706 terrenarum
720 659 1064 723 cogitationum
1095 657 1344 723 pulverem
1381 659 1670 722 aspergunt²
1701 665 1755 703 ut
1789 656 2067 703 intentionis
2102 665 2275 703 nostrae
2307 656 2474 703 oculos
2504 673 2530 703 a

397 739 504 786 luce
540 740 718 787 intimae
754 739 949 786 visionis
985 738 1260 786 obscurent.
1296 736 1442 795 Quod
1483 737 1686 784 nimium
1712 736 1957 783 Psalmista
1978 736 2236 801 pertulerat
2271 753 2422 800 quum
2455 737 2528 782 di-

397 819 563 868 cebat³
592 840 602 868 :
634 840 659 866 «
680 820 923 868 Declinate
950 836 978 866 a
1009 836 1087 866 me
1104 855 1116 879 ,
1145 818 1371 883 maligni,
1400 828 1448 865 et
1480 816 1730 864 scrutabor
1753 816 1979 863 mandata
2002 817 2092 863 Dei
2117 817 2226 864 mei.
2252 835 2275 861 »
2302 817 2534 864 Videlicet

399 911 617 966 patenter
639 901 911 959 insinuans,
938 900 1051 964 quia
1078 899 1304 947 mandata
1331 899 1420 946 Dei
1445 898 1733 963 perscrutari
1757 914 1856 944 non
1882 907 2098 962 poterat,
2128 915 2279 962 quum
2304 898 2533 962 maligno-

400 998 508 1028 rum
532 982 783 1047 spirituum
808 980 1003 1028 insidias
1024 980 1073 1027 in
1101 990 1263 1027 mente
1281 977 1531 1026 tolerabat.
1555 978 1702 1036 Quod
1720 978 1863 1025 etiam
1882 978 1932 1024 in
1952 980 2082 1025 Isaac
2100 994 2246 1043 opere
2266 977 2536 1043 Allophylo-

401 1077 509 1107 rum
531 1061 762 1126 pravitate
787 1060 1121 1125 cognoscimus
1146 1059 1413 1124 designari,
1441 1059 1525 1123 qui
1547 1068 1719 1123 puteos
1742 1074 1864 1122 quos
1883 1061 2012 1105 Isaac
2032 1057 2241 1117 foderat,
2268 1067 2402 1105 terrae
2420 1075 2535 1106 con-

400 1141 526 1205 gerie
559 1141 823 1207 replebant.
853 1145 953 1189 Hos
985 1141 1116 1189 enim
1139 1141 1368 1188 nimirum
1392 1150 1565 1206 puteos
1590 1139 1828 1199 fodimus,
1866 1156 2018 1204 quum
2039 1140 2087 1186 in
2117 1140 2358 1204 scripturae
2393 1156 2535 1187 sacrae

400 1223 572 1271 abditis
596 1224 812 1272 sensibus
835 1223 930 1271 alta
949 1233 1273 1289 penetramus.
1304 1226 1439 1281 Quos
1464 1233 1624 1270 tamen
1654 1221 1840 1270 occulte
1859 1221 2047 1287 replent
2065 1221 2319 1287 Allophyli,
2339 1221 2535 1285 quando

401 1304 539 1368 nobis
566 1305 628 1352 ad
655 1305 749 1353 alta
785 1304 1093 1352 tendentibus
1130 1304 1370 1352 immundi
1398 1305 1590 1370 spiritus
1620 1314 1831 1351 terrenas
1856 1303 2169 1367 cogitationes
2197 1303 2450 1367 ingerunt,
2491 1313 2537 1350 et

400 1385 535 1449 quasi
569 1385 814 1433 inventam
838 1385 1011 1432 divinae
1035 1385 1241 1432 scientiae
1264 1401 1441 1449 aquam
1464 1384 1652 1431 tollunt.
1695 1383 1789 1431 Sed
1824 1384 1937 1448 quia
1973 1400 2118 1430 nemo
2148 1382 2238 1430 hos
2262 1383 2424 1430 hostes
2453 1400 2537 1430 sua

400 1465 573 1512 virtute
594 1475 812 1530 superat,
843 1483 930 1531 per
955 1464 1152 1531 Eliphaz
1171 1465 1344 1512 dicitur
1362 1468 1376 1490 ⁴
1395 1483 1405 1512 ι
1440 1484 1462 1510 «
1483 1466 1678 1529 Eritque
1698 1466 2005 1530 omnipotens
2025 1474 2193 1512 contra
2210 1464 2372 1511 hostes
2397 1473 2532 1522 tuos,

402 1557 449 1594 et
470 1557 720 1612 argentum
738 1546 1098 1594 coacervabitur
1117 1546 1252 1593 tibi.»
1274 1551 1338 1593 Ac
1352 1546 1391 1592 si
1407 1546 1647 1593 diceretur
1667 1564 1676 1592 :
1701 1549 1828 1593 Dum
1847 1546 2079 1610 malignos
2095 1546 2288 1610 spiritus
2303 1546 2539 1592 Dominus

399 1645 486 1676 sua
510 1645 539 1675 a
560 1638 606 1676 te
632 1629 805 1676 virtute
830 1627 1056 1692 repulerit
1071 1663 1084 1687 ‚
1112 1627 1263 1674 divini
1278 1628 1326 1674 in
1345 1637 1390 1674 te
1406 1627 1584 1691 eloquii
1609 1626 1840 1674 talentum
1859 1626 2063 1674 lucidius
2081 1637 2275 1674 crescet.
2301 1646 2324 1670 υ
2346 1629 2541 1690 Legerat

401 1709 513 1770 iste,
539 1710 590 1757 ni
614 1709 780 1770 fallor,
807 1709 969 1773 magni
991 1708 1360 1755 christianorum
1389 1707 1667 1773 philosophi
1687 1708 1906 1771 Origenis
1932 1707 2165 1755 homelias
2190 1709 2242 1753 in
2273 1709 2462 1762 Genesi,
2493 1717 2539 1754 et

402 1788 462 1838 de
489 1789 589 1853 ejus
618 1790 839 1837 hauserat
858 1789 1014 1855 puteis
1035 1788 1172 1853 quod
1191 1806 1321 1836 nunc
1343 1787 1404 1836 de
1426 1789 1481 1835 iis
1498 1788 1711 1852 loquitur
1726 1788 1898 1853 puteis.
1924 1787 2007 1835 llle
2025 1787 2204 1853 quippe
2223 1786 2538 1852 spiritualium

400 1879 659 1935 puteorum
685 1870 840 1917 fossor
864 1869 1131 1929 studiosus,
1162 1885 1262 1916 non
1285 1868 1443 1915 solum
1466 1868 1528 1915 ad
1553 1885 1722 1915 eorum
1747 1878 1918 1933 potum
1935 1904 1947 1928 ,
1978 1867 2063 1915 sed
2089 1867 2232 1914 eti'am
2259 1866 2538 1914 effosionem

402 1966 492 1998 nos
521 1950 830 1998 vehementer
856 1949 1146 2010 adhortans,
1190 1949 1501 2015 expositionis
1537 1948 1774 2015 praedictae
1810 1948 2021 1996 homelia
2054 1951 2148 1995 x11⁵
2184 1948 2247 1994 ita
2286 1948 2497 2012 loquitur
2525 1966 2533 1993 :

406 2050 428 2076 t(
451 2034 707 2079 Tentemus
733 2031 885 2079 facere
912 2030 1054 2078 etiam
1071 2029 1189 2077 illud
1209 2030 1342 2095 quod
1368 2030 1607 2096 Sapientia
1630 2039 1909 2077 commonet
1932 2029 2122 2076 dicens⁶
2145 2046 2155 2075 z
2181 2049 2202 2073 «
2227 2027 2339 2076 Bibe
2363 2045 2538 2093 aquam

406 2132 428 2157 «
459 2112 520 2160 de
558 2113 649 2160 tuis
679 2112 920 2172 fontibus,
956 2121 1003 2159 et
1037 2111 1098 2159 de
1139 2112 1231 2159 tuis
1263 2112 1435 2177 puteis.
1471 2115 1527 2158 Et
1556 2112 1616 2158 sit
1654 2111 1740 2158 tibi
1782 2111 1887 2158 fons
1926 2121 2034 2158 tuus
2070 2110 2309 2176 proprius.
2339 2130 2361 2154 »
2394 2113 2539 2158 Teuta

403 2210 516 2259 ergo
541 2203 588 2241 et
613 2203 662 2241 tu
680 2229 694 2254 ,
724 2210 754 2241 o
779 2193 998 2253 auditor,
1026 2192 1205 2241 habere
1235 2193 1486 2259 proprium
1511 2203 1712 2258 puteum
1735 2202 1781 2240 et
1809 2193 2058 2258 proprium
2087 2191 2268 2239 fontem
2285 2228 2297 2251 ,
2332 2202 2381 2238 ut
2416 2202 2464 2240 et
2489 2203 2537 2240 tu

403 2290 554 2339 quum
595 2274 970 2340 apprehenderis
1008 2273 1185 2320 librum
1220 2273 1599 2338 Scripturarum‚
1642 2273 1840 2339 incipias
1871 2273 2011 2320 etiam
2045 2289 2102 2319 ex
2135 2273 2331 2338 proprio
2367 2290 2534 2331 seusu,

404 2354 616 2420 proferre
652 2354 860 2420 aliquem
887 2353 1181 2402 intellectum
1202 2389 1214 2413 ,
1247 2364 1295 2401 et
1321 2353 1590 2401 secundum
1614 2370 1670 2402 ea
1697 2370 1803 2419 quae
1830 2353 1879 2400 in
1910 2352 2118 2400 Ecclesia
2150 2352 2381 2413 didicisti,
2410 2363 2539 2400 tenta

405 2444 451 2482 et
478 2445 530 2484 tu
554 2434 718 2483 bibere
746 2435 808 2483 de
833 2435 964 2482 fonte
989 2435 1167 2500 ingenii
1194 2435 1278 2482 tui.
1308 2438 1388 2482 Est
1411 2435 1535 2482 intra
1561 2444 1606 2482 te
1632 2444 1803 2482 natura
1826 2451 1961 2500 aquae
1988 2435 2103 2482 vivae
2120 2471 2132 2494 ,
2161 2444 2271 2482 suut
2293 2451 2426 2482 venae
2459 2452 2538 2501 pe-

406 2533 578 2565 rennes
599 2527 646 2565 et
672 2518 847 2582 irrigua
873 2518 1053 2565 fluenta
1084 2517 1378 2565 rationabilis
1401 2534 1596 2578 sensus,
1628 2518 1666 2564 si
1691 2517 1841 2564 modo
1866 2534 1966 2564 non
1991 2518 2086 2564 sint
2118 2527 2240 2565 terra
2266 2527 2312 2564 et
2339 2517 2538 2565 rudibus

405 2598 659 2665 completa.
692 2597 787 2646 Sed
812 2608 969 2663 satage
995 2598 1158 2647 fodere
1180 2608 1356 2646 terram
1384 2609 1514 2645 tuam
1531 2633 1545 2656 ,
1573 2609 1621 2646 et
1644 2616 1847 2664 purgare
1877 2598 2043 2646 sordes
2060 2634 2072 2658 ,
2104 2597 2154 2645 id
2175 2608 2245 2646 est
2260 2599 2532 2662 ingenium,

405 2696 628 2727 amovere
642 2679 895 2740 desidiam,
910 2690 955 2728 et
970 2690 1216 2746 torporem
1233 2679 1392 2727 cordis
1411 2689 1650 2727 excutere.
1674 2679 1796 2727 Audi
1816 2680 1945 2727 enim
1958 2679 2092 2744 quod
2109 2679 2223 2727 dicit
2243 2680 2506 2745 Scriptura7
2524 2700 2531 2727 :

410 2778 434 2805 «
456 2763 619 2825 Punge
642 2760 863 2822 oculum,
895 2771 941 2808 et
966 2761 1148 2825 profert
1168 2760 1451 2824 lacrymam3
1481 2777 1642 2826 punge
1662 2777 1774 2820 cor,
1803 2771 1850 2808 et
1874 2760 2054 2827 profert
2085 2777 2294 2808 sensum.
2321 2780 2343 2804 υ
2387 2764 2537 2826 Purga

406 2841 550 2890 etiam
575 2851 622 2888 et
648 2851 696 2888 tu
729 2841 976 2906 ingenium
1003 2852 1141 2889 tuum
1161 2877 1173 2901 ,
1214 2851 1266 2889 ut
1293 2840 1553 2905 aliquando
1579 2841 1722 2888 etiam
1754 2841 1815 2889 de
1847 2842 1939 2889 tuis
1967 2841 2176 2889 fontibus
2203 2841 2365 2901 bibas,
2406 2852 2452 2890 et
2477 2842 2537 2890 de

408 2922 498 2969 tuis
523 2923 679 2987 puteis
696 2922 886 2970 haurias
914 2939 1089 2987 aquam
1118 2923 1293 2969 vivam.
1326 2923 1375 2968 Si
1403 2922 1532 2969 enim
1557 2923 1805 2988 suscepisti
1830 2923 1876 2969 in
1905 2932 1950 2970 te
1979 2921 2180 2970 verbum
2206 2923 2322 2982 Dei,
2352 2923 2390 2969 si
2412 2939 2538 2971 acce-

405 3003 517 3070 pisti
545 3002 607 3050 ab
632 3006 739 3051 Jesu
766 3019 942 3068 aquam
978 3003 1138 3051 vivam
1154 3039 1167 3064 ,
1198 3013 1244 3051 et
1276 3002 1477 3051 fideliter
1501 3004 1752 3069 accepisti,
1782 3002 1863 3050 fiet
1900 3004 1949 3050 in
1975 3013 2020 3050 te
2045 3003 2151 3050 fons
2176 3020 2310 3067 aquae
2334 3003 2539 3052 salientis

406 3086 455 3132 in
480 3086 626 3132 vitam
651 3095 894 3133 aeternam.
923 3104 947 3129 »
973 3084 1107 3132 Idem
1130 3084 1341 3132 homelia
1367 3095 1598 3149 sequente
1626 3084 1687 3133 de
1704 3085 1859 3150 puteis
1884 3087 2013 3131 Isaac
2035 3100 2178 3149 supra
2197 3086 2472 3132 memoratis
2490 3087 2503 3110 ⁸
2524 3105 2532 3132 :

410 3186 431 3210 «
455 3169 590 3224 Quos
611 3203 623 3226 ‚
647 3186 670 3211 υ
714 3167 899 3231 inquit,
939 3186 961 3212 «
996 3165 1229 3213 Philistini
1255 3175 1380 3213 terra
1403 3165 1730 3231 repleverant,
1765 3165 1831 3211 illi
1861 3165 1962 3211 sine
1988 3163 2138 3211 dubio
2165 3165 2248 3229 qui
2277 3165 2539 3230 intelligen—

407 3248 520 3295 tiam
545 3248 804 3314 spiritalem
827 3248 1086 3308 claudunt,
1119 3257 1170 3295 ut
1191 3264 1348 3313 neque
1364 3247 1454 3313 ipsi
1471 3246 1667 3306 bibant,
1697 3263 1853 3311 neque
1871 3245 1988 3294 alios
2013 3245 2176 3294 bibere
2193 3247 2485 3311 permittant.
2513 3267 2534 3291 »

453 3403 462 3419 ¹
488 3402 571 3446 Cap.
592 3414 669 3436 xvui
682 3427 691 3443 .
715 3404 796 3446 Opp.
814 3410 837 3438 t.
855 3403 887 3442 l,
903 3403 967 3438 col.
985 3404 1063 3436 510.
1076 3420 1119 3427 -
1134 3402 1146 3419 “
1162 3402 1265 3436 Aliter
1279 3410 1449 3445 spargunt.
1501 3403 1582 3434 1723
1595 3427 1603 3442 ,
1631 3401 1758 3443 in-sut,
1774 3408 1798 3434 t.
1817 3401 1865 3440 11,
1887 3412 1922 3445 p.
1944 3401 1997 3433 93.
2018 3419 2055 3426 -—
2074 3401 2087 3419 ⁶
2102 3402 2218 3440 Prov„
2235 3412 2308 3444 cap.
2327 3412 2358 3442 v,
2378 3412 2406 3433 v.
2427 3402 2476 3434 15.
2495 3418 2537 3425 —

408 3476 449 3483 —-
463 3459 476 3476 ³
493 3459 612 3492 Psalm.
630 3471 727 3493 cxv-iu
741 3485 749 3500 ‚
764 3471 794 3494 v.
819 3461 891 3493 1¹5.
908 3479 947 3484 —
963 3460 976 3477 ⁴
989 3461 1065 3499 Job,
1082 3470 1157 3503 cap.
1177 3471 1262 3499 xxn,
1285 3473 1314 3494 v.
1337 3461 1390 3493 25.
1407 3476 1451 3484 ·—
1498 3459 1509 3477 ⁷
1526 3460 1671 3497 Eccles„
1691 3469 1766 3502 cap.
1794 3469 1881 3499 xxu,
1903 3470 1932 3493 v.
1953 3459 2004 3493 19.
2023 3476 2059 3482 —
2079 3458 2092 3476 ⁸
2109 3458 2228 3492 Homil.
2247 3469 2323 3499 xm,
2345 3459 2424 3499 opp.
2443 3465 2464 3492 t.
2490 3459 2515 3491 11
2528 3484 2535 3498 ,

410 3515 422 3531 “
433 3516 467 3548 In
486 3516 614 3556 Genes„
629 3515 742 3550 homil.
759 3528 803 3550 ιιι
814 3541 823 3556 ,
843 3518 924 3559 Opp.
943 3516 1031 3550 stud.
1046 3516 1122 3550 Car.
1141 3516 1291 3557 Delarue,
1306 3517 1448 3556 Parisiis,
1495 3527 1530 3560 p.
1548 3516 1589 3547 94
1601 3540 1610 3555 ,
1624 3516 1677 3547 95.
