2970 4152
561 379 655 426 608
1362 376 1533 423 PETRI
1569 376 1880 424 ABAELARDI

563 474 727 530 Qunm
756 482 915 520 autem
946 474 1011 518 ita
1039 471 1259 517 omnium
1280 480 1544 518 creatorem
1566 473 1721 518 Deum
1743 480 2114 529 commemorat,
2149 481 2382 535 quantum
2405 475 2448 520 ei
2468 476 2676 524 debeant

568 552 790 600 universa
810 561 1027 616 patenter
1049 550 1274 597 insinuat.
1544 606 1551 619 x

631 650 654 675 «
673 634 732 678 Et
755 631 804 677 in
827 633 989 676 Jesum
1010 629 1270 676 Christum.
1293 648 1316 674 »
1342 629 1445 677 Filii
1466 631 1553 677 Dei
1578 646 1835 695 personam
1857 646 2063 694 praesens
2084 631 2358 694 symbolum
2381 632 2522 685 nobis
2539 650 2676 681 ⁴com-

567 709 817 768 mendans,
844 709 944 772 ejus
966 709 1263 756 divinitatem
1287 709 1464 774 pariter
1492 720 1539 756 et
1566 709 1914 756 humanitatem
1937 721 2306 770 commemorat,
2339 721 2386 759 et
2418 722 2518 760 tam
2545 697 2697 776 regni*

563 790 662 852 ejus
686 805 831 853 quam
863 788 1116 836 sacerdotii
1144 789 1448 852 dignitatem,
1474 790 1604 836 unde
1632 790 1844 835 Christus
1871 789 2025 836 dictus
2049 800 2142 848 est,
2168 790 2385 855 designat
2417 811 2428 839 ι
2460 807 2678 858 Ρθαςιιω

560 867 659 932 duo
679 867 820 914 nobis
838 870 988 924 Jesus,
1008 868 1059 915 id
1078 878 1148 915 est
1170 868 1402 927 Salvator,
1419 868 1637 915 efficitur.
1662 871 1781 915 Nam
1804 868 1916 931 quia
1937 878 2036 915 tam
2057 870 2186 932 regia
2207 886 2352 934 quam
2375 871 2680 933 sacerdotalis

558 947 762 1010 dignitas
784 965 870 1012 per
891 948 1171 995 unctionem
1205 949 1493 1008 instituitur,
1519 949 1632 995 hinc
1655 949 1826 995 merito
1861 948 2076 998 Christus
2098 960 2169 996 est
2191 951 2454 1016 appellatus
2476 954 2542 998 Re
2587 937 2680 999 fite

556 1043 789 1086 summus,
818 1038 864 1074 et
886 1028 1119 1075 Sacerdos
1150 1046 1419 1093 supremus,
1447 1039 1494 1076 et
1531 1029 1747 1075 Salvator
1782 1045 1937 1074 verus·
1967 1029 2106 1076 Unde
2142 1040 2187 1076 et
2219 1030 2320 1077 haec
2350 1031 2550 1078 nomina
2577 1030 2680 1119 jem

554 1108 688 1170 quasi
712 1109 909 1172 propria
931 1109 1106 1156 meruit
1128 1108 1371 1166 obtinere;
1399 1119 1451 1155 ut
1462 1109 1562 1172 jam
1585 1125 1736 1172 quum
1760 1108 1981 1155 audimus
2004 1109 2244 1156 Christum
2262 1111 2338 1157 vel
2359 1114 2542 1168 Jesum,
2568 1128 2607 1162 e,

553 1204 638 1250 per
660 1189 988 1236 excellentiam
1011 1190 1169 1237 solum
1190 1190 1525 1253 intelligamus.
1554 1192 1649 1236 Rex
1673 1199 1833 1236 autem
1857 1189 1997 1236 nobis
2026 1200 2094 1237 est
2125 1192 2260 1254 quasi
2294 1208 2546 1256 supremus
2556 1125 2706 1267 ὅ

555 1269 730 1327 minus,
754 1279 800 1316 et
819 1269 960 1317 nobis
983 1270 1259 1335 praesidens,
1281 1280 1344 1329 et,
1370 1271 1494 1316 inter
1513 1269 1654 1333 hujus
1674 1269 1830 1316 saeculi
1852 1270 2085 1334 procellas
2102 1281 2149 1317 et
2168 1271 2402 1331 turbines,
2420 1272 2679 1335 Ecclesiam

554 1366 689 1396 suam
724 1367 898 1397 navem
934 1352 1179 1416 propriam
1218 1352 1279 1398 ad
1314 1361 1509 1416 portum
1537 1350 1890 1415 tranquillitatis
1921 1361 2107 1398 aeternae
2141 1352 2353 1415 regendo
2376 1352 2608 1416 dirigens,
2634 1363 2710 1424 eb

555 1439 653 1476 tam
678 1430 834 1478 verbis
858 1447 1004 1496 quam
1026 1431 1252 1496 exemplis
1281 1431 1543 1496 disciplinae
1571 1431 1784 1494 regulam
1814 1431 1956 1478 nobis
1987 1432 2199 1478 tradens.
2227 1432 2459 1479 Sacerdos
2493 1443 2675 1490 autem,

558 1510 655 1556 imo
679 1521 726 1557 et
748 1511 962 1575 pontifex
986 1512 1126 1558 nobis
1150 1512 1300 1558 factus
1324 1522 1417 1571 est,
1446 1511 1564 1558 dum
1589 1512 1638 1557 in
1663 1528 1803 1558 cruce
1826 1528 2083 1576 suspensus
2116 1522 2347 1575 tanquam
2381 1513 2431 1559 in
2469 1528 2552 1560 ara
2590 1529 2679 1577 pro

557 1590 696 1637 nobis
729 1592 1003 1639 immolatus
1039 1589 1126 1639 est.
1165 1592 1302 1639 Unde
1338 1603 1497 1639 autem
1533 1592 1675 1639 nobis
1705 1602 1804 1638 tam
1833 1592 2074 1650 Christus,
2101 1602 2154 1639 ut
2191 1592 2375 1639 dictum
2403 1603 2498 1654 est,
2519 1609 2732 1658 ‘quam-j

558 1673 688 1716 Jesus
712 1688 851 1718 verus
880 1673 1046 1733 existat
1063 1711 1074 1732 ,
1101 1672 1352 1736 diligenter
1374 1673 1527 1736 aperit
1545 1709 1556 1731 ,
1582 1686 1734 1736 quum
1758 1689 1869 1718 eum
1891 1682 1990 1719 tam
2014 1673 2101 1719 Dei
2124 1689 2270 1736 quam
2293 1672 2504 1720 hominis
2529 1663 2680 1724 filium
2700 1705 2710 1716 ,
2734 1708 2748 1743 .'

558 1766 657 1797 esse
681 1763 1032 1816 consequenter
1052 1753 1286 1812 annectit,
1314 1752 1478 1799 dicens
1508 1771 1518 1798 ε
2509 1778 2537 1808 2
2735 1745 2738 1747 Δ

625 1851 647 1876 «
675 1832 845 1880 Filium
868 1834 986 1898 ejus,
1008 1854 1030 1879 »
1056 1834 1107 1882 id
1129 1845 1199 1883 est
1220 1835 1307 1882 Dei
1329 1836 1496 1895 Patris,
1523 1854 1546 1881 «
1570 1837 1793 1894 unicum3
1826 1854 1848 1879 υ
1875 1852 1936 1883 ne
1960 1836 2235 1901 adoptivus,
2261 1836 2346 1883 sed
2368 1835 2683 1883 consubstan-

554 1912 676 1959 tialis
712 1924 927 1978 putetur.⁴
950 1919 1011 1962 Et
1032 1932 1242 1974 rursum,
1272 1916 1396 1980 «qui
1419 1926 1682 1981 conceptus
1708 1926 1800 1976 est,
1828 1926 1919 1962 etc.
1942 1935 1965 1959 υ
1992 1916 2137 1973 Quod
2161 1915 2551 1963 tamen'dicimus
2574 1914 2684 1960 uni-

555 2009 690 2053 cum,
710 1994 1000 2057 quibusdam
1014 1996 1206 2043 videtur
1219 1997 1368 2059 magis
1382 1996 1444 2043 ad
1462 1997 1730 2043 Dominum
1749 2012 1896 2060 quam
1912 1996 1974 2043 ad
1987 1995 2138 2042 filium
2153 2012 2254 2042 esse
2268 1994 2679 2059 conjungendum,

555 2074 652 2119 sive
670 2074 731 2120 ad
745 2084 1004 2138 utrumque
1019 2073 1161 2122 simul
1180 2094 1189 2122 :
1211 2086 1264 2122 ut
1285 2077 1407 2122 sicut
1430 2086 1501 2122 est
1513 2076 1684 2122 unicus
1698 2075 1822 2122 filius
1845 2076 1988 2139 patri,
2015 2076 2080 2122 ita
2103 2086 2149 2122 et
2172 2076 2342 2122 unicus
2365 2076 2425 2122 sit
2447 2075 2683 2121 Dominus

559 2151 716 2198 nobis.
744 2153 874 2199 Sicut
896 2155 1026 2200 enim
1048 2171 1306 2218 personam
1329 2156 1476 2202 Patris
1498 2155 1866 2212 commendans,
1894 2171 2003 2201 eum
2027 2165 2073 2201 et
2089 2155 2497 2219 omnipotentem,
2515 2164 2562 2200 et
2577 2153 2681 2200 coeli

558 2241 603 2276 et
641 2242 775 2278 terrae
811 2232 928 2279 dixit
968 2244 1265 2294 creatorem,
1292 2235 1358 2282 ita
1389 2251 1518 2281 nunc
1554 2235 1615 2281 ad
1649 2234 1890 2281 honorem
1924 2234 2053 2291 Filii,
2089 2250 2200 2280 eum
2238 2251 2338 2280 non
2374 2233 2682 2280 solummodo

561 2310 801 2358 Christum
824 2323 870 2359 et
892 2316 1075 2374 Jesum,
1102 2315 1416 2361 verumetiam
1437 2315 1703 2361 Dominum
1738 2314 2028 2361 confitemur
2062 2323 2283 2360 nostrum
2310 2323 2357 2360 et
2386 2314 2606 2370 unicum,
2632 2313 2679 2359 id

560 2400 646 2447 est,
664 2390 820 2437 solum
839 2394 1104 2440 Dominum
1125 2403 1346 2440 nostrum
1358 2430 1370 2451 ‚
1390 2394 1657 2440 secundum
1670 2393 1765 2440 hoc
1779 2393 1912 2457 quod
1933 2394 2034 2456 ejus
2058 2392 2204 2439 solius
2218 2393 2430 2457 pretioso
2453 2392 2684 2454 sanguine

558 2472 704 2534 empti
728 2489 908 2519 sumus.
938 2476 1027 2519 Aut
1049 2474 1088 2520 si
1110 2473 1232 2520 forte
1263 2490 1408 2538 quem
1431 2484 1594 2520 movet
1616 2475 1760 2520 etiam
1788 2476 1976 2520 Patrem
1998 2482 2045 2519 et
2068 2473 2298 2537 Spiritum
2327 2481 2546 2519 sanctum
2581 2487 2680 2517 non

560 2552 718 2598 minus
741 2562 961 2599 nostrum
985 2553 1080 2600 dici
1101 2554 1391 2612 Dominum,
1419 2554 1536 2601 sciat
1557 2555 1624 2601 ita
1645 2553 1816 2600 Filium
1849 2553 2006 2600 solum
2029 2553 2123 2599 dici
2150 2553 2416 2599 Dominum
2437 2561 2679 2608 nostrum,

563 2641 613 2676 ut
637 2642 806 2695 praeter
823 2648 933 2680 eum
956 2650 1056 2679 non
1079 2633 1139 2679 sit
1161 2633 1279 2681 alius
1301 2634 1522 2680 omnium
1544 2634 1797 2681 Dominus.
1825 2634 1955 2679 Licet
1976 2633 2107 2679 enim
2128 2641 2330 2695 utraque
2352 2630 2551 2677 aliarum
2574 2645 2683 2693 per-

561 2727 788 2758 sonarum
823 2729 956 2776 aeque
990 2713 1227 2760 Dominus
1253 2723 1416 2760 noster
1447 2714 1569 2760 sicut
1599 2723 1646 2760 et
1678 2715 1806 2759 Deus
1829 2712 1889 2759 sit
1911 2711 2139 2770 dicenda,
2177 2711 2289 2774 quia
2322 2726 2421 2756 non
2462 2719 2531 2755 est
2565 2707 2684 2754 alius

562 2791 797 2838 Dominus
828 2808 926 2839 una
957 2809 1164 2857 persona
1197 2810 1344 2858 quam
1378 2793 1470 2840 alia
1491 2830 1502 2852 ,
1538 2793 1660 2839 sicut
1691 2808 1781 2839 nec
1816 2791 1935 2838 alius
1969 2794 2097 2837 Deus
2139 2789 2363 2854 quaelibet
2394 2804 2582 2845 earum3
2619 2787 2684 2832 ita

562 2873 688 2918 Deus
720 2872 794 2919 vel
830 2873 1066 2920 Dominus
1103 2872 1206 2920 sola
1241 2883 1311 2920 est
1345 2873 1569 2932 dicenda,
1594 2883 1648 2920 ut
1669 2871 1942 2919 nullatenus
1966 2888 2040 2930 res
2063 2870 2155 2918 alia
2175 2869 2412 2916 Dominus
2444 2868 2504 2914 sit
2527 2866 2684 2913 existi-

559 2953 760 3013 manda,
795 2954 870 3000 vel
893 2953 1036 3000 alius¹
1059 2954 1120 3001 ab
1144 2970 1201 3001 ea
1222 2955 1460 3011 Dominus
1495 2955 1554 3001 sit
1592 2953 1885 3011 credendus;
1912 2969 2064 3016 quum
2085 2951 2215 2999 idem
2236 2950 2480 3006 Dominus,
2496 2949 2616 2994 sicut
2638 2956 2684 2993 et

562 3033 687 3078 Deus
711 3050 808 3080 una
830 3035 890 3081 sit
911 3050 1118 3099 persona
1140 3051 1251 3082 cum
1274 3035 1381 3082 alia.

632 3114 768 3168 «Qui
792 3125 1052 3180 conceptus
1085 3125 1172 3162 est.
1203 3133 1225 3159 >›
1251 3116 1368 3175 Qui,
1397 3116 1619 3179 inquam,
1646 3115 1878 3174 Christus,
1909 3117 2007 3162 sive
2036 3115 2120 3179 qui
2148 3113 2270 3159 filius
2299 3112 2387 3158 Dei
2419 3107 2684 3156 secundum

571 3202 863 3255 assumptam
885 3194 1234 3241 humanitatem
1255 3204 1516 3259 conceptus
1546 3204 1640 3253 est,
1668 3204 1759 3241 etc.
1786 3197 1851 3241 Ac
1874 3195 1913 3242 si
1941 3195 2178 3241 diceretur
2206 3210 2216 3238 :
2243 3183 2388 3252 Cujus
2414 3186 2686 3239 humanitas

573 3270 632 3315 de
657 3271 758 3333 ipsa
781 3273 1043 3321 substantia
1064 3275 1268 3338 Virginis
1290 3292 1375 3339 per
1398 3275 1727 3340 operationem
1751 3275 1923 3322 divinae
1939 3275 2097 3338 gratiae
2110 3280 2343 3335 concepta
2366 3279 2459 3328 est,
2485 3278 2532 3314 et
2553 3276 2681 3314 nata.

615 3453 621 3469 ¹
655 3453 708 3486 Sic
726 3455 806 3489 Cod.
826 3454 911 3489 vict.
928 3457 1004 3489 397.
1017 3474 1039 3481 -
1052 3459 1139 3491 Alius
1155 3457 1246 3491 deest
1264 3459 1294 3491 in
1309 3458 1387 3491 edit.
1409 3458 1503 3491 Amb.
