2970 4152
608 363 701 409 648
1018 386 1023 391 ·
1403 365 1574 412 PETRI
1610 366 1918 414 ABAELARDI

607 458 731 505 libro
754 459 811 506 de
842 461 1035 506 Ciuitate
1056 461 1147 504 Dei
1167 469 1363 518 octavo,
1388 460 1453 507 ita
1476 460 1537 507 de
1565 460 1816 509 Platonicis
1839 463 1903 510 ait
1924 465 1935 487 ¹
1963 481 1973 509 :
2005 480 2029 507 «
2055 464 2312 523 Omnium,
2338 465 2588 529 inquiunt,
2616 465 2719 512 ani-

605 540 801 586 malium
824 540 873 585 in
895 538 1068 603 quibus
1090 549 1160 586 est
1182 540 1342 587 anima
1362 540 1629 598 rationalis,
1661 543 1894 606 tripertita
1923 542 2093 589 divisio
2123 552 2193 589 est
2222 543 2438 603 in'deos,
2470 543 2713 602 homines,
2753 536 2757 540 ’

604 618 860 665 daemones.
888 621 1100 664 Deorum
1121 618 1257 676 sed-es
1288 619 1336 665 in
1372 618 1493 666 coelo
1517 630 1609 681 est,
1635 620 1890 667 hominum
1912 622 1961 667 in
1984 630 2137 681 terra,
2163 622 2211 668 in
2241 638 2349 669 aere
2371 622 2662 670 daemonum.
2688 642 2713 667 »

604 700 720 744 Item
740 717 749 743 :
775 697 1003 745 «Habent
1029 698 1270 745 daemones
1293 715 1403 745 cum
1431 698 1521 746 diis
1543 716 1851 747 communem
1875 701 2280 748 immortalitatem
2302 718 2561 767 corporum
2579 739 2590 761 ‚
2615 703 2717 749 ani-

602 795 789 824 marum
821 788 981 825 autem
1008 795 1120 824 cum
1153 778 1432 825 hominibus
1460 780 1722 844 passiones.
1755 799 1776 824 υ
1809 784 1867 826 Et
1900 790 2010 845 post
2038 780 2197 845 aliqua
2223 781 2594 846 descriptionem
2621 781 2716 828 dae-

601 874 803 904 monum
825 874 882 904 ex
904 857 1041 907 dictis
1064 857 1230 922 Apulei
1255 858 1486 906 Platonici
1509 876 1786 924 supponens
1808 859 1873 906 ait
1900 877 1910 905 τ
1943 879 1966 904 «
1990 860 2199 907 Breviter
2226 859 2449 925 Apuleius
2476 859 2717 908 daemones

600 938 863 997 diffiniens,
892 939 956 985 ait
985 956 1066 985 eos
1092 955 1193 986 esse
1216 955 1388 1003 genere
1411 940 1633 987 animalia
1651 977 1662 997 ,
1704 940 1864 986 anima
1885 940 2070 1004 passiva
2085 978 2096 1000 ,
2127 951 2288 988 mente
2309 940 2586 1000 rationalia,
2611 957 2718 988 cor-

599 1036 716 1083 pore
740 1035 900 1077 aerea,
926 1029 1143 1083 tempore
1178 1029 1369 1073 aeterna.
1395 1038 1418 1063 »
1444 1011 1510 1065 Ex
1545 1019 1719 1082 quibus
1754 1019 2156 1084 philosophorum
2189 1020 2326 1067 dictis
2365 1021 2568 1068 maxime
2600 1036 2716 1068 vero
2786 1014 2790 1019 ⁷

597 1100 975 1158 Platonicorum,
1001 1109 1189 1146 constat
1210 1099 1384 1146 coelum
1409 1116 1602 1163 quoque
1629 1109 1676 1146 et
1705 1116 1863 1146 aerem
1893 1101 2100 1165 propriis
2132 1100 2416 1148 animalibus
2448 1101 2674 1148 adornari
2701 1120 2712 1147 ε

597 1196 804 1243 quorum
841 1179 942 1225 haec
977 1179 1218 1253 daemones
1239 1216 1250 1238 ,
1297 1179 1347 1225 id
1384 1189 1454 1226 est
1488 1179 1712 1226 animalia
1748 1180 2025 1239 rationalia,
2070 1180 2360 1228 immortalia
2394 1191 2442 1227 et
2477 1180 2716 1246 passibilia

597 1261 792 1317 dicunt,
831 1259 909 1306 illa
942 1276 1056 1306 vero
1093 1259 1210 1306 deos
1246 1258 1514 1324 appellant,
1548 1259 1644 1306 hoc
1672 1269 1743 1306 est
1779 1260 2002 1307 animalia
2034 1260 2306 1320 rationalia,
2347 1260 2636 1308 immortalia
2670 1273 2716 1310 et

596 1339 926 1405 impassibilia,
947 1339 1067 1385 sicut
1083 1348 1194 1385 sunt
1211 1340 1375 1385 omnia
1396 1339 1576 1398 sidera,
1602 1356 1702 1386 non
1726 1339 1883 1386 solum
1898 1339 2123 1405 planetae,
2143 1356 2311 1387 verum
2332 1341 2476 1387 etiam
2496 1339 2716 1404 quaelibet

595 1420 753 1466 stellae.
792 1419 1009 1466 Planetas
1044 1435 1159 1465 vero
1189 1435 1287 1465 non
1330 1418 1487 1465 solum
1521 1418 1662 1477 deos,
1695 1435 1863 1466 verum
1893 1420 2037 1466 etiam
2071 1419 2187 1466 deos
2221 1419 2448 1478 deorum,
2484 1430 2715 1484 tanquam

595 1501 772 1546 caeteris
794 1499 1029 1546 sideribus
1053 1498 1431 1559 excellentiores,
1459 1509 1506 1546 et
1528 1500 1761 1562 majorem
1784 1498 2046 1546 efficaciam
2067 1499 2322 1558 habentes,
2351 1516 2379 1546 a
2401 1499 2598 1547 Platone
2620 1501 2714 1549 dici

594 1590 865 1640 autumant,
892 1579 1000 1638 ubi,
1026 1579 1147 1626 sicut
1170 1580 1330 1638 aiunt,
1357 1596 1439 1626 eos
1467 1580 1705 1643 praecipue
1734 1579 1796 1626 ad
1823 1580 2116 1627 creationem
2138 1579 2348 1626 hominis
2369 1579 2561 1640 invitat,
2587 1591 2640 1628 ut
2667 1583 2714 1629 vi

592 1663 802 1726 quadam
825 1677 994 1707 eorum
1017 1677 1072 1706 ex
1095 1670 1221 1707 terra
1243 1659 1450 1723 fingatur
1472 1676 1647 1725 corpus
1669 1659 1937 1706 humanum
1955 1697 1966 1719 ,
1993 1659 2070 1706 cui
2092 1662 2219 1706 Deus
2242 1659 2452 1707 animam
2471 1659 2708 1710 infundat.

592 1738 754 1801 Quum
790 1753 951 1790 autem
982 1741 1186 1788 deorum
1222 1742 1466 1788 neminem
1500 1741 1591 1787 nisi
1625 1741 1811 1788 bonum
1840 1758 1941 1788 esse
1969 1740 2223 1800 fateantur,
2256 1740 2530 1787 daemonum
2550 1750 2710 1788 tamen

590 1808 712 1869 sicut
734 1832 781 1869 et
802 1822 1058 1868 hominum
1080 1821 1318 1885 quosdam
1339 1820 1521 1880 bonos,
1554 1820 1791 1884 quosdam
1814 1820 1966 1867 malos
1988 1836 2089 1867 esse
2112 1819 2411 1883 distinguunt
2434 1838 2445 1866 :
2471 1819 2600 1866 unde
2621 1819 2712 1867 hos

591 1920 739 1966 graece
761 1902 1135 1961 calodaemones,
1161 1902 1266 1949 illos
1288 1901 1650 1949 cacodaemones
1673 1901 1932 1966 appellant.
1961 1898 2087 1948 Nihil
2115 1901 2244 1948 enim
2271 1901 2428 1948 sciunt
2449 1900 2509 1947 de
2531 1900 2712 1948 diaboli

590 1984 879 2046 dejectione,
918 1982 1002 2029 sed
1036 1983 1158 2029 sicut
1190 1982 1412 2029 homines
1434 1982 1510 2029 vel
1541 1991 1709 2030 caetera
1740 1981 1990 2041 animalia,
2017 1981 2082 2028 ita
2110 1990 2157 2027 et
2184 1980 2425 2027 daemones
2453 1996 2712 2044 corporeos

589 2081 689 2110 esse
721 2074 906 2110 creatos
941 2063 1250 2110 arbitrantur.
1289 2064 1521 2110 Omnium
1555 2064 1716 2127 itaque
1751 2062 2031 2109 animalium
2064 2061 2370 2108 rationalium
2402 2076 2606 2126 corpora
2635 2077 2709 2108 se-
2763 2067 2766 2069 ’

588 2144 802 2190 cundum
823 2145 1069 2207 regionem
1091 2144 1166 2189 vel
1188 2153 1375 2207 partem
1397 2143 1567 2190 mundi
1589 2159 1735 2207 quam
1757 2142 2029 2189 inhabitant
2050 2141 2349 2205 distinguunt
2367 2178 2379 2200 ,
2411 2151 2464 2187 ut
2490 2140 2710 2189 videlicet

587 2226 764 2271 horum
796 2225 886 2271 alia
919 2235 1109 2271 terrena
1136 2224 1231 2270 sint
1249 2260 1260 2280 ,
1295 2224 1417 2269 sicut
1440 2223 1720 2282 hominum;
1753 2222 1843 2269 alia
1875 2238 2013 2269 aerea
2035 2221 2110 2268 vel
2140 2220 2366 2279 aetherea,
2392 2221 2513 2267 sicut
2534 2220 2710 2267 daemo-

587 2322 704 2351 num
729 2305 802 2351 vel
825 2305 1044 2351 deorum.
1066 2306 1263 2350 Constat
1285 2304 1444 2366 itaque
1461 2304 1596 2366 juxta
1611 2302 1905 2349 Platonicam
1919 2301 1995 2348 vel
2015 2300 2373 2348 Platonicorum
2389 2300 2702 2359 sententiam,

585 2387 687 2449 ipsa
714 2401 907 2448 quoque
936 2384 1092 2430 sidera
1119 2382 1338 2447 quaedam
1360 2399 1462 2429 esse
1484 2381 1729 2440 animalia,
1767 2391 1814 2428 et
1838 2380 1928 2428 illis
1950 2380 2146 2428 sidereis
2170 2397 2276 2445 quae
2297 2380 2516 2427 videmus
2538 2396 2709 2444 corpo·

583 2464 715 2511 ribus
752 2464 986 2529 quasdam
1021 2463 1174 2510 inesse
1213 2464 1396 2510 animas
1415 2500 1426 2521 ,
1464 2462 1637 2527 quibus
1665 2463 1768 2527 ipsa
1797 2462 1981 2508 moveri
2017 2461 2092 2508 vel
2129 2461 2295 2524 agitari
2332 2470 2525 2525 queant.
2551 2463 2707 2518 Quam

584 2546 800 2609 profecto
823 2544 1108 2591 sententiam
1131 2543 1299 2590 beatus
1321 2544 1605 2607 Augustinus
1637 2558 1944 2607 nequaquam
1986 2541 2199 2589 refellere
2235 2557 2551 2606 praesumens,
2592 2541 2708 2589 dicit

583 2625 631 2670 in
668 2623 974 2671 Enchiridion
1001 2623 1091 2670 sibi
1119 2623 1277 2670 adhuc
1309 2625 1546 2670 incertum
1575 2639 1700 2681 esse,
1736 2633 1900 2669 utrum
1928 2621 1990 2669 ad
2019 2622 2296 2669 societatem
2324 2620 2604 2684 angelorum
2634 2621 2706 2668 sol

583 2715 629 2751 et
651 2705 765 2752 luna
786 2705 1080 2769 pertineant,
1104 2720 1164 2751 an
1190 2703 1412 2750 videlicet
1428 2703 1627 2766 quidam
1653 2702 1714 2749 de
1736 2701 1979 2767 spiritibus
2007 2701 2231 2765 angelicis
2259 2700 2349 2748 illis
2376 2700 2568 2748 sidereis
2596 2717 2705 2748 cor·

582 2784 781 2849 poribus
803 2784 898 2831 sint
921 2783 1160 2848 deputati,
1180 2793 1232 2829 ut
1255 2782 1335 2829 illa
1356 2782 1600 2829 trahentes
1618 2798 1673 2829 ac
1691 2781 2104 2829 circumducentes
2117 2818 2128 2839 ,
2144 2780 2367 2828 humanis
2389 2779 2552 2827 usibus
2573 2790 2705 2828 tanta

581 2864 815 2912 beneficia
837 2864 1125 2910 ministrent.
1153 2866 1223 2909 De
1246 2862 1431 2909 mundo
1456 2872 1616 2909 autem
1647 2872 1810 2909 utrum
1842 2861 2019 2909 animal
2050 2860 2299 2926 quoddam
2321 2862 2403 2919 sit,
2444 2860 2578 2924 quod
2606 2870 2704 2907 tam

582 2946 680 2992 haec
704 2944 926 2992 animalia
948 2959 1094 3008 quam
1118 2952 1286 2990 caetera
1308 2943 1357 2988 in
1390 2959 1440 2989 se
1467 2943 1713 2989 contineat
1734 2979 1744 3000 ,
1783 2942 1942 2988 minus
1971 2941 2146 2989 rationi
2167 2941 2492 3006 propinquare
2510 2977 2521 2998 ,
2546 2940 2704 3004 primo

583 3027 985 3073 Retractationum
1026 3023 1151 3070 libro
1192 3024 1418 3069 insinuat.
1463 3023 1608 3086 Cujus
1651 3038 1782 3069 nunc
1827 3021 1973 3069 verba
2022 3038 2078 3069 ex
2120 3031 2325 3085 utroque
2363 3020 2510 3085 ipsius
2557 3035 2703 3084 opere

580 3107 779 3153 collecta
829 3122 928 3152 non
982 3105 1303 3167 incongruum
1355 3119 1628 3167 supponere
1671 3102 1910 3149 duximus.
1963 3103 2039 3149 Ait
2088 3103 2248 3166 itaque
2296 3101 2345 3147 in
2394 3098 2701 3147 Enclziridc'on

581 3196 724 3249 caput
746 3188 868 3230 xxv²
897 3203 906 3230 :
941 3203 964 3228 «
993 3187 1163 3230 Utrum
1186 3181 1457 3245 archangeli
1480 3181 1780 3246 appellentur
1811 3182 2032 3240 virtutes,
2071 3191 2118 3228 et
2147 3181 2264 3246 quid
2293 3180 2417 3227 inter
2444 3195 2494 3226 se
2524 3177 2701 3229 distent

581 3264 716 3311 sedes
735 3301 746 3322 ,
783 3265 881 3310 sive
916 3263 1296 3321 dominationes,
1332 3261 1429 3308 sive
1466 3261 1790 3326 principatus,
1833 3262 1931 3309 sive
1961 3269 2245 3326 potestateS,
2278 3259 2440 3306 dicant
2473 3258 2555 3322 qui
2587 3275 2700 3322 poss

621 3443 635 3478 ,“’
654 3445 702 3488 De
719 3420 809 3480 Civit.
823 3444 902 3484 Dei,
920 3450 945 3477 t.
965 3443 1038 3478 vlu
1050 3469 1059 3486 ,
1077 3454 1150 3487 cap.
1165 3454 1231 3478 xxv.
1246 3461 1288 3469 -
1308 3443 1322 3460 ²
1337 3443 1418 3487 Gap.
1438 3452 1524 3476 tvm,
