2970 4152
544 415 635 462 430
1122 379 1290 460 esrai
1326 413 1635 461 ABAELARm
1670 414 1744 461 ET
1777 413 2093 475 HELOISSAE,

537 509 782 558 ecclesiam
800 508 957 556 adhuc
976 507 1299 570 judaizantem
1311 542 1324 567 ,
1353 508 1400 556 in
1427 507 1619 556 laudem
1637 509 1788 572 gentis
1802 525 1896 555 suae
1914 507 2090 555 librum
2108 523 2251 572 super
2269 522 2436 554 eorum
2452 523 2649 554 conver-

536 590 670 637 sione
694 589 899 653 scripsit,
918 597 965 634 et
981 588 1229 651 quomodo
1248 591 1397 636 Lucas
1414 591 1595 636 narrat¹
1621 588 1958 652 Hierosolymae
1975 586 2222 634 credentes
2248 587 2409 634 omnia
2426 587 2647 635 habuisse

535 670 809 715 communia
823 705 834 727 ,
864 668 930 714 sic
955 678 1001 714 et
1026 667 1104 716 ille
1126 667 1258 732 quod
1284 667 1574 717 Alexandriae
1591 669 1680 717 sul)
1696 671 1855 716 Marco
1875 667 2072 714 doctore
2093 665 2196 713 fieri
2219 665 2445 714 cernebat
2467 683 2647 714 memo-

534 749 612 795 riae
633 748 875 795 tradidit.»
891 751 1012 796 Item
1034 764 1138 813 cap.
1160 765 1208 795 x1
1230 766 1240 795 ι
1270 768 1293 793 «
1319 748 1454 796 Philo
1479 752 1503 795 J
1508 748 1685 808 udaeus,
1710 749 1903 795 natione
1920 746 2286 803 Alexandrinus,
2311 745 2371 793 de
2387 762 2558 810 genere
2574 762 2647 794 sa-

534 828 784 875 cerdotum
813 828 990 876 idcirco
1010 845 1038 875 a
1055 828 1195 877 nobis
1220 829 1344 877 inter
1362 830 1616 895 scriptores
1644 828 1984 877 ecclesiasticos
2008 827 2228 892 ponitur,
2257 818 2370 891 quia
2392 826 2570 873 librum
2587 825 2647 874 de
2693 821 2700 835 “

531 910 686 971 prima
701 910 845 957 Marci
865 909 1161 973 evangelistae
1175 909 1305 975 apud
1325 910 1656 958 Alexandriam
1677 909 1886 957 scribens
1905 907 2127 968 ecclesia,
2150 908 2199 955 in
2214 918 2491 955 nostrorum
2506 906 2647 955 laude

531 997 741 1035 versatus
766 999 860 1048 est,
891 1006 991 1037 non
1021 989 1177 1038 solum
1201 1006 1283 1037 eos
1309 989 1400 1051 ibi,
1430 989 1515 1038 sed
1542 991 1591 1038 in
1617 989 1777 1036 multis
1801 1004 1999 1053 quoque
2022 988 2278 1053 provinciis
2305 1004 2406 1035 esse
2437 1003 2647 1035 comme-

531 1084 723 1117 morans
736 1107 748 1128 ,
767 1079 813 1117 et
827 1069 1096 1118 habitacula
1110 1087 1277 1118 eorum
1298 1071 1460 1118 dicens
1479 1070 1780 1117 monasteria.
1806 1088 1831 1114 υ
1853 1072 1922 1115 Ex
1937 1085 2034 1133 quo
2051 1078 2247 1134 apparet
2262 1078 2421 1115 tamen
2437 1068 2646 1133 primum

529 1148 714 1197 Christo
734 1151 1031 1199 credentium
1056 1151 1196 1200 fuisse
1215 1151 1489 1210 ecclesiam,
1513 1150 1676 1215 quales
1699 1166 1829 1197 nunc
1852 1148 2076 1212 monachi
2100 1160 2201 1196 esse
2220 1149 2465 1196 imitantur
2489 1157 2536 1195 et
2559 1163 2644 1195 cu-

529 1231 691 1294 piunt,
721 1242 771 1278 ut
789 1232 909 1280 nihil
926 1233 1204 1298 cujusquam
1224 1233 1475 1298 proprium
1499 1232 1585 1292 sit,
1616 1231 1775 1279 nullus
1803 1232 1927 1279 inter
1949 1247 2031 1279 eos
2061 1230 2214 1290 dives,
2246 1229 2407 1277 nullus
2428 1244 2613 1294 pauper
2629 1265 2641 1288 ,

528 1313 814 1375 patrimonia
831 1313 1076 1377 egentibus
1101 1313 1396 1374 dividantur,
1429 1313 1633 1360 orationi
1656 1323 1851 1361 vacetur
1874 1321 1921 1360 et
1944 1311 2164 1378 psalmis,
2197 1311 2426 1359 doctrinae
2451 1326 2645 1376 quoque

527 1400 572 1437 et
598 1394 930 1454 continentiae,
961 1393 1123 1459 quales
1149 1404 1195 1442 et
1226 1397 1375 1440 Lucas
1406 1393 1549 1442 refert
1584 1393 1790 1458 primum
1822 1392 2146 1440 Hierosolimae
2178 1392 2320 1439 fuisse
2344 1391 2640 1439 credentes'.

526 1473 668 1530 Quod
685 1474 724 1521 si
741 1485 924 1522 veteres
943 1475 1243 1522 revolvamus
1266 1474 1485 1521 historias
1500 1510 1511 1532 ,
1534 1474 1825 1538 reperiemus
1848 1474 1898 1520 in
1923 1473 2035 1538 ipsis
2060 1472 2260 1519 feminas
2285 1473 2333 1518 in
2358 1471 2435 1518 his
2450 1487 2556 1535 quae
2580 1470 2642 1518 ad

527 1554 682 1600 Deum
705 1556 967 1618 pertinent,
995 1554 1071 1602 vel
1090 1554 1151 1602 ad
1175 1571 1515 1619 quamcunque
1538 1553 1776 1618 religionis
1793 1553 2189 1617 singularitatem,
2208 1568 2237 1598 a
2254 1553 2368 1600 viris
2381 1568 2482 1598 non
2506 1551 2645 1600 fuisse

527 1632 800 1695 disjunctas
822 1638 952 1692 Quas
966 1636 1109 1684 etiam
1126 1636 1324 1701 pariter,
1348 1645 1399 1682 ut
1415 1635 1564 1694 viros,
1594 1634 1754 1682 divina
1784 1633 1968 1681 cantica
1984 1649 2084 1680 non
2103 1632 2260 1679 solum
2279 1632 2503 1680 cecinisse
2517 1666 2532 1692 ,
2560 1647 2647 1679 ve-

527 1715 776 1762 rumetiam
806 1717 1131 1781 composuisse
1156 1733 1298 1763 sacrae
1316 1715 1514 1763 tradunt
1534 1715 1756 1763 historiae.
1779 1715 1993 1761 Primum
2011 1714 2188 1778 quippe
2206 1713 2445 1760 canticum
2468 1711 2645 1760 delibe-

525 1793 708 1842 ratione
734 1795 971 1843 israelitici
994 1795 1161 1861 populi
1184 1812 1286 1843 non
1314 1795 1471 1843 solum
1492 1796 1606 1852 viri,
1633 1794 1719 1843 sed
1738 1795 1879 1842 etiam
1899 1794 2122 1841 mulieres
2131 1793 2342 1840 Domino
2359 1791 2642 1840 decantave-

524 1883 634 1920 runt
655 1892 664 1920 ε
693 1875 806 1923 hinc
825 1877 983 1923 statim
1007 1876 1282 1924 divinorum
1306 1875 1576 1923 officiorum
1592 1875 1643 1922 in
1662 1874 1857 1923 ecclesia
1882 1873 2281 1921 celebrandorum
2311 1874 2641 1920 auctoritatem

527 1955 636 2018 ipsae
665 1955 861 2020 adeptae.
886 1958 961 2002 Sic
979 1957 1157 2021 quippe
1185 1957 1415 2020 scriptum
1441 1957 1540 2003 est³
1562 1974 1572 2002 :
1606 1975 1629 2001 tc
1650 1956 1861 2020 Sumpsit
1883 1966 1998 2018 ‘ergo
2024 1955 2169 2002 Maria
2194 1953 2478 2019 prophetes,
2507 1970 2645 2001 soror

530 2036 707 2092 Aaron,
732 2044 1013 2100 tympanum
1032 2036 1081 2082 in
1100 2051 1248 2083 manu
1271 2051 1381 2094 sua,
1409 2030 1698 2099 egressaeque
1721 2044 1832 2082 sunt
1848 2050 2016 2081 omnes
2041 2034 2263 2081 mulieres
2278 2043 2389 2099 post
2413 2050 2519 2080 eam
2533 2050 2644 2081 cum

526 2115 762 2178 tympanis
786 2125 834 2163 et
866 2115 1049 2175 choris,
1088 2115 1262 2180 quibus
1293 2115 1582 2180 praecinebat
1609 2115 1773 2162 dicens
1804 2134 1814 2161 ε
1842 2134 1865 2160 «
1896 2117 2151 2162 Cantemus
2176 2115 2412 2175 Domino,
2441 2114 2646 2179 gloriose

529 2212 549 2237 :‹
569 2194 698 2241 enim
717 2194 1044 2258 magnificatus
1062 2206 1146 2244 est.
1159 2215 1182 2240 »
1202 2198 1299 2243 Nec
1315 2195 1381 2242 ibi
1400 2195 1598 2260 quidem
1615 2197 1800 2258 Moyses
1816 2205 2222 2242 commemoratur
2244 2194 2499 2260 propheta,
2526 2210 2616 2243 nec
2632 2198 2646 2220 ⁸

525 2275 788 2338 praecinisse
807 2275 1000 2337 dicitur,
1029 2277 1150 2324 sicut
1168 2277 1334 2336 Maria,
1363 2293 1452 2324 nec
1467 2286 1751 2343 tympanum
1768 2286 1850 2323 aut
1867 2275 2071 2323 chorum
2088 2276 2175 2324 viri
2192 2275 2416 2323 habuisse
2432 2275 2643 2323 referun-

483 2398 485 2401 t
525 2365 601 2404 tur
617 2356 737 2405 sicut
754 2356 991 2407 mulieres.
1015 2360 1177 2416 Quum
1201 2359 1362 2422 itaque
1387 2357 1534 2404 Maria
1557 2357 1818 2422 praecinens
1842 2356 2100 2422 prophetes
2120 2365 2550 2414 commemoratur,
2576 2357 2644 2403 vi-

525 2434 663 2484 detur
679 2438 782 2502 ipsa
805 2454 903 2486 non
924 2447 1024 2486 tam
1050 2437 1277 2486 dictando
1295 2437 1371 2486 vel
1395 2437 1669 2499 recitando,
1693 2439 1867 2502 quam⁵
1893 2436 2229 2502 prophetando
2257 2437 2494 2483 canticum
2518 2436 2645 2484 istud

524 2517 792 2580 protulisse.
822 2521 939 2576 Quae
964 2519 1108 2567 etiam
1131 2535 1283 2583 quum
1305 2520 1484 2567 caeteris
1510 2519 1766 2584 praecinere
1794 2517 2102 2575 describitur,
2130 2534 2276 2582 quam
2302 2516 2518 2564 ordinate
2547 2517 2645 2565 sive

525 2598 826 2647 concorditer
843 2599 1099 2665 psallerent
1116 2599 1486 2649 demonstratur.
1510 2599 1656 2658 Quod
1673 2610 1834 2647 autem
1851 2615 1952 2646 non
1970 2598 2127 2646 solum
2146 2614 2264 2646 voce
2277 2635 2289 2658 ,
2310 2614 2478 2646 verum
2503 2599 2644 2645 etiam

524 2679 761 2743 tympanis
778 2690 824 2726 et
840 2680 998 2728 choris
1014 2681 1295 2739 cecinerint,
1318 2696 1420 2727 non
1434 2679 1591 2727 solum
1617 2696 1782 2728 earum
1800 2679 2057 2726 maximam
2076 2679 2381 2726 devotionem
2403 2675 2616 2726 *insinuat
2627 2714 2639 2736 ,

523 2776 690 2807 verum
724 2760 866 2807 etiam
896 2761 1093 2824 mystice
1121 2760 1341 2825 spiritalis
1371 2761 1543 2807 cantici
1570 2761 1622 2807 in
1658 2758 2102 2824 congregationibus
2141 2758 2415 2805 monasticis
2442 2757 2643 2805 formam

523 2839 771 2904 diligenter
789 2841 1023 2907 exprimit.
1050 2840 1120 2887 Ad
1138 2840 1272 2905 quod
1288 2851 1334 2888 et
1351 2841 1596 2888 Psalmista
1612 2857 1702 2887 nos
1721 2840 1997 2899 exhortatur
2016 2839 2178 2885 dicens
2194 2840 2206 2863 ⁶
2227 2856 2237 2884 :
2262 2857 2286 2883 ι(
2306 2838 2512 2885 Laudate
2531 2854 2642 2885 eum

523 2924 570 2969 in
589 2933 819 2988 tympano
838 2932 886 2970 et
906 2921 1086 2980 choro,
1112 2940 1135 2966 »
1162 2920 1258 2969 hoc
1282 2931 1352 2969 est
1367 2922 1415 2983 in
1432 2920 1800 2968 mortificatione
1816 2920 1993 2979 carnis,
2027 2929 2074 2966 et
2098 2918 2357 2966 concordia
2386 2917 2466 2965 illa
2491 2917 2643 2965 chari·

522 3004 650 3063 tatis,
680 3003 741 3050 de
769 3019 863 3067 qua
891 3002 1118 3067 scriptum
1148 3003 1244 3050 est⁷
1274 3020 1284 3048 :
1318 3021 1342 3046 «
1365 3003 1489 3059 Quia
1513 3001 1830 3049 multitudinis
1852 3000 2150 3047 credentium
2178 3009 2278 3046 erat
2305 3015 2391 3046 cor
2420 3015 2569 3049 unum
2597 3009 2644 3046 et

523 3084 682 3131 anima
707 3100 816 3130 una.
843 3102 866 3126 »
889 3086 986 3130 Nec
1004 3092 1137 3130 vacat
1157 3083 1300 3130 etiam
1324 3098 1352 3130 a
1375 3083 1598 3145 mysterio
1611 3118 1624 3141 ,
1652 3082 1786 3146 quod
1805 3082 1953 3145 egisse
1969 3080 2031 3127 ad
2047 3079 2337 3137 cantandum
2354 3079 2638 3139 referuntur,

524 3165 571 3210 in
590 3179 687 3227 quo
713 3163 880 3210 animae
896 3162 1275 3228 contemplativae
1288 3161 1425 3226 jubili
1446 3161 1733 3226 figurantur,-
1756 3178 1861 3226 quae
1877 3160 1995 3208 dum
2009 3159 2071 3207 ad
2086 3159 2292 3207 coelestia
2307 3174 2357 3205 se
2372 3158 2635 3223 suspendit,

524 3244 662 3306 quasi
678 3253 874 3291 terrenae
897 3243 1202 3291 habitationis
1227 3244 1462 3290 castrum⁸
1485 3241 1660 3290 deserit
1676 3278 1689 3300 ,
1719 3251 1767 3289 et
1790 3241 1851 3288 de
1882 3242 1983 3306 ipsa
2008 3238 2424 3303 contemplationis
2452 3254 2548 3286 suae
2572 3239 2643 3285 in-

573 3448 582 3464 ¹
604 3449 675 3480 Act.
693 3448 818 3488 Apost„
839 3458 912 3490 cap.
930 3459 970 3484 n,
988 3459 1018 3479 v.
1037 3449 1090 3480 44.
1105 3465 1144 3471 --
1159 3447 1171 3464 ²
1187 3448 1259 3481 Act.
1284 3448 1410 3488 Apost„
1425 3457 1499 3490 cap.
1514 3458 1559 3486 iv,
1606 3464 1643 3469 —-
1659 3445 1671 3463 ⁸
1686 3448 1741 3479 Ex
1758 3456 1813 3478 ore
1826 3453 1856 3478 et
1867 3448 1973 3478 animo
1989 3447 2127 3477 numinis
2141 3446 2244 3484 planis
2259 3442 2355 3476 Rus.
2372 3461 2406 3466 -
2425 3442 2438 3460 ⁶
2452 3442 2569 3475 psalm.
2586 3453 2642 3483 ει,

526 3517 554 3536 v.
574 3506 627 3537 32.
642 3522 684 3527 —
699 3504 711 3521 ³
726 3505 851 3542 Exoa„
870 3514 942 3547 cap.
960 3514 1015 3543 xv,
1030 3514 1063 3536 v·
1081 3505 1121 3536 20
1136 3510 1168 3536 et
1183 3506 1238 3537 21.
1251 3522 1292 3528 —-
1305 3503 1319 3520 ⁴
1333 3505 1398 3537 Nec
1413 3503 1505 3536 deest
1521 3503 1557 3536 D.
1605 3514 1637 3535 v.
1657 3505 1687 3535 4.
1703 3519 1743 3525 --
1758 3501 1770 3519 ⁷
1787 3503 1859 3535 Act.
1875 3503 2001 3543 Aposz„
2018 3512 2093 3544 cap,
2110 3511 2152 3540 iv,
2168 3511 2200 3533 v.
2216 3501 2269 3532 32.
2291 3518 2326 3523 —-
2343 3499 2356 3516 ⁸
2374 3500 2486 3533 Castra
2501 3499 2538 3532 D.

2733 2175 2783 2234 «⁴
