2970 4152
536 402 633 449 692
1334 401 1506 447 PETRI
1542 402 1858 450 ABAELARDI

533 512 684 560 quum
710 494 971 560 respexeris
994 509 1100 540 eam
1123 493 1322 558 lippam.
1357 497 1658 543 Nocturnum
1681 497 1763 544 Lia
1782 496 2060 559 conjugium
2083 495 2269 556 habuit,
2295 497 2431 561 quasi
2452 496 2556 545 talis
2579 515 2660 545 co-

533 576 647 642 pula
669 577 774 623 luce
797 575 942 639 digna
965 591 1066 621 non
1090 574 1247 621 fuerit.
1278 576 1522 633 Quamdiu
1541 578 1710 624 sterilis
1728 577 1902 624 Rachel
1925 577 2204 642 permansit,
2230 577 2483 625 incolumis
2502 579 2616 625 vixit
2645 598 2655 625 ι

532 658 738 706 fecunda
760 657 1075 722 postmodum
1097 657 1237 716 facta,
1264 658 1463 723 proprio
1490 669 1631 723 partu
1651 669 1722 706 est
1747 659 1970 705 extincta.
1997 662 2065 705 Ex
2085 676 2182 723 quo
2205 669 2423 724 patenter
2445 660 2661 706 innuitur

531 756 678 803 quam
699 738 966 804 periculose
989 738 1057 796 id,
1084 738 1213 784 unde
1231 738 1519 801 gloriamini,
1546 741 1831 805 suscipiatur
1853 758 1862 785 ε
1890 750 1937 786 et
1959 740 2093 804 quod
2114 739 2215 787 haec
2239 740 2405 804 gloria,
2422 740 2559 788 ruina
2575 757 2662 806 po-

530 820 623 866 tius
645 820 743 866 sive
767 818 971 882 dejectio
995 835 1142 882 quam
1162 818 1384 866 exaltatio
1407 821 1466 867 sit
1490 821 1712 867 dicenda.
1741 823 1961 877 Quorum
1979 821 2176 885 quidem
2199 821 2387 868 facilem
2408 837 2590 879 casum,
2615 832 2662 868 et

529 900 855 965 periculosum
868 916 1136 959 ascensum,
1149 900 1284 963 juxta
1299 900 1417 947 illud
1439 901 1717 948 Psalmistae¹
1740 920 1749 946 z
1771 921 1794 945 «
1813 901 2036 965 Dejecisti
2052 919 2135 949 eos
2152 902 2270 949 dum
2284 902 2619 962 allevarentur,
2634 922 2657 947 >2

528 982 697 1030 beatus
723 981 1043 1045 Hieronymus
1066 982 1335 1041 attendens,
1362 983 1577 1047 quodam
1599 983 1708 1029 loco
1732 982 1799 1028 ad
1820 982 2124 1030 Heliodorum
2148 984 2441 1031 monachum
2464 984 2539 1031 his
2554 984 2663 1031 scri-

528 1063 601 1109 bit
624 1061 806 1109 verbis²
827 1081 835 1108 :
869 1082 891 1107 «
912 1061 1056 1119 Quod
1078 1062 1118 1108 si
1143 1072 1190 1109 te
1212 1080 1406 1127 quoque
1423 1063 1482 1110 ad
1508 1063 1733 1109 eumdem
1757 1062 1980 1109 ordinem
2002 1063 2082 1128 pia
2107 1063 2307 1110 fratrum
2330 1063 2662 1111 blandimenta

529 1142 810 1201 sollicitant,
844 1142 1064 1206 gaudebo
1091 1142 1152 1189 de
1178 1160 1396 1202 ascensu,
1422 1143 1508 1190 sed
1531 1142 1714 1190 timebo
1738 1143 1799 1190 de
1820 1143 1974 1208 lapsu.
2000 1163 2021 1187 υ
2054 1143 2188 1190 Idem
2207 1143 2427 1191 adversas
2446 1147 2493 1191 V
2490 1143 2660 1209 (igilan-

529 1225 645 1270 tiam
668 1222 911 1282 solitariae,
937 1223 1032 1270 hoc
1056 1233 1126 1270 est
1148 1225 1423 1271 monasticae
1445 1224 1552 1270 vitae
1574 1224 1879 1271 securitatem
1901 1223 2267 1282 commendans,
2295 1224 2384 1271 ait⁸
2411 1242 2421 1270 ε
2449 1243 2472 1268 «
2495 1226 2612 1284 Cur,
2636 1242 2658 1266 »

530 1306 740 1370 inquies,
776 1324 798 1349 «
817 1305 975 1370 pergis
1003 1305 1065 1352 ad
1095 1306 1337 1352 eremum?
1367 1305 1600 1352 Videlicet
1622 1315 1674 1352 ut
1697 1315 1743 1352 te
1766 1322 1867 1352 non
1891 1304 2110 1364 audiam,
2138 1322 2238 1351 non
2261 1305 2475 1363 videam,
2501 1314 2555 1351 ut
2576 1314 2660 1351 tuo

528 1385 688 1432 furore
711 1402 812 1437 non
836 1401 1050 1446 movear,
1077 1395 1130 1432 ut
1152 1395 1234 1432 tua
1257 1385 1381 1432 bella
1406 1402 1506 1432 non
1529 1386 1702 1450 patiar,
1728 1402 1789 1432 ne
1812 1403 1889 1431 me
1914 1386 2072 1450 capiat
2097 1385 2266 1432 oculus
2288 1385 2574 1443 meretricis,
2601 1401 2661 1430 ne

528 1467 681 1514 forma
704 1454 1029 1531 pulcherrima
1060 1466 1121 1513 ad
1149 1466 1337 1514 illicitos
1367 1466 1512 1513 ducat
1542 1466 1803 1531 amplexus.
1838 1466 2168 1531 Respondebis
2193 1485 2203 1512 ε
2230 1469 2333 1512 Hoc
2355 1482 2455 1512 non
2480 1475 2550 1511 est
2570 1482 2660 1529 pu-

527 1564 689 1611 gnare,
717 1547 1004 1616 sedsugere.
1030 1550 1111 1595 Sta
1134 1548 1183 1593 in
1208 1548 1326 1607 acie,
1347 1547 1629 1595 adversariis
1652 1557 1863 1595 armatus
1886 1547 2088 1606 obsiste3
2115 1557 2169 1594 ut
2192 1557 2451 1612 postquam
2471 1545 2657 1605 viceris,

526 1629 791 1675 coroneris.
819 1632 990 1675 Fateor
1011 1628 1390 1676 imbecillitatem
1412 1645 1572 1676 meam
1599 1648 1609 1676 ε
1638 1629 1754 1676 nolo
1781 1646 1865 1694 spe
1887 1645 2103 1694 pugnare
2125 1628 2358 1687 victoriae,
2379 1645 2440 1674 ne
2462 1626 2662 1692 perdam

526 1710 786 1775 aliquando
821 1711 1093 1758 victoriam.
1133 1712 1180 1758 Si
1214 1710 1409 1774 fugero,
1444 1711 1656 1775 gladium
1686 1711 1894 1758 devitavi
1923 1730 1933 1758 ε
1960 1712 2000 1758 si
2025 1721 2229 1770 stetero,
2262 1720 2345 1757 aut
2367 1708 2663 1757 vincendum

529 1791 648 1838 mihi
672 1801 760 1850 est,
789 1802 871 1839 aut
893 1792 1186 1839 cadendum.
1211 1791 1339 1849 Quid
1362 1802 1523 1839 autem
1546 1808 1739 1838 necesse
1762 1801 1893 1838 certa
1915 1791 2174 1850 dimittere,
2192 1800 2240 1837 et
2260 1791 2442 1837 incerta
2466 1788 2662 1836 sectari?

525 1875 616 1920 Aut
638 1883 775 1920 scuto
793 1911 804 1932 ‚
832 1883 915 1920 aut
946 1873 1151 1938 pedibus
1174 1890 1306 1920 mors
1325 1873 1522 1920 vitanda
1545 1883 1631 1920 est.
1658 1876 1748 1933 Tu,
1778 1873 1861 1937 qui
1889 1888 2097 1937 pugnas,
2121 1881 2169 1919 et
2190 1871 2405 1936 superari
2427 1873 2590 1935 poteS‚v
2616 1879 2663 1917 et

524 1954 734 2002 vincere.
763 1957 864 2018 Ego
881 1971 1033 2018 quum
1059 1954 1243 2018 fugero,
1267 1971 1368 2001 non
1391 1955 1561 2001 vinco*
1584 1955 1634 2000 in
1658 1971 1716 2001 eo
1741 1953 1875 2018 quod
1895 1953 2043 2017 fugio,
2069 1952 2154 2000 sed
2176 1952 2287 1999 ideo
2312 1951 2460 2015 fugio,
2480 1967 2542 1996 ne
2564 1950 2664 1997 vin-

524 2051 622 2081 car.
652 2033 788 2082 Nulla
810 2035 1038 2082 securitas
1061 2045 1156 2094 est,
1176 2035 1337 2082 vicino
1367 2044 1588 2099 serpente
1613 2034 1844 2081 dormire.
1876 2037 2036 2080 Potest
2066 2032 2192 2093 fieri,
2225 2042 2278 2079 ut
2300 2048 2377 2078 me
2401 2048 2502 2077 non
2527 2045 2660 2077 mor·

527 2114 675 2162 deat·:
702 2125 865 2162 tamen
903 2125 1063 2179 potest
1095 2114 1222 2174 fieri,
1258 2125 1311 2161 ut
1345 2115 1607 2179 aliquando
1639 2131 1716 2161 me
1746 2114 1984 2161 mordeat.
2010 2132 2033 2157 »
2068 2113 2202 2160 Idem
2232 2111 2300 2158 acl
2333 2115 2570 2159 Oceanum
2600 2108 2661 2155 de

524 2206 681 2243 morte
703 2196 908 2243 Fabiolae
932 2215 942 2242 :
975 2215 999 2241 «
1019 2198 1195 2243 Caveat
1217 2196 1465 2259 religiosus
1487 2196 1555 2242 ibi
1580 2196 1739 2242 vivere
1754 2232 1765 2254 ‚
1792 2195 1876 2241 ubi
1915 2185 2108 2241 necesse
2139 2193 2316 2240 habeat
2338 2190 2557 2256 quotidie
2579 2198 2662 2238 aut

523 2278 703 2340 perire,
746 2287 828 2324 aut
867 2278 1078 2324 vincere.
1130 2277 1350 2323 Securius
1389 2277 1520 2322 enim
1555 2285 1626 2322 est
1666 2275 1823 2340 perire
1869 2291 1969 2321 non
2009 2290 2150 2338 posse
2164 2311 2175 2332 ‚
2222 2289 2370 2337 quam
2403 2271 2537 2334 juxta
2581 2285 2663 2334 pe-

524 2357 729 2404 riculum
774 2374 875 2404 non
923 2358 1096 2421 perire.
1126 2376 1149 2401 »
1204 2360 1340 2403 Hanc
1384 2367 1431 2403 et
1459 2359 1653 2403 Seneca
1697 2356 1931 2402 maximus
1982 2354 2060 2401 ille
2100 2370 2293 2400 morum
2343 2350 2661 2417 philosophus

524 2438 810 2484 sententiam
833 2447 1026 2496 tenens,
1059 2446 1107 2482 et
1134 2437 1202 2483 sic
1230 2436 1565 2501 philosophari
1586 2436 1768 2482 Lucilio
1793 2452 1881 2482 suo
1906 2434 2189 2493 consulens,
2216 2434 2282 2480 ait
2302 2431 2655 2497 Epzholarum,
2725 2488 2727 2490 q

524 2534 641 2582 quas
672 2517 734 2564 ad
769 2534 880 2564 eum
903 2516 1091 2575 scribit,
1117 2517 1516 2581 quinquagesima
1537 2517 1704 2564 tertia⁵
1732 2534 1742 2563 :
1772 2518 1921 2562 «Non
1945 2525 2134 2562 tantum
2157 2514 2378 2579 corpori,
2404 2512 2490 2560 sed
2518 2511 2662 2558 etiam

524 2599 740 2646 moribus
759 2598 1003 2647 salubrem
1024 2598 1187 2645 locum
1211 2598 1383 2662 eligere
1406 2598 1656 2644 debemus.
1684 2597 1738 2643 Id
1758 2614 1897 2660 agere
1922 2596 2181 2655 debemus,
2209 2605 2262 2642 ut
2281 2595 2579 2642 irritamenta
2594 2592 2663 2639 vi-

521 2682 700 2727 tiorum
723 2696 871 2744 quam
892 2679 1167 2743 longissime
1190 2678 1537 2743 profugiamus.
1564 2677 1871 2725 Indurandus
1894 2687 1965 2724 est
1986 2677 2204 2736 animus,
2233 2685 2280 2723 et
2299 2691 2329 2722 a
2348 2674 2660 2722 blandimen-

522 2762 581 2808 tis
603 2745 908 2826 voluptatum
930 2759 1101 2825 procul
1124 2758 1494 2813 abstrahendus.
1523 2762 1630 2806 Una
1651 2758 1972 2805 Hannibalem
1993 2757 2196 2804 hiberna
2214 2755 2488 2814 solverunt,
2514 2763 2562 2800 et
2586 2753 2660 2799 ln-
2703 2779 2706 2782 ·

523 2842 764 2889 domitum
791 2839 927 2887 illum
950 2839 1143 2887 nivibus
1169 2850 1312 2904 atque
1335 2839 1534 2904 Alpibus
1555 2840 1715 2886 virum
1738 2848 2090 2886 enervaverunt
2122 2838 2336 2917 fomenta
2368 2833 2656 2899 Campaniae.

521 2923 676 2970 Armis
698 2923 835 2981 vicit,
860 2922 986 2968 vitiis
1009 2921 1162 2969 victus
1190 2931 1277 2968 est.
1312 2921 1458 2968 Nobis
1487 2937 1683 2986 quoque
1712 2920 2020 2967 militandum
2044 2930 2140 2979 est,
2167 2929 2215 2966 et
2244 2917 2458 2983 quodam
2487 2930 2660 2980 genere

522 3003 723 3063 militiae,
749 3020 847 3068 quo
878 3019 1129 3067 nunquam
1148 3003 1303 3049 otium
1326 3002 1484 3049 datur.
1510 3001 1818 3049 Debellandae
1840 3011 1953 3048 sunt
1969 3000 2205 3066 imprimis
2220 2973 2490 3064 volupfates
2506 3016 2516 3043 ε
2534 3011 2656 3060 quae,

522 3095 574 3131 ut
590 3084 741 3143 videS‚
758 3101 881 3131 saeva
895 3100 1090 3148 quoque
1109 3083 1171 3130 ad
1193 3100 1243 3130 se
1267 3083 1461 3147 ingenia
1476 3092 1758 3148 rapuerunt.
1787 3082 1836 3128 Si
1853 3082 1960 3146 quis
1981 3081 2072 3128 sibi
2095 3079 2402 3146 proposuerit
2423 3085 2660 3142 quantum

523 3166 681 3230 operis
704 3182 920 3229 agressus
942 3165 1026 3224 sit,
1052 3165 1169 3212 sciet
1191 3163 1313 3211 nihil
1337 3164 1538 3211 delicate
1554 3201 1565 3223 ,
1591 3163 1711 3210 nihil
1735 3162 1944 3210 molliter
1966 3179 2068 3210 esse
2091 3160 2383 3209 faciendum.
2412 3178 2436 3204 υ
2481 3156 2573 3204 Sed
2596 3154 2658 3203 ad

521 3246 623 3292 haec
640 3245 851 3293 fortassis
874 3255 974 3293 tam
997 3254 1278 3293 sanctorum
1303 3247 1499 3292 Patrum
1521 3260 1670 3309 quam
1691 3242 2099 3309 philosophorum
2121 3240 2323 3289 consilia
2342 3234 2659 3303 respondebis

867 3366 881 3404 δι’

568 3443 577 3460 ¹
598 3444 716 3477 psalm.
734 3455 840 3479 Lxxu.
863 3455 894 3477 v.
913 3444 1035 3477 18.-—⁸
1056 3446 1152 3486 Opp„
1169 3452 1194 3477 t.
1211 3444 1267 3486 lv,
1280 3452 1366 3489 part.
1386 3445 1429 3485 ΙΙ,
1448 3445 1512 3478 col.
1534 3445 1586 3478 10.
1598 3464 1627 3469 —
1642 3445 1655 3462 ⁵
1672 3445 1770 3485 1bid.‚
1785 3445 1847 3479 col.
1866 3445 1942 3478 ⁶282.
1957 3464 1984 3469 —
2004 3442 2017 3461 ⁸
2034 3443 2127 3487 Legit
2142 3442 2237 3475 Dom.
2255 3437 2453 3479 Martianay=
2475 3447 2488 3463 ⁸¹
2500 3434 2569 3466 ΝΜ
2586 3433 2659 3465 “3¹¹''

523 3513 577 3535 car
593 3501 624 3534 in
641 3512 681 3535 eo
700 3502 787 3546 quod
805 3502 906 3545 fugio,
921 3503 979 3536 scd
1000 3503 1072 3536 ideo
1090 3504 1176 3546 fugio
1192 3514 1232 3537 ne
1249 3505 1374 3537 vincar.
1395 3516 1410 3532 »
1425 3521 1470 3529 -
1486 3502 1499 3520 ⁵
1515 3503 1618 3547 Epist.
1641 3515 1680 3536 ι,ι.
