2970 4152
1514 332 1542 342 f

563 439 654 485 118
1133 439 1302 485 PETRI
1341 439 1651 488 ABAELARDI
1686 442 1758 490 ET
1792 443 2092 491 HELOISSAE

563 554 584 578 «
615 537 791 581 Exerce
824 543 987 580 autem
1018 543 1065 579 te
1091 534 1248 598 ipsum
1283 532 1346 580 ad
1379 533 1624 598 pietatem3
1653 552 1766 584 nam
1804 536 2064 601 corporalis
2097 538 2364 586 exercitatio
2401 540 2662 589 admodum

559 614 684 661 utilis
717 624 787 661 est
814 634 822 659 2
852 614 1002 677 pietas
1044 623 1203 659 autem
1239 613 1300 659 ad
1342 615 1503 661 omnia
1537 616 1662 663 utilis
1704 627 1795 675 est,
1823 617 2192 682 promissionem
2218 617 2401 666 habens
2425 621 2529 668 vitae
2557 637 2662 685 quae

557 712 685 742 nunc
724 705 817 753 est,
857 704 903 741 et
933 694 1113 740 futurae.
1139 696 1423 752 »Quoniam
1459 697 1535 761 pia
1570 698 1742 744 mentis
1772 698 1822 745 in
1846 700 2003 744 Deum
2033 698 2250 759 devotio,
2285 710 2333 747 et
2358 700 2436 748 hie
2472 701 2532 749 ab
2556 703 2660 767 ipso

558 786 766 822 meretur
803 775 1086 834 necessaria,
1126 785 1174 822 et
1208 776 1256 821 in
1294 776 1451 824 futuro
1482 788 1725 842 perpetua.
1762 777 1945 835 Quibus
1976 779 2170 842 quidem
2205 780 2504 829 documentis
2546 785 2663 847 quid

555 855 685 901 aliud
704 855 935 902 docemur
959 866 1103 919 quam
1131 855 1386 903 christiane·
1407 873 1595 922 sapere,
1619 867 1665 904 et
1679 856 1800 903 bum
1825 857 1972 905 Jacob
1996 858 2058 914 de
2084 859 2355 907 domesticis
2380 851 2665 911 animalibus

553 936 856 982 refectionem
875 936 997 1000 patri
1020 936 1297 1000 providere,
1324 953 1423 983 non
1440 954 1550 983 cum
1567 940 1688 983 Esau
1708 937 1768 983 de
1784 937 2070 985 silvestribus
2085 956 2249 986 curam
2274 957 2460 988 sumere
2475 932 2513 1000 ¹,
2541 952 2587 989 et
2610 943 2663 991 in

554 1016 864 1062 exterioribus
877 1016 1133 1079 judaizare.
1156 1017 1276 1063 Hine
1295 1027 1340 1063 et
1360 1017 1476 1063 illud
1496 1027 1565 1063 est
1585 1017 1880 1064 Psalmistae²:
1905 1037 1927 1062 α
1943 1021 1996 1064 111
2016 1035 2094 1066 me
2112 1030 2243 1079 sunt,
2263 1023 2408 1079 Deus,
2431 1031 2542 1074 vota
2558 1031 2655 1081 tua,

552 1112 656 1158 quae
669 1098 684 1122 ³
701 1096 900 1143 reddam
925 1095 1220 1144 laudationes
1238 1097 1338 1143 tibi.
1365 1116 1388 1141 »
1417 1097 1487 1143 Ad
1511 1097 1606 1143 hoc
1625 1114 1819 1162 quoque
1836 1097 1955 1145 illud
1974 1099 2178 1163 adjunge
2194 1101 2436 1165 poeticum
2450 1102 2464 1125 ⁶
2483 1119 2493 1147 ε

1373 1220 1431 1258 Ne
1451 1224 1490 1258 tc
1511 1218 1746 1271 quaesiveris
1765 1224 1893 1259 extra.

615 1341 762 1387 Multa
789 1352 899 1388 sunt
919 1352 965 1389 et
988 1342 1350 1389 innumerabilia
1367 1351 1463 1388 tam
1484 1341 1764 1388 secularium
1786 1359 1929 1406 quam
1959 1344 2381 1392 ecclesiasticorum
2408 1346 2660 1395 doctorum

552 1422 818 1468 testimonia
832 1458 844 1481 ,
870 1422 1043 1485 quibus
1066 1439 1119 1469 ea
1147 1439 1251 1485 quae
1276 1432 1383 1468 sunt
1399 1424 1411 1447 ⁵
1437 1422 1638 1468 exterius
1658 1432 1704 1468 et
1719 1421 2035 1470 indifferentia
2048 1426 2061 1448 ⁵
2077 1435 2328 1485 vocantur,
2348 1443 2447 1473 non
2466 1443 2661 1490 magno-

549 1517 661 1565 pere
688 1501 898 1547 curanda
931 1518 1031 1547 esse
1066 1502 1311 1548 docemur.
1342 1501 1563 1563 Alioquin
1598 1500 1711 1564 legis
1743 1517 1915 1565 opera,
1953 1512 1998 1548 et
2027 1504 2261 1550 servitutis
2287 1505 2415 1567 ejus,
2456 1503 2576 1557 sibak
2598 1499 2662 1553 ait

548 1582 751 1639 Petrus⁷,
780 1579 1081 1643 importabile
1096 1580 1263 1642 jugum
1284 1579 1562 1642 evangelicae
1578 1579 1780 1625 libertati
1799 1591 1921 1626 esset
1935 1581 2305 1644 praeferendum,
2336 1593 2382 1630 et
2400 1576 2663 1648 suaitijugo

545 1660 740 1719 Christi,
764 1670 810 1707 et
822 1660 922 1722 ejus
938 1660 1073 1706 oneri
1091 1659 1199 1706 levi.
1223 1660 1292 1705 Ad
1317 1659 1449 1723 quod
1474 1659 1668 1722 quidem
1694 1676 1838 1706 suave
1857 1660 2027 1723 jugum
2052 1671 2098 1708 et
2117 1664 2246 1709 onus'
2263 1655 2366 1710 leve
2383 1681 2471 1728 per
2492 1669 2662 1713 semet,

542 1741 699 1803 ipsum
719 1739 930 1786 Christus
949 1755 1037 1784 nos
1056 1739 1283 1785 invitans:
1307 1758 1330 1782 α
1350 1739 1514 1785 Venite
1528 1775 1540 1798 ,
1566 1757 1590 1782 »
1609 1740 1762 1802 inquit
1776 1742 1806 1799 ⁸,
1827 1758 1849 1785 «
1868 1740 1950 1803 qui
1963 1740 2186 1789 laboratis
2206 1752 2252 1789 et
2275 1744 2459 1790 onerati
2483 1745 2606 1802 estis.
2621 1763 2658 1791 aa

546 1820 681 1867 Unde
711 1830 757 1866 et
780 1819 1031 1884 praedictus
1065 1818 1309 1883 apostolus
1334 1819 1570 1882 quosdam
1590 1819 1690 1881 jam
1716 1819 1779 1865 ad
1806 1819 2044 1866 Christum
2068 1837 2351 1881 conversos,
2382 1822 2467 1869 sed
2501 1808 2659 1875 ‹²:1thss

542 1917 687 1966 opera
710 1901 825 1964 legis
848 1900 1065 1947 retineri*³
1080 1910 1328 1946 censentes
1345 1886 1654 1958 veliementer
1674 1898 1953 1963 objurgans,
1983 1901 2103 1946 sicut
2130 1901 2177 1947 in
2203 1901 2394 1948 Actibus
2412 1902 2658 1965 Apostolo-

541 1998 646 2027 rum
672 1981 901 2045 scriptum
927 1988 995 2026 est
1011 1982 1052 2039 ¹⁰,
1075 1979 1140 2025 ait
1159 1997 1168 2024 :
1197 1997 1220 2023 «
1242 1979 1341 2025 Viri
1360 1979 1542 2039 fratres,
1562 1978 1678 2042 quid
1695 1979 1884 2026 tentatis
1902 1982 2058 2026 Deum
2073 1981 2321 2044 imponere
2332 1981 2500 2044 jugum
2518 1997 2661 2046 super
2694 1990 2699 1994 '

539 2061 771 2107 cervicem
788 2059 1153 2124 discipulorum,
1184 2059 1317 2123 quod
1342 2075 1500 2123 neque
1519 2069 1677 2123 patres
1696 2059 1846 2105 nostri
1872 2075 2028 2122 neque
2053 2076 2144 2106 nos
2170 2070 2360 2124 portare
2378 2060 2656 2125 potuimus?

538 2143 621 2189 sed
636 2159 722 2206 per
742 2142 939 2206 gratiam
959 2141 1155 2187 Domini
1170 2144 1276 2187 Jesu
1300 2141 1540 2187 credimus
1553 2140 1740 2199 salvari,
1760 2141 2172 2204 quemadmodum
2190 2151 2236 2188 et
2253 2141 2335 2188 illi.
2351 2161 2373 2186 »
2393 2144 2451 2188 Et
2469 2151 2520 2188 tu
2535 2142 2654 2206 ipse,

537 2222 735 2269 obsecro
753 2258 765 2282 ,
797 2239 897 2269 non
936 2221 1093 2268 solum
1121 2221 1318 2279 Christi,
1347 2237 1515 2267 verum
1550 2221 1692 2267 etiam
1722 2220 1864 2283 hujus
1899 2221 2109 2268 imitator
2139 2221 2341 2286 apostoli
2373 2221 2657 2287 discretione

537 2303 656 2349 sicut
675 2313 719 2349 et
740 2303 960 2361 nomine,
990 2302 1057 2348 sic
1083 2317 1284 2366 operum
1304 2311 1536 2366 praecepta
1555 2301 1830 2360 moderare,
1856 2310 1907 2347 nt
1926 2301 2124 2348 infirmae
2147 2303 2370 2349 convenit
2388 2309 2594 2360 naturae,
2610 2312 2657 2351 et

539 2393 590 2430 ut
627 2383 798 2430 divinae
831 2382 983 2428 laudis
1013 2381 1274 2447 plurimum
1310 2397 1477 2428 vacare
1507 2382 1745 2446 possimus
1780 2381 1963 2428 officiis.
1999 2384 2156 2439 Quam
2193 2381 2389 2446 quidem
2420 2383 2651 2442 hostiam,

538 2463 847 2510 exterioribus
878 2462 1102 2509 omnibus
1141 2461 1381 2509 sacrificiis
1415 2461 1706 2526 reprobatis,
1734 2462 1971 2509 Dominus
2006 2462 2353 2509 commendans
2387 2463 2486 2509 ait¹¹
2511 2482 2524 2509 ι
2555 2483 2579 2508 «
2606 2465 2660 2522 Si·

535 2544 799 2603 esurivero,
837 2560 936 2589 non
965 2543 1120 2589 dicam
1145 2542 1257 2602 tibi3
1289 2558 1423 2589 meus
1448 2551 1518 2611 est
1552 2543 1681 2590 enim
1698 2542 1827 2589 orbis
1845 2553 2006 2602 tet-‚rae
2035 2553 2082 2589 et
2108 2542 2356 2608 plenitudo
2382 2543 2498 2606 ejus·
2529 2534 2667 2607 Nun-¹

536 2623 652 2688 quid
688 2609 991 2670 manducabo
1024 2639 1189 2670 carnes
1225 2633 1499 2682 taurorum,
1530 2632 1611 2669 aut·
1636 2623 1915 2686 sanguinem
1948 2622 2193 2670 hircorum
2223 2623 2432 2688 potabo?
2457 2623 2657 2685 Immola

536 2706 637 2751 Deo
664 2703 949 2751 sacrificium
973 2702 1149 2762 laudis,
1173 2713 1220 2750 et
1237 2703 1387 2749 redde
1411 2702 1641 2772 altissimo
1661 2713 1773 2750 vota
1797 2712 1901 2762 tua,
1922 2713 1970 2750 et
1993 2704 2164 2750 invoca
2185 2719 2262 2749 me
2290 2703 2340 2749 in
2359 2703 2436 2750 die
2461 2703 2653 2750 tribula-

533 2784 696 2843 tioniS,
717 2783 765 2830 et'
784 2799 948 2830 eruam
974 2793 1042 2840 te,
1074 2792 1120 2828 et
1142 2781 1483 2848 honorificabis
1507 2791 1601 2836 me}
1630 2801 1652 2825 υ
1673 2785 1769 2829 Nec
1793 2782 1844 2830 id
1868 2781 2064 2846 quidem
2081 2783 2144 2828 ita
2163 2782 2421 2846 loquimur,
2450 2793 2504 2830 ut
2523 2783 2654 2830 labo-

536 2880 637 2910 rem
654 2880 857 2929 operum
877 2860 1201 2927 corporalium
1229 2877 1531 2926 respuamus,
1558 2877 1708 2925 quum
1728 2861 1980 2908 necessitas
2004 2861 2328 2926 postulaverit.
2363 2862 2456 2909 Sed
2470 2878 2546 2909 ,ne
2567 2863 2654 2910 ista

535 2959 706 3007 magna
716 2953 939 3008 putemus
950 2959 1055 3006 quae
1071 2942 1263 3007 corpori
1279 2943 1490 2988 serviunt
1503 2977 1515 2999 ‚
1533 2951 1580 2988 et
1596 2940 1740 2987 officii
1755 2941 1905 2988 divini
1921 2941 2289 2989 celebrationem
2300 2942 2651 3007 praepediunt¹23

536 3024 793 3087 praesertim
818 3040 966 3087 quum
993 3039 1050 3069 ex
1075 3022 1352 3069 auctoritate
1371 3019 1705 3085 apostolica·id
1729 3022 1965 3086 praecipue
1989 3021 2174 3068 devotis
2192 3022 2431 3069 indultum
2450 3023 2507 3069 sit
2524 3022 2655 3068 femi·

538 3104 636 3162 nis,
664 3113 717 3150 ut
744 3103 907 3150 alienae
931 3102 1280 3168 procurationis
1304 3111 1627 3148 sustententur
1651 3100 1818 3148 officiis
1842 3102 2016 3166 magis,
2044 3118 2188 3166 quam
2217 3101 2278 3148 de
2303 3118 2448 3166 opere
2472 3101 2652 3166 proprii

539 3184 730 3231 laboris.
754 3184 893 3230 Unde
912 3183 973 3231 ad
990 3182 1293 3230 Timotheum
1310 3181 1482 3229 Paulus
1493 3183 1545 3228 ¹⁸:
1570 3201 1593 3226 «
1609 3182 1656 3228 Si
1675 3182 1782 3245 quis
1794 3181 1946 3229 fidelis
1964 3182 2108 3229 habet
2122 3181 2307 3239 viduam,
2328 3180 2651 3229 subministret

584 3350 751 3389 ¹.Genes‚
767 3360 842 3392 cap.
862 3360 963 3382 xxvii.
979 3366 1018 3372 --
1037 3348 1182 3383 ².Psalm
1203 3360 1254 3390 ιν,
1274 3360 1304 3381 ν.
1329 3350 1382 3381 12.
1396 3347 1466 3373 --⁸
1486 3348 1572 3387 Quas
1618 3347 1713 3380 Amb.
1727 3366 1765 3371 —
1799 3347 1900 3381 ‘'..dct
1916 3348 2548 3390 Apost„cap.xv,v.10.——¹¹.Psatm
2561 3358 2650 3387 xux,

538 3406 604 3439 MS.
626 3406 721 3440 Arnb.
734 3404 909 3438 “Pet-s.
936 3412 996 3437 sat.
1017 3417 1047 3445 ι,
1069 3416 1100 3438 v.
1117 3408 1149 3439 7.
1169 3423 1213 3431 -
1227 3405 1412 3439 “Fiuntu
1430 3404 1573 3436 -0Ex
1616 3384 1727 3443 -.ν.12,
1746 3405 1898 3436 l3et1'i.
1914 3403 1976 3427 -¹’
1996 3403 2251 3445 ImpediumMS.
2269 3403 2389 3437 Ambv
2414 3404 2443 3422 ¹³
2465 3403 2600 3437 Timoth.
2616 3404 2650 3444 Ι,

536 3462 838 3505 ndzffeventhet
852 3461 919 3494 MS
936 3461 1030 3495 Amb.
1042 3461 1112 3487 —'¹
1132 3441 1244 3495 Matth.
1253 3473 1353 3506 ,cap-
1373 3473 1470 3500 xxm,
1490 3471 1519 3494 v.
1540 3462 1572 3493 4.
1618 3471 1692 3503 cap.
1708 3471 1742 3500 v,
1758 3470 1789 3493 v.
1807 3462 1858 3494 16.

535 3537 579 3544 --
599 3518 611 3536 ⁸
631 3518 759 3558 Matth„
787 3529 862 3562 cap.
887 3529 937 3558 xi,
958 3529 989 3550 v.
1011 3519 1066 3549 28.
1081 3536 1122 3542 —
1137 3517 1151 3535 ⁹
1163 3518 1216 3550 Sic
1231 3518 1270 3551 C.
1283 3535 1307 3542 —
1321 3519 1468 3551 Retinere
1486 3517 1573 3550 Edit.
