2970 4152
1227 373 1543 420 EPlSTOLAE.
1638 396 1640 398 v
2385 374 2443 419 97

333 467 474 514 etiam
492 467 610 525 suiS,
640 466 678 512 si
702 482 823 530 quos
841 465 1005 512 anxios
1024 465 1187 512 vident
1206 483 1318 513 vere
1345 465 1569 529 diligunt,
1596 481 1686 511 nec
1706 474 1800 511 tam
1819 463 2076 512 commoda
2094 465 2288 529 propria
2305 483 2449 529 quam

333 545 523 592 illorum
550 545 597 591 in
617 546 729 610 ipsis
753 544 1020 592 attendunt.
1044 545 1119 591 Sic
1137 545 1219 592 diu
1246 545 1547 609 languentem
1569 543 1719 590 filium
1745 554 1897 591 mater
1916 544 2057 590 etiam
2082 554 2236 591 morte
2254 543 2451 608 languo-

333 641 435 671 rem
458 624 594 672 flnire
613 625 874 684 desiderat,
897 642 1040 689 quem
1069 624 1268 671 tolerare
1294 625 1522 690 ipsa‘non
1546 632 1729 687 potest,
1749 633 1794 669 et
1814 639 1871 669 eo
1891 623 2049 687 potius
2074 622 2232 670 orbari
2254 623 2450 670 sustinet

332 721 477 769 quam
506 705 553 751 in
592 705 779 752 miseria
807 715 1078 752 consortem
1114 704 1307 761 habere.
1350 707 1406 750 Et
1436 703 1710 767 quicunque
1741 703 1879 749 amici
1908 703 2154 767 praesentia
2192 703 2449 768 plurimum

335 783 623 843 oblectatur,
652 785 798 848 magis
819 794 976 831 tamen
1000 784 1190 832 beatam
1216 801 1317 831 esse
1338 783 1438 830 vult
1462 783 1563 846 ejus
1587 782 1848 829 absentiam
1868 800 2012 846 quam
2038 784 2337 848 praesentiam
2362 784 2453 830 mi-

335 881 519 924 seram;
548 865 661 928 quia
690 850 863 928 quibus
895 864 1146 912 subvenire
1171 881 1270 911 non
1305 863 1455 923 valet,
1488 865 1751 910 aerumnas¹
1778 863 1979 910 tolerare
2016 880 2114 910 non
2152 874 2322 928 potest.
2353 864 2454 910 Tibi

338 960 449 993 vero
466 961 554 992 nec
578 955 738 992 nostra
752 980 765 1004 ,
801 944 876 992 vel
896 945 1038 992 etiam
1056 946 1252 1005 misera,
1275 961 1555 991 concessum
1576 953 1645 991 est
1674 943 1765 990 frui
1784 944 2046 1008 praesentia.
2072 947 2167 991 Nec
2193 944 2275 991 uhi
2296 945 2387 991 tuis
2406 945 2453 991 in

336 1041 420 1072 mev
435 1024 701 1072 commodis
734 1020 914 1090 aliquid
944 1025 1218 1090 provideas,
1247 1042 1332 1072 cur
1355 1041 1433 1072 me
1464 1024 1728 1071 miserrime
1758 1024 1916 1070 vivere
1950 1024 2085 1071 malis
2108 1041 2251 1087 quam
2279 1025 2455 1071 felicius

337 1105 460 1151 mori
477 1121 575 1152 non
597 1105 753 1153 video.
776 1105 920 1163 Quod
945 1106 983 1153 si
1007 1115 1191 1153 nostras
1216 1105 1441 1170 protendi
1469 1104 1680 1151 miserias
1707 1106 1757 1150 in
1786 1104 2043 1151 commoda
2069 1114 2148 1151 tua
2180 1104 2419 1152 desideras
2440 1142 2451 1164 ,

337 1184 486 1234 hostis
510 1187 668 1252 potius
694 1203 839 1251 quam
867 1187 1019 1233 amica
1045 1187 1358 1234 convinceris.
1391 1185 1535 1244 Quod
1555 1186 1593 1232 si
1613 1184 1760 1232 videri
1783 1185 1978 1249 refugis,
2008 1184 2069 1232 ab
2093 1185 2189 1245 his,
2219 1185 2420 1232 obsecro
2439 1224 2450 1245 ,

338 1266 455 1312 sicut
472 1265 591 1325 dixi,
614 1267 803 1330 quiesce
829 1266 1154 1331 querimoniis.

403 1345 629 1411 Approbo
654 1356 839 1403 autem,
868 1346 1002 1411 quod
1036 1345 1262 1412 reprobas
1288 1346 1502 1405 laudem;
1535 1347 1646 1410 quia
1670 1347 1716 1392 in
1743 1346 1838 1392 hoc
1873 1346 1975 1411 ipso
2017 1355 2061 1392 te
2094 1345 2453 1393 laudabiliorem

337 1424 563 1472 ostendis.
587 1426 826 1492 Scriptum
844 1436 914 1474 est
931 1426 1088 1474 enim’
1108 1444 1117 1472 z
1146 1446 1169 1471 «
1184 1429 1343 1473 Justus
1361 1426 1410 1472 in
1428 1426 1693 1491 primordio
1719 1436 1966 1473 accusator
1990 1436 2059 1472 est
2083 1427 2173 1482 sui,
2200 1446 2221 1469 »
2242 1428 2310 1473 et³
2326 1427 2453 1483 «Qui

337 1519 386 1551 se
404 1503 622 1553 humiliat
640 1523 690 1554 se
709 1506 896 1554 exaltat.
921 1525 944 1551 υ
970 1510 1120 1570 Atque
1147 1506 1328 1553 utinam
1345 1506 1411 1553 sic
1429 1507 1488 1553 sit
1509 1507 1556 1553 in
1583 1506 1745 1552 animo
1768 1516 1850 1552 tuo
1871 1506 1991 1552 sicut
2019 1506 2068 1552 in
2087 1504 2287 1571 scripto!
2313 1506 2453 1563 Quod

339 1583 377 1629 si
397 1583 559 1643 fuerit,
586 1602 699 1633 vera
721 1596 790 1633 est
808 1585 1048 1633 humilitas
1073 1576 1177 1644 tua,
1202 1602 1262 1632 ne
1281 1601 1369 1650 pro
1394 1586 1569 1632 nostris
1589 1586 1834 1632 evanuerit
1852 1584 2022 1632 verbis.
2044 1585 2138 1632 Sed
2157 1584 2264 1632 vide
2279 1621 2291 1644 ,
2321 1584 2457 1631 obse-

339 1679 422 1710 cro
439 1699 451 1723 ,
484 1681 545 1712 ne
571 1664 666 1712 hoc
689 1665 793 1730 ipso
817 1665 1009 1713 laudem
1032 1682 1213 1729 quaeras
1227 1701 1239 1724 ‚
1262 1681 1360 1729 quo
1385 1664 1577 1712 laudem
1599 1665 1760 1729 fugere
1783 1665 1978 1724 videris,
2000 1675 2043 1712 et
2069 1665 2294 1730 reprobes
2309 1667 2322 1689 ⁵
2340 1664 2456 1711 illud

340 1759 440 1803 ore,
460 1744 592 1807 quod
611 1754 805 1809 appetas
824 1744 985 1793 corde.
1008 1748 1078 1792 De
1094 1761 1192 1808 quo
1212 1744 1274 1791 ad
1293 1744 1605 1792 Eustochium
1624 1744 1855 1808 virginem
1878 1745 1944 1791 sic
1961 1745 2084 1791 inter
2107 1754 2274 1791 caetera
2292 1743 2457 1791 beatus

338 1822 498 1870 scribit
523 1824 839 1888 Hieronymus
864 1827 912 1871 ³:
951 1843 975 1870 «
1011 1824 1217 1872 Naturali
1254 1825 1476 1871 ducimur
1510 1824 1653 1872 malo.
1690 1824 2023 1871 Adulatoribus
2054 1826 2226 1871 nostris
2259 1824 2460 1871 libenter

341 1901 574 1964 favemus,
604 1914 651 1952 et
677 1921 953 1970 quanquam
979 1922 1068 1952 nos
1089 1904 1462 1970 respondeamus
1488 1904 1738 1968 indignOS,
1772 1915 1818 1952 et
1842 1905 2057 1951 callidior
2082 1905 2230 1952 rubor
2258 1922 2342 1952 ora
2370 1905 2461 1951 suf-

342 1980 533 2040 fundat,
558 1994 765 2032 attamen
795 1984 857 2031 ad
883 1984 1075 2032 laudem
1098 2001 1232 2032 suam
1260 1984 1540 2032 intrinsecus
1565 1985 1724 2031 anima
1748 1984 1943 2031 laetatur.
1969 2003 1993 2029 »
2023 1984 2183 2031 Talem
2210 1991 2257 2031 et
2281 1985 2461 2031 lascivae

340 2062 641 2112 calliditatem
666 2065 870 2113 Galateae
885 2065 1108 2130 Virgilius
1137 2064 1361 2112 describit
1377 2102 1387 2118 ,
1413 2082 1517 2129 quae
1548 2064 1681 2129 quod
1705 2065 1893 2112 volebat
1927 2065 2149 2129 fugiendo
2179 2065 2457 2130 appetebat,

340 2155 387 2192 et
405 2145 704 2194 simulatione
723 2146 921 2213 repulsae
936 2146 1140 2212 amplius
1157 2147 1204 2193 in
1225 2163 1276 2194 se
1292 2156 1533 2193 amantem
1560 2146 1805 2194 incitabat:

743 2277 792 2316 Et
810 2275 914 2330 sugit
931 2275 983 2317 ad
1000 2276 1144 2317 salices
1161 2276 1340 2329 (inquit)
1355 2308 1364 2325 ‚
1385 2282 1486 2317 etse
1504 2278 1618 2330 cupit
1636 2285 1731 2317 ante
1753 2277 1913 2318 videriss.

344 2398 609 2460 Antequam
627 2397 769 2445 lateat
801 2398 930 2463 cupit
958 2414 1008 2445 se
1039 2397 1296 2461 fugientem
1320 2396 1492 2455 videri,
1527 2407 1577 2444 ut
1597 2398 1696 2462 ipsa
1717 2397 1852 2461 fuga,
1883 2414 1978 2461 qua
2000 2397 2256 2463 reprobare
2274 2413 2468 2444 consor-

343 2477 460 2524 tium
478 2477 666 2540 juvenis
685 2477 873 2526 videtur
888 2516 900 2537 ,
929 2478 1132 2544 amplius
1149 2478 1377 2542 acquirat.
1403 2478 1479 2524 Sic
1498 2487 1544 2524 et
1562 2477 1727 2525 laudes
1744 2478 2001 2525 hominum
2023 2478 2139 2525 dum
2161 2478 2319 2542 fugere
2340 2476 2467 2523 vide-

343 2573 475 2615 mur,
504 2556 707 2622 amplius
732 2573 842 2621 erga
867 2574 955 2604 nos
981 2558 1264 2616 excitamus,
1289 2566 1334 2603 et
1350 2574 1500 2620 quum
1527 2556 1671 2604 latere
1697 2574 1788 2604 nos
1806 2558 1925 2604 velle
1951 2557 2251 2616 simulamus,
2276 2573 2336 2603 ne
2362 2556 2466 2620 quis

343 2638 582 2685 scilicetin
613 2637 751 2686 nobis
778 2639 895 2703 quid
923 2638 1084 2686 laudet
1110 2648 1360 2702 agnoscat,
1389 2637 1592 2702 amplius
1614 2638 1930 2686 attendimus⁷
1948 2639 1997 2685 in
2028 2638 2218 2685 laudem
2249 2648 2459 2685 nostram

342 2718 669 2784 imprudentes
683 2719 720 2778 ³,
747 2719 858 2783 quia
884 2736 942 2766 eo
974 2719 1114 2766 laude
1140 2718 1358 2765 videmur
1376 2717 1630 2783 digniores.
1658 2721 1716 2765 Et
1737 2718 1837 2766 haec
1855 2718 2051 2783 quidem
2069 2719 2180 2782 quia
2200 2734 2328 2788 ’saepe
2344 2718 2463 2764 acci-

344 2798 465 2845 dunt
489 2798 713 2858 dicimus,
740 2815 840 2846 uon
866 2799 978 2863 quia
1003 2798 1063 2846 de
1090 2809 1133 2846 te
1159 2799 1268 2846 talia
1293 2798 1616 2863 suspicemur,
1639 2799 1725 2863 qui
1752 2798 1812 2846 de
1840 2808 1920 2845 tua
1946 2815 2044 2845 non
2072 2797 2341 2845 haesitamus
2362 2798 2459 2845 hu-

345 2878 554 2925 militate.
581 2878 675 2926 Sed
699 2878 760 2926 ab
783 2878 857 2926 his
884 2880 1026 2927 etiam
1057 2878 1212 2928 verbis
1241 2889 1288 2926 te
1319 2881 1610 2943 temperare⁹
1634 2879 1881 2939 volumus,
1919 2897 1978 2926 ne
2006 2879 2079 2926 his
2109 2880 2191 2943 qui
2222 2888 2267 2926 te
2300 2879 2456 2926 minus

343 2958 564 3006 noverint
575 2958 776 3006 videaris
791 2995 803 3019 ,
827 2969 879 3006 ut
891 2960 955 3007 ait
971 2961 1289 3024 Hieronymus
1301 2961 1347 3018 ¹⁰,
1365 2978 1388 3003 «
1403 2959 1626 3023 fugiendo
1645 2960 1843 3024 gloriam
1860 2977 2119 3024 quaerere.»
2143 2962 2396 3024 Nunquam
2411 2970 2456 3007 te

345 3055 449 3086 mea
466 3039 566 3086 laus
590 3038 796 3098 inflabit,
825 3039 909 3087 sed
933 3039 995 3088 ad
1019 3040 1216 3087 meliora
1232 3038 1538 3106 provocabit,
1571 3050 1617 3087 et
1641 3051 1774 3088 tanto
1800 3040 2054 3087 studiosius
2073 3056 2177 3104 quae
2198 3040 2455 3087 laudavero

345 3118 663 3183 amplecteris,
690 3129 871 3184 quanto
898 3119 1013 3166 mihi
1039 3120 1241 3186 amplius
1265 3119 1452 3185 placere
1477 3120 1661 3185 satagis.
1695 3124 1799 3167 Non
1832 3130 1902 3167 est
1934 3119 2036 3168 laus
2058 3130 2220 3168 nostra
2246 3121 2457 3168 testimo·

389 3266 398 3283 ⁸
421 3266 475 3299 Sic
493 3266 758 3302 D.·—-AErnmnis
771 3267 856 3302 Edd.
870 3286 905 3292 —
922 3268 935 3285 ⁸
952 3269 1065 3309 Pron„
1080 3279 1153 3313 cap.
1171 3280 1262 3310 xvuu,
1276 3279 1305 3301 v.
1324 3269 1375 3300 17.
1421 3278 1490 3301 mus
1515 3268 1551 3302 D.
1574 3287 1612 3293 —
1634 3267 1646 3286 ⁸
1673 3269 1873 3310 Impudeutes
1902 3268 1966 3302 MS.
2003 3268 2097 3302 Amb.
2120 3285 2165 3294 —
2189 3268 2202 3285 ⁰
2234 3270 2458 3311 obtemperare

343 3339 386 3346 -
405 3321 419 3340 ⁸
446 3323 541 3364 Luc„
567 3334 640 3369 cap.
676 3336 778 3364 xvm.
808 3336 838 3359 v.
879 3327 927 3359 ¹4.
964 3344 997 3349 —
1027 3325 1040 3343 ⁴
1073 3326 1185 3368 Calpes
1215 3325 1310 3360 RMS.
1336 3342 1374 3349 —-
1422 3324 1460 3358 Ι).
1479 3344 1519 3350 —
1539 3324 1568 3343 ¹⁰
1593 3325 1695 3369 Epist.
1727 3337 1846 3359 Lxxxvu
1866 3352 1873 3366 ‚
1899 3329 1944 3359 ad
1962 3326 2194 3365 Eustochium,
2222 3328 2301 3368 Opp.
2336 3334 2357 3359 t.
2391 3327 2453 3364 lv.

345 3378 358 3395 ⁸
372 3378 473 3421 Epist.
492 3390 629 3419 mxxxvi,
659 3381 740 3422 Opp.
764 3388 787 3415 t.
817 3381 871 3415 lv.
891 3400 931 3406 —
946 3381 959 3399 ⁶
976 3381 1088 3425 virgil.
1107 3382 1168 3417 ecl.
1195 3393 1248 3424 ιιι,
1267 3393 1296 3416 ν.
1320 3384 1372 3415 21.
1420 3394 1452 3427 p.
1474 3384 1550 3415 671.

345 3453 387 3460 -
408 3435 419 3453 '¹
439 3438 647 3471 Accendimus
676 3438 742 3471 MS.
763 3438 858 3472 Amb.
877 3457 899 3463 -
915 3440 1102 3472 Accedimus
1126 3439 1163 3471 C.
1183 3457 1205 3464 -
1221 3441 1375 3473 Ascendi-

506 3505 517 3534 1
2253 3501 2301 3539 13
