2970 4152
534 430 629 477 340
1336 426 1508 475 PETRI
1542 428 1853 477 ABAELARDI

1413 740 1769 815 VERSUS

1295 907 1490 954 PETRI
1530 907 1886 954 ABAELAnm

1065 1056 1165 1115 AD
1211 1055 1741 1116 ASTRALABIUM
1791 1056 2057 1116 FILIUM
2077 1046 2111 1116 ¹.

582 1482 753 1522 Carmen
771 1481 871 1522 illud
884 1513 894 1532 ‚
916 1480 1034 1535 cujus
1051 1480 1212 1520 initium
1236 1478 1368 1519 fuerat
1392 1490 1417 1518 a
1438 1477 1711 1532 scriptoribus
1730 1479 1921 1519 Historiae
1940 1480 2153 1520 litterariae
2167 1480 2181 1502 ²
2201 1480 2285 1534 jam
2303 1480 2512 1534 vulgatum
2525 1512 2535 1530 ,
2557 1482 2646 1535 pri-

528 1563 595 1591 mo
615 1549 766 1604 publici
786 1550 890 1602 juris
908 1549 1006 1590 fecit
1021 1550 1065 1590 D.
1092 1548 1163 1590 Th.
1186 1547 1365 1601 Wright,
1382 1560 1404 1588 e
1420 1547 1581 1588 duobus
1598 1547 1736 1588 Musaei
1755 1546 1978 1588 Britannici
1997 1546 2226 1599 codicibus,
2243 1548 2371 1590 altero
2389 1549 2646 1601 Burneiensi‚

526 1619 652 1659 altero
666 1618 918 1660 Cottoniensi
934 1623 1094 1659 erutum
1102 1618 1128 1658 ³.
1145 1619 1356 1658 Postremo
1374 1617 1608 1671 nuperrime
1622 1617 1870 1658 recensitum
1885 1615 1962 1656 fuit
1976 1615 2029 1657 ad
2045 1615 2169 1658 fidem
2183 1617 2339 1659 codicis
2354 1631 2377 1659 e
2392 1618 2649 1661 Bibliotheca

527 1687 662 1730 Sancti
692 1687 912 1729 Audomari
931 1719 941 1739 ,
969 1686 1117 1728 saeculo
1149 1694 1238 1728 x111⁰
1264 1691 1458 1740 vergente
1488 1686 1669 1737 exarati,
1701 1691 1742 1727 et
1774 1686 1819 1727 in
1847 1686 1980 1728 lucem
2008 1686 2128 1728 tertio
2158 1686 2361 1742 prolatum
2392 1694 2456 1730 est
2489 1689 2533 1730 in
2558 1689 2651 1730 Dia-

526 1757 586 1798 rio
615 1756 677 1797 cui
709 1756 849 1797 titulus
868 1761 931 1797 est
953 1756 1235 1808 Bibliotheque
1253 1755 1301 1796 de
1322 1755 1455 1796 l'eicole
1479 1755 1549 1795 des
1569 1754 1778 1796 (marte-⁹⁵.
1806 1756 1919 1795 Nova
1945 1759 2082 1796 autem
2101 1755 2179 1797 ista
2197 1755 2322 1797 editio
2342 1769 2367 1797 a
2385 1757 2650 1811 praecedenti-

525 1825 603 1866 bus
620 1825 792 1866 multum
814 1823 1039 1878 discrepat,
1060 1836 1185 1877 quum
1205 1823 1323 1877 plura
1343 1822 1546 1864 addantur
1559 1854 1570 1875 ,
1592 1822 1830 1863 omittantur
1855 1822 2073 1873 nonnulla,
2095 1828 2206 1864 totus
2225 1822 2328 1864 ordo
2348 1824 2543 1866 carminis
2558 1838 2651 1880 per-

526 1898 718 1934 mutetur.
746 1892 928 1934 Alterum
953 1891 1064 1932 hunc
1088 1891 1212 1944 igitur
1240 1895 1397 1932 textum
1424 1890 1553 1945 priori
1578 1889 1877 1944 subjiciendum
1908 1903 1999 1932 esse
2022 1889 2236 1941 duximus,
2263 1890 2404 1933 addita
2425 1892 2648 1935 lectionum

525 1962 717 2002 varietate
744 1972 845 2014 quas
872 1961 918 2001 D.
942 1959 1016 2000 Th.
1038 1959 1201 2012 Wright
1218 1958 1340 1999 nobis
1362 1958 1649 2013 suppeditavit.

577 2029 804 2070 Verisimile
827 2034 888 2070 est
915 2028 1169 2070 Abaelardum
1188 2028 1391 2082 ,Dysticha
1417 2029 1609 2081 Dionysii
1640 2029 1808 2069 Catonis
1827 2029 1876 2069 de
1898 2029 2079 2069 Moribus
2100 2029 2155 2069 ad
2169 2030 2312 2081 filium
2338 2030 2538 2072 imitanda
2568 2031 2650 2072 sibi

525 2097 789 2151 proposuisse
806 2097 871 2138 his
885 2096 929 2137 in
946 2095 1132 2137 versibus
1150 2096 1220 2150 qui
1231 2128 1240 2146 ,
1261 2096 1459 2137 memoria
1476 2095 1563 2149 ejus
1587 2095 1857 2136 commendati
1876 2102 2019 2150 postea
2034 2108 2082 2137 ac
2104 2096 2280 2149 vulgati,
2298 2097 2488 2152 exemplo
2507 2098 2645 2139 forsan

526 2167 714 2219 fuerunt,
741 2166 802 2208 uti
828 2171 967 2208 censet
990 2165 1174 2219 Wright‚
1204 2165 1429 2206 innumeris
1458 2164 1693 2219 hujusmodi
1719 2164 1927 2218 opusculis
1954 2177 2045 2219 quae
2074 2164 2210 2206 media
2226 2198 2236 2218 ‚
2264 2171 2311 2206 ut
2336 2172 2508 2218 vocant,
2529 2172 2646 2208 aetate

524 2235 687 2276 fuerunt
704 2234 943 2289 composita.
965 2234 1145 2287 Scriptor
1159 2245 1255 2273 vero
1273 2232 1439 2287 quidam
1455 2232 1681 2274 recentior*⁵
1700 2231 1911 2273 contendit
1926 2232 2005 2273 hoc
2020 2245 2185 2273 carmen
2203 2246 2307 2288 opus
2325 2246 2417 2274 esse
2438 2246 2649 2275 commen-

523 2303 655 2343 titium
667 2336 677 2352 ,
699 2315 723 2343 a
737 2301 918 2357 pessimo
946 2301 1123 2356 quodam
1142 2300 1281 2342 fictum
1302 2306 1466 2342 auctore
1481 2332 1492 2352 ‚
1513 2300 1603 2355 qui,
1624 2313 1704 2355 quo
1724 2300 1871 2341 melius
1891 2300 2106 2354 praeceptis
2122 2300 2210 2341 suis
2227 2301 2399 2354 gratiam
2419 2302 2644 2354 legentium

523 2372 780 2424 conciliaret,
809 2372 1006 2413 illustrem
1032 2372 1164 2412 virum
1195 2371 1401 2412 induxerit
1430 2383 1478 2412 ea
1505 2370 1789 2425 proferentem.
1827 2369 2000 2410 Dubium
2034 2375 2169 2411 tamen
2203 2370 2325 2412 nobis
2353 2370 2516 2412 videtur
2547 2372 2646 2426 quin

524 2442 629 2483 hanc
646 2441 895 2495 opinionem,
916 2440 1101 2495 quamvis
1115 2452 1199 2480 non
1214 2439 1379 2481 indocte
1397 2443 1712 2493 propugnatam‚
1734 2436 1964 2491 approbent
1981 2436 2011 2477 ii
2031 2437 2102 2491 qui
2128 2437 2319 2478 noverint
2338 2443 2491 2493 quanta
2505 2440 2560 2480 sit
2576 2451 2648 2480 co-

523 2510 659 2550 dicum
678 2509 922 2560 auctoritas,
939 2513 981 2549 et
1004 2520 1125 2562 quam
1143 2507 1247 2548 levia
1266 2507 1350 2549 sint
1370 2506 1450 2548 ista
1468 2511 1728 2560 argumenta,
1750 2518 1840 2559 quae
1866 2505 2058 2560 quisque,
2087 2511 2133 2545 ut
2160 2505 2286 2558 libet,
2320 2507 2433 2549 ducit
2459 2520 2510 2549 ex
2537 2509 2649 2563 ipso-

524 2591 614 2619 rum
631 2590 800 2632 operum
822 2576 927 2630 stylo
945 2589 994 2617 ac
1012 2588 1173 2630 genere.

576 2650 692 2689 Dom.
712 2646 935 2696 Gervaise⁶,
949 2646 1087 2688 nescio
1103 2645 1252 2700 quibus
1270 2645 1442 2700 repertis
1459 2644 1624 2686 indiciis
1635 2677 1645 2695 ,
1666 2657 1808 2686 versus
1821 2645 1878 2686 ad
1889 2645 2169 2686 Astralabium
2185 2645 2355 2688 affirmat
2369 2647 2420 2689 ab
2434 2648 2647 2692 Abaelardo

523 2709 775 2771 compositos
793 2716 919 2757 fuisse
938 2715 1037 2756 dum
1057 2720 1239 2756 maneret
1258 2714 1298 2755 in
1322 2714 1482 2756 abbatia
1503 2715 1638 2756 Sancti
1658 2713 1854 2767 Dionysii.

523 2943 706 2979 Astralabi
724 2942 798 2989 fili,
815 2942 896 2978 vitae
912 2940 1071 2977 dulcedo
1089 2947 1268 2989 paternae,
1612 2939 1739 2985 Quum
1755 2937 1825 2974 tibi
1844 2937 2006 2974 defuerit
2022 2937 2124 2988 quod
2140 2938 2274 2986 discas,
2295 2940 2436 2978 discere
2456 2955 2553 2980 cessa
2566 2973 2575 2988 ‚

567 3004 750 3039 Doctrinae
771 3001 895 3039 studio
913 3014 1031 3050 pauca
1047 3000 1220 3050 relinquo
1237 3007 1323 3036 tuae.
1660 2998 1737 3034 Nec
1756 2997 1827 3034 tibi
1848 2997 2065 3034 cessandum
2084 2998 2222 3036 dixeris
2240 3012 2318 3037 esse
2336 3002 2455 3050 prius.

522 3064 641 3110 Major
659 3063 826 3099 discendi
844 3063 913 3099 tibi
935 3062 984 3099 sit
1003 3074 1116 3111 quam
1134 3074 1223 3097 cura
1242 3060 1422 3105 docendi,
1612 3059 1722 3096 Disce
1739 3058 1806 3094 diu
1824 3058 2003 3107 firmaque
2022 3059 2093 3095 tibi
2111 3059 2291 3109 tardaque
2308 3061 2455 3107 docere,

568 3124 667 3159 Hinc
686 3123 766 3160 aliis
783 3124 922 3160 etenim
943 3122 1110 3172 proficiS‚
1131 3121 1219 3158 inde
1237 3121 1319 3157 tibi.
1662 3122 1787 3168 Atque
1805 3119 1851 3155 ad
1869 3119 2106 3156 scribendum
2124 3133 2171 3156 ne
2185 3121 2260 3157 cito
2277 3121 2459 3170 prosilias.

566 3280 577 3297 ¹
602 3279 656 3312 Sic
670 3279 753 3313 Cod.
769 3280 898 3314 Cotton.
916 3298 939 3305 -
954 3280 1020 3314 Sed
1039 3281 1148 3314 titulus
1164 3290 1230 3314 non
1254 3279 1341 3313 idem
1357 3278 1478 3323 ubique
1497 3289 1556 3313 oc-
1609 3278 1703 3311 iii—8⁰
1720 3303 1728 3318 ‚
1755 3285 1779 3311 t.
1807 3278 1846 3318 1,
1880 3290 1917 3323 p.
1945 3280 2073 3312 ¹5-21.
2096 3296 2134 3303 —-
2154 3278 2169 3297 ⁴
2192 3279 2264 3313 Sec.
2295 3290 2360 3314 ser.
2387 3287 2412 3315 t.
2440 3280 2488 3322 11,
2514 3293 2549 3325 p.
2581 3283 2644 3315 406

521 3336 633 3370 currit.
663 3335 740 3369 Fert
768 3336 850 3370 Cod.
876 3337 1083 3370 Burneiensis
1111 3337 1268 3370 Doctrina
1293 3338 1441 3380 magistri
1466 3335 1559 3368 Petri
1612 3343 1644 3369 et
1662 3347 1711 3380 sq.
1734 3336 1956 3370 —⁸J0urnal
1986 3339 2041 3370 des
2063 3344 2195 3370 savants
2222 3339 2262 3371 de
2290 3338 2499 3372 Normandie.
2531 3339 2619 3374 Caen
2635 3366 2645 3382 ‚

522 3395 702 3432 Abaelardi,
717 3399 749 3425 et
759 3392 839 3426 Cod.
852 3392 962 3426 Sancti
982 3392 1156 3427 Audomari
1175 3393 1351 3426 Sententioe
1363 3393 1455 3425 Petri
1467 3392 1560 3425 Aboe-
1617 3392 1718 3432 1844,
1747 3392 1845 3426 ἱππ-80.
1874 3412 1915 3418 -
1928 3393 1941 3411 ⁶
1962 3394 2018 3427 Vie
2044 3393 2248 3433 d'Abailard,
2274 3394 2382 3436 Paris,
2414 3396 2518 3436 1720,
2540 3397 2558 3427 2
2579 3397 2643 3431 vol.

523 3452 622 3484 lardi.
641 3466 678 3473 —
697 3448 710 3466 ³
727 3448 822 3483 Tom.
844 3449 924 3491 ΧΠ,
952 3460 985 3491 p.
1020 3450 1095 3481 134.
1108 3466 1152 3473 —
1170 3449 1182 3466 ³
1206 3450 1374 3490 Relliquiae
1403 3451 1557 3489 amiquoe.
1614 3450 1706 3482 in-l2
1720 3475 1728 3491 ,
1747 3456 1769 3483 t.
1788 3450 1824 3491 1,
1838 3461 1874 3493 p.
1894 3451 1967 3483 170.

525 3507 586 3540 Ed.
613 3506 676 3540 Th.
701 3505 831 3549 Wright
851 3512 884 3538 et
903 3505 934 3539 J.
953 3505 990 3538 Ο.
1012 3505 1181 3538 Halliwell.
1204 3505 1340 3539 London
1355 3531 1363 3546 ,
1391 3505 1559 3544 1839-41‚
