2970 4152
586 414 678 461 108
1161 413 1330 459 PETRI
1368 412 1676 460 ABAELARm
1700 414 1781 461 ET
1813 414 2113 461 HELOlSSAE

584 506 648 553 ibi
664 507 777 554 latet
792 507 1055 572 periculum
1073 508 1091 551 Ρ
1112 510 1246 553 Certe
1265 507 1312 552 in
1340 506 1611 555 seducenda
1626 508 1823 555 muliere
1838 509 2022 555 nullum
2039 518 2109 554 est
2130 524 2261 572 aeque
2281 509 2413 556 facile
2433 521 2484 557 ut
2509 512 2684 558 lenociu-

584 589 717 634 nium
743 587 994 646 muliebre,
1018 603 1106 633 nec
1130 597 1363 652 corruptae
1382 589 1551 635 mentis
1574 589 1915 656 turpitudinem
1940 590 2001 635 ita
2028 599 2247 653 prompte
2273 591 2492 654 cuiquam
2520 592 2686 639 mulier

583 668 834 715 committit
867 667 985 713 sicut
1030 667 1229 713 mulieri.
1276 667 1410 715 Unde
1450 679 1495 715 et
1531 669 1780 734 praedictus
1815 670 2129 731 Hieronymus
2160 670 2362 717 maxime
2403 671 2681 719 secularium

582 764 795 794 accessus
813 747 1095 793 feminarum
1113 748 1258 794 vitare
1276 749 1506 813 propositi
1525 750 1674 796 sancti
1690 749 1886 796 feminas
1904 749 2184 795 adhortatur
2198 752 2225 795 ¹.
2249 751 2465 814 Denique
2489 752 2552 810 si,
2575 750 2685 798 vir-is

581 827 639 873 ab
675 827 991 891 hospitalitate
1027 838 1189 874 nostra
1226 828 1444 887 exclusis,
1493 829 1614 875 solas
1651 829 1955 885 admittamus
1992 828 2210 888 feminas,
2256 831 2360 893 quis
2394 847 2492 877 non
2531 831 2685 879 videat

579 917 755 971 quanta
782 908 1136 972 exasperatione
1164 909 1288 955 viros
1318 908 1616 956 offendamus
1639 912 1675 968 ²,
1720 926 1925 973 quorum
1963 909 2205 956 beneficiis
2236 911 2519 958 monasteria
2547 927 2684 959 sexus

577 987 753 1034 infirmi
787 999 947 1051 egent,
985 989 1188 1036 maxime
1223 990 1260 1035 si
1289 990 1355 1036 eis
1383 989 1611 1053 aquibus
1638 990 1746 1055 plus
1774 991 2011 1054 accipiunt
2041 990 2198 1036 minus
2226 1000 2307 1037 aut
2339 991 2538 1038 omnino
2565 991 2682 1039 nihil

576 1068 731 1131 largiri
757 1068 1038 1115 videantur?
1066 1069 1209 1126 Quod
1237 1071 1273 1116 si
1303 1070 1535 1134 praedictae
1562 1070 1732 1134 regulae
1763 1080 1902 1117 tenor
1938 1087 1964 1117 a
1995 1070 2134 1116 nobis
2161 1071 2347 1135 impleri
2372 1088 2470 1118 non
2494 1082 2678 1137 potest,

575 1165 742 1196 vereor
771 1166 831 1195 ne
857 1149 975 1196 illud
1001 1150 1201 1215 apostoli
1228 1150 1390 1197 Jacobi
1421 1151 1469 1196 in
1506 1161 1718 1197 nostram
1743 1167 1937 1214 quoque
1966 1150 2322 1197 damnationem
2354 1151 2534 1198 dictum
2558 1152 2617 1198 sit
2633 1154 2676 1198 ⁸:

581 1248 603 1273 «
633 1230 920 1294 Quicunque
958 1240 1106 1277 totam
1142 1230 1294 1294 legem
1334 1231 1678 1291 observaverit,
1724 1231 1937 1278 offendat
1970 1241 2129 1277 autem
2164 1232 2212 1277 in
2252 1247 2350 1278 uno
2373 1267 2384 1290 ,
2426 1231 2575 1278 factus
2613 1242 2682 1279 est

576 1311 794 1357 omnium
815 1327 938 1357 reus.
966 1330 988 1354 »
1019 1310 1162 1368 Quod
1187 1321 1257 1357 est
1277 1311 1433 1357 dicere
1453 1329 1463 1357 z
1488 1314 1557 1357 De
1575 1311 1693 1357 hocb
1711 1311 1813 1375 ipso
1835 1327 1943 1358 reus
1967 1311 2189 1358 statuitur
2205 1311 2287 1375 qui
2302 1311 2483 1375 peragit
2499 1310 2647 1358 multa
2664 1347 2676 1370 ,

575 1381 703 1453 quod
736 1407 833 1437 non
864 1391 1027 1455 implet
1051 1392 1233 1450 omnia;
1257 1401 1301 1437 et
1330 1401 1644 1453 transgressor
1673 1391 1787 1454 legis
1822 1390 2021 1438 efficitur
2049 1407 2105 1437 ex
2139 1407 2259 1449 uno,
2297 1390 2430 1453 cujus
2461 1391 2682 1454 impletor

573 1486 671 1516 non
699 1469 834 1517 fuerit
858 1472 947 1517 nisi
970 1471 1193 1517 omnibus
1210 1472 1550 1517 consummatis
1574 1471 1674 1534 ejus
1692 1472 1951 1535 praeceptiS.
1976 1470 2119 1527 Quod
2140 1471 2240 1535 ipse
2259 1471 2415 1517 statim
2434 1469 2681 1534 diligenter

573 1564 816 1613 exponens
842 1550 1081 1614 apostolus
1107 1550 1304 1613 adjecit¹
1327 1568 1336 1595 ε
1365 1550 1501 1606 «Qui
1525 1550 1653 1595 enim
1679 1549 1820 1596 dixit:
1845 1552 1950 1595 Non
1975 1549 2311 1609 moechaberis,
2333 1549 2449 1595 dixit
2467 1559 2543 1596 et:
2573 1552 2678 1597 Non

572 1628 775 1675 occides,
799 1630 941 1686 Quod
961 1630 1000 1675 si
1019 1646 1116 1675 non
1138 1629 1470 1687 moechaberis,
1495 1628 1684 1675 occidas
1703 1638 1885 1687 autem,
1918 1629 2066 1674 factus
2095 1646 2143 1674 es
2165 1638 2478 1691 transgressor
2494 1628 2630 1692 legis.
2651 1648 2675 1674 >ι

575 1710 637 1753 Ae
655 1709 692 1754 si
712 1719 872 1772 aperte
899 1709 1023 1756 dicat
1049 1727 1058 1755 ε
1088 1709 1201 1755 Ideo
1226 1708 1423 1772 quilibet
1451 1725 1559 1755 reus
1583 1708 1636 1755 fit
1661 1708 1722 1755 de
1741 1709 2111 1772 transgressione
2130 1708 2542 1772 uniuSCUJuslibet⁶
2564 1724 2679 1774 prae-

571 1788 717 1851 cepti,
741 1789 851 1852 quia
867 1789 966 1853 ipse
982 1790 1241 1849 Dominus,
1262 1790 1344 1853 qui
1364 1790 1575 1854 praecipit
1600 1806 1777 1848 unum,
1799 1789 2011 1854 praecipit
2036 1799 2082 1835 et
2108 1788 2252 1835 aliud.
2279 1792 2334 1835 Et
2355 1788 2678 1853 quodcunque

570 1866 685 1930 legis
703 1868 905 1915 violetur
919 1878 1230 1933 praeceptum,
1253 1870 1352 1933 ipse
1378 1869 1699 1915 contemnitur
1714 1869 1796 1932 qui
1817 1868 1969 1932 legem
1993 1885 2092 1914 non
2120 1869 2166 1914 in
2189 1885 2286 1915 uno
2300 1904 2311 1924 ‚
2345 1868 2426 1915 sed
2454 1868 2501 1914 in
2521 1870 2675 1915 omni-

570 1947 657 1993 bus
686 1949 861 2012 pariter
894 1949 1128 1996 mandatis
1157 1950 1399 1996 constituit
1414 1951 1443 1996 ⁷.
1481 1953 1542 1995 Ut
1573 1959 1734 1996 autem
1763 1959 2039 2014 praeteream
2063 1951 2077 1974 ⁸
2107 1948 2183 1996 illa
2221 1949 2392 2012 regulae
2435 1949 2673 2007 instituta,

569 2044 672 2091 quae
696 2029 883 2091 penitus
908 2028 1159 2076 observare
1190 2046 1288 2075 non
1307 2045 1583 2093 possumus,
1611 2039 1691 2075 aut
1722 2029 1822 2074 sine
1853 2028 2063 2092 periculo
2081 2044 2181 2074 non
2200 2028 2411 2075 valemus
2438 2046 2447 2074 τ
2476 2027 2558 2074 ubi
2588 2044 2677 2074 un-

572 2123 714 2170 quam
748 2108 807 2154 ad
842 2108 1129 2171 colligendas
1161 2125 1334 2155 messes
1366 2117 1631 2154 conventus
1657 2108 1938 2154 monialium
1965 2108 2092 2154 exire
2108 2143 2120 2166 ,
2147 2108 2222 2154 vel
2244 2107 2430 2154 labores
2455 2117 2678 2171 agrorum

571 2188 746 2235 habere
763 2191 776 2214 ⁹
793 2191 1061 2245 consuevit,
1083 2199 1164 2236 aut
1183 2189 1590 2254 suscipiendarum
1610 2189 1893 2236 feminarum
1909 2188 2221 2235 constantiam
2243 2205 2340 2234 uno
2359 2205 2487 2236 anno
2505 2187 2677 2253 proha-

569 2268 712 2328 verit,
748 2286 920 2333 easque
954 2271 1091 2316 tertio
1125 2269 1328 2334 perlecta
1364 2269 1547 2333 regula,
1586 2270 1705 2316 sicut
1744 2270 1792 2315 in
1826 2270 1927 2333 ipsa
1961 2268 2171 2331 jubetur,
2190 2267 2507 2314 instruxerit?
2549 2267 2676 2325 Quid

568 2363 754 2394 rursum
775 2349 960 2395 stultius
984 2365 1128 2412 quam
1159 2349 1283 2395 viam
1309 2349 1520 2412 ignotam
1535 2352 1560 2374 ¹⁰
1574 2384 1587 2408 ,
1624 2365 1714 2395 nec
1736 2348 1893 2394 adhuc
1909 2348 2283 2395 demonstratam
2307 2346 2529 2410 aggredi?
2548 2346 2676 2404 Quid

568 2428 986 2491 praesumptuosius
998 2431 1020 2452 ¹¹
1037 2444 1180 2491 quam
1203 2427 1374 2490 eligere
1402 2444 1456 2474 ac
1472 2427 1687 2492 profiteri
1706 2428 1849 2474 vitam
1862 2443 2004 2490 quam
2026 2427 2223 2485 nescias,
2241 2436 2322 2473 aut
2337 2436 2503 2474 votum
2521 2426 2674 2473 facere

566 2506 696 2569 quod
716 2507 912 2571 implere
931 2523 1029 2552 non
1046 2507 1221 2570 queas?
1247 2506 1340 2553 Sed
1358 2516 1402 2552 et
1418 2523 1568 2570 quum
1585 2507 1802 2552 omnium
1828 2507 2053 2552 virtutum
2080 2506 2299 2553 discretio
2315 2508 2339 2533 ¹²
2358 2507 2416 2553 sit
2435 2516 2584 2554 mater
2596 2542 2609 2566 ,
2629 2513 2675 2554 et

568 2587 786 2632 omnium
817 2587 1058 2633 bonorum
1093 2586 1339 2633 mediatrix
1356 2588 1380 2610 ¹³
1405 2587 1463 2632 sit
1494 2587 1635 2645 ratio;
1667 2587 1772 2650 quis
1803 2596 1882 2633 aut
1916 2586 2137 2633 virtutem
2168 2596 2248 2634 aut
2276 2586 2460 2633 bonum
2490 2597 2675 2635 censeat

566 2666 697 2728 quod
721 2666 781 2713 ab
802 2667 899 2713 istis
926 2666 1172 2714 dissentire
1190 2665 1436 2712 videatur?
1458 2668 1585 2730 Ipsas
1611 2666 1788 2730 quippe
1808 2667 2003 2712 virtutes
2022 2665 2299 2712 excedentes
2318 2666 2516 2712 modum
2536 2676 2678 2729 atque

568 2763 835 2794 mensuram
849 2783 861 2807 ,
886 2748 1005 2793 sicut
1025 2747 1340 2810 Hieronymus
1359 2748 1523 2793 asserit
1537 2748 1584 2806 ¹⁶,
1614 2747 1737 2793 inter
1760 2747 1870 2792 vitia
1889 2746 2098 2810 reputari
2116 2746 2353 2792 convenit.
2377 2747 2493 2803 Quis
2517 2755 2676 2793 autem

569 2826 628 2872 ab
652 2828 783 2874 omni
804 2827 988 2873 ratione
1008 2842 1063 2872 ac
1082 2826 1400 2872 discretione¹²5
1425 2825 1691 2888 sejunctum
1717 2841 1815 2871 non
1849 2824 2031 2880 videat,
2063 2825 2100 2870 si
2128 2824 2190 2871 ad
2216 2824 2508 2888 imponenda
2529 2840 2675 2871 onera

571 2922 764 2966 eorum,
787 2906 960 2970 quibus
976 2907 1306 2970 imponuntur,
1326 2904 1621 2955 valetudines
1633 2905 1764 2969 prius
1780 2921 1878 2950 non
1898 2903 2228 2964 discutiantur,
2244 2914 2296 2951 ut
2314 2915 2491 2951 naturae
2508 2905 2678 2951 consti·

571 2985 802 3032 tutionem
823 2985 1045 3033 humana.
1059 2994 1283 3048 sequatur
1305 2984 1568 3031 industria?
1595 2984 1712 3041 Quis
1736 2984 1921 3030 asinum
1945 2984 2127 3030 sarcina
2155 2994 2285 3031 tanta
2299 2986 2345 3043 ¹⁶,
2366 3000 2460 3048 qua
2479 2983 2674 3047 dignum

615 3152 623 3167 ¹
651 3151 753 3194 Epist.
776 3163 851 3185 xviii
865 3177 873 3192 ,
894 3155 938 3184 ad
955 3153 1181 3191 Eustochium,
1205 3153 1284 3194 Opp.
1307 3159 1332 3185 ta
1351 3150 1407 3192 tv,
1427 3161 1460 3194 p.
1481 3152 1535 3184 33.
1557 3167 1598 3175 ·-
1643 3154 1778 3185 inscitiae
1799 3154 1921 3184 indicat
1938 3151 2030 3184 RMS.
2048 3168 2091 3175 -
2106 3150 2134 3169 ¹²
2151 3152 2328 3184 Prudentia
2347 3149 2440 3182 Rus.
2462 3152 2497 3172 -'
2518 3149 2547 3166 ¹³
2562 3125 2717 3189 uode—JV

571 3208 582 3224 ²
602 3209 727 3248 Quanta
738 3210 853 3249 sutura
869 3212 932 3241 sint
947 3210 1146 3288 incommff
1159 3211 1187 3241 si
1198 3211 1281 3241 viros
1294 3209 1492 3250 offendamus
1503 3207 1597 3241 RMS.
1644 3210 1749 3240 ratrix
1765 3208 1790 3240 C
1806 3215 1837 3240 et
1851 3208 1917 3240 MS.
1934 3207 2074 3240 Amb.-
2086 3206 2115 3225 '⁴
2127 3207 2226 3250 Epist.
2242 3217 2361 3239 Lxxxvi
2373 3230 2381 3243 .
2396 3207 2440 3237 ad
2452 3204 2674 3250 Eustochium,

569 3282 610 3287 —-
625 3265 638 3281 ³
654 3264 782 3303 Jacob„
808 3275 881 3307 cap.
904 3276 942 3303 ιι,
963 3277 994 3297 v.
1015 3266 1065 3297 10.
1141 3263 1155 3282 ⁴
1171 3265 1218 3297 De
1234 3267 1294 3297 hoc
1313 3267 1408 3297 etiam
1424 3267 1492 3305 ipso
1509 3263 1600 3297 ABG.
1649 3264 1728 3305 Opp.
1745 3271 1768 3296 t.
1786 3263 1839 3299 lV.
1858 3275 1891 3307 p.
1913 3265 2034 3296 683.—-
2049 3263 2077 3280 '¹⁵
2091 3264 2268 3295 Prudentia
2288 3261 2430 3294 RMS.—
2442 3260 2471 3278 ¹⁸
2484 3260 2677 3303 Amboesiusj

568 3337 612 3344 —-
627 3320 640 3337 ⁸
656 3320 785 3360 Jacob„
814 3330 887 3363 cap.
917 3331 956 3357 ιι,
983 3331 1015 3353 ν,
1045 3323 1154 3353 11.-
1168 3320 1180 3337 ‘³
1198 3322 1343 3354 Omnium
1370 3327 1602 3361 proeceptorum
1646 3319 1806 3352 immerito
1835 3319 1966 3363 conjicit
1988 3321 2102 3353 deesse
2119 3319 2174 3353 hic
2190 3326 2320 3356 onerat,
2338 3318 2388 3350 vel
2411 3316 2532 3362 aliquid
2557 3317 2674 3351 simile.

570 3377 661 3410 RMS.
678 3395 718 3401 —
737 3376 748 3394 '¹
764 3378 1001 3410 Interseruntur
1015 3376 1085 3409 haec
1101 3377 1220 3411 verba:
1236 3378 1280 3410 Ea
1298 3380 1442 3410 omnibus
1460 3380 1598 3410 animum
1643 3377 1768 3410 Transi.
1797 3377 1911 3419 gallica
1929 3390 1937 3409 :
1958 3390 1972 3406 α
1990 3377 2048 3418 Qui
2064 3376 2205 3419 jugeroit
2225 3385 2289 3419 que
2311 3384 2377 3417 ung
2397 3384 2478 3407 asne
2506 3374 2570 3408 fust
2591 3374 2675 3407 aussi

569 3439 612 3466 eis
641 3436 858 3474 obsequentem
879 3436 1009 3476 flayitat
1041 3433 1134 3466 RMS.
1161 3452 1202 3458 -
1222 3434 1240 3451 ¹³*
1260 3435 1411 3467 omittam
1438 3433 1533 3466 RMS.
1556 3449 1600 3458 --
1646 3444 1660 3461 a
1679 3432 1774 3475 digne
1787 3433 1828 3466 dc
1845 3433 1870 3465 si
1889 3444 1988 3475 grans
2000 3433 2134 3476 charges
2153 3442 2245 3466 came
2263 3442 2305 3465 un
2321 3430 2469 3464 cliffans?
2485 3443 2514 3461 ιι,

576 3490 587 3506 ⁹
600 3492 676 3522 Ραιι·
694 3490 786 3522 RMS.
805 3508 845 3513 -—
866 3488 893 3506 ¹⁰
915 3491 970 3522 Vel
984 3500 1046 3521 non
1063 3493 1169 3523 tn'cam
1183 3489 1323 3523 RMS.-
1340 3490 1364 3507 ¹¹
1383 3491 1510 3530 Ecquid
1527 3492 1599 3531 plus

2782 2570 2847 2651 s.
