2970 4152
544 457 597 503 34
611 455 639 502 8
1349 450 1517 496 PETRI
1559 449 1863 496 ABAELARDI

664 549 767 593 Quos
786 559 805 581 a
826 545 938 581 domo
962 543 1112 591 propria
1755 544 1852 579 Iram
1873 543 1952 589 ejus
1969 542 2101 577 sentiat

663 608 734 643 Per
751 612 865 642 semet
882 603 1083 652 expulerit,
1695 633 1704 639 .
1755 603 1934 651 Quisquis
1952 603 2020 638 hos
2040 600 2237 637 reduxerit.

1606 653 1612 667 l

807 726 826 737 ο

1558 1017 1662 1068 III.

610 1168 943 1234 Superioribus
975 1168 1164 1216 duobus
1196 1168 1364 1216 libellis
1402 1168 1707 1233 quotidianos
1748 1169 1969 1214 seriarum
2006 1167 2210 1231 hymnos
2239 1177 2286 1214 et
2315 1166 2669 1214 solemnitatum

546 1250 814 1297 divinarum
846 1250 1066 1314 proprios
1097 1250 1392 1314 digessimus.
1432 1252 1568 1295 Nunc
1602 1265 1716 1295 vero
1755 1258 1968 1313 superest
2003 1248 2065 1295 ad
2093 1248 2294 1296 coelestis
2325 1247 2524 1312 gloriam
2550 1248 2669 1312 regis

544 1342 591 1377 et
614 1347 919 1377 communem
939 1329 1151 1376 fidelium
1177 1330 1555 1376 exhortationem
1578 1330 1728 1393 ipsam
1757 1345 1951 1393 quoque
1974 1329 2167 1394 superni
2194 1329 2374 1376 curiam
2401 1328 2563 1393 palatii
2580 1327 2671 1374 de·-

544 1411 652 1457 bitis
669 1411 988 1474 hymnorum,
1014 1420 1158 1474 prout
1180 1421 1457 1480 possumus,
1486 1409 1652 1456 efferre
1678 1410 1940 1474 praeconiis.
1980 1413 2033 1455 ln
2062 1426 2159 1473 quo
2185 1409 2381 1474 quidem
2413 1425 2559 1474 opere
2582 1408 2671 1473 ipsi

545 1509 622 1538 me
639 1491 873 1556 praecipue
890 1490 1116 1554 adjuvent
1133 1490 1309 1547 meritis
1324 1507 1530 1554 quorum
1558 1490 1771 1553 gloriosae
1796 1490 2036 1537 memoriae
2053 1489 2458 1553 qualiumcunque
2473 1488 2672 1535 laudum

546 1571 827 1618 munuscula
861 1571 1004 1636 cupio
1035 1571 1330 1635 persolvere,
1371 1571 1505 1634 juxta
1537 1570 1669 1633 quod
1701 1571 1928 1635 scriptum
1969 1580 2038 1616 est
2076 1588 2085 1615 :
2117 1570 2393 1616 «Memoria
2424 1570 2539 1632 justi
2562 1585 2673 1615 cum

546 1652 686 1699 laude
700 1655 709 1676 ¹
723 1689 735 1711 ,
759 1672 781 1695 »
812 1662 857 1699 et
880 1653 1050 1699 iterum
1072 1671 1081 1697 :
1115 1671 1137 1695 α
1166 1652 1436 1698 Laudemus
1455 1652 1583 1698 viros
1600 1650 1853 1715 gloriosos,
1874 1654 1988 1698 etc.¹
2010 1670 2033 1694 »

612 1735 707 1778 Vos
734 1749 927 1796 quoque
954 1732 1175 1792 obsecro,
1205 1748 1393 1779 sorores
1427 1732 1678 1778 carissimae
1702 1731 1986 1795 Christoque
2010 1731 2199 1790 dicatae,
2226 1747 2433 1795 quorum
2468 1731 2674 1777 maxime

545 1812 763 1877 precibus
789 1813 883 1859 hoc
909 1829 1031 1878 opus
1049 1829 1293 1877 aggressus
1320 1829 1450 1872 sum,
1478 1822 1743 1859 vestrarum
1763 1812 2004 1877 adjungite
2028 1812 2335 1860 devotionem
2372 1812 2669 1869 orationum,

543 1894 666 1940 illius
703 1911 940 1942 memores
969 1894 1226 1942 beatissimi
1252 1894 1528 1959 legislatoris
1559 1896 1642 1959 qui
1672 1894 1778 1960 plus
1801 1895 1986 1941 orando
2017 1911 2162 1958 quam
2185 1893 2393 1960 populus
2422 1887 2579 1959 potuit
2603 1893 2673 1940 di-

547 1975 809 2022 micando³.
839 1977 896 2021 Et
915 1986 967 2021 ut
985 1975 1229 2023 caritatem
1247 1985 1452 2023 vestram
1469 1976 1519 2035 in
1539 1976 1813 2022 orationum
1832 1976 1970 2040 copia
1988 1975 2167 2038 largam
2191 1974 2454 2033 inveniam,
2478 1983 2672 2038 pensate

548 2054 795 2118 diligenter
817 2072 962 2118 quam
981 2055 1232 2120 prodigam
1263 2065 1418 2102 vestra
1445 2056 1611 2120 petitio
1646 2066 1857 2103 nostram
1876 2054 2050 2102 habeat
2074 2054 2358 2102 facultatem.
2385 2057 2513 2101 Dum
2545 2054 2672 2100 enim

547 2135 717 2182 divinae
737 2136 892 2199 gratiae
916 2135 1080 2183 laudes
1098 2153 1187 2200 pro
1211 2136 1361 2183 nostri
1385 2136 1629 2200 ingeniolib
1661 2137 1886 2200 prosequi
1912 2135 2233 2194 studeremus,
2262 2135 2395 2199 quod
2418 2134 2479 2181 de
2501 2144 2674 2182 ornatu

547 2215 679 2261 deest
716 2215 1020 2278 eloquentiae,
1052 2215 1520 2280 recompensavimus
1545 2215 1838 2278 hymnorum
1868 2214 2197 2274 multitudine,
2226 2214 2420 2279 singulis
2455 2204 2676 2261 videlicet

546 2296 836 2360 singularum
861 2296 1214 2343 solemnitatum
1240 2297 1485 2343 nocturnis
1519 2297 1739 2360 proprios
1757 2305 2101 2359 componentes
2117 2294 2348 2358 hymnos,
2375 2310 2526 2358 quum
2551 2310 2676 2340 unus

549 2377 854 2423 solummodo
874 2377 1120 2441 hucusque
1143 2376 1352 2439 hymnus
1376 2377 1425 2423 in
1453 2376 1580 2423 festis
1600 2393 1794 2440 quoque
1825 2377 1946 2422 sicut
1969 2376 2018 2422 in
2048 2375 2173 2422 feriis
2185 2375 2247 2422 ad
2274 2384 2538 2421 nocturnos
2562 2390 2677 2438 prae-

551 2459 801 2504 cineretur.

615 2540 831 2594 Quatuor
871 2538 1028 2602 itaque
1057 2537 1264 2600 hymnos
1301 2537 1496 2601 singulis
1536 2537 1863 2584 festivitatibus
1894 2554 1951 2584 ea
1979 2537 2162 2583 ratione
2190 2535 2509 2593 decrevimus,
2547 2544 2601 2580 ut
2626 2534 2675 2580 in

552 2635 846 2682 unoquoque
876 2619 1020 2665 trium
1047 2629 1394 2666 nocturnorum
1422 2620 1645 2684 proprius
1671 2618 1949 2665 decantetur
1973 2617 2204 2681 hymnus,
2233 2626 2279 2664 et
2297 2616 2518 2674 laudibus
2539 2615 2677 2661 insu-

551 2715 635 2761 per
655 2699 896 2745 matutinis
928 2715 1026 2745 non
1051 2699 1173 2746 desit
1195 2715 1323 2746 suus.
1351 2701 1419 2746 Ex
1448 2698 1621 2762 quibus
1645 2715 1808 2744 rursus
1837 2708 2043 2762 quatuor
2079 2697 2388 2756 instituimus,
2427 2706 2480 2742 ut
2505 2695 2603 2741 duo
2626 2695 2675 2741 in

551 2780 707 2842 vigilia
731 2796 819 2843 pro
839 2796 938 2826 uno
957 2780 1310 2843 conjungantur
1334 2779 1517 2842 hymno
1536 2789 1582 2826 et
1606 2779 1704 2825 duo
1726 2778 1895 2842 reliqui
1914 2778 2125 2825 similiter
2143 2778 2205 2825 ad
2229 2793 2449 2843 vesperas
2468 2777 2575 2840 ipso
2599 2775 2695 2838 die,

550 2861 751 2906 solemni
792 2861 1070 2919 recitentur,
1111 2870 1193 2907 aut
1215 2861 1280 2906 ita
1305 2860 1405 2906 bini
1427 2870 1475 2907 et
1502 2860 1601 2906 bini
1631 2861 1680 2906 in
1710 2860 1902 2924 singulis
1930 2860 2135 2924 vesperis
2167 2858 2458 2917 dividantur,
2497 2867 2548 2904 ut
2565 2872 2676 2902 cum

553 2941 742 2987 duobus
758 2940 995 3005 prioribus
1013 2940 1206 3006 psalmis
1223 2957 1364 3000 unus,
1386 2951 1433 2988 et
1449 2957 1559 2987 cum
1581 2940 1771 2987 duobus
1787 2940 1979 3004 reliquis
1994 2940 2112 2988 alius
2134 2939 2427 2988 decantetur.
2448 2941 2519 2995 De
2536 2952 2677 2984 cruce

554 3031 710 3067 autem
731 3056 743 3076 ‚
775 3021 997 3079 memini,
1030 3021 1243 3085 quinque
1268 3021 1525 3085 conscripti
1541 3030 1651 3068 sunt
1663 3020 1830 3083 hymni
1848 3037 2055 3084 quorum
2078 3021 2260 3085 primus
2284 3018 2476 3083 singulis
2492 3031 2676 3081 praepo-

555 3111 693 3147 natur
719 3102 872 3161 horis,
897 3103 1100 3149 invitans
1125 3101 1377 3150 diaconem
1396 3118 1588 3148 crucem
1611 3101 1671 3149 de
1696 3102 1829 3148 altari
1845 3101 2009 3149 tollere
2032 3112 2078 3148 et
2103 3103 2151 3148 in
2178 3101 2338 3148 medio
2354 3100 2488 3146 chori
2510 3099 2678 3145 afferre

556 3189 696 3242 atque
720 3180 897 3227 ibidem
923 3199 1028 3229 eam
1047 3182 1182 3246 quasi
1210 3181 1507 3229 adorandam
1538 3197 1593 3227 ac
1625 3181 1924 3228 salutandam
1952 3192 2177 3240 statuere,
2208 3191 2259 3228 ut
2283 3181 2330 3226 in
2359 3180 2459 3242 ejus
2484 3193 2678 3242 quoque

556 3260 802 3321 praesentia
828 3270 924 3306 tota
950 3278 1036 3324 per
1059 3260 1264 3325 singulas
1287 3260 1431 3308 horas
1457 3271 1710 3325 peragatur
1731 3261 2019 3308 solemnitas.

605 3410 613 3426 ’
639 3411 753 3447 Prota,
771 3421 843 3454 cap.
862 3423 882 3444 x
894 3437 901 3451 ,
920 3423 950 3445 v,
967 3415 1045 3446 ῖ.-
1058 3413 1070 3429 ’
1086 3415 1206 3453 Εεείί.,
1224 3424 1299 3457 cap.
1320 3425 1408 3454 xuv,
1420 3424 1451 3447 v,
1474 3417 1502 3447 1.
1520 3432 1558 3437 --
1576 3413 1589 3432 ³
1604 3415 1715 3452 Num„
1730 3425 1803 3457 cap.
1827 3425 1891 3447 xvn
1906 3440 1913 3454 ‚
1928 3426 1958 3447 v.
1979 3415 1997 3446 8
2014 3421 2046 3447 et
2059 3424 2109 3457 sq.
2124 3431 2166 3437 —
2180 3413 2193 3430 ⁴
2209 3413 2268 3446 Hic
2283 3423 2343 3445 vox
2358 3412 2483 3455 aliqua,
2496 3418 2532 3444 ut
2546 3414 2675 3447 virtute,

560 3467 672 3500 deesse
690 3468 827 3501 videtur.
