2970 4152
517 366 595 413 DE
630 365 823 414 LAUDE
858 364 1062 414 SANCTl
1095 363 1382 412 STEPHANI
1421 362 1914 411 PROTOMARTYRIS
1948 359 2164 408 SERMO.
2313 360 2406 409 559

289 463 504 512 minister
525 480 684 524 meus,
708 483 732 509 »
753 481 813 512 eo
835 474 951 511 tunc
973 462 1211 510 desiderio
1244 461 1430 527 primus
1457 463 1558 527 ipse
1589 461 1824 509 diaconus
1849 469 1961 526 post
1981 475 2225 506 summum
2252 474 2408 506 sacer-

289 545 455 597 dotem
467 544 713 592 Christum
735 545 1001 604 ferebatur,
1023 560 1121 608 quo
1135 542 1452 608 postmodum
1470 544 1752 591 Laurentius
1769 542 1899 589 Sixto
1919 540 2192 589 adhaerebat
2211 539 2375 586 dicens
2395 557 2405 586 ε

291 643 316 671 «
328 627 440 683 Quo
452 624 754 690 progrederis
772 623 1002 684 sinefilio,
1016 623 1179 689 pater?
1192 625 1320 682 Quo,
1331 622 1556 670 sacerdos
1568 632 1749 682 sancte,
1766 622 1868 669 sine
1883 621 2102 668 ministro
2115 620 2371 686 properas?
2383 638 2405 663 n

288 704 648 753 Recordabatur
679 716 727 753 et
746 704 866 753 illud
893 702 1127 771 Sapientis
1159 703 1496 770 proverbium,
1521 720 1620 768 quo
1654 720 1704 750 se
1739 703 2003 767 obligatum
2038 700 2338 760 attendebat,
2364 710 2411 746 et

290 784 535 834 exsolvere
549 787 802 853 cupiebat:
826 806 851 832 «
864 787 937 834 Ad
949 802 1167 833 mensam
1182 801 1409 850 magnam
1424 785 1588 832 sedisti
1604 802 1614 830 ε
1634 785 1753 831 scito
1769 785 2001 849 quoniam
2018 793 2065 830 et
2082 783 2195 830 talia
2209 792 2256 829 te
2268 797 2412 847 opor-

289 876 357 913 tet
377 883 662 932 praeparare.
694 886 720 912 »
744 867 877 914 Sicut
901 868 1031 914 enim
1059 883 1226 914 mensa
1259 876 1331 914 est
1363 864 1628 931 corporalis
1657 864 1776 923 cibi,
1806 880 1911 928 quae
1938 880 2086 929 parva
2113 863 2287 909 dicitur
2309 880 2318 908 :
2345 862 2411 908 sic

287 956 336 994 et
363 963 528 994 mensa
555 963 731 1011 magna
763 963 819 994 ea
846 957 975 994 recte
996 957 1215 1006 vocatur,
1240 946 1372 994 unde
1399 945 1535 993 cibus
1563 945 1734 992 animae
1765 945 1815 991 in
1843 953 2142 991 sacramento
2164 942 2411 990 dominico

286 1028 506 1075 sumitur.
531 1032 667 1076 Hanc
689 1045 907 1076 mensam
927 1029 1164 1076 Dominus
1185 1029 1356 1088 erexit,
1381 1044 1533 1093 quum
1559 1028 1771 1092 seipsum
1792 1027 1841 1073 in
1869 1042 2011 1073 cruce
2041 1042 2131 1090 pro
2161 1023 2303 1071 nobis
2321 1024 2412 1070 im-

287 1108 501 1156 molavit.
528 1108 601 1156 Ad
621 1108 749 1156 hanc
769 1125 989 1157 mensam
1011 1109 1307 1169 accedimus,
1327 1125 1478 1174 quum
1500 1108 1561 1155 de
1583 1108 1720 1155 altari
1740 1107 1959 1172 corporis
1980 1116 2027 1153 et
2048 1105 2292 1169 sanguinis
2313 1104 2413 1167 ejus

285 1199 587 1236 sacramenta
600 1190 851 1257 sumimus.
873 1189 1018 1247 Quod
1033 1190 1232 1254 quidem
1245 1200 1505 1248 sumentes,
1518 1188 1637 1235 illud
1651 1187 1897 1236 attendere
1912 1187 2162 1245 debemus,
2179 1184 2313 1250 quod
2326 1185 2415 1230 ista

285 1279 527 1337 sumentes
560 1270 775 1317 Christus
806 1269 1054 1317 admonet¹
1083 1288 1094 1316 ε
1128 1290 1151 1316 «
1182 1274 1286 1318 Hoc
1307 1271 1470 1330 facite,
1491 1290 1515 1315 »
1541 1270 1697 1335 inquit
1711 1307 1722 1329 ,
1752 1289 1775 1314 «
1806 1270 1854 1316 in
1885 1285 2043 1315 meam
2070 1281 2417 1314 commemora·

284 1353 484 1399 tionem.
521 1370 544 1395 »
577 1355 641 1399 Ac
664 1353 710 1399 ss
728 1362 892 1417 aperte
914 1352 1044 1398 dicat
1064 1370 1074 1398 :
1095 1355 1198 1399 Hoc
1221 1353 1269 1399 in
1295 1353 1581 1399 memoriam
1601 1368 1718 1398 meae
1738 1351 1973 1416 passionis
1995 1350 2061 1396 ita
2082 1347 2319 1395 celebrate
2340 1362 2415 1393 sa-

285 1436 621 1492 cramentum’,
640 1443 694 1480 ut
710 1432 772 1480 ad
789 1432 1186 1497 compatiendum
1201 1449 1292 1498 pro
1308 1449 1404 1493 me,
1425 1434 1530 1498 ipsa
1542 1449 1630 1479 vos
1646 1441 1899 1497 promptos
1915 1438 2148 1495 praeparet
2163 1427 2411 1474 memoria.

287 1516 349 1560 Ut
364 1513 493 1560 enim
513 1512 770 1579 Apostolus
787 1513 1053 1559 meminifl:
1079 1531 1104 1557 α
1128 1497 1177 1559 Si
1199 1513 1539 1577 compatimur,
1565 1523 1612 1559 et
1634 1511 2054 1575 conregnabimus.
2079 1528 2102 1554 »
2122 1511 2284 1565 Quum
2302 1524 2415 1553 vero

287 1594 629 1659 compatiendo
652 1593 861 1652 Christo,
886 1594 1042 1640 vicem
1064 1592 1108 1640 ei
1130 1593 1378 1640 reddimus
1405 1611 1416 1639 :
1443 1594 1581 1658 quasi
1606 1593 1668 1639 de
1690 1609 1856 1639 mensa
1879 1591 2088 1656 potentis
2111 1599 2301 1654 sumpta
2325 1588 2416 1634 fer-

286 1674 394 1722 cula
416 1690 864 1740 recompensamus,
884 1684 938 1721 ut
960 1684 1007 1722 et
1029 1690 1118 1721 nos
1141 1690 1251 1721 eum
1275 1673 1544 1721 reficiamus
1566 1674 1627 1721 de
1645 1683 1813 1720 nostro
1827 1710 1838 1731 ,
1858 1673 1980 1720 sicut
2001 1682 2049 1719 et
2072 1671 2149 1718 ille
2172 1687 2261 1717 nos
2284 1670 2417 1717 satia-

286 1755 355 1801 vit
375 1754 437 1802 de
453 1770 567 1814 suo;
592 1765 641 1802 et
662 1755 918 1802 nobiscum
942 1756 1042 1820 ipse
1065 1765 1245 1814 coenet,
1265 1772 1377 1802 cum
1399 1771 1498 1819 quo
1522 1771 1612 1802 nos
1634 1756 1767 1820 prius
1789 1754 2100 1801 coenavimus.
2122 1753 2239 1810 Quis
2257 1761 2417 1799 autem

286 1835 502 1882 minister
530 1835 580 1882 in
603 1851 770 1883 mensa
797 1835 999 1894 Christi,
1025 1836 1116 1882 nisi
1145 1835 1378 1883 diaconus
1406 1835 1701 1899 intelligitur,
1725 1835 1808 1900 qui
1838 1845 1885 1882 et
1910 1835 2064 1900 ipsam
2092 1832 2252 1880 altaris
2280 1849 2415 1879 men—

286 1931 389 1963 sam
403 1953 415 1975 ,
432 1927 492 1964 -et
515 1917 564 1963 in
588 1933 641 1964 ea
666 1916 1006 1964 consecrandae
1030 1915 1198 1964 hostiae
1220 1927 1519 1964 sacramenta
1541 1916 1821 1981 componit?
1844 1916 1982 1962 Unde
2003 1915 2128 1962 bene
2151 1930 2418 1962 memorem

286 1994 428 2060 hujus
450 1996 617 2043 hostiae
646 1997 805 2062 ipsum
833 2013 935 2044 esse
957 1998 1210 2056 convenit,
1238 1997 1372 2060 cujus
1395 1997 1633 2062 praecipue
1661 1996 1927 2042 ministerio
1957 2005 2204 2053 tractatur,
2230 2004 2283 2041 ut
2306 1994 2419 2040 inde

286 2077 457 2123 merito
487 2077 669 2141 primus
703 2077 782 2124 hic
811 2077 1046 2124 diaconus
1081 2076 1147 2124 illi
1179 2093 1372 2124 summo
1403 2076 1641 2124 sacerdoti
1673 2077 1722 2123 in
1757 2076 1848 2123 hac
1874 2075 2288 2140 recompensanda
2316 2075 2419 2120 vice

285 2156 578 2203 succederet.
606 2157 751 2220 Cujus
773 2157 971 2221 quidem
998 2156 1192 2204 laudem
1221 2173 1374 2221 quum
1405 2157 1454 2203 in
1483 2156 1743 2203 concilium
1768 2156 2029 2204 advocatus
2051 2166 2196 2213 esset,
2224 2165 2276 2202 ut
2298 2155 2418 2201 dixi-

287 2252 411 2295 mus,
431 2236 493 2284 ad
510 2236 860 2295 accusandum,
881 2236 1172 2300 evangelista
1193 2253 1492 2302 prosequens
1507 2237 1597 2284 ait⁸
1617 2255 1626 2282 ε
1651 2255 1674 2282 «
1696 2238 1753 2283 Et
1772 2237 2013 2283 intuentes
2028 2236 2076 2282 in
2097 2251 2208 2282 eum
2231 2251 2416 2293 omnes,

287 2317 370 2380 qui
397 2316 631 2364 sedebant
661 2317 709 2363 in
732 2317 940 2364 concilio
956 2354 968 2375 ,
1001 2317 1227 2364 viderunt
1256 2316 1424 2364 faciem
1454 2318 1577 2381 ejus,
1612 2326 1843 2382 tanquam
1875 2316 2045 2363 faciem
2071 2315 2242 2379 angeli.
2267 2335 2289 2359 υ
2316 2318 2419 2362 Jam

288 2398 416 2444 enim
439 2399 487 2444 in
508 2414 567 2444 eo
590 2398 759 2444 futurae
773 2398 881 2445 vitae
903 2398 1054 2461 gloria
1073 2398 1410 2463 resplendebat
1423 2435 1435 2456 ,
1453 2414 1600 2463 quam
1618 2397 1839 2445 fidelibus
1860 2398 1957 2444 suis
1978 2397 2281 2462 promittens,
2301 2397 2416 2443 ait⁶z

291 2496 315 2521 «
340 2476 411 2523 Ibi
451 2477 582 2524 enim
621 2493 780 2541 neque
820 2477 1006 2524 nubent
1021 2514 1032 2536 ,
1069 2493 1227 2541 neque
1268 2476 1513 2524 nubentur
1540 2496 1549 2524 :
1583 2477 1668 2524 sed
1711 2487 1852 2524 erunt
1892 2477 2013 2524 sicut
2054 2476 2208 2540 angeli
2245 2477 2332 2523 Dei
2368 2477 2415 2522 in

287 2556 467 2604 coelo.»
486 2560 545 2604 Et
567 2557 898 2622 Αροοιιζγρψτζς(Ξ
915 2575 928 2604 .·
948 2576 971 2602 «
989 2559 1227 2617 Mensura,
1244 2576 1269 2603 »
1293 2557 1472 2622 inquit,
1494 2557 1763 2616 «hominis,
1783 2574 1888 2622 quae
1906 2567 1952 2604 et
1972 2557 2143 2620 angeli.
2160 2557 2418 2620 »Legimus

289 2637 553 2684 Dominum
575 2637 623 2683 in
646 2636 1065 2701 transfiguratione
1085 2653 1173 2685 sua
1194 2647 1429 2703 tanquam
1451 2638 1602 2685 solem
1626 2638 1745 2685 facie
1767 2637 2116 2703 resplenduisse
2135 2655 2145 2683 ε
2168 2637 2309 2701 hujus
2333 2654 2417 2684 au·

290 2726 386 2765 tem
410 2718 580 2764 faciem
608 2727 840 2782 tanquam
869 2718 1024 2782 angeli
1047 2718 1318 2766 audivimus
1342 2718 1516 2766 saetam
1539 2735 1662 2777 esse,
1688 2718 1822 2783 quod
1845 2735 1935 2765 nec
1956 2718 2311 2784 apostolorum,
2330 2735 2418 2765 nec

290 2807 569 2867 sanctorum
597 2798 824 2862 cuiquam
846 2814 991 2858 sacrae
1012 2798 1238 2847 historiae.
1264 2800 1477 2847 Statutus
1498 2810 1659 2847 autem
1683 2809 1731 2847 et
1760 2800 2078 2863 interrogatus
2107 2800 2155 2845 in
2185 2799 2414 2858 concilio,
2438 2788 2445 2793 ⁸

290 2887 471 2942 quanta
491 2877 773 2925 fortitudine
795 2879 939 2926 animi
969 2889 1112 2944 atque
1134 2881 1405 2928 constantia
1427 2880 1596 2946 plenus
1619 2891 1764 2940 esset,
1791 2881 1999 2946 propriis
2023 2880 2264 2945 responsis
2286 2880 2416 2926 exhi-

290 2958 395 3005 buit
413 2977 422 3005 :
440 2975 545 3023 quae
560 2959 758 3023 quidem
778 2959 861 3006 tali
878 2958 974 3006 fine
991 2960 1305 3021 concludens,
1325 2962 1411 3008 ait⁷
1431 2979 1441 3009 :
1465 2980 1489 3007 «
1505 2964 1637 3009 Dura
1652 2962 1854 3021 cervice,
1875 2972 1921 3009 et
1938 2962 2257 3009 incircumcisi
2272 2961 2419 3008 corde

290 3050 338 3087 et
359 3040 573 3099 auribus,
599 3058 685 3088 vos
716 3057 906 3106 semper
927 3042 1124 3107 Spiritui
1147 3053 1315 3091 sancto
1337 3044 1572 3091 restitistis
1596 3063 1606 3091 ε
1634 3044 1755 3091 sicut
1777 3054 1936 3110 patres
1955 3044 2123 3103 vestri,
2149 3043 2214 3091 ita
2239 3054 2287 3091 et
2312 3060 2415 3091 vos.

291 3123 447 3179 Quem
479 3121 831 3190 prophetarum
871 3138 971 3169 non
1006 3132 1120 3170 sunt
1147 3125 1383 3189 persecuti
1416 3134 1575 3190 patres
1602 3126 1772 3172 vestri?
1796 3128 1855 3172 Et
1882 3124 2163 3172 occiderunt
2194 3141 2300 3183 eos,
2338 3124 2422 3189 qui

290 3203 699 3267 praenuntiabant,
734 3203 868 3268 cujus
898 3221 986 3252 vos
1018 3221 1149 3253 nunc
1183 3206 1455 3272 proditores
1487 3217 1534 3255 et
1567 3207 1822 3255 homicidae
1850 3206 2024 3267 fuistis,
2059 3207 2142 3271 qui
2177 3207 2422 3271 accepistis

338 3374 347 3391 ⁴
375 3376 470 3418 Luc„
489 3387 564 3421 cap.
584 3389 673 3420 χιιι,
689 3388 721 3415 v.
742 3379 793 3412 19.
814 3397 847 3403 -
865 3377 879 3395 ¹
895 3377 963 3413 MS.
982 3378 1073 3413 Eius.
1086 3397 1109 3405 -
1124 3381 1204 3414 Hoec
1217 3391 1334 3415 sacra-
1388 3393 1420 3416 v.
1444 3383 1496 3416 15.
1508 3400 1551 3407 —-
1566 3382 1579 3400 ⁸
1596 3395 1611 3412 ι
1628 3382 1664 3416 In
1679 3381 1919 3416 resurrectione
1934 3381 2021 3416 enim
2036 3392 2142 3427 neque
2159 3382 2303 3424 nubent,
2318 3392 2422 3425 neque

292 3441 397 3467 menta
417 3434 471 3468 ed.
493 3434 588 3469 Amb.
611 3453 652 3459 —
676 3435 690 3454 ⁸
711 3447 726 3466 α
747 3436 781 3470 Si
799 3436 1031 3471 sustinebimus
1059 3443 1093 3471 et
1119 3437 1334 3483 conregnabi-
1388 3438 1586 3474 nubentur.»
1601 3439 1743 3480 Manli„
1757 3449 1831 3483 cap.
1848 3449 1975 3480 xxmv,
1993 3438 2246 3481 30.)-⁰Apoc.,
2265 3449 2339 3482 cap.
2353 3448 2420 3476 xxi,

293 3500 375 3525 inus.
393 3503 408 3521 ι
423 3489 527 3533 (Tim.
543 3491 595 3531 ΙΙ,
616 3502 691 3536 cap.
706 3503 748 3534 u,
765 3503 797 3527 v.
817 3495 885 3537 12.)
897 3493 1045 3529 —⁴Act.
1061 3495 1187 3538 Apost„
1199 3505 1274 3539 cap.
1286 3507 1332 3539 vi,
1389 3507 1420 3530 v.
1441 3497 1550 3531 17.—
1565 3495 1578 3514 “’
1594 3497 1665 3530 Ace.
1685 3497 1811 3539 Apost„
1825 3506 1900 3540 cap.
1918 3507 1961 3529 vn
1974 3521 1982 3538 ,
1997 3506 2027 3529 v.
2046 3496 2100 3528 51.
