2970 4152
1239 383 1556 431 EPISTOLAE.
2406 388 2422 432 4
2437 388 2464 432 5

350 484 608 535 honestatis
648 479 994 547 impudentiam
1015 480 1026 502 ¹
1066 487 1310 542 temperet.
1353 480 1594 524 Memento
1632 478 1874 524 Socratem
1918 486 2171 525 uxoratum
2208 477 2374 537 fuisse,
2422 490 2468 526 et

350 580 495 629 quam
525 562 652 610 foedo
681 578 794 609 casu
816 560 942 607 hanc
971 556 1283 624 philosophiae
1316 556 1474 604 labem
1491 557 1592 622 ipse
1609 557 1766 621 primo
1795 557 1962 618 luerit,
1990 567 2043 604 ut
2067 556 2291 622 deinceps
2315 561 2468 604 caeteri

349 643 568 708 exemplo
595 640 696 706 ejus
719 641 953 688 cautiores
977 637 1293 686 efficerentur.
1324 637 1469 694 Quod
1498 652 1589 683 nec
1622 636 1723 701 ipse
1751 632 1956 702 praeterit
1985 638 2302 701 Hieronymus
2327 637 2391 684 ita
2417 638 2466 684 in

349 724 505 788 primo
535 725 712 769 Contra
735 721 1037 768 Jovz'nz‘anum
1060 719 1122 766 de
1154 719 1258 784 ipso
1286 717 1497 765 scribens
1515 718 1708 764 Socrate
1733 735 1743 764 z
1777 737 1800 762 «
1824 718 2047 776 Quodam
2073 723 2233 766 autem
2252 729 2468 784 tempore

350 819 501 866 quum
525 801 709 848 infinita
737 800 953 848 convicia
978 817 1036 847 ex
1067 799 1312 864 superiore
1335 798 1444 845 loco
1472 797 1707 862 ingerenti
1739 798 2021 865 Xanthippae
2041 800 2307 859 restitisset,
2347 816 2469 864 aqua

352 882 573 947 profusus
603 880 876 941 immunda,
910 880 1029 927 nihil
1054 878 1300 944 respondit
1326 878 1527 944 amplius
1543 914 1556 938 ,
1590 894 1736 942 quam
1764 879 1918 944 capite
1951 879 2139 927 deterso
2153 881 2189 925 ἐ
2225 879 2465 938 Sciebam,

352 962 528 1026 inquit,
564 961 777 1008 futurum
805 970 859 1008 ut
887 960 975 1008 ista
1008 960 1219 1007 tonitrua
1251 957 1406 1006 imber
1441 968 1732 1023 sequeretur.
1767 977 1808 1024 ”t
1819 958 2035 1007 Addebat
2063 958 2269 1023 denique
2294 960 2396 1025 ipsa
2426 970 2472 1006 et

350 1058 496 1107 quam
533 1042 855 1108 periculosum
901 1040 1018 1088 mihi
1062 1050 1185 1087 esset
1219 1056 1326 1087 eam
1362 1039 1613 1100 reducere,
1654 1049 1702 1087 et
1733 1055 1879 1104 quam
1913 1039 2001 1088 sibi
2037 1040 2190 1087 carius
2224 1041 2439 1089 existeret
2455 1076 2466 1097 ,

353 1123 565 1188 mihique
589 1118 834 1170 honestius
857 1122 1061 1169 amicam
1081 1120 1175 1168 dici
1193 1137 1339 1186 quam
1357 1120 1557 1167 uxore'm
1570 1156 1583 1181 ,
1614 1130 1666 1167 ut
1690 1136 1768 1168 me
1792 1120 1836 1167 ei
1861 1120 1961 1167 sola
1978 1121 2126 1185 gratia
2151 1120 2467 1179 conservaret,

353 1220 454 1251 non
487 1204 557 1251 vis
591 1201 748 1267 aliqua
779 1201 956 1250 vinculi
988 1200 1212 1267 nuptialis
1244 1200 1612 1272 constringeret3
1654 1209 1885 1265 tantoque
1918 1215 2008 1247 nos
2032 1200 2160 1265 ipsos
2192 1199 2252 1246 ad
2286 1210 2473 1265 tempus

352 1294 591 1349 separatos
617 1283 821 1348 gratiora
855 1282 916 1330 de
952 1291 1193 1329 conventu
1219 1291 1386 1328 nostro
1417 1281 1662 1347 percipere
1693 1280 1892 1346 gaudia,
1922 1290 2102 1345 quanto
2135 1280 2329 1327 rariora.
2367 1283 2475 1327 Haec

353 1364 591 1421 etsimilia
614 1363 906 1430 persuadens
931 1379 1014 1410 seu
1039 1361 1318 1410 dissuadens
1336 1398 1348 1422 ,
1378 1379 1529 1427 quum
1554 1378 1711 1410 meam
1736 1361 1987 1409 deflectere
2017 1377 2118 1408 non
2146 1371 2306 1426 posset
2330 1361 2476 1408 stulti-

352 1444 467 1491 tiam
483 1480 495 1504 ,
534 1460 624 1491 nec
667 1460 746 1491 me
788 1440 1039 1490 sustineret
1076 1441 1346 1501 offendere3
1382 1442 1624 1508 suspirans
1660 1441 1968 1489 vehementer
1995 1451 2042 1488 et
2077 1440 2341 1505 lacrymans
2371 1457 2477 1506 per—

353 1526 621 1572 orationem
639 1541 774 1572 suam
801 1523 882 1572 tali
906 1523 1003 1572 fine
1021 1523 1292 1571 terminavit
1311 1541 1320 1569 :
1353 1542 1377 1567 «
1402 1526 1587 1583 Unum,
1612 1542 1635 1567 υ
1659 1523 1815 1587 inquit
1829 1558 1841 1582 ,
1869 1542 1892 1568 «
1912 1522 1975 1570 ad
2001 1521 2219 1570 ultimum
2237 1532 2403 1579 restat,
2425 1533 2479 1570 ut

355 1604 404 1651 in
437 1605 706 1670 perditione
725 1607 739 1630 ³
770 1604 1005 1662 duorum,
1042 1604 1202 1651 minor
1238 1620 1338 1651 non
1365 1603 1588 1652 succedat
1617 1603 1758 1652 dolor
1790 1621 1936 1669 quam
1966 1589 2201 1670 praecessit
2234 1620 2370 1651 amor
2388 1606 2416 1650 ⁸.
2451 1624 2474 1647 »

355 1687 450 1732 Nec
474 1685 523 1731 in
553 1684 648 1732 hoc
684 1685 754 1744 ei,
777 1685 898 1732 sicut
925 1684 1174 1731 universus
1201 1683 1394 1747 agnovit
1413 1683 1622 1731 mundus
1636 1720 1648 1743 ,
1671 1683 1934 1749 prophetiae
1954 1683 2102 1732 defuit
2121 1684 2326 1750 spiritus
2357 1686 2475 1731 Nato

353 1764 512 1828 itaque
539 1764 740 1829 parvulo
774 1773 939 1810 nostro
973 1763 1127 1810 sorori
1161 1779 1277 1810 meae
1307 1763 1646 1811 commendato
1663 1799 1676 1824 ,
1711 1763 1915 1811 Parisius
1948 1763 2132 1811 occulte
2166 1764 2445 1811 revertimur
2460 1799 2472 1823 ‚

354 1855 402 1892 et
425 1854 535 1911 post
566 1861 746 1911 paucos
773 1843 892 1903 dies,
930 1852 1071 1890 nocte
1100 1843 1291 1890 secretis
1326 1844 1599 1890 orationum
1622 1843 1791 1918 ‘'El-12⁵
1817 1844 1867 1890 in
1898 1843 2106 1908 quadam
2140 1844 2336 1891 ecclesia
2359 1844 2477 1891 cele-

354 1924 527 1985 bratis,
555 1924 734 1972 ibidem
760 1940 950 1971 summo
974 1939 1116 1970 mane
1129 1959 1142 1983 ,
1170 1922 1408 1970 avunculo
1435 1923 1536 1987 ejus
1561 1933 1704 1989 atque
1728 1922 2015 1988 quibusdam
2036 1924 2211 1970 nostris
2234 1923 2310 1970 vel
2335 1924 2479 1989 ipsius

355 2006 519 2053 amicis
543 2005 866 2054 assistentibus
881 2041 894 2066 ,
924 2004 1123 2072 nuptiali
1145 2004 1482 2053 benedictione
1499 2005 1899 2075 cgnfmderamur.
1929 2007 2134 2070 Moxque
2159 2004 2344 2053 occulte
2362 2005 2478 2052 divi-

354 2086 444 2141 sjm
467 2086 801 2148 abscessimus,
830 2103 920 2135 nec
944 2103 1034 2134 nos
1066 2086 1263 2135 ulterius
1296 2086 1387 2133 nisi
1410 2102 1520 2134 raro
1544 2071 1838 2152 latenterque
1868 2086 2101 2147 vidimus,
2130 2070 2478 2133 dissimulantes

354 2166 616 2232 plurimum
655 2168 790 2233 quod
829 2184 1092 2233 egeramus·
1138 2166 1412 2215 Avunculus
1456 2177 1616 2215 autem
1656 2168 1828 2234 ipsius,
1876 2177 2018 2233 atque
2060 2166 2308 2214 domestici
2351 2167 2474 2231 ejus,

355 2248 625 2312 ignominiae
656 2266 750 2297 suae
787 2249 1008 2297 solatium
1033 2257 1321 2313 quaerentes,
1357 2248 1528 2295 initum
1555 2249 1915 2296 matrimonium
1949 2246 2215 2312 divulgare,
2251 2258 2297 2295 et
2334 2247 2477 2295 fidem

359 2328 476 2375 mihi
496 2346 638 2395 super
668 2329 763 2377 hoc
788 2329 948 2377 datam
974 2328 1153 2376 violare
1176 2338 1454 2394 coeperunt3
1483 2328 1561 2376 illa
1586 2339 1745 2377 autem
1774 2346 1801 2377 e
1823 2339 1989 2376 contra
2013 2327 2409 2376 anathematizare
2436 2339 2479 2374 et

354 2408 538 2471 jurare,
572 2410 685 2475 quia
714 2410 1015 2457 falsissimum
1043 2412 1196 2458 esset⁸.
1238 2408 1379 2456 Unde
1411 2409 1717 2458 vehementer
1740 2409 1818 2457 ille
1843 2395 2114 2457 commotus
2129 2440 2143 2469 ,
2175 2409 2352 2456 crebris
2376 2424 2479 2455 eam

357 2490 656 2537 contumeliis
679 2489 927 2537 afficiebat.
971 2489 1117 2548 Quod
1151 2507 1303 2554 quum
1336 2507 1425 2554 ego
1456 2491 1815 2555 cognovissem,
1853 2491 2089 2538 transmisi
2113 2506 2219 2537 eam
2245 2489 2306 2536 ad
2337 2488 2480 2535 abba-

359 2569 473 2616 tiam
503 2569 763 2633 quamdam
787 2569 1216 2616 sanctimonialium
1237 2586 1389 2635 prope
1408 2570 1613 2617 Parisius
1628 2606 1640 2630 ,
1669 2587 1774 2635 quae
1802 2569 2135 2635 Argenteolum
2159 2568 2475 2634 appellatur⁶:

361 2649 442 2696 ubi
474 2650 575 2715 ipsa
610 2649 726 2697 olim
757 2649 967 2715 puellula
1003 2650 1202 2698 educata
1246 2649 1422 2710 fuerat,
1464 2659 1606 2716 atque
1635 2651 1836 2698 erudita.
1871 2653 2034 2698 Vestes
2070 2664 2262 2714 quoque
2297 2649 2340 2696 ei
2375 2649 2480 2696 reli·

362 2731 542 2794 gionis,
577 2746 683 2794 quae
713 2730 1014 2777 conversioni
1031 2732 1044 2754 '¹
1084 2731 1357 2779 monasticae
1395 2731 1735 2791 convenirent,
1771 2741 1972 2798 excepto
2002 2730 2136 2791 velo,
2173 2730 2322 2795 aptari
2360 2730 2445 2777 feci
2466 2767 2477 2789 ,

362 2820 409 2857 et
431 2810 505 2857 his
527 2826 634 2857 eam
659 2810 810 2857 indui.
835 2812 944 2867 Quo
969 2809 1159 2870 audito,
1183 2809 1446 2857 avunculus
1463 2821 1512 2859 et
1530 2812 1871 2877 consanguinei
1896 2828 1979 2859 seu
2005 2809 2168 2859 affines
2185 2810 2285 2873 ejus
2303 2811 2480 2875 opinati

407 2949 416 2966 ¹
438 2950 575 2990 Impetus
602 2956 672 2982 tuos
699 2950 853 2982 violentos
878 2956 908 2981 et
935 2957 1042 2990 turpes
1058 2948 1152 2982 RMS.
1169 2964 1213 2972 —
1230 2948 1242 2965 ⁸
1259 2948 1402 2981 nemim
1677 2951 1745 2977 Aius
1758 2951 1775 2976 li
1791 2950 1883 2976 snisnit
1897 2951 1921 2975 ta
1937 2958 2024 2983 nenne
2036 2949 2114 2975 dame

361 3005 427 3039 MS.
449 3005 543 3039 Amb.
566 3024 597 3029 —
619 3005 633 3022 ²
651 3006 763 3038 Exitio
782 3006 917 3048 infando
933 3004 1030 3039 mis.
1043 3024 1079 3029 --
1097 3004 1111 3022 ⁴
1130 3005 1300 3049 Egregium
1318 3005 1402 3038 hanc
1675 2997 1902 3053 ⁸³‘¹¹·²”¹‘¹¹‘¹⁸¹¹²
1916 3002 1941 3023 ²³
1954 2997 2016 3052 ''³¹⁰“
2030 2997 2136 3053 ¹⁹²²&-

362 3060 517 3096 Heloissae
533 3062 575 3095 de
592 3061 799 3096 matrimonio
818 3061 998 3095 orationem
1015 3068 1142 3105 spectat
1168 3067 1280 3094 noster
1298 3061 1400 3094 Jehan
1677 3048 1710 3073 Et
1723 3047 1786 3073 ''¹⁶''
1799 3050 1907 3076 ⁰¹¹¹⁸¹¹¹³
1922 3050 1947 3071 ⁹¹
1961 3044 2023 3072 ''¹⁰‘’
2037 3054 2127 3075 ‘'¹¹¹⁶‘’

363 3118 405 3152 de
422 3118 539 3162 Meung
556 3119 588 3151 in
610 3117 823 3152 celeberrimo
846 3124 998 3161 poemate
1026 3118 1150 3150 Roman
1175 3119 1214 3150 de
1241 3120 1273 3150 la
1300 3118 1400 3156 Rose,

364 3175 537 3208 novissimo
566 3175 654 3209 edito
674 3185 693 3208 a
720 3174 815 3208 Meon
833 3198 842 3214 ,
871 3174 1018 3212 Parisiis,
1044 3175 1148 3213 1813,
1171 3173 1275 3215 in-80‚
1303 3180 1325 3207 t.
1348 3173 1375 3207 ll
1393 3198 1402 3212 .

1678 3096 1828 3129 Argumens
1842 3094 1856 3119 ὲ
1870 3094 1888 3120 li
1902 3094 2030 3124 chastier.

1677 3144 1749 3175 Qu'il
1763 3152 1791 3169 se
1806 3141 1914 3176 gardnst
1924 3142 1958 3167 de
1971 3143 2115 3171 marien...
2126 3154 2139 3167 n

365 3241 397 3273 p.
418 3231 481 3263 2¹3
503 3244 510 3263 :
1446 3215 1564 3248 Omitto
1593 3224 1663 3259 quae
1694 3219 1884 3258 sequuntur.
1916 3212 1966 3247 Cf.
1996 3212 2189 3248 manuscrits
2206 3216 2356 3256 franceis
2385 3218 2422 3246 (ie
2450 3217 2481 3245 la

594 3297 608 3311 «
623 3288 727 3313 Pium
739 3286 863 3314 Abailrm
875 3285 1026 3312 montem
1448 3271 1667 3311 Bibliotheque
1681 3272 1721 3303 du
1734 3271 1808 3309 Roi,
1819 3276 1899 3311 etc„
1915 3277 2000 3303 auct.
2015 3270 2126 3303 Paulin
2143 3270 2245 3312 Paris,
2256 3269 2323 3311 t.V,
2335 3274 2372 3302 n⁰
2384 3271 2462 3303 7071
2475 3295 2482 3309 ,

595 3337 653 3367 Que
667 3343 730 3362 saer
743 3335 848 3366 ticinis.
862 3334 992 3361 l'abeesse
1449 3341 1484 3373 p.
1501 3329 1561 3368 39;
1577 3328 1738 3365 Abdum,
1754 3332 1840 3359 auct.
1859 3325 2011 3360 Rdmusat
2022 3353 2030 3367 ,
2045 3333 2067 3360 t.
2086 3327 2099 3360 l
2112 3352 2121 3368 ,
2135 3338 2170 3371 p.
2184 3328 2237 3359 60.
2251 3342 2294 3352 ·-
2308 3326 2321 3343 ⁵
2338 3328 2404 3359 Hoc
2418 3337 2483 3359 esse

596 3385 638 3410 ⁰¹⁸
652 3384 787 3414 Paraclet,
801 3383 848 3419 qui
866 3383 895 3409 ἢ·
908 3383 1019 3413 ⁸'¹¹¹²¹³⁰·
1448 3387 1652 3424 salsissimum
1682 3382 1776 3416 RMS.
1799 3401 1842 3407 —
1865 3382 1878 3400 ⁶
1902 3382 1984 3416 Vide
2012 3390 2079 3417 not.
2111 3394 2190 3417 xxn.
2216 3401 2256 3408 —-
2280 3384 2290 3398 '¹
2311 3383 2482 3416 Conversa·

597 3431 733 3458 Ace-order
746 3441 779 3458 ne
793 3440 820 3458 sc
835 3431 919 3457 voloit
932 3432 1002 3460 mie,
1452 3444 1529 3476 ‘iom-
1556 3439 1636 3474 ABG
1660 3447 1693 3472 et
1710 3439 1775 3472 MS·
1797 3439 1892 3473 Amb-

599 3481 648 3505 Por
662 3480 733 3506 tiens
747 3480 815 3514 qu'il
829 3480 852 3506 ln
867 3481 951 3514 probis!
965 3480 979 3505 h
993 3479 1063 3506 fame
1080 3491 1085 3505 ε

2513 1533 2684 1575 prophetia
2703 1533 2767 1564 He-

2582 1577 2697 1609 loissae.

2549 1856 2736 1889 Abaelardus

2512 1900 2689 1950 Heloissam
2712 1900 2770 1932 du-

2522 1951 2564 1976 (ῚῙ
2573 1954 2604 1975 m
2614 1953 2760 1976 uxorem.
