2970 4152
526 427 618 472 426
1108 422 1279 468 PETRI
1315 420 1629 469 ABAELARDI
1663 421 1736 468 ET
1769 423 2069 469 HELOISSAE

524 528 850 583 operarentur.
880 515 1010 562 Tales
1025 515 1240 579 profecto
1266 515 1332 561 illi
1362 525 1499 562 erant
1529 515 1768 580 discipuli,
1800 516 1973 580 quibus
1991 516 2040 562 in
2057 515 2301 562 castellum
2328 518 2500 564 Emaus
2524 507 2638 564 eun-

524 599 669 656 tibus,
694 609 740 644 et
767 595 1071 660 loquentibus
1097 595 1361 642 adinvicem
1383 595 1444 642 de
1469 596 1543 643 his
1568 596 1792 643 omnibus
1815 613 1920 661 quae
1945 596 2217 643 acciderant
2241 596 2355 662 ipsi,
2389 599 2607 662 apparuit
2623 635 2634 657 ,

524 690 568 724 et
594 694 762 725 eorum
787 677 1168 741 desperationem
1185 679 1196 701 ¹
1222 677 1439 723 correxit.
1461 677 1588 734 Quid
1614 677 1820 740 denique
1840 679 2004 723 Petrus
2026 676 2102 723 vel
2127 676 2280 723 caeteri
2298 675 2639 742 discipulorum

525 768 692 823 praeter
711 757 857 803 verba
885 766 998 803 tunc
1021 755 1294 802 habuerunt
1308 792 1320 816 ,
1348 741 1499 820 quum
1525 756 1586 803 ad
1611 756 1900 803 dominicam
1918 765 2116 802 ventum
2136 766 2257 803 esset
2274 757 2567 821 passionem,
2596 768 2643 804 et

526 840 623 902 ipse
664 838 897 883 Dominus
934 835 1147 884 futurum
1189 837 1256 883 eis
1292 837 1353 883 de
1394 838 1615 902 passione
1649 845 1731 884 sua
1763 835 2043 883 scandalum
2088 836 2378 901 praedixisset
2398 837 2418 882 Ξ)
2457 856 2480 882 «
2527 841 2582 884 Et
2605 839 2641 884 si

528 934 708 975 omnes,
726 911 750 961 '»
767 918 921 981 inquit
932 918 1135 976 Petrus²,
1161 936 1184 962 «
1204 916 1502 964 scandalizati
1519 917 1748 963 fuerintin
1770 926 1837 975 te,
1858 932 1946 979 ego
1959 932 2205 981 nunquam
2224 916 2592 964 scandalizabor.
2617 936 2639 960 ι)

531 1001 584 1043 Et
614 998 785 1043 iterum
801 999 840 1043 ³:
869 1016 891 1041 «
916 997 1068 1043 Etiam
1101 997 1141 1043 si
1166 998 1430 1062 oportuerit
1460 1013 1537 1043 me
1566 997 1690 1043 mori
1715 1006 1895 1055 tecum,
1924 1011 2023 1042 non
2050 1006 2097 1043 te
2121 995 2322 1060 negabo,
2352 996 2575 1044 Similiter
2598 1006 2645 1043 et

528 1093 695 1122 omnes
715 1076 934 1140 discipuli
953 1077 1187 1122 dixerunt.
1217 1095 1240 1119 υ
1263 1077 1522 1135 Dixerunt‚
1546 1077 1742 1140 inquam
1760 1111 1772 1135 ,
1800 1076 1959 1141 potius
1985 1089 2129 1139 quam
2152 1076 2380 1122 fecerunt.
2410 1076 2492 1123 Ille
2516 1077 2643 1123 enim

530 1157 708 1220 primus
727 1167 772 1203 et
791 1157 1024 1203 maximus
1040 1157 1368 1221 apostolorum
1385 1193 1397 1215 ‚
1427 1158 1509 1220 qui
1535 1167 1714 1203 tantam
1733 1158 1780 1203 in
1801 1156 1957 1203 verbis
1974 1155 2206 1203 habuerat
2228 1158 2566 1215 constantiam,
2593 1167 2645 1203 ut

530 1238 737 1283 Domino
761 1237 938 1284 diceret
961 1239 974 1262 '⁹
1003 1256 1012 1283 :
1052 1257 1075 1282 «
1103 1240 1277 1284 Tecum
1311 1247 1501 1302 paratus
1538 1253 1644 1284 sum
1669 1247 1715 1284 et
1746 1238 1794 1283 in
1830 1253 2095 1295 carcerem,
2122 1246 2169 1283 et
2193 1237 2242 1283 in
2269 1247 2473 1284 mortem
2498 1238 2594 1296 ire;
2619 1255 2644 1280 »

529 1318 605 1362 cui
630 1327 744 1364 tunc
769 1329 814 1364 et
840 1318 1073 1364 Dominus
1102 1318 1358 1364 Ecclesiam
1385 1334 1517 1364 suam
1543 1318 1805 1383 specialiter
1829 1317 2132 1364 committens
2149 1353 2161 1376 ,
2197 1317 2435 1364 dixerat⁸z
2463 1336 2488 1362 ιι
2515 1320 2573 1364 Et
2596 1327 2646 1364 tu

529 1397 786 1460 aliquando
800 1415 1056 1445 conversus
1072 1397 1304 1445 confirma
1322 1398 1487 1445 fratres
1504 1408 1629 1457 tuos,
1640 1416 1663 1441 »
1679 1398 1740 1444 ad
1754 1410 1902 1444 unam
1919 1397 2099 1444 ancillae
2117 1413 2286 1443 vocem
2307 1398 2462 1461 ipsum
2474 1412 2647 1461 negare

530 1494 629 1524 non
649 1489 854 1524 veretur.
885 1481 979 1525 Nec
999 1478 1144 1525 semel
1172 1478 1223 1524 id
1254 1479 1368 1541 agit,
1397 1478 1481 1525 sed
1511 1479 1650 1524 tertio
1671 1479 1829 1542 ipsum
1853 1477 2012 1524 adhuc
2038 1478 2274 1524 viventem
2299 1477 2527 1540 denegat,
2550 1483 2648 1523 eta

531 1558 637 1603 vivo
662 1559 837 1622 pariter
861 1575 1030 1605 omnes
1048 1558 1267 1623 discipuli
1285 1571 1382 1604 uno
1411 1559 1636 1622 temporis
1658 1568 1838 1622 puncto
1857 1557 2083 1621 fugiendo
2110 1556 2363 1603 devolant:
2393 1573 2421 1603 a
2439 1573 2537 1620 quo
2562 1572 2650 1602 nec
2687 1586 2691 1591 ·

531 1637 577 1681 in
600 1648 753 1684 morte
778 1638 852 1684 vel
876 1648 1036 1684 mente
1061 1637 1137 1684 vel
1156 1653 1360 1702 corpore
1385 1637 1570 1684 feminae
1587 1647 1697 1684 sunt
1716 1637 1975 1700 disjunctae.
2001 1639 2214 1693 Quarum
2239 1635 2376 1683 beata
2394 1635 2471 1683 illa
2486 1652 2651 1701 pecca-

532 1717 620 1762 trix
654 1728 899 1764 mortuum
927 1718 1069 1764 etiam
1102 1734 1343 1781 quaerens,
1384 1727 1431 1764 et
1465 1717 1728 1764 Dominum
1770 1732 1910 1764 suum
1938 1715 2198 1776 confitens,
2221 1717 2286 1763 ait
2304 1718 2345 1762 ⁶:
2374 1735 2398 1761 «
2425 1715 2652 1763 Tulerunt

530 1797 790 1844 Dominum
809 1797 871 1844 de
896 1807 1229 1844 monumento.
1259 1816 1281 1841 υ
1316 1800 1372 1844 Et
1390 1798 1563 1844 iterum
1579 1799 1592 1822 ⁷
1615 1817 1624 1843 :
1652 1817 1675 1841 «
1701 1798 1750 1843 Si
1768 1807 1820 1843 tu
1846 1796 2073 1843 sustulisti
2095 1813 2204 1843 eum
2220 1833 2233 1856 ,
2257 1796 2402 1843 dicito
2433 1795 2550 1842 mihi
2567 1794 2650 1841 ubi

531 1879 727 1940 posuisti
744 1881 772 1937 ⁸,
803 1889 850 1925 et
881 1895 969 1942 ego
993 1895 1104 1925 eum
1123 1879 1303 1925 tollam.
1331 1898 1353 1923 »
1380 1879 1583 1942 Fugiunt
1617 1879 1808 1936 arietes,
1846 1878 1946 1923 imo
1979 1887 2026 1924 et
2050 1862 2265 1942 pastores
2290 1877 2519 1923 dominici
2545 1892 2654 1940 gre—

531 1958 598 2019 gis
621 1976 630 2003 :
652 1969 902 2006 remanent
928 1973 1042 2006 oves
1063 1959 1324 2024 intrepidae.
1349 1960 1512 2022 Arguit
1535 1958 1626 2005 hos
1645 1959 1879 2004 Dominus
1904 1968 2132 2021 tanquam
2157 1956 2397 2003 infirmam
2428 1972 2648 2016 carnem,

533 2038 663 2100 quod
680 2040 726 2085 in
753 2039 950 2086 articulo
987 2040 1131 2086 etiam
1164 2041 1397 2104 passionis
1429 2057 1524 2087 suae
1551 2056 1641 2086 nec
1669 2055 1764 2085 una
1786 2039 1907 2085 hora
1931 2055 2046 2085 cum
2066 2054 2125 2085 eo
2151 2048 2412 2103 potuerunt
2441 2038 2648 2101 vigilare.

535 2120 805 2166 insomnem
831 2120 892 2166 ad
909 2120 1181 2185 sepulcrum
1204 2121 1327 2167 illius
1347 2131 1537 2168 noctem
1556 2121 1606 2167 in
1623 2120 1842 2183 lacrymis
1869 2119 2053 2166 feminae
2080 2119 2337 2179 ducentes,
2368 2119 2655 2182 resurgentis

535 2197 732 2260 gloriam
762 2200 926 2263 primae
941 2186 1111 2247 ¹videre
1148 2211 1439 2247 meruerunt.
1474 2201 1562 2247 Cui
1596 2199 1798 2246 fideliter
1825 2200 1875 2245 in
1908 2209 2114 2246 mortem
2144 2209 2376 2262 quantum
2406 2198 2657 2245 dilexerint

535 2278 718 2339 vivum,
741 2296 840 2326 non
866 2277 963 2326 tam
981 2280 1138 2326 verbis
1156 2297 1299 2344 quam
1326 2280 1467 2327 rebus
1492 2280 1826 2327 exhibuerunt.
1855 2282 1912 2325 Et
1938 2279 1998 2326 de
2016 2280 2118 2343 ipsa
2146 2279 2287 2326 etiam
2301 2314 2313 2338 ‚
2333 2295 2481 2342 quam
2498 2281 2511 2303 ⁹
2533 2279 2657 2324 circa

535 2359 634 2420 ejus
652 2361 921 2424 passionem
941 2371 989 2406 et
1007 2370 1214 2407 mortem
1238 2361 1511 2407 habuerunt
1523 2360 1891 2406 sollicitudinem
1906 2395 1918 2418 ,
1949 2360 2235 2422 resurgentis
2259 2360 2356 2405 vita
2371 2359 2536 2424 primae
2548 2367 2659 2404 sunt

534 2437 788 2485 laetificatae.
812 2442 975 2496 Quum
988 2440 1143 2498 enim,
1166 2439 1431 2486 secundum
1450 2443 1706 2498 Joannem,
1727 2439 1904 2503 Joseph
1923 2439 1983 2485 ab
2003 2439 2286 2497 Arimath-ia,
2306 2448 2353 2485 et
2371 2438 2659 2484 Nicodemus

534 2536 708 2584 corpus
726 2520 921 2566 Domini
939 2520 1135 2584 ligantes
1154 2520 1310 2567 linteis
1324 2536 1437 2567 cum
1450 2516 1743 2567 aromatibus
1760 2519 2037 2584 sepelirent3
2061 2519 2203 2565 refert
2220 2521 2406 2565 Marcus
2425 2518 2485 2565 de
2495 2526 2659 2564 earum

535 2602 713 2661 studio,
743 2602 877 2666 quod
893 2603 1039 2648 Maria
1057 2603 1333 2666 Magdalene
1353 2612 1401 2649 et
1415 2603 1561 2649 Maria
1586 2602 1762 2666 Joseph
1788 2601 2078 2666 aspiciebant
2103 2600 2184 2646 uhi
2199 2610 2477 2665 poneretur.
2501 2602 2572 2646 De
2586 2598 2660 2646 his

537 2695 728 2746 quoque
747 2686 895 2729 Lucas
920 2693 1267 2729 commemorat
1288 2683 1454 2730 dicens
1472 2685 1498 2708 ¹⁰
1521 2701 1530 2728 :
1555 2702 1579 2727 «
1609 2683 1788 2729 Secutae
1813 2691 1973 2728 autem
2001 2681 2249 2739 mulieres,
2278 2697 2382 2744 quae
2410 2695 2521 2726 cum
2550 2682 2658 2726 'Jesu

538 2772 765 2809 venerant
789 2762 851 2809 de
877 2762 1093 2821 Gali‘laea,
1131 2763 1356 2810 viderunt
1386 2772 1779 2821 monumentum,
1800 2772 1851 2808 et
1881 2760 2293 2825 quemadmodum
2327 2761 2537 2825 positum
2561 2769 2661 2807 erat

539 2857 712 2905 corpus
747 2841 872 2905 ejus,
903 2852 950 2889 et
981 2848 1269 2889 revertentes
1292 2852 1581 2907 paraverunt
1617 2851 1846 2887 aromata.
1871 2860 1892 2884 υ
1922 2843 2017 2887 Nec
2046 2840 2156 2886 satis
2186 2839 2405 2886 videlicet
2433 2839 2662 2886 habentes

540 2933 750 2969 aromata
766 2923 1036 2983 Nicodemi,
1065 2923 1156 2969 nisi
1174 2933 1222 2970 et
1239 2922 1472 2969 adderent
1495 2937 1596 2968 sua.
1628 2923 1687 2967 Et
1716 2920 1913 2967 sabbato
1930 2920 2125 2985 quidem
2152 2919 2384 2966 siluerunt
2397 2918 2660 2966 secundum

543 3004 847 3063 mandatum3
884 3005 1019 3068 juxta
1049 3007 1262 3051 Marcum
1291 3020 1430 3062 vero,
1459 3019 1610 3067 quum
1641 3002 1881 3048 transisset
1909 3001 2182 3060 sabbatum,
2212 3016 2402 3047 summo
2431 3014 2573 3046 mane
2611 2999 2659 3045 in

542 3082 644 3145 ipso
670 3083 747 3130 die
775 3084 1137 3131 resurrectionis
1160 3092 1395 3131 venerunt
1427 3082 1491 3128 ad
1530 3091 1900 3128 monumentum
1931 3081 2076 3127 Maria
2106 3079 2405 3143 Magdahne,
2442 3088 2489 3125 et
2517 3078 2662 3124 Maria

543 3162 729 3221 Jacobi,
762 3173 810 3210 et
845 3165 1050 3212 Salome.
1084 3168 1221 3211 Nunc
1251 3163 1482 3228 quoniam
1516 3162 1823 3210 devotionem
1855 3178 2016 3213 earum
2062 3160 2386 3218 ostendimus,
2426 3159 2662 3206 honorem

543 3256 686 3304 quem
734 3245 996 3291 meruerint
1019 3247 1043 3270 ¹¹
1076 3260 1439 3309 prosequamur.
1477 3243 1637 3289 Primo
1686 3241 1895 3306 angelica
1936 3242 2119 3288 visione
2155 3248 2264 3286 sunt
2311 3238 2564 3286 consolatae
2602 3236 2663 3285 de

590 3393 598 3410 ¹
625 3394 719 3434 Spem
737 3394 897 3435 abjectam
919 3394 1014 3427 RMS.
1027 3410 1071 3421 —
1085 3394 1098 3411 ²
1117 3395 1246 3435 Matth„
1267 3405 1340 3437 cap.
1361 3405 1458 3435 xxvi,
1474 3404 1505 3427 v.
1527 3395 1580 3426 33.
1625 3409 1670 3418 --
1685 3392 1698 3410 ⁸
1717 3394 1858 3425 Posuisti
1886 3403 1955 3424 eum
1984 3392 2024 3424 D.
2042 3409 2078 3414 —-
2097 3390 2110 3407 ⁹
2133 3392 2213 3431 Quia
2244 3389 2311 3422 MS.
2339 3388 2433 3422 Amb.
2450 3407 2489 3412 —
2511 3387 2542 3405 ⁴⁰
2568 3387 2660 3423 Luc.‚

545 3467 583 3472 -
602 3449 615 3466 ⁸
631 3449 730 3489 lbid.,
745 3460 777 3482 v.
799 3450 852 3483 35.
867 3462 911 3475 —-·-
924 3450 938 3468 ⁴
957 3452 1051 3492 Luc„
1075 3462 1148 3495 cap.
1165 3463 1234 3484 xxn
1246 3477 1255 3491 ,
1272 3462 1303 3485 v.
1323 3453 1377 3484 33.
1394 3470 1435 3475 —-
1451 3451 1464 3468 ⁸
1483 3450 1583 3490 lbid.,
1628 3461 1702 3494 cap.
1720 3460 1820 3488 xxm,
1836 3460 1865 3481 v.
1883 3449 1924 3481 55
1940 3454 1973 3480 et
1987 3448 2039 3480 56.
2054 3464 2094 3471 -·
2110 3446 2135 3465 “
2151 3447 2335 3479 Μεναενιιηε
2349 3444 2388 3478 l).

545 3517 572 3538 v.
596 3505 719 3538 32.—⁶
736 3506 845 3547 Joan.‚
862 3518 935 3550 cap.
951 3519 1043 3547 xx,v.
1062 3509 1161 3540 2.—-'
1177 3508 1286 3548 Joan„
1303 3518 1375 3551 cap.
1395 3519 1460 3549 xx,
1477 3518 1509 3539 v.
1530 3508 1581 3543 15.

2338 3676 2375 3744 ὃ
