2970 4152
529 394 624 442 686
1332 389 1503 436 PETRI
1538 389 1854 437 ABAELARDl

523 488 762 553 Dionysiis
796 485 1158 534 Corinthiorum
1200 485 1460 550 episcopis,
1500 485 1579 533 ille
1610 485 1751 533 fuerit
1785 485 2042 549 Dionysius
2055 521 2067 544 ‚
2104 484 2166 532 de
2198 502 2296 550 quo
2326 487 2661 536 Ecclesiastica‘

525 571 738 616 Historia
761 578 808 614 et
829 567 1150 630 Hieronymus
1172 566 1498 613 meminerunt
1526 585 1537 613 z
1565 576 1707 631 atque
1736 566 1802 612 ita
1826 565 2033 613 arbitror
2061 582 2259 614 omnem
2279 569 2667 616 controversiam.

526 648 708 697 absolvi
742 664 900 713 posse.
935 647 1168 694 Omnium
1199 647 1358 710 igitur,
1387 663 1493 711 quae
1523 647 1584 695 ad
1619 646 1911 694 solutionem
1945 647 2308 712 proposuimus,
2345 647 2449 695 haec
2469 665 2656 697 summa

527 740 620 789 est,
646 739 700 776 ut
721 728 797 776 vel
819 728 998 776 Bedam
1021 728 1277 793 deceptum
1300 727 1443 776 fuisse
1467 728 1792 775 concedamus
1807 764 1818 786 ,
1844 727 1922 774 vel
1945 743 2056 775 eum
2078 727 2282 775 aliorum
2305 728 2446 776 nobis
2469 729 2658 794 opinio.-

529 828 640 858 nem
663 821 995 876 praesentasse,
1021 810 1096 857 vel
1120 809 1243 857 duos
1265 809 1629 857 Corinthiorum
1647 809 1900 874 episcopos
1916 810 2162 857 exstitisse.
2185 809 2350 858 Valete
2373 811 2423 857 in
2443 811 2669 858 Domino

529 891 837 939 dilectissimi.

937 1225 1171 1273 CONTRA
1202 1224 1494 1280 QUEMDAM
1527 1224 1867 1271 CANONICUM
1897 1225 2258 1273 REGULAREM

743 1380 821 1418 QUI
852 1378 1147 1412 MONASTICUM
1175 1379 1381 1412 ORDINEM
1413 1378 1706 1411 DEPRIMEBAT
1740 1380 1797 1411 ET
1831 1380 1949 1413 SUUM
1982 1380 2076 1412 ILLI
2108 1379 2445 1412 ANTBFEREBAT.

583 1530 674 1568 Non
687 1527 740 1568 ad
755 1539 832 1568 nos
848 1527 1036 1581 pervenit
1051 1539 1205 1569 nomen
1222 1527 1345 1583 hujus
1360 1527 1550 1569 canonici
1563 1533 1707 1569 contra
1720 1541 1842 1584 quem
1855 1529 1950 1570 vitae
1964 1529 2201 1570 monasticae
2219 1529 2462 1584 dignitatem
2480 1527 2661 1573 Ahaelar-

530 1597 608 1638 dus
626 1602 779 1637 tutatus
794 1602 870 1638 est.
891 1597 1061 1638 Nicero¹
1077 1597 1249 1638 affirmat
1267 1610 1349 1638 non
1371 1598 1487 1638 illum
1507 1597 1633 1638 alium
1654 1611 1744 1639 esse
1763 1611 1887 1653 posse
1905 1604 2028 1653 atque
2046 1599 2244 1641 illustrem
2263 1599 2396 1641 virum
2415 1598 2660 1642 Norbertum

530 1665 598 1720 qui
623 1665 929 1705 Praemonstrati
963 1665 1006 1705 in
1031 1665 1201 1707 dioecesi
1234 1665 1495 1707 Laudunensi
1527 1665 1714 1707 condidit
1741 1666 1928 1708 ordinem
1962 1666 2247 1708 observantem
2271 1666 2422 1721 regulae
2456 1666 2548 1708 Divi
2575 1668 2660 1708 Au-

530 1736 747 1792 gustiniqA.
772 1737 877 1778 1125
892 1768 901 1786 ‚
923 1734 1210 1777 confirmatum
1230 1748 1254 1776 a
1272 1749 1378 1790 papa
1397 1736 1581 1777 Honorio
1602 1738 1686 1786 11²;
1709 1736 1823 1791 quod
1840 1749 1939 1778 vero
1959 1736 2084 1778 nullis
2102 1736 2355 1790 argumentis
2379 1736 2659 1777 confirmatur.

529 1804 655 1846 Nobis
674 1803 811 1859 potius
829 1803 931 1845 illud
949 1818 1054 1858 opus
1079 1805 1243 1846 videtur
1258 1810 1444 1859 spectare
1462 1804 1698 1860 Philippum
1716 1805 1905 1847 abbatem
1926 1807 2051 1846 Bonae
2072 1805 2167 1860 Spei
2179 1805 2208 1851 ³.
2224 1805 2340 1860 cujus
2353 1810 2486 1846 exstat
2497 1803 2601 1845 liber
2611 1803 2664 1844 dc

531 1876 751 1926 Diqm‘tate
770 1875 1042 1923 Clericorum,
1071 1874 1114 1914 in
1144 1887 1225 1928 quo
1253 1874 1448 1929 pleraque
1476 1874 1660 1928 reperias
1687 1880 1929 1928 argumenta
1957 1876 2009 1915 ab
2036 1873 2250 1915 Abaelardo
2277 1873 2463 1915 refutata.
2491 1871 2668 1914 Multum

530 1947 668 1982 autem
697 1941 748 1983 de
775 1941 854 1983 hac
877 1942 1104 1996 quaestione
1133 1942 1239 1982 inter
1273 1942 1465 1983 homines
1496 1942 1618 1996 hujus
1651 1942 1784 1984 aetatis
1809 1942 1958 1984 acriter
1987 1942 2240 1997 disputatum
2274 1947 2349 1983 est.
2382 1943 2527 1983 Narrat
2561 1938 2665 1982 Phi·

531 2010 691 2065 lippus*
714 2023 800 2051 rem
826 2009 955 2052 fuisse
982 2010 1203 2051 adductam
1234 2011 1277 2051 in
1309 2011 1632 2052 controversiam
1660 2024 1684 2052 a
1716 2011 1867 2052 clerico
1896 2016 1938 2052 et
1965 2024 1990 2052 a
2020 2010 2224 2053 monacho
2252 2016 2387 2065 partes
2415 2021 2511 2050 suas
2535 2007 2663 2063 perti-

533 2080 687 2120 naciter
716 2078 1058 2129 defendentibus;
1080 2092 1255 2134 quorum
1274 2080 1377 2121 alter
1401 2080 1646 2121 clericorum
1666 2080 1762 2121 vitae
1789 2080 1975 2121 instituta
2003 2086 2044 2121 et
2069 2081 2182 2136 jura,
2208 2079 2309 2120 alter
2337 2091 2436 2120 vero
2455 2078 2550 2119 vitae
2568 2088 2662 2118 mo·-

531 2149 698 2189 nasticae
719 2149 998 2203 praestantiam
1023 2149 1221 2190 acerrime
1249 2155 1444 2191 tueretur.
1470 2149 1720 2201 Monachus,
1750 2162 1879 2204 quum
1899 2149 2072 2190 multum
2092 2150 2136 2190 in
2160 2149 2251 2189 Divi
2283 2147 2520 2201 Hieronymi
2545 2145 2663 2187 libris

532 2217 675 2258 fuisset
699 2222 904 2267 versatus,
926 2217 1046 2271 hujus
1071 2217 1162 2258 loca
1186 2217 1265 2258 sibi
1288 2216 1414 2258 veluti
1435 2216 1701 2271 suffragantia
1727 2217 1979 2270 ostentabat,
2007 2223 2048 2259 et
2074 2217 2126 2259 iis
2152 2217 2344 2258 utebatur
2371 2214 2660 2263 callidissime;

533 2284 706 2326 clericus
742 2297 867 2334 vem,
905 2284 1119 2339 Porphyrii
1152 2290 1192 2325 et
1226 2284 1457 2326 Aristotelis
1494 2285 1746 2338 argumentis
1778 2285 1960 2326 imbutus
1978 2317 1989 2337 ,
2024 2285 2155 2326 multo
2192 2284 2331 2325 minus
2372 2295 2511 2325 sacras
2550 2282 2664 2323 litte-

533 2366 601 2394 ras
627 2352 820 2403 callebat;
850 2353 952 2394 nihil
981 2354 1174 2407 opposuit
1204 2353 1310 2394 locis
1339 2353 1390 2394 ab
1419 2353 1657 2395 adversario
1683 2354 1841 2406 allatis,
1863 2367 1954 2409 quae
1980 2366 2114 2408 neque
2139 2358 2278 2408 posset
2301 2352 2343 2393 in
2364 2364 2458 2394 eum
2478 2362 2666 2405 regerere

532 2424 657 2465 homo
677 2423 928 2475 ineruditus,
950 2435 1084 2477 neque
1101 2422 1273 2464 auderet
1290 2422 1491 2473 refutare3
1513 2423 1670 2465 victum
1689 2424 1817 2477 igitur
1835 2436 1880 2465 se
1898 2423 2111 2465 confessus
2130 2428 2207 2464 est.
2229 2424 2344 2464 Hanc
2362 2420 2500 2463 forsan
2519 2420 2665 2474 dispu-

532 2492 728 2532 tationem
755 2490 995 2546 spectabant
1021 2497 1061 2532 et
1090 2490 1194 2532 liber
1212 2490 1392 2545 Philippi
1424 2492 1473 2532 de
1499 2492 1751 2534 Clericorum
1779 2494 1999 2546 Diqnitate
2024 2497 2066 2534 et
2096 2490 2299 2533 Abaelardi
2323 2489 2566 2545 opusculum
2582 2519 2593 2541 ,
2620 2493 2666 2530 ut

531 2560 751 2601 verisimile
767 2565 849 2610 est,
871 2560 913 2600 in
933 2559 1184 2600 monasterio
1205 2560 1343 2602 Sancti
1363 2559 1533 2602 Gildasii
1552 2561 1843 2615 compositum.

583 2628 747 2669 Nullum
776 2627 997 2669 habuimus
1027 2628 1237 2681 codicem,
1270 2629 1387 2683 cujus
1413 2628 1466 2670 ad
1494 2628 1619 2671 fidem
1655 2635 1788 2672 textus
1818 2629 2144 2680 Amboesianus,
2175 2628 2279 2670 locis
2298 2626 2547 2683 quibusdam
2578 2637 2667 2667 cor·

533 2703 699 2752 ruptus,
720 2697 1019 2740 emendaretur.

598 2983 861 3031 Multorum
883 2982 1115 3031 relatione
1145 2983 1207 3031 ad
1236 2993 1426 3031 nostras
1455 2984 1670 3032 delatum
1692 2995 1764 3032 est
1792 3001 1930 3032 aures
1953 2985 2107 3031 nostri
2139 2983 2324 3031 ordinis
2341 3020 2353 3042 ‚
2386 2981 2437 3029 id
2464 2991 2536 3029 est
2558 2996 2666 3028 mo-

536 3064 728 3123 nastici,
747 3074 924 3112 statum
941 3080 966 3111 a
983 3074 1032 3111 te
1053 3065 1223 3129 saepius
1238 3065 1289 3111 in
1309 3065 1561 3129 praesentia
1579 3065 1844 3113 multorum
1866 3082 1968 3112 non
1991 3064 2298 3112 mediocriter
2319 3063 2505 3121 laesum;
2531 3060 2665 3125 quod

538 3159 638 3191 non
662 3143 754 3191 alia
781 3144 843 3192 de
865 3160 1008 3193 causa
1029 3155 1375 3210 praesumptum
1402 3156 1497 3205 est,
1525 3145 1790 3206 credimus,
1805 3146 1910 3194 ,nisi
1931 3155 1984 3193 ut
2006 3154 2199 3193 nostros
2220 3141 2546 3200 humiliand0‚
2574 3150 2666 3187 tuae

582 3304 591 3322 ‘
618 3305 782 3338 nemoires
807 3317 891 3347 pour
918 3309 1018 3340 servir
1039 3310 1062 3340 ἀ
1086 3306 1242 3340 l'histoire
1274 3309 1329 3340 des
1359 3296 1507 3342 nommes
1537 3309 1576 3342 il·
1632 3309 1737 3350 1754,
1755 3314 1779 3342 t.
1796 3308 1861 3348 111,
1878 3319 1913 3352 p.
1934 3308 2008 3341 141.
2025 3325 2066 3332 —
2082 3306 2096 3324 ⁸
2115 3306 2161 3340 De
2177 3316 2217 3339 eo
2233 3304 2344 3339 videas
2359 3305 2498 3337 Histoire
2511 3305 2666 3336 litteraire

533 3364 671 3401 lustres,
700 3361 810 3403 Paris,
840 3364 919 3395 1727
947 3370 979 3396 et
996 3374 1060 3406 sq„
1084 3363 1195 3403 in-12‚
1210 3371 1234 3396 t.
1250 3363 1306 3397 IV.
1320 3381 1365 3390 —
1378 3363 1390 3380 ¹
1404 3363 1480 3397 Vid.
1502 3364 1575 3398 No-
1630 3367 1715 3398 dela
1730 3366 1877 3406 France,
1893 3371 1918 3398 t.
1935 3364 1995 3398 ΧΠ
2006 3389 2014 3405 ,
2030 3375 2065 3408 p.
2081 3362 2290 3395 262-295.-
2303 3358 2316 3378 ⁴
2332 3360 2373 3393 D.
2391 3359 2548 3401 Philippi,
2562 3360 2667 3396 abba*⁴

531 3426 583 3451 tas
618 3420 664 3451 ad
699 3420 874 3453 Historiam
909 3423 1150 3460 calamitatum,
1178 3427 1201 3455 t.
1235 3421 1270 3461 1,
1303 3420 1399 3464 hujus
1421 3421 1574 3455 editionis
1629 3424 1669 3455 tis
1686 3422 1788 3456 Bonae
1805 3422 1894 3464 Spei,
1909 3431 2006 3462 opera
2018 3444 2030 3460 ,
2049 3419 2171 3460 Duaci,
2189 3419 2287 3460 1621,
2303 3416 2431 3457 in-fol.,
2446 3427 2480 3459 p.
2497 3417 2574 3450 466.

529 3475 677 3517 pag-633
692 3482 725 3509 et
739 3475 879 3510 Fabricii
892 3477 975 3510 Bibl.
993 3478 1079 3510 med.
1093 3484 1123 3509 et
1141 3479 1240 3518 infim.
1257 3480 1392 3518 latinit„
1409 3478 1550 3512 Pataviae
1563 3502 1572 3519 ‚
