2970 4152
687 349 999 399 INVECTIVA
1035 350 1093 398 ΙΝ
1128 349 1423 407 QUEMDAM
1457 349 1726 399 IGNARUM
1759 350 2155 398 DIALECTICES.
2389 350 2483 398 695

357 444 526 493 saltem
553 445 855 494 mulierculas
869 483 880 505 ,
906 462 1043 493 sexus
1066 462 1157 493 nos
1180 445 1353 493 doceat
1376 445 1631 493 infirmior.
1659 448 1860 503 Quantae
1882 446 2058 494 divitiis
2080 445 2257 511 pariter
2279 455 2326 492 et
2347 447 2486 494 nobi-

355 524 486 573 litate
507 525 742 591 pollentes
767 526 904 590 (nolo
927 527 1058 574 enim
1079 526 1317 574 vocabula
1339 526 1516 586 dicere,
1545 543 1607 573 ne
1631 526 1816 574 adulari
1836 526 2028 591 videar)
2049 526 2222 574 relictis
2248 525 2482 574 facultati-

353 605 468 665 bus,
502 606 881 671 pignoribusque
911 608 1223 673 contemptis,
1254 607 1305 655 id
1336 606 1464 654 factu
1492 606 1628 654 facile
1651 607 1988 671 judicaverunt
2003 645 2014 667 ,
2045 606 2179 672 quod
2207 608 2481 671 tu-proprio

353 688 530 750 putasti
550 688 724 736 timore
746 687 965 736 difficile?

675 1231 995 1278 lNVECTlVA
1030 1232 1091 1277 IN
1121 1231 1413 1286 QUEMDAM
1448 1231 1716 1279 IGNARUM
1746 1231 2146 1286 DIALECTICES,

338 1405 418 1445 Qut
434 1405 590 1439 TAMEN
606 1406 711 1439 Esus
731 1406 929 1439 STUDIUM
946 1406 1349 1446 REPREHENDBBAT,
1366 1406 1422 1438 ΕΤ
1439 1406 1584 1439 OMNIA
1603 1407 1708 1440 Esus
1724 1407 1943 1439 DOGMATA
1963 1406 2168 1439 PUTABAT
2185 1407 2472 1440 SOPHISMATA

1208 1484 1265 1515 ΕΤ
1287 1482 1605 1516 DECEPTIONES.

389 1646 550 1688 Nullum
563 1646 755 1688 novimus
769 1646 955 1688 codicem
972 1647 1015 1687 in
1032 1659 1115 1702 quo
1131 1647 1391 1690 contineatur
1407 1648 1487 1690 hoc
1504 1650 1762 1703 opusculum,
1782 1648 1843 1689 vel
1859 1648 2133 1702 fragmentum
2147 1648 2298 1703 potius,
2309 1650 2361 1689 ab
2375 1650 2470 1689 Am—

334 1714 476 1757 boesio
496 1716 631 1770 primo
650 1716 862 1770 vulgatum
876 1716 914 1766 1;
939 1715 1012 1757 sed
1032 1716 1135 1758 illud
1154 1723 1267 1758 certa
1285 1717 1365 1759 fide
1385 1730 1523 1760 carere
1541 1718 1635 1773 quis
1660 1718 1793 1773 possit
1817 1717 2006 1759 arbitrari
2024 1748 2035 1769 ,
2063 1730 2190 1772 quum
2210 1717 2254 1758 in
2273 1730 2323 1759 eo
2341 1718 2470 1759 multa

332 1792 550 1828 occurrant
578 1799 669 1842 quae
686 1787 730 1828 in
748 1786 907 1828 caeteris
924 1786 1127 1828 Abaelardi
1156 1788 1352 1842 operibus
1371 1789 1575 1843 reperias?
1594 1791 1744 1831 Noster
1781 1788 1891 1830 enim
1912 1789 1998 1830 sive
2015 1788 2059 1828 in
2085 1788 2394 1830 Introductione
2413 1790 2469 1830 ad

334 1855 613 1909 Theoloqiam‚
635 1855 783 1897 sivein
805 1857 1046 1898 Christiana
1069 1858 1307 1911 Theoloqia,
1332 1858 1551 1900 utilitatem
1578 1858 1812 1900 dialectices
1841 1856 2148 1912 comprobavit,
2169 1858 2344 1912 amplius
2375 1858 2467 1912 qui-

329 1923 423 1966 dem
452 1937 502 1966 ac
520 1925 671 1977 fusius,
693 1925 766 1967 sed
794 1925 941 1967 iisdem
972 1926 1141 1968 innixus
1172 1929 1427 1981 argumentis
1458 1935 1499 1970 et
1528 1928 1767 1970 eorumdem
1796 1929 2051 1970 auctoritate.
2083 1928 2218 1978 Quum
2236 1941 2335 1970 vero
2362 1941 2466 1970 con-

328 1993 524 2048 temptius
548 2007 597 2035 ac
616 1993 891 2035 confidentius
911 1994 968 2035 ibi
986 1994 1030 2036 in
1048 1994 1330 2037 adversarium
1363 1997 1595 2047 invehatur,
1626 1997 1724 2038 hinc
1747 1996 1943 2050 colligere
1972 2009 2191 2052 possumus
2218 1997 2462 2052 opusculum

326 2060 451 2111 illud,
485 2068 527 2103 ut
562 2063 772 2104 nonnullis
807 2063 982 2118 placuit,
1018 2065 1295 2119 compositum
1332 2071 1428 2107 ante
1457 2065 1583 2108 fuisse
1615 2079 1738 2121 quam
1770 2066 1990 2108 concilium
2020 2067 2315 2109 suessionense
2339 2078 2464 2120 opera

325 2129 526 2173 Abaelardi
546 2131 750 2174 dedecore
769 2132 949 2187 quodam
970 2134 1210 2175 notavisset.

383 2536 582 2600 Mystica
621 2535 843 2601 quaedam
887 2536 949 2584 de
993 2537 1137 2603 vulpe
1176 2537 1336 2586 fabula
1374 2540 1424 2586 in
1470 2538 1785 2605 proverbium
1825 2556 1850 2588 a
1897 2539 2041 2604 vulgo
2080 2549 2151 2587 est
2188 2550 2398 2588 assumta
2420 2544 2448 2586 ².

321 2613 560 2680 «Vulpes,
584 2634 608 2660 »
645 2617 899 2681 inquiunt,
944 2618 1254 2684 «conspectis
1289 2619 1339 2666 in
1379 2619 1552 2667 arbore
1588 2620 1762 2668 cerasis
1778 2657 1789 2679 ,
1837 2636 2006 2685 repere
2042 2620 2090 2667 in
2131 2614 2248 2668 eam
2276 2621 2419 2686 coepit
2437 2659 2447 2679 ,

317 2705 370 2742 ut
408 2712 459 2743 se
502 2696 616 2744 inde
658 2696 893 2745 reficeret.
934 2700 1045 2757 Quo
1083 2715 1196 2746 cum
1231 2701 1483 2765 pervenire
1519 2717 1618 2748 non
1667 2711 1830 2766 posset
1873 2711 1921 2749 et
1958 2701 2144 2766 relapsa
2177 2701 2447 2760 decideret,

315 2775 436 2823 irata
472 2775 590 2824 dixit
614 2795 625 2823 :
664 2796 687 2822 «
715 2780 822 2825 Non
846 2794 965 2825 curo
988 2795 1150 2827 cerasa
1177 2798 1187 2826 ε
1215 2780 1451 2845 pessimus
1481 2790 1552 2828 est
1586 2797 1757 2828 eorum
1792 2791 1973 2845 gustus.
2010 2801 2033 2827 «
2060 2781 2136 2828 Sic
2175 2791 2222 2828 et
2251 2781 2449 2846 quidam

314 2854 456 2919 hujus
479 2857 712 2923 temporis
736 2858 978 2919 doctores,
1006 2876 1158 2925 quum
1183 2859 1542 2909 dialecticarum
1572 2863 1817 2911 rationum
1839 2863 2067 2911 virtutem
2091 2862 2323 2926 attingere
2347 2879 2446 2910 non

313 2937 520 3000 possint,
560 2938 625 2986 ita
662 2955 770 2986 eam
808 2950 1114 2988 exsecrantur
1152 2950 1205 2988 ut
1242 2951 1416 2989 cuncta
1450 2942 1551 3006 ejus
1585 2942 1815 3007 dogmata
1849 2952 2020 3009 putent
2053 2943 2374 3009 sophismata,
2401 2954 2447 2991 et

311 3016 620 3083 deceptiones
671 3019 833 3085 potius
874 3036 1021 3085 quam
1060 3021 1272 3069 rationes
1312 3021 1622 3070 arbitrentur.
1663 3023 1758 3082 Qui
1785 3024 1946 3072 «coeci
1990 3023 2138 3072 duces
2179 3027 2447 3071 coecorum³

310 3100 594 3160 nescientes,
605 3119 629 3146 υ
641 3111 695 3148 ut
708 3102 774 3149 ait
786 3102 1078 3167 Apostolus‘‚
1099 3103 1195 3151 «de
1209 3103 1385 3169 quibus
1396 3104 1682 3170 loquuntur,
1699 3122 1857 3171 neque
1873 3106 1934 3153 de
1950 3105 2126 3170 quibus
2143 3104 2402 3164 affirmant,
2418 3124 2441 3150 »

308 3179 443 3244 quod
479 3181 701 3229 nesciunt
735 3181 994 3243 damnant,
1021 3183 1157 3248 quod
1191 3184 1418 3248 ignorant
1451 3195 1695 3233 accusant.
1728 3185 1975 3234 Lethalem
2003 3185 2224 3250 judicant
2253 3195 2444 3249 gustum

308 3275 454 3323 quem
499 3277 750 3326 nunquam
797 3263 1074 3327 attigerunt.
1130 3264 1378 3330 Quidquid
1423 3282 1522 3313 non
1570 3265 1840 3330 intelligunt
1861 3304 1873 3326 ,
1923 3265 2172 3313 stultitiam
2220 3265 2387 3313 dicunt
2428 3284 2437 3311 ε

355 3450 363 3467 ¹
391 3451 466 3494 Pag.
496 3454 658 3487 aas-⁴243».
676 3473 711 3478 —
733 3454 745 3472 ³
765 3455 838 3488 vid.
864 3456 998 3490 Pha-dri
1025 3457 1123 3496 Fan„
1144 3457 1199 3490 lnb.
1231 3458 1286 3497 lv,
1309 3460 1340 3491 3.
1357 3458 1427 3483 —³
1448 3457 1576 3498 matth„
1604 3468 1678 3501 cap.
1710 3468 1769 3497 xv,
1795 3468 1827 3491 v.
1860 3458 1911 3490 ¹4.
1934 3475 1978 3482 —
1997 3457 2011 3474 ⁴
2042 3458 2120 3491 Tim.
2151 3457 2184 3496 1,
2209 3465 2284 3498 cap.
2306 3467 2335 3495 1,
2354 3466 2382 3488 v.
2402 3457 2431 3486 7.
