2970 4152
557 426 618 473 54
1284 424 1544 474 ANDREAE
1577 423 1945 485 QUERCETANI

1397 572 1493 608 Nota
1512 573 1644 618 XXX,
1669 586 1749 621 pag.
1771 577 1830 610 48.

597 672 681 707 Duo
697 672 754 706 illi
761 672 908 718 antiqui
918 669 1170 716 insidiatores,
1186 670 1386 707 Albericus
1395 672 1535 708 scilicet
1550 678 1586 708 et
1597 667 2004 722 Lotuffus.——Utrique
2019 670 2183 723 Anselmi
2199 669 2452 709 Laudunensis
2465 664 2666 718 auditores,

549 735 639 771 acin
653 732 788 768 scholis
805 732 884 779 ejus
902 732 1182 780 praeeminentes
1194 733 1333 770 caeteris
1344 762 1353 779 ,
1374 725 1420 770 de
1436 734 1573 784 quibus
1591 741 1627 771 et
1642 731 1824 779 Heloissa,
1845 735 1953 782 epist.
1971 746 2011 779 11,
2025 740 2062 770 et
2076 732 2181 771 Otho
2194 729 2442 782 Fri‘singensis
2457 733 2667 784 episcopus,

548 794 610 830 lib.
622 794 695 829 Ide
712 794 837 829 Gestis
846 793 882 828 F
880 789 1038 828 rederici
1042 793 1076 840 I,
1090 806 1170 843 cap.
1181 806 1288 840 xzvu,
1303 794 1369 831 ubi
1384 796 1581 844 «egregios
1593 796 1690 832 viros
1706 803 1744 832 et
1757 796 1966 832 nominatos
1978 795 2175 844 magistros
2186 810 2202 828 »
2212 802 2332 832 vocat.
2342 796 2363 832 J
2365 807 2424 831 am
2435 796 2535 834 enim
2551 794 2589 832 et
2598 795 2669 847 ipsi

548 868 635 895 tunc
649 859 807 895 Rhemis
821 858 963 895 scholas
982 859 1173 907 regebant.
1192 859 1265 897 Sed
1282 872 1394 910 quem
1407 860 1622 897 Abaelardus
1639 868 1764 898 noster
1780 860 1970 897 Lotulfum
1990 859 2242 897 Lombardum
2253 889 2263 906 ,
2276 859 2338 897 ille
2352 856 2574 897 Leutaldum
2586 855 2668 896 No-

546 923 749 958 variensem
767 921 874 958 dicit.
889 921 1084 958 Albericus
1105 935 1203 968 vero,
1219 921 1443 959 Rhemensis
1462 923 1759 971 cognominatus,
1775 937 1796 959 a
1814 930 1940 960 sancto
1957 924 2070 960 etiam
2086 915 2276 959 Bernardo
2295 921 2469 977 laudatur
2480 922 2588 980 epist.
2604 934 2671 977 ‘xm

545 984 591 1019 ad
608 985 820 1021 Honorium
844 997 1002 1034 papam,
1028 985 1067 1021 in
1084 998 1158 1035 qua
1176 993 1213 1021 et
1233 986 1427 1034 episcopus
1451 985 1718 1022 catalaunensis
1744 985 1883 1022 electus
1908 983 1991 1034 post
2011 978 2157 1030 obitum
2182 983 2373 1022 Guillelmi
2399 984 2445 1021 de
2470 979 2669 1033 'Camp‘ellis

544 1048 733 1083 asseritur.
750 1047 874 1084 Sancti
900 1047 1001 1084 enim
1026 1046 1207 1083 Bernardi
1229 1047 1548 1084 confirmationem
1568 1047 1647 1095 ejus
1671 1046 1717 1083 ab
1740 1044 1909 1084 Honorio
1927 1043 2149 1097 postulantis
2176 1046 2286 1083 verba
2313 1045 2365 1083 sic
2382 1043 2524 1083 habent
2548 1062 2555 1082 ε
2580 1062 2597 1080 «ι
2613 1041 2668 1082 De

543 1109 694 1146 ecclesia
713 1110 816 1155 dico,
833 1110 984 1146 domine
997 1138 1006 1156 ,
1029 1103 1296 1163 catalaunensi,
1312 1110 1418 1158 cujus
1435 1117 1620 1159 quantum
1640 1109 1679 1146 in
1693 1122 1752 1146 me
1770 1117 1826 1146 est
1837 1139 1846 1156 ‚
1866 1122 1936 1146 nec
1954 1109 2090 1155 debeo,
2107 1122 2174 1146 nec
2192 1109 2295 1146 valeo
2319 1108 2552 1146 dissimulare
2566 1109 2667 1161 peri·

544 1172 683 1209 culum.
706 1172 890 1210 Videmus
914 1173 1112 1217 nimirum,
1135 1172 1212 1220 jam
1227 1173 1380 1222 jamque
1401 1173 1597 1209 imminere
1625 1174 1805 1209 sentimus
1831 1185 1919 1218 nos,
1949 1173 2015 1222 qui
2044 1172 2153 1209 vicini
2180 1186 2327 1218 sumus,
2351 1185 2477 1221 pacem
2497 1156 2668 1208 videlicet

544 1243 753 1272 memoratas
771 1236 930 1272 ecclesiae
949 1237 1111 1284 graviter
1130 1249 1215 1272 mox
1231 1248 1308 1273 esse
1326 1236 1571 1282 turbandam,
1591 1237 1620 1273 si
1638 1236 1812 1273 electioni
1831 1233 1986 1272 illustris
2003 1235 2102 1273 illius
2121 1236 2188 1273 viri
2204 1265 2213 1282 ,
2235 1236 2272 1272 id
2289 1243 2344 1272 est
2363 1235 2530 1284 magistri
2546 1221 2665 1289 Aliis-

543 1298 610 1333 rici
627 1326 635 1342 ‚
665 1298 703 1333 in
728 1310 840 1347 quam
861 1298 993 1347 utique
1019 1305 1117 1334 totus
1137 1305 1210 1334 tam
1236 1297 1357 1334 clerus
1376 1310 1489 1347 quam
1507 1297 1668 1346 populus
1688 1298 1766 1346 pari
1787 1305 1872 1334 voto
1893 1306 1931 1335 et
1951 1311 2037 1335 voce
2063 1305 2311 1335 convenerant
2324 1327 2333 1344 ,
2360 1306 2397 1335 et
2414 1300 2640 1335 conveniunt
2656 1328 2664 1344 ‚

542 1367 667 1396 vestrae
685 1361 834 1408 pietatis
853 1372 1041 1397 assensum
1065 1361 1266 1409 impetrare
1285 1361 1534 1409 nequiverint.
1557 1375 1574 1394 n
1593 1361 1741 1399 Verum·
1757 1361 1827 1397 etsi
1848 1360 1999 1410 supplex
2017 1361 2136 1398 oravit
2149 1390 2159 1407 ‚
2182 1373 2257 1397 non
2275 1363 2439 1398 exoravit
2462 1370 2606 1409 tamen,
2623 1370 2666 1398 ut

544 1423 662 1469 palam
677 1429 733 1458 est
749 1429 828 1458 tum
850 1435 891 1459 ex
907 1422 1042 1459 tabulis
1059 1423 1318 1471 episcoporum
1338 1422 1654 1459 catalaunensium
1672 1427 1709 1459 et
1726 1422 1918 1459 Abaeiardo'
1932 1452 1941 1468 ,
1963 1430 2045 1459 tum
2064 1436 2108 1459 ex
2125 1424 2234 1471 epist.
2255 1436 2342 1459 tvm
2362 1423 2528 1471 ejusdem
2548 1425 2664 1460 sancti

546 1484 722 1520 Bernardi
737 1513 746 1529 ‚
777 1498 849 1533 qua
872 1484 1066 1521 manifeste
1085 1485 1194 1521 docet
1217 1485 1373 1521 Ebalum
1397 1484 1603 1521 Guillelmo
1630 1480 2063 1534 successisse-Magister
2082 1494 2206 1522 autem
2227 1487 2422 1523 Albericus
2445 1487 2555 1534 paulo
2581 1494 2666 1535 post

544 1546 737 1583 Leodiensi
766 1548 964 1583 canonicus
992 1547 1143 1583 effectus
1166 1555 1221 1583 est
1235 1576 1244 1593 ,
1265 1554 1309 1583 ut
1325 1554 1470 1583 constat
1486 1561 1530 1584 ex
1556 1548 1768 1584 calendario
1795 1548 1920 1585 Sancti
1948 1549 2113 1585 Victoris
2135 1550 2374 1594 parisiensis,
2397 1562 2438 1585 ac
2455 1549 2605 1585 tandem
2623 1550 2662 1585 in

547 1610 759 1658 magisterio
788 1609 1000 1645 scholarum
1013 1610 1091 1656 jam
1113 1622 1329 1655 senescenS,
1356 1610 1716 1658 archiepiscopatum
1743 1610 2009 1646 bituricensem
2027 1611 2203 1647 obtinuit.
2236 1611 2331 1657 Nam
2362 1611 2400 1647 id
2429 1619 2533 1648 notat
2550 1612 2662 1649 chro-

546 1673 702 1720 nologus
717 1672 842 1709 Sancti
858 1672 959 1707 Petri
985 1672 1071 1709 Vivi
1086 1672 1309 1708 Senonensis
1324 1671 1371 1706 ad
1389 1681 1529 1707 annum
1545 1674 1638 1710 4459
1659 1688 1666 1708 :
1689 1684 1706 1705 «
1721 1672 1803 1708 Hoc
1825 1684 1922 1709 anno
1938 1701 1946 1718 ,
1965 1689 1982 1706 »
2000 1674 2124 1722 inquit
2137 1702 2145 1718 ‚
2175 1689 2192 1707 (ι
2207 1674 2390 1723 Ulgrinus
2402 1705 2412 1722 ‚
2425 1674 2663 1711 bituricensis

544 1736 856 1783 archiepiscopus,
871 1734 977 1770 obiit.
998 1734 1173 1770 Succedit
1183 1734 1379 1771 Albericus
1394 1734 1653 1772 Rhemensis.»
1668 1735 1714 1771 Et
1727 1735 1892 1784 apertius
1906 1735 2028 1772 adhuc
2043 1752 2050 1772 :
2070 1751 2086 1769 α
2097 1739 2206 1772 Anno
2221 1740 2306 1775 4444
2327 1738 2460 1773 Petrus
2473 1736 2519 1773 de
2531 1737 2663 1774 Castro

545 1797 780 1833 bituricensis
797 1797 993 1833 ordinatur
1010 1797 1329 1846 archiepiscopuS,
1349 1797 1526 1834 defuncto
1547 1797 1718 1834 Alberico
1734 1798 1938 1834 Rhemensi
1960 1799 2154 1846 magistro.
2170 1814 2187 1831 »ι

1373 1898 1470 1939 Nota
1495 1900 1654 1947 XXXI,
1676 1911 1760 1952 pag.
1782 1905 1839 1940 48.

591 1998 791 2047 Βςίὶιησιὶε
807 2001 1043 2048 ηιαςὶεινίε..,.
1069 1999 1315 2036 Guillelmo...
1334 2004 1447 2048 atque
1462 1999 1658 2035 Anselmo.
1672 2016 1720 2027 —-
1735 1998 1901 2036 Decessit
1927 1997 2154 2035 Guillelmus
2176 1998 2442 2047 Campellensis
2471 2000 2667 2050 episcopus

545 2074 643 2098 anno
663 2064 776 2109 4449,
806 2068 849 2098 ut
870 2061 949 2109 jam
974 2073 1085 2110 supra
1111 2067 1282 2097 notatum
1304 2068 1360 2098 est
1378 2076 1388 2106 ;
1409 2061 1607 2098 Anselmus
1632 2073 1718 2098 vero
1741 2061 1998 2098 Laudunensis
2027 2073 2124 2098 anno
2152 2064 2265 2107 4446,
2289 2069 2331 2099 ut
2351 2062 2483 2099 scribit
2505 2063 2668 2100 Joannes

545 2125 669 2162 Sancti
685 2125 851 2162 Victoris
868 2125 1067 2161 canonicus
1085 2124 1266 2173 regularis
1283 2125 1321 2160 in
1339 2124 1519 2162 chronico
1534 2140 1541 2161 ε
1562 2126 1676 2161 «Hoc
1693 2137 1803 2170 anno,
1822 2140 1839 2158 »
1857 2124 1999 2173 inquit,
2023 2139 2040 2158 α
2055 2124 2150 2161 obiit
2162 2125 2218 2161 vir
2236 2125 2456 2162 venerabilis
2466 2126 2664 2170 Anselmns

546 2189 802 2225 Laudunensis
818 2188 1003 2236 decanus,
1029 2188 1206 2236 magister
1223 2188 1562 2235 nominatissimus,
1581 2189 1791 2226 litter-arum
1813 2189 1967 2226 scientia
1987 2188 2129 2236 clarus,
2154 2190 2211 2225 vir
2231 2201 2378 2225 morum
2404 2189 2599 2226 honestate
2619 2198 2665 2233 ,et

546 2251 689 2288 consilii
710 2251 928 2288 maturitate
948 2250 1196 2296 venerandus,
1226 2251 1292 2300 qui
1313 2251 1411 2288 inter
1435 2258 1564 2288 caetera
1582 2264 1695 2300 opera
1715 2252 1755 2288 in
1773 2251 1955 2288 Psalterio
1974 2251 2093 2300 glosas
2110 2251 2332 2300 marginales
2352 2258 2390 2287 et
2405 2251 2664 2289 interlineares

545 2314 745 2351 ordinavit.
766 2328 783 2348 n
803 2313 952 2360 Quibus
969 2313 1089 2350 verbis
1107 2313 1214 2349 addit
1228 2320 1268 2350 et
1284 2313 1386 2350 aliud
1403 2313 1610 2351 chronicon
1628 2315 1924 2362 manuscriptum
1944 2332 1951 2350 :
1972 2327 1990 2349 «
2005 2314 2186 2363 Epistulas
2208 2327 2359 2364 quoque
2375 2314 2502 2360 Pauli,
2520 2321 2558 2351 et
2574 2315 2664 2352 alias

545 2378 741 2426 utriusque
759 2376 1207 2425 Testamentiscripturas
1224 2377 1307 2425 pari
1322 2376 1436 2414 modo
1452 2376 1675 2413 delineando
1697 2377 1890 2426 exposuit3
1909 2384 1947 2414 et
1967 2377 2007 2413 in
2026 2377 2080 2413 eis
2097 2377 2327 2426 exponendis
2348 2384 2460 2426 atque
2477 2378 2665 2425 glozandis

538 2440 643 2485 juxta
661 2440 903 2488 antiquorum
918 2446 1071 2487 patrum
1089 2439 1226 2487 scripta
1242 2450 1361 2488 nsque
1377 2439 1427 2475 ad
1441 2439 1596 2475 senilem
1613 2446 1757 2475 aetatem
1780 2439 1988 2476 desudavit.
2006 2440 2062 2475 De
2079 2452 2156 2489 quo
2177 2438 2312 2476 dixisse
2330 2440 2451 2476 fertur
2474 2440 2665 2488 Eugenius

542 2514 633 2549 papa
646 2529 655 2545 ,
676 2502 764 2550 quia
774 2502 874 2537 Deus
893 2502 1066 2550 spiritum
1085 2500 1166 2548 ejus
1178 2501 1409 2537 suscitaverit
1424 2512 1471 2537 ne
1486 2501 1680 2549 Scriptura
1697 2502 1849 2549 periret.
1867 2501 1928 2538 Ad
1939 2501 2169 2550 pontificales
2186 2501 2383 2538 cathedras
2399 2501 2539 2550 pluries
2556 2514 2665 2542 voca-

543 2572 602 2601 tus
619 2564 832 2601 nullatenus
849 2563 1044 2613 acquievit.
1060 2578 1079 2598 υ
1099 2563 1307 2600 Defunctus
1323 2570 1447 2600 autem
1470 2563 1639 2600 Lauduni
1652 2592 1664 2609 ,
1681 2564 1721 2600 in
1738 2563 1891 2600 ecclesia
1909 2564 2035 2601 Sancti
2052 2564 2247 2602 Vincentii
2264 2564 2430 2613 sepultus
2443 2571 2521 2610 est,
2542 2564 2608 2602 ubi
2625 2574 2664 2604 et

543 2640 638 2664 unus
657 2640 701 2663 ex
720 2627 912 2675 discipulis
931 2627 996 2664 tali
1012 2626 1205 2675 epitaphio
1222 2626 1389 2663 moribus
1402 2639 1445 2663 ac
1462 2626 1607 2663 meritis
1623 2637 1791 2675 congruo
1807 2626 1997 2663 tumulum
2009 2627 2091 2674 ejus
2107 2627 2295 2664 decoravit
2311 2643 2319 2662 :

1156 2721 1264 2748 Dormit
1279 2722 1309 2747 in
1323 2721 1374 2748 hoe
1385 2722 1492 2748 tumulo
1503 2720 1696 2748 celeberrimis
1708 2720 1754 2748 ine
1765 2722 1897 2756 magister

1155 2773 1296 2799 Anulum
1304 2791 1313 2802 ‚
1327 2772 1376 2807 qffi
1389 2775 1440 2807 pet·
1450 2772 1548 2799 diffusi
1561 2773 1669 2799 elim-ta
1680 2773 1777 2799 manui

1157 2823 1284 2857 Undique
1296 2823 1423 2849 notitiam
1435 2823 1586 2854 contraxit.
1597 2827 1626 2849 et
1636 2822 1763 2857 undique
1775 2823 1895 2849 laudm.

1157 2874 1227 2899 Sana
1242 2873 1308 2899 fides
1317 2891 1326 2904 ,
1337 2873 1462 2899 doctrina
1473 2873 1600 2908 frequens
1607 2892 1616 2905 ,
1629 2873 1780 2900 reverentia
1794 2881 1899 2900 morum
1908 2892 1915 2902 .

1157 2923 1305 2958 Splendida
1319 2924 1375 2950 vita
1385 2943 1392 2953 .
1407 2932 1503 2950 manus
1515 2924 1675 2951 diffundens
1684 2943 1690 2954 ,
1708 2924 1781 2951 actio
1793 2929 1872 2950 cauta
1881 2943 1888 2953 ,

1156 2975 1249 3000 Sermo
1261 2967 1384 3009 placens,
1396 2975 1509 3000 censura
1523 2974 1637 3011 vigens,
1650 2975 1782 3001 correctio
1795 2973 1883 3001 dulcis
1892 2995 1899 3005 .

1159 3012 1309 3051 masiliam
1322 3024 1431 3059 sapiens
1439 3044 1446 3055 ,
1457 3027 1534 3051 niens
1545 3024 1661 3060 provida
1668 3043 1676 3056 ,
1689 3025 1780 3052 sobria
1788 3045 1796 3056 ,
1808 3027 1935 3052 clemens.

1162 3077 1216 3103 Sed
1231 3085 1300 3112 quas
1312 3077 1388 3111 larga
1402 3075 1450 3102 oei
1463 3078 1595 3103 concessit
1608 3078 1696 3112 gratia
1710 3077 1787 3104 dotes

1162 3127 1257 3154 idibus
1269 3127 1367 3154 invisis
1378 3128 1503 3154 dissolvit
1514 3128 1601 3162 julius
1612 3132 1681 3156 nter.

1157 3181 1215 3211 Qua
1229 3179 1325 3206 vivens
1337 3179 1426 3214 viguit
1437 3179 1582 3205 comitetur
1595 3180 1683 3214 gratia
1695 3179 1831 3206 functum.

548 3273 617 3309 Hic
634 3273 786 3309 fratrem
803 3273 937 3310 habuit
955 3268 1157 3310 Raduifum
1179 3274 1331 3310 numine
1345 3301 1357 3321 ,
1383 3274 1449 3323 qui
1469 3279 1546 3311 non
1564 3274 1746 3310 mediocri
1764 3278 1915 3323 quoqne
1943 3275 2122 3323 sapientia
2147 3273 2268 3311 clarus
2285 3275 2435 3311 enituit.
2458 3288 2474 3306 α
2492 3274 2564 3310 Per
2593 3273 2661 3309 hos

545 3337 643 3372 enim
663 3336 815 3381 fratres,
836 3353 853 3370 n
872 3342 914 3372 m
932 3338 970 3372 in
990 3337 1140 3385 praefato
1163 3337 1286 3374 adhuc
1309 3337 1489 3373 chronico
1513 3336 1653 3386 legitur·
1665 3365 1675 3382 ,
1702 3350 1720 3370 «
1740 3336 1807 3372 sed
1822 3337 1980 3373 maxime
1998 3346 2066 3386 per
2082 3336 2302 3373 Anselmfim
2316 3366 2326 3383 ,
2340 3347 2474 3386 magna
2491 3344 2535 3374 ex
2554 3342 2659 3385 parte

543 3398 674 3434 revixit
691 3398 861 3435 litteralis
879 3399 1040 3436 scientiae
1053 3399 1184 3446 decus,
1204 3406 1244 3436 et
1258 3400 1506 3449 intenigefltia
1521 3400 1815 3448 seripturarum.
1836 3415 1852 3433 »
1873 3400 1986 3447 Quod
2004 3406 2042 3436 e't
2058 3400 2253 3437 confirmat
2271 3401 2472 3437 canonicus
2490 3399 2554 3437 itte
2577 3399 2660 3435 lau-

542 3460 719 3497 dunensis
731 3469 951 3506 coaetaneus,
974 3462 1038 3510 qui
1058 3462 1282 3499 cathedralis
1300 3463 1459 3499 ecclesiae
1476 3463 1626 3499 ruinam
1639 3475 1680 3499 ac
1697 3464 2006 3500 restaurationem
2023 3463 2231 3513 descripsit,
2249 3463 2309 3500 his
2320 3463 2442 3500 verbis
2460 3480 2468 3499 :
2490 3463 2662 3510 «Quem-

540 3523 741 3560 admodum
763 3532 885 3560 autem
907 3524 996 3561 olim
1022 3525 1203 3562 Dominus
1222 3527 1352 3563 urbem
1376 3526 1611 3563 Hierusalem
1634 3526 1813 3572 destruit,
1840 3533 1877 3562 et
1907 3527 2000 3564 filios
2018 3527 2131 3563 Israel
2151 3527 2327 3576 captivari
2345 3527 2569 3576 permittens
2583 3554 2594 3571 ,
2613 3525 2660 3562 ad
2697 3553 2701 3559 .
