2970 4152
599 435 694 483 444
1176 434 1345 479 PETRI
1387 433 1698 481 ABAELARDI
1734 434 1807 480 ET
1841 432 2141 481 HELOISSAE

592 529 801 593 postulet
823 544 1022 592 aquam,
1046 528 1127 591 qui
1147 526 1373 574 omnibus
1402 527 1566 595 tribuit
1590 528 1768 575 vitam?
1797 530 1935 585 Quae,
1965 527 2159 589 inquam
2178 560 2190 583 ‚
2219 524 2307 583 nisi
2331 534 2382 571 ut
2404 533 2621 589 patenter
2647 525 2723 571 in-

594 611 749 656 sinuet
766 618 899 655 tanto
920 607 1008 654 sibi
1027 607 1282 654 mulierum
1301 608 1525 655 virtutem
1549 626 1649 656 esse
1669 610 1921 673 gratiorem
1936 644 1947 666 ,
1977 615 2161 671 quanto
2183 621 2346 651 earum
2371 615 2588 652 naturam
2614 621 2718 652 esse

594 700 777 736 constat
812 688 1150 747 infirmiorem3
1193 699 1238 734 et
1274 706 1323 735 se
1360 699 1493 736 tanto
1531 689 1734 754 amplius
1770 705 1934 735 earum
1970 686 2166 733 salutem
2202 685 2519 732 desiderando
2558 686 2712 745 sitire,

593 781 773 833 quanto
793 770 1132 816 mirabiliorem
1158 786 1322 816 earum
1348 771 1568 817 virtutem
1597 779 1788 816 constat
1808 768 1941 815 esse?
1975 766 2113 813 Unde
2136 777 2181 813 et
2206 783 2354 830 quum
2380 783 2408 812 a
2431 766 2605 813 femina
2630 784 2716 831 po-

593 858 693 895 tum
724 849 957 914 postulat,
989 849 1101 896 huic
1126 849 1362 914 praecipue
1393 851 1468 897 siti
1494 867 1586 896 sua·
1612 836 1711 913 perx
1730 848 1929 895 salutem
1962 847 2245 893 seminarum
2279 845 2493 893 satisfieri
2517 846 2637 894 velle
2668 863 2719 893 se

591 930 814 976 insinuat.
854 933 1010 987 Quem
1044 940 1214 995 potum
1245 931 1385 978 etiam
1424 931 1585 977 cibum
1621 946 1828 976 vocans:
1862 931 2027 992 «Ego,
2052 947 2074 971 n
2114 929 2268 992 inquit
2288 947 2340 984 ‚n
2370 928 2529 975 cibum
2560 927 2717 976 habeo

591 1012 881 1059 manducare
907 1028 1051 1076 quem
1079 1030 1166 1059 vos
1191 1014 1395 1060 nescitis.
1426 1032 1448 1057 »
1477 1016 1632 1070 Quem
1658 1011 1968 1076 postmodum
1988 1027 2233 1075 exponens
2257 1011 2440 1070 cibum,
2464 1011 2678 1075 adjungit
2701 1029 2715 1057 τ

594 1095 767 1138 «Meus
788 1092 920 1139 cibus
943 1103 1035 1151 est,
1065 1103 1117 1139 ut
1142 1093 1308 1139 faciam
1334 1093 1630 1139 voluntatem
1661 1092 1811 1138 Patris
1830 1092 1948 1150 mei,
1972 1110 1994 1134 n
2021 1090 2147 1137 hanc
2169 1091 2388 1138 videlicet
2405 1092 2538 1155 quasi
2563 1092 2721 1155 singu-

592 1172 740 1219 larem
766 1173 838 1219 sui
858 1173 1007 1219 Patris
1027 1173 1322 1219 voluntatem
1348 1189 1449 1219 esse
1474 1173 1703 1229 innuens,
1727 1171 1820 1217 ubiv
1836 1171 1896 1218 de
1917 1171 2066 1218 salute
2091 1171 2243 1235 agitur
2261 1170 2536 1217 infirmioris
2560 1178 2713 1217 sexus.

592 1254 811 1317 Legimus
825 1264 871 1300 et
885 1253 1111 1300 familiare
1124 1253 1419 1316 colloquium
1433 1270 1543 1299 cum
1560 1256 1595 1298 N
1601 1252 1822 1299 icodemo
1840 1252 1920 1299 illo
1934 1255 1958 1298 J
1963 1252 2206 1299 udaeorum
2222 1252 2438 1317 principe
2456 1252 2718 1298 Dominum

591 1333 852 1393 habuisse¹,
894 1351 991 1397 quo
1023 1334 1159 1380 illum
1188 1350 1382 1397 quoque
1417 1333 1478 1379 ad
1514 1350 1564 1380 se
1597 1333 1783 1379 occulte
1814 1333 2083 1380 venientem
2119 1333 2180 1379 de
2211 1332 2360 1378 salute
2393 1349 2476 1378 sua
2511 1332 2612 1396 ipse
2644 1332 2719 1377 in·

591 1415 837 1473 struxerit,
871 1415 955 1461 sed
980 1414 1102 1460 illius
1127 1414 1353 1477 colloquii
1379 1431 1477 1460 non
1505 1423 1687 1460 tantum
1714 1417 1850 1460 tunc²
1869 1413 2073 1460 fructum
2099 1430 2200 1460 esse
2225 1423 2550 1459 consecutum.
2586 1416 2719 1460 Hanc

591 1495 770 1560 quippe
806 1496 1149 1542 Samaritanam
1191 1505 1237 1541 et
1277 1495 1443 1558 spiritu
1482 1493 1746 1559 prophetiae
1787 1494 2017 1558 repletam
2057 1511 2158 1540 esse
2195 1504 2310 1540 tunc
2337 1504 2574 1554 constat,
2621 1509 2719 1557 quo

592 1575 810 1621 videlicet
843 1575 1080 1621 Christum
1108 1584 1154 1621 et
1183 1574 1243 1620 ad
1272 1574 1459 1620 Judaeos
1480 1574 1578 1637 jam
1604 1574 1812 1633 venisse,
1842 1584 1889 1620 et
1916 1573 1978 1619 ad
2009 1583 2171 1637 gentes
2199 1583 2454 1620 venturum
2480 1590 2579 1620 esse
2603 1590 2720 1638 pro-

591 1655 711 1701 fessa
738 1666 807 1702 est
825 1692 836 1714 ,
867 1673 1017 1719 quum
1045 1655 1262 1701 dixeritss:
1293 1674 1315 1698 «
1335 1655 1443 1701 Scio
1469 1655 1580 1718 quia
1613 1654 1802 1701 Messias
1832 1654 1961 1700 venit
1988 1654 2070 1716 qui
2101 1653 2272 1700 dicitur
2299 1653 2526 1701 Christus.
2558 1656 2719 1711 Quum

592 1752 705 1800 ergo
737 1737 942 1795 venerit,
973 1736 1052 1783 ille
1076 1736 1216 1782 nobis
1242 1735 1544 1782 annuntiabit
1570 1735 1755 1794 omnia,
1777 1754 1799 1779 »
1825 1745 1872 1782 et
1896 1734 2072 1781 multos
2104 1752 2161 1781 ex
2191 1735 2376 1781 civitate
2412 1735 2491 1781 illa
2524 1746 2727 1800 propter

593 1804 791 1864 verbum
812 1818 1023 1866 mulieris,
1042 1817 1102 1864 ad
1123 1817 1363 1863 Christum
1380 1817 1670 1876 cucurrisse,
1700 1826 1747 1863 et
1771 1817 1820 1862 in
1841 1833 1952 1862 eum
1968 1815 2250 1874 credidisse,
2280 1826 2326 1862 et
2350 1816 2507 1880 ipsum
2532 1816 2723 1864 duobus

592 1896 760 1944 diebus
785 1898 914 1961 apud
933 1915 983 1951 se
1008 1898 1255 1944 retinuisse
1272 1934 1283 1956 ,
1312 1898 1395 1961 qui
1417 1902 1576 1944 tamen
1603 1897 1714 1944 alibi
1739 1897 1980 1962 discipulis
2000 1897 2084 1943 ait*
2104 1915 2112 1942 :
2147 1916 2170 1941 «
2189 1900 2242 1943 ln
2273 1897 2397 1943 viam
2422 1898 2633 1960 gentium
2662 1915 2727 1945 ne

593 1978 829 2037 abieritis,
877 1987 924 2023 et
965 1978 1013 2023 in
1052 1978 1261 2024 civitate⁵
1308 1978 1715 2023 Samaritanorum
1754 1994 1815 2023 ne
1860 1977 2158 2023 intraveritis.
2191 1995 2213 2020 >)
2256 1977 2410 2024 Refert
2445 1976 2557 2023 alibi
2593 1977 2722 2025 idem

593 2061 799 2104 Joannes
823 2057 1059 2120 quosdam
1086 2073 1143 2103 ex
1168 2057 1448 2121 gentilibus,
1485 2058 1567 2120 qui
1593 2057 1899 2104 ascenderant
1928 2056 2307 2120 Hierosolymam
2325 2066 2379 2103 ut
2397 2057 2651 2104 adorarent
2674 2058 2731 2104 in

594 2139 670 2185 die
690 2139 834 2199 festo,
857 2156 943 2204 per
963 2139 1236 2204 Philippum
1250 2150 1297 2187 et
1316 2139 1554 2186 Andream
1574 2140 1764 2186 Christo
1786 2140 2027 2186 nuntiasse
2042 2175 2054 2199 ,
2083 2139 2215 2203 quod
2231 2137 2340 2186 eum
2355 2139 2530 2186 vellent
2541 2139 2721 2187 videre.

594 2222 725 2267 Νοῐι6
758 2230 919 2267 tamen
953 2237 1035 2266 eos
1069 2237 1169 2267 esse
1203 2220 1437 2267 admissos
1474 2231 1859 2279 commemorat,
1905 2237 1995 2267 nec
2033 2220 2122 2266 illis
2159 2219 2509 2284 postulantibus
2545 2230 2726 2268 tantam

595 2300 768 2348 Christi
784 2302 974 2365 copiam
993 2318 1094 2348 esse
1114 2318 1416 2361 concessam,
1437 2311 1666 2366 quantam
1684 2301 1797 2348 huic
1816 2302 2118 2348 Samaritanae
2136 2305 2438 2365 nequaquam
2457 2301 2506 2347 id
2525 2303 2721 2366 petenti.

595 2385 633 2429 A
657 2399 752 2447 qua
777 2383 877 2446 ejus
891 2383 940 2428 in
968 2383 1186 2446 gentibus
1211 2383 1484 2447 praedicatio
1506 2383 1707 2447 coepisse
1731 2382 1935 2441 videtur,
1964 2399 2108 2446 quam
2134 2399 2234 2428 non
2260 2382 2417 2430 solum
2442 2384 2723 2443 convertit⁷;

595 2464 679 2510 sed
707 2480 794 2528 per
828 2480 963 2523 eam,
996 2473 1048 2510 ut
1082 2463 1263 2510 dictum
1293 2474 1386 2523 est,
1419 2463 1596 2510 multos
1625 2464 1888 2527 acquisivit.
1937 2463 2194 2509 Illuminati
2227 2464 2385 2510 statim
2419 2481 2504 2528 per
2546 2464 2727 2511 stellam

597 2545 748 2608 magi,
779 2554 825 2591 et
857 2544 918 2591 ad
946 2544 1186 2591 Christum
1222 2545 1466 2604 conversi,
1505 2544 1682 2611 multos
1720 2543 2050 2591 exhortatione
2076 2560 2160 2590 sua
2184 2543 2259 2590 vel
2285 2544 2502 2591 doctrina
2526 2545 2587 2591 ad
2618 2561 2729 2591 eum

596 2625 790 2671 traxisse
816 2625 1112 2685 referuntur;
1145 2625 1229 2673 sed
1253 2625 1343 2672 soli
1366 2626 1654 2672 accessisse⁸.
1695 2627 1762 2671 Ex
1782 2641 1879 2689 quo
1905 2625 2046 2671 etiam
2066 2624 2214 2688 liquet
2240 2635 2468 2688 quantam
2489 2641 2514 2670 a
2540 2625 2728 2672 Christo

600 2707 796 2768 gratiam
834 2707 883 2752 in
925 2706 1143 2770 gentibus
1179 2706 1350 2753 mulier
1389 2707 1448 2753 sit
1464 2706 1683 2770 -adepta,
1718 2722 1823 2769 quae
1862 2722 2179 2770 praecurrens,
2215 2715 2261 2751 et
2295 2706 2470 2751 civitati
2506 2707 2730 2753 nuntians

601 2786 702 2848 ejus
733 2785 1022 2845 adventum,
1060 2796 1106 2832 et
1142 2802 1247 2849 quae
1281 2785 1495 2832 audierat
1519 2785 1805 2850 praedicans,
1846 2795 1943 2831 tam
1978 2801 2182 2849 propere
2218 2785 2319 2849 ipsa
2344 2785 2519 2832 multos
2553 2786 2614 2832 de
2640 2803 2730 2851 po-

599 2866 715 2930 pulo
755 2883 842 2913 suo
884 2877 954 2913 est
992 2866 1186 2913 lucrata.
1233 2865 1378 2923 Quod
1417 2867 1455 2912 si
1491 2866 1674 2913 Veteris
1712 2866 1999 2912 Testamenti
2037 2865 2113 2912 vel
2160 2866 2442 2929 evangelicae
2479 2867 2731 2932 Scripturae

600 2948 796 3012 paginas
821 2947 1148 3007 revolvamus,
1184 2955 1370 2994 summa
1396 2947 1474 2993 illa
1499 2947 1559 2993 de
1590 2947 1875 2994 resuscitatis
1900 2947 2101 2993 mortuis
2126 2946 2357 2993 beneficia
2388 2947 2598 2995 divinam
2629 2965 2731 3012 gra-

601 3028 715 3073 tiam
754 3028 938 3075 feminis
984 3029 1222 3093 praecipue
1265 3027 1534 3074 videbimus
1578 3027 1868 3092 impendisse
1890 3063 1902 3086 ,
1949 3044 2038 3074 nec
2080 3028 2172 3074 nisi
2220 3028 2332 3093 ipsis
2387 3028 2461 3074 vel
2509 3028 2571 3075 de
2618 3029 2732 3092 ipsis

600 3107 701 3154 haec
736 3109 963 3155 miracula
997 3109 1117 3155 facta
1163 3108 1319 3154 fuisse.
1365 3108 1524 3154 Primo
1561 3108 1738 3173 quippe
1769 3125 1855 3173 per
1889 3108 2070 3155 Eliam⁹
2103 3118 2149 3155 et
2177 3108 2393 3155 Elisaeum
2416 3111 2441 3133 ¹⁰
2481 3109 2543 3155 ad
2586 3110 2731 3156 inter-

602 3188 867 3235 cessionem
892 3200 1098 3236 matrum
1122 3188 1245 3235 filios
1270 3189 1480 3253 ipsarum
1507 3189 1806 3235 resuscitatos
1838 3200 1885 3236 et
1908 3191 1974 3236 eis
2005 3189 2216 3236 redditos
2241 3206 2341 3236 esse
2351 3190 2374 3213 ¹¹
2399 3183 2651 3253 legimus¹*.¹
2674 3193 2733 3237 Et

602 3263 838 3315 Dominus
865 3270 965 3334 ipse
990 3269 1143 3316 viduae
1163 3269 1412 3332 cujusdam
1437 3268 1589 3316 filium
1614 3286 1753 3316 suum
1769 3306 1781 3330 ‚
1816 3280 1863 3317 et
1895 3270 2253 3334 archisynagogi
2273 3269 2467 3330 filiam¹³,
2492 3279 2539 3317 et
2562 3279 2731 3334 rogatu

651 3410 661 3426 ¹
683 3410 793 3450 Joan.,
815 3421 888 3454 cap.
913 3422 966 3450 ιιι,
992 3423 1023 3444 v.
1047 3415 1057 3443 1
1077 3419 1110 3445 et
1128 3424 1179 3456 sq.
1199 3431 1237 3435 —
1252 3411 1264 3429 ²
1281 3414 1373 3445 Hunc
1401 3412 1469 3445 MS.
1493 3411 1590 3445 Amb.
1611 3429 1647 3436 —-
1693 3416 1781 3446 sione
1799 3413 1835 3446 C.
1851 3429 1895 3439 ·-
1911 3413 1924 3430 ⁹
1942 3415 2023 3455 Rey.
2050 3414 2095 3446 111
2113 3438 2121 3454 ,
2149 3423 2222 3457 cap.
2250 3424 2314 3446 xvn
2329 3439 2337 3451 ,
2355 3424 2386 3446 v.
2404 3416 2457 3446 22.
2472 3429 2516 3439 —-
2529 3412 2560 3431 ¹⁰
2576 3415 2658 3456 Περ.
2677 3413 2733 3455 lV,

607 3466 620 3482 ³
637 3466 748 3507 Joan.‚
761 3477 835 3510 cap.
850 3479 894 3508 iv,
910 3479 940 3501 v.
960 3470 1015 3501 25.
1028 3486 1067 3492 -—
1083 3468 1097 3485 ⁴
1113 3469 1244 3510 matth„
1261 3480 1337 3513 cap.
1352 3481 1392 3507 x,
1409 3480 1441 3503 v.
1462 3470 1495 3502 5.
1511 3487 1552 3493 --
1567 3469 1580 3486 ³
1597 3470 1650 3503 Ci-
1694 3480 1768 3513 cap.
1798 3481 1841 3510 iv,
1864 3481 1894 3502 v.
1921 3472 1974 3503 22.
1993 3488 2036 3493 —
2052 3470 2078 3487 ¹¹
2101 3469 2155 3503 Sic
2170 3469 2235 3502 CD.
2250 3488 2273 3494 —
2286 3472 2329 3502 Et
2347 3474 2391 3503 eis
2407 3473 2549 3504 redditos
2565 3470 2683 3503 desunt
2699 3471 2733 3504 in

606 3525 719 3556 vitales
737 3523 803 3556 CD.
821 3543 861 3548 —
878 3524 891 3542 ⁶
909 3525 975 3558 Nec
996 3525 1036 3558 D.
1057 3542 1098 3549 —
1114 3525 1126 3543 ¹
1145 3526 1338 3559 Convertere
1363 3526 1430 3559 Gn.
1445 3544 1482 3551 --
1502 3525 1515 3544 ⁸
1530 3527 1651 3560 Acces-
1695 3526 1823 3560 Edd.—
1837 3526 1866 3544 ¹²
1881 3527 1978 3568 Luc.‚
1992 3537 2065 3569 cap.
2083 3537 2127 3559 vn
2140 3550 2148 3565 ‚
2164 3537 2196 3559 v.
2218 3526 2311 3560 15.-
2325 3526 2354 3545 ¹³
2367 3527 2483 3569 Marc„
2497 3537 2567 3571 cap.
2585 3537 2619 3567 v,
2631 3537 2664 3561 v,
2677 3527 2732 3560 42.
