2970 4152
1220 349 1537 398 APPENDIX.
2346 346 2439 392 707

320 456 383 498 es,
405 439 539 487 debes
564 442 771 503 studere,
803 443 1015 506 prodesse
1037 443 1186 507 potius
1219 461 1354 506 quam
1384 445 1555 490 obesse.
1591 442 1988 506 Quamplurimum
2013 452 2057 488 te
2085 441 2266 499 obesse,
2295 441 2330 486 si
2356 441 2444 486 hoc

322 536 451 582 agere
473 522 737 582 intenderis,
767 523 895 583 nulli,
919 525 997 587 qui
1020 524 1177 587 sapiat,
1202 525 1288 569 erit
1307 525 1355 569 in
1375 525 1565 571 incerto.
1593 524 1850 570 Substantia
1875 533 1962 568 tuae
1982 523 2046 567 rei
2070 521 2126 568 ad
2143 521 2443 567 visitationem

323 601 497 646 romani
533 603 782 665 pontificis,
817 622 954 667 quum
984 615 1061 651 aut
1090 604 1266 650 modica
1289 605 1369 662 sit,
1393 615 1469 650 aut
1495 604 1642 663 uulla,
1670 604 1855 650 minime
1878 603 2059 649 sufficit.
2088 601 2212 661 Quid
2236 600 2445 664 palatinis

323 682 547 728 morsibus
566 684 839 746 objectabis?
875 688 1116 732 Parentum
1142 685 1210 731 vel
1234 686 1483 731 amicorum
1504 696 1686 731 tuorum
1707 686 1892 750 (omnes
1917 686 2037 730 enim
2057 684 2253 730 oderunt
2278 692 2321 727 te
2342 699 2447 744 pro-

324 772 427 823 pter
448 763 517 826 te)
542 765 607 809 rei
632 765 861 812 familiaris
885 767 1146 825 subventio,
1171 766 1238 813 vel
1262 766 1474 826 aliorum,
1494 767 1540 812 in
1566 766 1690 812 nullo
1716 766 1991 812 ministrabit
2013 766 2112 811 tibi.
2141 767 2295 810 Restat
2317 779 2443 825 ergo,

326 853 400 901 ut,
430 844 466 889 si
489 847 679 892 Romam
702 848 960 910 expetieris,
985 848 1246 893 monasterii
1270 849 1335 893 tui
1359 848 1544 910 opibus,
1570 865 1669 910 quae
1694 865 1764 894 res
1786 848 1826 892 ei
1850 846 2020 910 grande
2038 846 2253 891 damnum
2273 843 2450 890 exstite-

328 923 410 980 rit,
439 942 615 972 necesse
638 937 705 973 est
730 928 816 973 iter
841 917 1045 992 arripias.
1075 928 1213 987 Quod
1238 929 1275 974 si
1300 928 1537 987 defecerit,
1563 938 1608 973 et
1633 929 1719 973 iter
1742 938 1891 998 tamen
1924 925 2201 988 impleveris,
2229 926 2450 971 incassum

328 1013 372 1048 te
391 1005 572 1051 sudasse
596 1006 706 1053 nulli
731 1008 939 1054 dubitare
968 1009 1033 1054 fas
1058 1019 1138 1054 est.
1170 1009 1410 1072 Quotquot
1438 1009 1558 1054 enim
1586 1009 1751 1054 nostris
1771 1008 2049 1071 temporibus
2074 1006 2130 1052 ad
2155 1005 2274 1051 illam
2302 1003 2452 1050 sedem

329 1084 424 1130 sine
449 1086 651 1148 pondere
674 1089 875 1151 pecuniae
900 1096 1197 1148 accesserunt,
1219 1089 1396 1153 perdita
1412 1105 1560 1147 causa,
1582 1088 1755 1135 confusi
1777 1098 1826 1134 et·
1847 1088 2031 1151 reprobi
2055 1087 2378 1132 abscesserunt.
2407 1084 2453 1128 Si

330 1173 568 1225 protervus
591 1169 833 1228 exstiteris,
861 1180 905 1215 et
927 1186 1102 1215 causam
1125 1179 1248 1215 tuam
1268 1170 1388 1215 inter
1410 1187 1486 1216 eos
1503 1185 1727 1232 exponere
1746 1167 1959 1227 volueris,
1980 1167 2036 1212 de
2062 1177 2105 1212 te
2129 1166 2310 1229 quidem
2331 1181 2455 1211 com-

330 1247 531 1292 movebis
554 1248 724 1294 risum:
749 1249 969 1311 justitiam
993 1267 1099 1296 vero
1127 1251 1414 1313 consequeris
1442 1249 1629 1296 nullam.
1663 1248 1830 1295 Perdes
1854 1249 2004 1311 itaque
2034 1248 2146 1293 tanti
2171 1246 2337 1292 laboris
2364 1244 2458 1289 fru-

331 1334 453 1371 ctum
476 1337 521 1371 et
545 1344 746 1390 operam,
774 1339 819 1374 et
847 1328 1054 1374 Ecclesiae
1078 1330 1333 1392 parisiensis
1364 1330 1625 1392 pontificem
1656 1339 1701 1375 et
1731 1329 1972 1384 canonicos
2002 1325 2277 1373 monasterio
2307 1335 2387 1382 tuo
2415 1333 2459 1369 et

332 1404 546 1452 fratribus
574 1407 734 1454 reddes
763 1409 1072 1455 acerbissimos
1097 1420 1140 1455 et
1171 1409 1479 1456 infestissimos
1509 1410 1737 1475 inimicos,
1763 1412 1948 1455 Frustra
1967 1419 2116 1454 autem
2136 1406 2246 1465 niti,
2276 1417 2327 1452 ut
2354 1407 2463 1452 dicit

333 1486 591 1546 historicus,
613 1498 658 1533 et
677 1488 739 1533 nil
766 1489 851 1534 nisi
872 1489 1027 1535 odium
1047 1490 1278 1552 acquirere
1292 1526 1304 1549 ,
1333 1501 1542 1537 extremae
1561 1491 1799 1537 denientiae
1823 1500 1905 1536 est.
1934 1489 1979 1535 Si
2005 1488 2061 1534 de
2083 1488 2282 1534 vindicta
2304 1505 2463 1551 quere·

336 1569 414 1627 ris,
437 1585 570 1631 quam
597 1568 788 1616 multum
807 1571 902 1616 sitit
921 1572 1072 1618 anima
1092 1582 1167 1618 tua
1191 1583 1236 1618 et
1259 1572 1501 1630 desiderat,
1522 1572 1616 1619 noli
1633 1573 1851 1619 continuo
1877 1571 2077 1617 morderi
2094 1569 2252 1616 dolore
2275 1580 2318 1615 et
2338 1571 2464 1616 tabe-

336 1666 490 1695 scere:
515 1650 620 1712 quia
645 1651 739 1713 jam
770 1652 816 1696 in
847 1653 1035 1699 maxima
1062 1664 1189 1716 parte
1207 1654 1297 1700 visa
1319 1664 1384 1700 est
1407 1652 1661 1717 adimpleri,
1695 1654 1810 1700 Nam
1836 1652 2019 1716 quidam
2046 1650 2252 1709 illorum,
2281 1651 2357 1713 qui
2385 1651 2466 1696 tibi

337 1741 590 1776 nocuerunt
607 1766 619 1790 ,
646 1730 881 1778 oculorum
917 1733 1168 1795 privatione
1194 1744 1238 1780 et
1266 1733 1528 1797 genitalium
1554 1734 1804 1780 abscisione
1829 1732 2023 1779 mutilati
2053 1742 2174 1779 sunt.
2209 1731 2290 1777 Ille
2319 1742 2467 1778 autem

338 1811 415 1874 qui
441 1827 522 1873 per
544 1828 589 1857 se
618 1812 787 1858 factum
812 1813 1028 1877 abnegat,
1049 1814 1143 1876 jam
1166 1814 1223 1860 ab
1246 1815 1371 1860 omni
1399 1816 1676 1878 possessione
1700 1832 1777 1861 sua
1801 1814 2029 1860 bonorum
2052 1830 2236 1859 suorum
2261 1829 2470 1875 compor-

340 1892 511 1939 tatione
539 1894 800 1941 exturbatus
829 1905 909 1941 est.
937 1895 1043 1942 Noli
1060 1913 1168 1960 ergo
1187 1897 1430 1944 canonicos
1451 1896 1518 1943 vel
1540 1898 1807 1961 episcopum
1830 1896 1894 1943 tui
1915 1895 2144 1959 sanguinis
2166 1894 2383 1941 effusores
2402 1893 2471 1939 vel

341 1972 593 2036 perditores
609 1992 787 2034 vocare,
809 1977 885 2039 qui
910 1986 1097 2040 propter
1117 1987 1160 2023 te
1184 1989 1227 2024 et
1248 1988 1436 2042 propter
1455 1995 1518 2037 sc,
1542 1988 1763 2041 quantum
1789 1986 2053 2042 potuerunt,
2066 1976 2239 2038 justitia
2264 1976 2471 2022 intende-

342 2064 475 2114 runt,
498 2054 573 2100 sed
593 2056 697 2101 audi
718 2056 956 2103 consilium
987 2057 1159 2104 bonum
1177 2068 1221 2105 et
1242 2060 1334 2105 veri
1362 2059 1493 2105 amici
1518 2058 1891 2106 consolationem.
1913 2057 2167 2104 Monachus
2183 2073 2228 2102 es
2245 2067 2290 2102 et
2312 2067 2474 2103 sanctae

342 2134 572 2198 religionis
595 2136 798 2183 habitum
814 2172 826 2196 ,
864 2155 956 2197 non
985 2139 1175 2198 invitus,
1200 2138 1277 2185 sed
1302 2149 1463 2202 sponte
1486 2140 1731 2202 sumpsisti.
1759 2140 1863 2185 Non
1889 2139 2028 2202 igitur
2049 2136 2242 2201 amplius
2272 2137 2355 2183 tibi
2374 2138 2474 2183 vin-

344 2215 510 2262 dictam
532 2217 707 2280 exigere
733 2218 858 2276 licet,
886 2219 923 2264 si
948 2219 993 2264 in
1011 2219 1200 2266 veritate
1223 2220 1288 2266 vis
1313 2230 1466 2266 tenere
1488 2229 1533 2266 et
1553 2236 1702 2266 amare
1726 2219 1848 2283 quod
1870 2220 1917 2265 in
1934 2219 2066 2282 hujus
2086 2219 2282 2264 nominis
2303 2217 2476 2282 signifi-

345 2297 522 2342 catione
554 2308 833 2344 monstratur
858 2299 1102 2346 contineri.
1138 2301 1186 2345 Si
1211 2317 1319 2346 vero
1345 2300 1452 2346 odio
1485 2300 1696 2346 habueris
1728 2299 1863 2346 etiam
1894 2300 2127 2345 inimicum
2151 2299 2228 2362 qui
2253 2299 2340 2344 hoc
2365 2315 2478 2361 opus

348 2375 470 2435 fecit,
493 2394 575 2423 nec
594 2378 721 2424 odire
740 2378 929 2438 desinis;
954 2380 1112 2426 afferat
1132 2379 1254 2427 aliud
1274 2380 1352 2444 qui
1376 2380 1500 2439 velit,
1521 2398 1604 2444 ego
1621 2379 1903 2427 confidenter
1924 2397 2091 2438 assem,
2110 2389 2276 2426 vestem
2297 2378 2479 2441 quidem

349 2458 517 2504 Christi
535 2469 716 2522 portare
740 2470 884 2522 potes,
913 2461 988 2507 sed
1018 2461 1075 2508 ad
1102 2460 1271 2508 nullam
1298 2462 1380 2508 tibi
1408 2461 1646 2508 utilitatem
1672 2462 1924 2526 proveniet.
1956 2461 2262 2524 «Sequimini,
2286 2479 2308 2504 υ
2332 2462 2480 2525 inquit

350 2539 592 2603 Apostolus
612 2543 641 2600 ¹,
673 2560 695 2585 «
714 2558 868 2604 pacem
891 2559 993 2588 cum
1018 2543 1228 2589 omnibus
1251 2553 1296 2589 et
1318 2544 1659 2590 sanctimoniam
1684 2544 1780 2591 sine
1802 2561 1891 2607 qua
1917 2560 2049 2589 nemo
2074 2543 2244 2589 videbit
2267 2544 2431 2590 Deum.
2454 2562 2476 2587 »

354 2641 377 2665 α
396 2622 512 2667 Mihi
533 2621 749 2680 vindicta,
773 2640 795 2666 »
823 2622 972 2685 inquit
993 2623 1234 2683 Dominus,
1264 2634 1348 2669 «et
1364 2641 1447 2687 ego
1465 2625 1746 2671 retribuam&
1770 2643 1795 2669 »
1822 2625 1869 2670 Si
1884 2625 1951 2670 vis
1963 2640 2056 2670 esse
2072 2624 2312 2687 perfectus,
2334 2625 2482 2688 incipe

352 2702 581 2748 Christum
606 2702 802 2764 perfecte
826 2701 1034 2765 diligere,
1062 2713 1106 2749 et
1128 2721 1270 2767 usque
1286 2704 1341 2751 ad
1365 2705 1599 2751 inimicum
1624 2703 1902 2768 diligendum
1918 2705 2160 2768 pertinges.
2189 2705 2380 2751 Dimitte
2401 2706 2483 2751 mi-

355 2799 435 2828 nas
463 2792 508 2828 et
530 2782 665 2828 verba
688 2781 936 2845 ampullosa
969 2783 1190 2830 incassum
1214 2784 1466 2831 effundere.
1498 2787 1655 2849 Neque
1679 2786 1798 2832 enim
1824 2796 1952 2849 potes
1973 2784 2160 2848 implere
2188 2785 2310 2848 quod
2335 2787 2478 2848 cupis.

356 2862 527 2926 Injuria
559 2863 720 2925 injuste
753 2863 975 2926 irrogata,
1002 2882 1096 2911 non
1121 2866 1193 2912 cui
1220 2866 1468 2929 irrogatur,
1489 2867 1565 2913 sed
1592 2867 1632 2912 ei
1653 2867 1731 2930 qui
1756 2867 1948 2930 irrogat,
1981 2866 2165 2912 infamia
2192 2877 2272 2912 cst.
2301 2865 2405 2913 Noli
2428 2867 2484 2913 de

358 2954 520 2992 caetero
544 2944 600 2990 de
623 2945 783 2992 amissa
800 2943 953 2991 dolere
976 2945 1205 3004 felicitate,
1229 2964 1361 3010 quam
1381 2965 1558 3011 semper
1580 2948 1860 2994 adversitatis
1887 2948 2172 2994 incommoda
2202 2964 2484 3011 prosequun-

361 3035 450 3070 tur.
479 3025 525 3069 Si
544 3041 652 3088 ergo
676 3026 722 3070 in
742 3036 896 3072 sancto
915 3027 1150 3090 proposito
1175 3028 1474 3091 permanseris
1506 3045 1646 3092 usque
1675 3029 1723 3074 in
1747 3029 1882 3074 finem
1909 3046 1992 3075 nec
2015 3028 2252 3087 defeceris3
2282 3029 2487 3075 Christus

360 3104 512 3151 omnia
528 3121 628 3167 quae
654 3105 912 3168 perdidisti,
939 3105 1249 3170 multipliciter
1269 3118 1315 3154 et
1336 3107 1604 3154 mirabiliter
1621 3108 1885 3155 reformabit
1910 3109 1955 3154 in
1980 3093 2307 3172 glorificatione
2327 3125 2489 3171 corpo-

363 3201 462 3230 rum
484 3185 529 3230 in
547 3185 702 3231 futuro
728 3185 988 3246 beatorum;
1014 3203 1065 3233 ac
1083 3197 1179 3233 tum
1195 3186 1378 3234 demum
1396 3186 1550 3251 regula
1571 3187 1911 3235 dialecticorum
1936 3187 2041 3235 falsa
2062 3188 2313 3251 apparebit,
2336 3188 2489 3235 dicen-

365 3266 476 3311 tium
498 3266 543 3311 in
560 3266 764 3313 habitum
791 3284 1021 3330 nunquam
1043 3284 1173 3330 posse
1198 3268 1346 3314 redire
1361 3268 1678 3331 privationem.
1707 3267 1819 3315 Vale
1844 3271 1889 3314 in
1910 3269 2128 3315 Domino.

420 3401 428 3417 “
452 3402 563 3441 Helm,
582 3414 656 3447 cap.
675 3416 738 3444 xii,
759 3415 786 3435 v.
808 3407 855 3436 14.
872 3422 914 3429 —-
929 3403 941 3420 ²
957 3405 1065 3443 Rom„
1082 3414 1156 3449 cap.
1178 3416 1240 3445 xn,
1258 3415 1288 3437 v.
1309 3407 1355 3436 19.
