2970 4152
977 370 1056 417 ἸΝ
1089 370 1302 417 NATALI
1337 366 1547 414 DOMINI
1582 367 1798 413 SERMO.
2359 366 2452 412 365

335 456 586 533 sapientia,
617 467 684 514 sic
707 465 769 513 ad
794 482 882 512 nos
902 482 988 530 per
1011 465 1274 530 Virginem,
1301 462 1712 528 quemadmodum
1732 462 1916 509 claritas
1935 461 2064 508 solis¹
2083 476 2170 526 per
2189 459 2457 507 solidissimi

335 549 444 596 vitri
477 547 695 614 specular
724 546 999 611 ingreditur.
1023 545 1258 593 Omnibus
1282 544 1459 609 quippe
1477 543 1682 590 metallis
1698 535 1882 589 ¹vitrum
1909 541 2105 588 solidius
2126 550 2195 588 est
2219 557 2274 587 ac
2297 540 2459 604 splen-

335 628 516 688 didius,
546 639 705 676 tamen
732 627 960 691 fragilius,
988 643 1078 674 nec
1102 635 1212 692 post
1236 625 1489 672 fracturam
1514 623 1580 670 ita
1607 622 1872 688 reparabile
1896 632 1949 668 ut
1982 632 2164 669 caetera.
2201 623 2258 667 Et
2288 631 2457 667 sanctae

334 710 528 774 virginis
555 709 818 773 integritas,
853 724 997 772 quam
1026 706 1257 754 definiens
1282 703 1534 771 Apostolus
1557 704 1673 750 ait2:
1711 706 1813 750 «Ut
1839 703 1896 750 sit
1924 713 2086 749 sancta
2110 712 2157 749 et
2180 718 2387 766 corpore
2412 712 2458 747 et

334 791 524 855 spiritu,
552 809 575 835 »
609 790 863 836 maximam
898 787 1041 835 habet
1075 786 1385 845 soliditatem,
1427 794 1475 831 et
1506 793 1640 831 tanto
1666 785 1770 830 Deo
1801 782 2072 848 resplendet
2102 781 2452 846 acceptabilior,

336 881 517 934 quanto
540 881 609 917 est
641 870 811 933 hujus³
833 869 982 916 virtus
1012 868 1274 915 sublimior.
1306 865 1399 914 Sed
1424 866 1535 930 quia
1566 865 1667 912 haec
1699 864 1833 911 facile
1856 864 2072 929 deperire
2100 873 2275 928 potest,
2301 864 2453 910 statim

334 950 554 998 videlicet
579 951 617 997 si
640 949 716 997 vel
746 965 881 997 mens
912 959 1135 1014 corrupta
1159 948 1323 1007 fuerit,
1350 964 1441 994 nec
1469 946 1569 1010 jam
1593 945 1788 992 ulterius
1818 945 2087 1009 recuperari
2113 944 2189 991 vel
2207 945 2457 1008 integrari‘·

334 1031 457 1078 valet
478 1049 488 1077 z
513 1047 658 1095 quam
676 1030 735 1077 sit
753 1029 913 1094 fragile
929 1029 1025 1076 hoc
1040 1039 1198 1076 tamen
1227 1028 1410 1075 bonum
1430 1027 1600 1091 liquet,
1624 1035 1671 1073 et
1689 1042 1833 1090 quam
1853 1025 2064 1089 diligenti
2095 1024 2310 1072 custodia
2334 1025 2456 1071 indi—

334 1121 454 1175 geat.
478 1114 550 1158 De
576 1110 671 1158 hoc
701 1111 861 1175 itaque
887 1120 1114 1174 tanquam
1139 1108 1289 1173 fragili
1312 1109 1434 1155 vitro
1458 1108 1558 1172 ipsa
1593 1106 1681 1152 Dei
1705 1106 1853 1152 virtus
1886 1116 1933 1153 et
1957 1105 2207 1170 sapientia,
2237 1106 2313 1152 cui
2338 1105 2457 1152 velle

332 1207 475 1255 posse
500 1202 593 1251 est,
622 1191 756 1255 quasi
780 1190 996 1256 specular
1020 1189 1268 1254 quoddam
1291 1189 1340 1235 in
1377 1187 1568 1252 Virgine
1594 1186 1682 1232 sibi
1707 1187 2003 1251 composuit;
2027 1203 2115 1252 per
2126 1186 2266 1251 quod
2292 1204 2341 1234 se
2372 1204 2457 1232 no-

332 1270 405 1318 bis
431 1288 645 1319 summus
677 1271 756 1318 ille
787 1271 958 1318 divinae
976 1270 1197 1317 claritatis
1223 1268 1450 1334 splendor
1476 1266 1671 1325 infudit,
1694 1277 1741 1313 et
1765 1284 1854 1314 nec
1874 1284 1962 1332 per
1986 1278 2271 1332 conceptum
2302 1268 2455 1331 ingre-

332 1351 490 1412 diens,
520 1369 609 1399 nec
642 1369 728 1416 per
753 1352 966 1416 partum⁵
989 1349 1235 1414 egrediens
1261 1347 1379 1393 illud
1405 1347 1662 1412 dissipavit.
1693 1349 1752 1392 Et
1779 1346 2047 1393 notandum
2078 1346 2212 1410 quod
2245 1347 2457 1412 specular

334 1431 527 1496 quidem
559 1431 750 1496 plenam
784 1430 902 1477 lucis
927 1429 1186 1476 claritatem
1220 1427 1436 1492 suscipit,
1473 1426 1556 1473 sed
1587 1425 1708 1472 adeo
1744 1425 1936 1491 plenam
1963 1443 2062 1472 non
2097 1426 2331 1485 refundit,
2368 1444 2457 1473 nec

332 1521 511 1558 tantam
536 1510 739 1558 reddere
764 1519 946 1575 potest,
967 1518 1196 1573 quantam
1214 1507 1355 1572 capit.
1379 1506 1455 1552 Sic
1473 1516 1519 1553 et
1539 1505 1615 1552 ille
1633 1505 1821 1552 divinus
1838 1505 2010 1570 fulgor,
2040 1522 2189 1570 quum
2215 1523 2265 1554 se
2291 1506 2351 1554 ad
2369 1523 2456 1553 nos

331 1590 565 1656 per-illud
595 1589 819 1654 virginale
855 1588 1071 1654 specular
1095 1588 1330 1645 immittit,
1357 1586 1499 1650 longe
1527 1585 1756 1649 ampliore
1773 1586 1920 1649 gratia
1935 1586 2176 1650 Virginem
2203 1603 2346 1650 quam
2368 1603 2455 1632 nos

333 1672 535 1719 illustrat
559 1688 643 1736 per
658 1671 918 1735 Virginem.
946 1669 1083 1717 Unde
1106 1679 1152 1716 et
1175 1668 1299 1716 bene
1324 1667 1384 1714 ab
1411 1666 1580 1731 angelo
1602 1667 1747 1730 gratia
1765 1666 1906 1730 plena
1925 1666 2189 1726 salutaturss,
2219 1668 2331 1714 etin
2349 1684 2452 1714 eam

333 1752 639 1817 supervenire
664 1752 863 1816 Spiritus
890 1760 1080 1797 sanctus
1105 1749 1368 1796 nuntiatur.
1410 1751 1516 1813 Ipsa
1546 1748 1749 1812 quippe,
1783 1757 2017 1811 quantum
2040 1746 2252 1794 humana
2285 1764 2454 1813 capere

331 1842 487 1896 potest
513 1841 703 1891 natura,
726 1830 950 1877 omnibus
975 1830 1146 1876 divinae
1164 1829 1320 1894 gratiae
1337 1831 1349 1852 ⁷
1373 1828 1513 1875 donis
1536 1827 1775 1874 cumulata
1791 1837 1945 1874 totum
1965 1826 2105 1874 simul
2124 1828 2306 1892 accepit
2321 1829 2453 1892 quod

331 1911 650 1977 particulatim
679 1910 976 1958 distribuitur
1006 1910 1123 1958 aliis.
1149 1910 1288 1957 Venit
1309 1909 1468 1973 itaque
1494 1925 1615 1973 saepe
1639 1908 1838 1973 Spiritus
1858 1917 2049 1955 sanctus
2071 1908 2118 1954 in
2148 1907 2265 1954 alios
2290 1907 2452 1955 fideles

331 2010 419 2058 per
445 1992 639 2057 aliquod
662 1993 818 2057 gratiae
843 2009 937 2039 suae
960 1991 1172 2051 donum,
1196 1990 1280 2038 sed
1303 1991 1352 2037 in
1372 1991 1509 2036 istam
1531 1989 1803 2054 supervenit
1827 2006 1837 2035 ε
1866 1989 1979 2053 quia
1995 1988 2137 2053 longe
2157 1990 2451 2054 superiorem

331 2068 409 2114 hic
444 2067 703 2115 adventum
734 2066 922 2126 habuit,
966 2065 1047 2112 ubi
1075 2065 1289 2112 fidelium
1320 2064 1537 2111 omnium
1571 2073 1794 2128 operatus
1830 2072 1902 2110 est
1928 2062 2144 2110 salutem.
2180 2063 2451 2110 Secundum

331 2165 475 2212 quam
501 2147 695 2212 quidem
732 2147 1060 2212 operationem
1090 2146 1306 2193 Salvator
1338 2145 1439 2210 ipse
1475 2160 1574 2191 non
1605 2143 1760 2190 solum
1790 2160 1846 2191 ex
1871 2143 2063 2207 Virgine
2088 2153 2249 2201 natus,
2276 2143 2360 2190 sed
2395 2143 2455 2189 de

330 2229 436 2294 ipso
467 2245 660 2293 quoque
696 2229 870 2294 Spiritu
912 2238 1050 2275 natus
1075 2244 1175 2275 esse
1203 2227 1401 2286 dicitur,
1445 2243 1527 2274 seu
1567 2236 1842 2292 conceptus.
1891 2225 2035 2272 Aliter
2070 2235 2228 2272 tamen
2260 2242 2317 2271 ex
2350 2224 2450 2282 illa,

331 2309 464 2356 aliter
487 2327 541 2357 ex
558 2313 571 2335 ⁸
598 2309 695 2357 illo.
727 2312 794 2357 Ex
824 2309 903 2356 illa
934 2308 1152 2356 videlicet
1187 2318 1413 2372 tanquam
1439 2324 1494 2354 ex
1520 2316 1695 2365 matre,
1733 2306 1795 2353 de
1819 2306 1954 2370 cujus
1978 2305 2239 2353 substantia
2263 2322 2452 2353 carnem

331 2390 512 2454 accepit
535 2408 544 2435 z
574 2390 635 2436 de
657 2390 738 2437 illo
764 2399 923 2436 autem
947 2405 1047 2435 non
1067 2398 1120 2435 ut
1143 2388 1204 2435 de
1227 2398 1383 2453 patre,
1407 2387 1491 2434 sed
1515 2397 1743 2450 tanquam
1771 2386 1832 2434 de
1854 2386 1996 2450 hujus
2014 2386 2267 2433 nativitatis
2287 2402 2453 2451 opera—

332 2481 451 2518 tore.
473 2473 527 2516 In
544 2470 635 2517 hac
655 2471 832 2535 quippe
850 2470 1166 2533 conceptione
1178 2468 1253 2515 vel
1268 2469 1510 2515 nativitate
1527 2484 1625 2514 non
1643 2465 1942 2514 consuetudo
1956 2475 2135 2512 naturae
2149 2501 2161 2525 ,
2176 2465 2267 2523 ¹sed
2286 2465 2455 2512 divinae

333 2551 546 2615 operatio
567 2550 722 2614 gratiae
740 2548 1092 2596 consideratur:
1123 2564 1212 2595 nec
1224 2547 1340 2612 quid
1363 2557 1531 2594 natura
1549 2546 1698 2611 possit
1710 2582 1722 2606 ,
1745 2545 1829 2593 sed
1847 2545 1964 2609 quid
1982 2546 2286 2610 omnipotens
2306 2545 2454 2592 voluit

334 2629 607 2677 attenditur.
633 2629 777 2686 Quod
795 2645 910 2676 vero
930 2627 992 2675 ad
1019 2628 1215 2692 gratiam
1239 2628 1327 2675 Dei
1342 2627 1490 2691 magis
1513 2643 1658 2691 quam
1684 2626 1746 2673 ad
1770 2626 1939 2673 merita
1955 2625 2209 2673 hominum
2239 2626 2448 2691 respicit,

331 2711 523 2776 Spiritui
547 2720 710 2757 sancto
730 2709 993 2775 specialiter
1018 2707 1255 2768 tribuitur,
1284 2708 1395 2772 quia
1419 2708 1521 2773 ipse
1546 2724 1682 2754 amor
1698 2724 1780 2754 seu
1796 2706 1986 2753 bonitas
2008 2706 2094 2753 Dei
2112 2707 2305 2772 proprie
2333 2723 2453 2753 nun·

331 2800 548 2855 cupatur.

400 2870 549 2934 Hujus
566 2872 814 2934 tanquam⁹
831 2869 1022 2917 artificis
1034 2870 1280 2934 cujusdam
1301 2869 1579 2935 operatione
1590 2905 1602 2929 ,
1622 2868 1740 2934 lapis
1762 2867 1840 2916 ille
1856 2867 1917 2915 de
1936 2877 2100 2915 monte
2116 2868 2217 2915 sine
2236 2866 2454 2914 manibus

333 2951 542 2998 abcissus
558 2961 650 3011 est,
672 2951 754 3015 qui
773 2951 821 2997 in
838 2950 1034 2999 Daniele
1053 2961 1254 2999 statuam
1278 2950 1616 2998 comminuisse
1634 2949 1820 3014 legitur,
1846 2965 1902 2996 ac
1919 2948 2231 3014 postmodum
2251 2948 2298 2994 in
2317 2962 2454 2992 mon-

332 3040 431 3079 tem
451 3047 677 3096 magnum
703 3031 932 3090 crevisse,
961 3041 1008 3078 et
1032 3031 1302 3079 universam
1328 3041 1502 3078 terram
1526 3030 1794 3095 implevisse
1825 3029 2014 3076 dicitur.
2053 3031 2208 3087 Quem
2226 3026 2368 3074 etiam
2391 3026 2456 3073 la-

334 3113 495 3178 pidem
520 3130 607 3178 per
626 3113 793 3160 Isaiam
810 3115 836 3138 ¹⁰
861 3112 999 3159 nobis
1017 3113 1252 3160 Dominus
1276 3112 1581 3177 promittens,
1604 3112 1668 3158 ait
1680 3114 1704 3136 ¹¹
1727 3129 1737 3157 ε
1772 3130 1796 3155 «
1820 3113 1943 3157 Ecce
1966 3126 2055 3175 ego
2080 3110 2266 3157 mittam
2289 3108 2339 3154 in
2355 3107 2456 3154 fun-

335 3191 570 3240 damentis
607 3194 720 3240 Sion
755 3192 964 3258 lapidem
995 3192 1251 3258 probatum
1265 3229 1277 3252 ,
1319 3192 1616 3257 angularem,
1662 3191 1949 3256 pretiosum,
1985 3200 2074 3238 etc.
2106 3209 2130 3235 »
2170 3192 2241 3236 De
2278 3204 2376 3253 quo
2411 3198 2456 3235 et

379 3340 389 3357 ¹
415 3339 481 3373 MS.
500 3340 589 3373 Eius.
606 3357 632 3365 -
645 3341 730 3374 Solis
748 3339 840 3373 deest
860 3339 948 3373 Edit.
973 3339 1070 3375 Amb.
1086 3359 1126 3365 —
1140 3340 1154 3358 ⁸
1171 3340 1314 3375 Corinth.
1333 3341 1368 3378 t,
1422 3349 1454 3372 v.
1473 3339 1528 3371 28.
1549 3354 1584 3362 -
1601 3336 1613 3354 '¹
1628 3337 1747 3370 Gloriae
1769 3335 1834 3370 MS.
1864 3336 1955 3369 Eius.
1972 3352 2008 3359 -
2028 3334 2041 3353 ⁸
2055 3335 2104 3368 De
2121 3337 2194 3369 illa.
2209 3351 2234 3361 -
2246 3334 2294 3368 De
2314 3335 2370 3367 illo
2389 3333 2453 3366 MS.

334 3406 407 3440 cap.
427 3407 490 3436 vn,
508 3407 539 3430 v.
561 3397 670 3431 34.—
684 3396 698 3414 ³
713 3397 790 3431 Hoec
804 3399 904 3431 virtus
926 3396 994 3431 MS.
1020 3397 1110 3431 Eius.
1129 3414 1166 3422 -
1183 3396 1197 3416 ⁴
1210 3398 1368 3432 Redime·
1422 3395 1514 3429 Eius.
1531 3411 1572 3419 —
1592 3393 1606 3411 ⁰
1624 3394 1728 3435 Hujus
1750 3395 1859 3434 itaque
1887 3392 1954 3426 MS.
1984 3392 2074 3426 Eius.
2098 3408 2143 3420 -ι
2166 3391 2196 3410 ⁴⁰
2221 3393 2356 3425 Esaiam
2388 3389 2453 3423 MS.

334 3455 424 3494 qrari
439 3452 505 3486 MS.
522 3452 611 3487 Eius.
632 3472 669 3478 —-
687 3452 700 3471 ⁸
718 3453 829 3488 Ortum
845 3453 913 3487 MS.
931 3454 1020 3488 Eins.
1038 3470 1083 3480 —
1096 3453 1109 3472 ⁰
1124 3454 1220 3496 Luc„
1237 3465 1312 3498 cap.
1334 3465 1366 3496 1,
1421 3453 1514 3487 Eius.
1526 3470 1567 3476 —
1583 3452 1610 3471 ‘¹
1629 3452 1721 3486 lsaiae
1736 3461 1812 3495 cap.
1833 3461 1949 3492 xxvm,
1966 3461 1996 3484 v.
2014 3452 2066 3484 16.
