2970 4152
526 348 621 395 696
1331 348 1502 395 PETRI
1538 348 1852 396 ABAELARDI

524 442 761 507 quidquid
810 459 980 507 capere
1026 459 1126 488 non
1166 452 1391 506 possunt,
1438 443 1671 490 aestimant
1716 444 2101 491 deliramentum.
2151 447 2284 502 Quos
2329 446 2526 510 quidem
2568 464 2649 496 ra-

523 524 670 571 tionis
708 534 952 589 expertes,
1001 524 1114 587 quia
1159 522 1428 570 rationibus
1470 523 1684 571 refellere
1722 541 1823 571 non
1868 524 2112 583 valemus,
2148 526 2432 573 testimoniis
2484 527 2652 575 saltem

524 613 799 650 sanctarum
832 603 1212 668 Scripturarum,
1254 602 1429 666 quibus
1459 620 1509 649 se
1533 603 1791 667 plurimum
1818 604 1906 650 niti
1952 604 2176 663 fatentur,
2214 621 2384 652 eorum
2424 622 2652 670 praesum-

525 684 742 747 ptionem
767 699 1146 747 compescamus
1173 685 1446 745 Agnoscam
1475 684 1616 747 igitur
1648 700 1777 743 eam,
1807 700 1954 747 quam
1978 683 2308 731 vehementius
2331 685 2650 745 detestantur,

527 774 704 822 artem,
741 764 835 811 hoc
872 774 943 811 est
975 763 1302 821 dialecticam,
1345 765 1482 827 quasi
1514 781 1658 811 sacrae
1700 764 1896 811 lectioni
1932 766 2253 824 contrariam,
2291 776 2527 829 quantum
2576 782 2654 813 ec-

525 845 771 892 clesiastici
808 845 1031 892 doctores
1064 845 1432 904 commendent,
1476 855 1712 909 quantum
1749 862 1855 892 eam
1887 863 2031 893 sacrae
2065 847 2318 911 Scripturae
2340 847 2656 895 necessariam

521 925 755 987 judicent.
795 930 930 973 Hanc
971 927 1150 991 quippe
1195 927 1445 974 scientiam
1494 927 1638 973 tantis
1685 927 1936 991 praeconiis
1976 928 2146 975 efferre
2184 928 2352 975 beatus
2401 945 2543 976 ausus
2587 939 2657 976 est

525 1006 839 1068 Augustinus,
896 1016 947 1052 ut
998 1007 1364 1071 comparatione
1411 1017 1690 1053 caeterarum
1746 1008 1922 1054 artium
1970 1024 2076 1054 eam
2127 1008 2280 1054 solam
2334 1008 2488 1055 facere
2537 1009 2657 1056 scire

527 1085 747 1143 fateatur,
797 1095 1030 1149 tanquam
1074 1086 1178 1150 ipsa
1224 1086 1325 1132 sola
1361 1087 1422 1132 sit
1467 1086 1671 1133 (licenda
1712 1087 1927 1133 scientia.
1982 1087 2121 1133 Unde
2156 1087 2281 1133 libro
2336 1087 2550 1134 secundo
2601 1087 2659 1134 cle

530 1165 709 1212 Ordine
736 1167 801 1214 ita
825 1167 1097 1214 meminit¹z
1129 1167 1485 1232 «Disciplinam
1515 1167 1905 1232 disciplinarum,
1946 1184 2093 1232 quam
2129 1168 2427 1215 dialecticam
2461 1178 2653 1216 vocant.

526 1251 635 1295 Haec
670 1248 814 1294 docet
838 1248 1031 1308 docere,
1057 1247 1158 1295 haec
1182 1249 1324 1295 docet
1348 1248 1548 1295 discere.
1584 1251 1638 1294 In
1671 1248 1763 1295 hac
1798 1265 1848 1295 se
1883 1249 1987 1312 ipsa
2021 1249 2143 1296 ratio
2184 1249 2482 1296 demonstrat
2516 1259 2659 1314 atque

530 1330 706 1393 aperit,
735 1346 841 1393 quae
880 1330 966 1388 sit,
1015 1329 1134 1394 quid
1177 1329 1292 1376 velit
1319 1347 1329 1376 :
1357 1330 1445 1375 scit
1476 1345 1611 1376 sacra
1645 1329 1769 1388 sola,
1805 1329 2007 1375 scientes
2032 1329 2186 1376 facere
2209 1347 2311 1376 non
2335 1329 2493 1376 solum
2515 1329 2648 1387 vult²,

527 1410 612 1457 sed
654 1411 799 1457 etiam
842 1420 1018 1475 potest.
1053 1429 1076 1455 »
1115 1410 1250 1457 Idem
1296 1410 1346 1456 in
1391 1410 1606 1457 secundo
1650 1409 1707 1456 de
1751 1412 1985 1456 Doctrina
2018 1410 2306 1466 clerz'stc'cma,
2342 1426 2494 1474 quum
2531 1410 2658 1457 inter

527 1507 696 1537 omnes
741 1501 866 1538 artes
910 1492 1148 1556 praecipue
1184 1491 1483 1537 dialecticam
1524 1501 1572 1537 et
1621 1490 1973 1538 arithmeticam
2019 1507 2163 1538 sacrae
2205 1490 2402 1537 lectioni
2440 1506 2659 1537 necessa-

527 1571 620 1618 rias
663 1588 764 1618 esse
809 1571 1117 1636 profiteatur,
1165 1571 1295 1618 illam
1342 1571 1541 1635 quidem
1586 1571 1648 1618 ad
1692 1571 2021 1619 dissolvendas
2061 1571 2371 1636 quaestiones,
2419 1569 2547 1617 hanc
2599 1570 2662 1618 ad

526 1651 860 1715 allegoriarum
896 1653 1123 1716 mysteria
1167 1651 1495 1711 discutienda,
1541 1669 1646 1716 quae
1692 1652 1967 1716 frequenter
2013 1653 2064 1698 in
2112 1652 2296 1699 naturis
2346 1667 2663 1698 numerorum

527 1735 893 1797 investigamus,
945 1744 1081 1780 tanto
1123 1734 1327 1799 amplius
1367 1733 1668 1781 dialecticam
1713 1733 1901 1793 extulit,
1951 1743 2134 1798 quanto
2179 1732 2384 1798 amplius
2429 1748 2537 1779 eam
2581 1748 2664 1778 ne·

528 1814 782 1861 cessariam
826 1814 1111 1877 assignavit,
1161 1813 1223 1860 ad
1269 1830 1438 1860 omnes
1487 1813 1710 1861 videlicet
1757 1814 2078 1878 quaestionum
2132 1813 2456 1860 dubitationes
2496 1812 2664 1858 termi-

530 1895 732 1942 nandas.
761 1895 835 1941 Ait
863 1904 1026 1942 autem
1069 1894 1161 1940 sic3
1189 1912 1199 1940 :
1231 1913 1254 1939 «
1283 1896 1479 1941 Restant
1515 1911 1593 1954 ea,
1632 1911 1738 1958 quae
1768 1911 1869 1941 non
1910 1894 1973 1942 ad
2010 1887 2228 1960 corporis
2262 1912 2446 1955 sensus,
2487 1896 2572 1943 sed
2602 1895 2663 1943 ad

528 1977 765 2023 rationem
818 1977 967 2023 animi
1012 1976 1255 2040 pertinent
1276 2013 1287 2035 ,
1337 1976 1421 2022 ubi
1465 1975 1718 2041 disciplina
1764 1987 1934 2040 regnat
1977 1976 2315 2041 disputationis
2363 1987 2410 2023 et
2454 1978 2660 2025 numeri.

530 2056 624 2102 Sed
665 2056 1004 2120 disputationis
1045 2055 1298 2120 disciplina
1343 2056 1405 2103 ad
1441 2056 1607 2102 omnia
1651 2040 1827 2119 genera
1870 2057 2218 2121 quaestionum,
2265 2073 2371 2121 quae
2404 2057 2454 2102 in
2498 2056 2666 2104 litteris

530 2136 705 2182 sanctis
750 2146 888 2195 sunt,
938 2135 1241 2200 penetranda
1284 2146 1334 2182 et
1379 2135 1687 2182 dissolvenda
1727 2136 1992 2200 plurimum
2034 2136 2177 2182 valet.
2227 2138 2433 2182 Tantum
2472 2135 2541 2182 ibi
2579 2151 2664 2182 ca—

529 2215 688 2262 venda
729 2225 800 2262 est
835 2214 989 2261 libido
1025 2214 1237 2273 rixandi,
1285 2224 1332 2260 et
1371 2214 1567 2279 puerilis
1606 2215 1827 2278 quaedam
1871 2215 2128 2262 ostentatio
2178 2213 2452 2279 decipiendi
2495 2214 2665 2261 adver-

530 2296 724 2343 sarium.
764 2298 886 2342 Sunt
914 2296 1044 2342 enim
1082 2294 1256 2354 multa,
1301 2312 1406 2360 quae
1445 2295 1748 2361 appellantur
1792 2296 2114 2361 sophismata,
2159 2296 2286 2343 falsae
2329 2296 2666 2343 conclusiones

530 2378 799 2437 rationum,
847 2388 894 2424 et
931 2377 1217 2442 plerumque
1258 2378 1323 2424 ita
1356 2393 1493 2424 veras
1526 2378 1791 2437 imitantes,
1829 2388 1883 2425 ut
1923 2395 2024 2425 non
2061 2378 2220 2424 solum
2254 2377 2448 2437 tardos,
2487 2377 2573 2424 sed
2600 2378 2669 2424 in·

530 2460 752 2523 geniosos
786 2460 930 2506 etiam
967 2459 1126 2505 minus
1156 2458 1410 2522 diligenter
1441 2468 1650 2506 attentos
1687 2459 1948 2525 decipiant.
1984 2458 2130 2517 Quod
2162 2476 2311 2523 genus
2345 2459 2668 2523 captiosarum

529 2540 898 2587 conclusionum
934 2541 1194 2604 scriptura,
1233 2550 1471 2604 quantum
1511 2541 1730 2588 existimo
1749 2578 1760 2600 ,
1801 2541 2064 2588 detestatur
2098 2541 2180 2588 illo
2218 2540 2328 2587 loco
2364 2539 2450 2586 ubi
2484 2539 2668 2587 dictum

530 2624 649 2668 est'·:
680 2622 818 2679 «Qui
854 2621 1112 2686 sophistice
1146 2620 1379 2685 loquitur,
1422 2621 1615 2668 odibilis
1656 2622 1762 2669 erit.
1798 2641 1822 2668 »
1849 2622 2115 2669 Plurimum
2162 2631 2322 2669 autem
2370 2619 2669 2667 dialecticam

531 2713 674 2767 atque
696 2703 1009 2768 sophisticam
1046 2712 1199 2750 artem
1235 2702 1296 2749 ab
1334 2703 1543 2750 invicem
1573 2713 1762 2751 constat
1796 2720 1898 2751 esse
1922 2704 2175 2763 discretas,
2202 2719 2355 2768 quum
2391 2701 2473 2749 illa
2507 2702 2558 2748 in
2589 2717 2669 2749 ve-

532 2784 670 2831 ritate
705 2784 951 2831 rationum
970 2820 981 2842 ,
1025 2782 1127 2829 haec
1163 2783 1213 2829 in
1258 2782 1572 2830 similitudine
1609 2784 1840 2831 consistat
1871 2801 2060 2843 earum,
2094 2785 2185 2831 ista
2206 2782 2396 2830 fallaces
2419 2796 2671 2845 argumen-

529 2865 736 2912 tationes
779 2864 960 2924 tradat,
1010 2864 1091 2911 illa
1133 2864 1340 2912 fallacias
1387 2880 1554 2911 earum
1599 2865 1851 2924 dissolvat,
1901 2876 1948 2913 et
2000 2882 2057 2913 ex
2101 2865 2390 2912 discretione
2446 2877 2669 2909 verarum

532 2945 1005 3008 argumentationum
1063 2943 1202 2991 falsas
1250 2944 1554 3008 deprehendi
1597 2944 1786 2992 doceat.
1843 2949 2055 3009 Utraque
2101 2956 2264 2992 tamen
2320 2943 2517 2991 scientia
2569 2952 2669 2991 tam

533 3025 780 3072 dialectica
824 3025 1004 3072 scilicet
1040 3041 1188 3089 quam
1221 3024 1483 3089 sophistica
1516 3024 1579 3071 ad
1621 3025 1962 3073 discretionem
1995 3026 2205 3091 pertinet
2244 3032 2664 3089 argumentorum;

532 3121 621 3152 nec
657 3105 791 3152 aliter
829 3106 935 3170 quis
979 3106 1029 3152 in
1065 3105 1358 3169 argumentis
1395 3121 1496 3152 esse
1532 3105 1767 3152 discretus
1810 3106 2012 3171 poterit,
2052 3105 2143 3152 nisi
2174 3105 2258 3170 qui
2299 3103 2438 3151 falsas
2490 3119 2546 3149 ac
2583 3102 2668 3149 de-

531 3186 767 3249 ceptorias
806 3186 1246 3250 argumentationes
1281 3202 1308 3233 a
1344 3186 1468 3233 veris
1505 3195 1551 3232 et
1587 3187 1813 3250 congruis
1848 3184 2344 3251 argumentationibus
2378 3184 2670 3246 distinguere

578 3388 585 3404 ¹
613 3388 694 3432 Cap.
713 3401 790 3430 xm,
813 3390 909 3431 Opp„
932 3397 955 3423 t.
972 3391 1004 3431 1,
1022 3391 1088 3425 col.
1107 3392 1184 3425 3¹¹6.
1204 3410 1244 3415 -
1261 3391 1274 3408 ²
1289 3391 1506 3426 Amboesius:
1527 3392 1595 3426 Scit
1620 3392 1707 3431 sola,
1734 3392 1891 3426 scientem
1922 3392 2030 3426 facere
2049 3401 2113 3425 non
2138 3388 2227 3423 solus
2250 3387 2333 3428 vult,
2352 3385 2410 3420 sed
2431 3384 2527 3419 ctiam
2547 3389 2667 3428 potest.

532 3464 570 3471 -—
590 3447 602 3464 ⁸
617 3449 696 3491 Cap.
716 3459 815 3489 xxx1,
837 3450 935 3490 Opp„
955 3457 979 3482 t.
1000 3450 1028 3488 1,
1048 3451 1112 3484 eol.
1129 3453 1230 3484 38.—
1243 3451 1254 3468 ⁴
1271 3452 1391 3490 Eccli„
1409 3461 1482 3494 cap.
1500 3462 1631 3492 xxxvu,
1648 3463 1678 3485 ν.
1695 3453 1750 3484 23.
