2970 4152
549 403 610 447 48
1274 397 1533 445 ANDREAE
1568 395 1916 454 QUERCETAN
1919 395 1935 441 1

545 493 723 530 describit
745 493 878 537 Fulco,
898 490 1049 538 Diogilli
1071 491 1186 538 prior,
1207 490 1246 525 in
1261 489 1416 538 epistola
1434 502 1546 539 quam
1566 489 1612 526 ad
1640 501 1727 526 eum
1753 495 1842 525 tunc
1866 498 1937 535 ,pro
1955 484 2204 522 consolatione
2223 484 2370 520 direxit.
2392 499 2409 517 α
2427 483 2593 520 Membra
2607 511 2616 528 ‚
2639 498 2656 515 ι)

546 554 691 602 inquit,
715 553 864 602 «quieti
891 550 1046 587 dederas
1072 557 1110 586 et
1135 550 1279 598 sopori,
1300 549 1468 600 nullique
1487 550 1624 587 malum
1642 551 1781 586 inferre
1798 548 1969 597 parabas3
1990 558 2107 596 quum
2129 558 2214 583 ecce
2237 557 2367 582 manus
2394 546 2595 594 impietatis
2621 553 2658 580 et

546 615 812 651 ferramentum
842 611 990 649 exitiale
1016 612 1235 661 sanguinem
1257 619 1366 648 tuum
1389 611 1583 649 innoxium
1603 613 1717 661 gratis
1734 611 1892 647 fundere
1910 622 1985 646 non
2003 608 2282 645 dubitaverunt.
2303 607 2453 656 Plangit
2470 619 2561 657 ergo
2586 607 2658 643 hoc

548 684 650 712 tuum
671 675 802 711 vulnus
820 681 857 710 et
875 674 1054 709 damnum
1072 673 1292 710 venerabilis
1310 674 1474 723 episcopi
1496 674 1727 722 benignitas,
1747 685 1827 723 quae
1843 678 2025 721 quantum
2042 670 2149 707 licuit
2169 682 2300 706 vacare
2320 669 2473 718 justitiae
2500 669 2657 706 studuit.

547 738 695 785 Plangit
709 735 917 771 liberalium
936 735 1200 771 canonicorum
1216 748 1258 771 ac
1275 735 1459 772 nobilium
1475 735 1696 772 clericorum
1709 733 1927 771 multitudo.
1945 733 2132 781 Plangunt
2147 733 2243 769 cives
2259 731 2437 778 civitatis,
2455 732 2528 769 hoc
2545 732 2660 769 dede—

545 811 607 834 cus
628 803 841 846 reputantes
855 824 864 841 ‚
883 803 921 832 et
937 796 1105 832 dolentes
1124 808 1228 832 suam
1246 796 1377 833 urbem
1396 797 1452 833 tui
1471 796 1661 846 sanguinis
1684 795 1862 833 effusione
1887 794 2030 831 violari.
2049 794 2152 842 Quid
2180 795 2411 843 singularum
2439 794 2659 832 feminarum

547 860 702 895 reseram
716 858 903 906 planctum
915 885 924 902 ,
945 870 1026 906 quae
1043 858 1095 894 sic
1113 857 1185 894 hoc
1203 858 1332 894 audito
1348 858 1532 906 lacrymis,
1550 870 1654 894 more
1672 857 1845 901 femineo,
1864 869 1927 893 ora
1943 855 2114 905 rigarunt
2131 862 2286 904 propter
2302 863 2339 892 te
2360 856 2517 893 militem
2537 869 2658 902 suum,

545 933 654 966 quem
668 921 892 966 amiserant,
910 932 952 956 ac
968 921 998 956 si
1019 920 1171 969 singulae
1185 920 1305 956 virum
1322 932 1430 956 suum
1448 928 1512 957 aut
1529 921 1690 956 amicum
1708 926 1806 956 sorte
1823 918 1909 955 belli
1927 919 2148 967 reperissent
2165 918 2394 955 extinctum?
2411 919 2554 956 Tantus
2571 931 2662 968 ergo

545 984 713 1018 omnium
731 982 854 1018 luctus
871 983 1016 1028 extitit,
1036 989 1079 1019 ut
1098 982 1230 1029 melius
1246 982 1403 1019 videaris
1421 991 1458 1020 te
1477 982 1612 1018 debere
1634 981 1723 1018 velle
1747 981 1917 1030 periisse,
1936 993 2048 1030 quam
2065 992 2223 1017 servasse
2238 980 2340 1030 quod
2362 982 2483 1030 periit.
2502 981 2604 1018 Felix
2625 993 2662 1018 se

546 1044 661 1080 nescit
681 1044 811 1081 amari.
828 1045 929 1081 Pene
953 1051 1029 1080 tota
1048 1044 1174 1080 civitas
1192 1045 1231 1080 in
1249 1051 1315 1080 tuo
1334 1043 1464 1080 dolore
1482 1043 1690 1080 contabuit.
1709 1043 1831 1079 Habes
1850 1042 1999 1079 arrham
2021 1054 2113 1078 verae
2131 1042 2342 1079 dilectionis
2359 1044 2399 1079 in
2418 1049 2476 1089 te,
2495 1055 2607 1093 quam
2632 1045 2661 1081 si

545 1107 647 1153 prius
670 1107 898 1156 agnovisses,
925 1106 1043 1142 nullas
1067 1119 1151 1144 meo
1169 1106 1316 1155 judicio
1334 1106 1479 1142 divitias
1499 1106 1553 1142 illi
1574 1105 1840 1155 comparabiles
1862 1105 2069 1142 aestimares.
2086 1120 2103 1138 »
2123 1105 2200 1141 Nec
2217 1106 2531 1154 praetermittenda
2550 1107 2661 1143 etiam

544 1169 690 1206 sceleris
708 1175 782 1205 tam
801 1168 952 1205 nefandi
976 1168 1138 1205 vindicta
1154 1169 1229 1205 sive
1243 1168 1411 1216 justitia,
1429 1181 1540 1217 quam
1559 1169 1598 1204 in
1616 1168 1687 1204 fine
1705 1167 1918 1216 subjungit,
1941 1167 1999 1203 his
2019 1166 2139 1203 verbis
2156 1183 2162 1203 :
2182 1182 2200 1201 «
2216 1167 2310 1204 Nam
2337 1167 2489 1217 quidam
2513 1158 2661 1205 illorum

543 1231 606 1279 qui
632 1231 699 1267 tibi
720 1236 949 1276 nocuerunt,
970 1229 1164 1267 oculorum
1189 1231 1396 1279 privatione
1408 1258 1417 1275 ,
1436 1237 1474 1266 et
1494 1229 1713 1278 genitalium
1726 1229 1930 1266 abscisione
1948 1229 2108 1266 mutilati
2123 1236 2222 1266 sunt.
2239 1228 2307 1266 Ille
2321 1237 2445 1266 autem
2463 1230 2526 1279 qui
2544 1243 2610 1279 per
2626 1243 2664 1267 se

545 1293 680 1328 factum
710 1292 887 1341 abnegat,
915 1292 992 1340 jam
1023 1293 1069 1328 ab
1099 1293 1201 1329 omni
1234 1293 1461 1341 possessione
1489 1304 1573 1338 sua,
1602 1292 1788 1328 bonorum
1816 1304 1969 1328 suorum
1996 1292 2291 1340 comportatione
2318 1292 2534 1329 exturbatus
2559 1299 2627 1329 est.
2646 1309 2662 1326 »

548 1354 669 1401 [Vide
684 1355 899 1402 Epistolam
915 1355 1093 1391 Falconis
1109 1354 1157 1391 ad
1172 1354 1309 1391 calcem
1328 1354 1484 1402 hujusce
1501 1352 1742 1404 voluminis]

1371 1461 1468 1497 Nota
1493 1461 1639 1506 XXIV,
1667 1473 1754 1510 pag.
1785 1462 1843 1498 47.

590 1550 714 1586 Ambo
733 1552 858 1599 itaque
874 1552 987 1587 simul
997 1564 1146 1587 sacrum
1158 1551 1324 1587 habitum
1338 1554 1580 1600 suscepimus,
1600 1565 1668 1600 ego
1684 1551 1835 1599 quidem
1852 1552 1890 1587 in
1908 1551 2064 1587 abbatia
2077 1551 2212 1587 Sancti
2226 1551 2429 1598 Dionysii..
2439 1578 2459 1586 ..
2470 1572 2518 1578 —
2531 1551 2664 1587 Notior

546 1609 604 1645 illa
618 1610 744 1646 Sancti
756 1611 925 1659 Dionysii
941 1612 1169 1648 Parisiorum
1186 1613 1363 1648 antistitis
1381 1612 1542 1660 abbatia,
1558 1625 1670 1661 quam
1690 1620 1732 1648 ut
1750 1613 1847 1647 notis
1863 1611 2051 1660 aliquibus
2068 1611 2246 1660 indigeat.
2262 1613 2416 1654 Petrum
2429 1612 2669 1658 autemrAbae-

545 1671 690 1708 lardum
703 1673 741 1708 in
760 1685 802 1709 ea
818 1673 1043 1709 monachum
1061 1673 1226 1709 induisse
1242 1680 1399 1709 testatur
1414 1674 1468 1709 vel
1480 1673 1709 1710 Guillelmus
1725 1674 1759 1710 N
1762 1674 1893 1721 angius
1910 1673 1949 1709 in
1965 1673 2146 1710 chronico
2162 1673 2231 1710 sub
2245 1686 2386 1709 annum
2398 1674 2539 1711 Christi
2558 1675 2644 1712 ΜΗ
2655 1703 2664 1717 ,

545 1741 581 1769 et
599 1741 683 1770 ante
708 1747 794 1770 cum
822 1734 928 1771 Otho
940 1735 1191 1783 Frisingensis
1207 1735 1402 1783 episcopus
1414 1763 1423 1780 ,
1453 1735 1519 1771 lib.
1541 1735 1557 1771 I
1579 1735 1627 1771 de
1650 1735 1780 1771 Rebus
1799 1737 1914 1783 gestis
1932 1734 2125 1771 Frederici
2138 1736 2166 1772 I
2173 1762 2184 1776 ,
2207 1748 2286 1783 cap.
2308 1746 2400 1771 nvn
2413 1763 2422 1780 ,
2443 1735 2502 1771 his
2519 1731 2639 1771 verbis
2658 1749 2663 1767 :

547 1810 560 1826 «
584 1795 658 1831 Ubi
676 1796 774 1844 (sive
791 1796 983 1843 Parisius),
1003 1796 1195 1832 occasione
1207 1795 1368 1844 quadam
1387 1796 1475 1832 satis
1497 1803 1584 1833 nota
1605 1809 1680 1832 non
1697 1796 1791 1833 bene
1809 1803 2004 1842 tractatus,
2021 1797 2226 1833 monachus
2244 1797 2290 1832 iuv
2301 1797 2526 1833 monasterio
2542 1796 2665 1833 Sancti

546 1857 713 1906 Dionysii
730 1857 881 1894 effectus
898 1865 966 1894 est.
985 1858 1043 1894 Ibi
1063 1857 1124 1893 die
1143 1865 1331 1906 noctuque
1350 1857 1504 1894 lectioni
1523 1871 1564 1893 ac
1581 1857 1817 1894 meditationi
1834 1858 2013 1895 incubans
2025 1887 2034 1904 ‚
2057 1858 2103 1894 de
2121 1865 2230 1894 acuto
2252 1859 2410 1903 acutior,
2430 1857 2476 1894 de
2502 1857 2667 1894 litterato

546 1919 702 1956 efficitur
718 1921 931 1958 litteratIOr.
948 1937 965 1954 »ι
989 1921 1061 1969 [Cf.
1082 1922 1222 1968 Script.
1242 1933 1313 1957 rer.
1330 1921 1472 1969 gallic„
1493 1927 1520 1957 t.
1543 1920 1658 1967 XIII,
1684 1933 1722 1969 p.
1743 1921 1845 1969 654.]

699 1985 726 2006 Q

1382 2026 1480 2062 Nota
1505 2026 1632 2073 XXV,
1660 2039 1745 2076 pag.
1773 2028 1833 2065 ⁴7.

596 2114 695 2149 Erat
709 2119 833 2149 autem
847 2114 1004 2149 abbatia
1020 2114 1088 2149 illa
1100 2120 1255 2150 nostra..
1265 2140 1272 2148 .
1281 2140 1289 2150 .
1301 2116 1483 2151 secularis
1494 2115 1698 2152 admodum
1710 2118 1801 2152 vitoe
1812 2122 1924 2164 atque
1938 2117 2226 2163 turpissimoe.—
2239 2116 2414 2152 Attamen
2431 2122 2469 2151 et
2487 2126 2562 2150 non
2577 2115 2669 2150 adeo

551 2174 658 2221 longe
673 2181 793 2219 antea,
803 2187 908 2223 reges
920 2175 1033 2223 Hugo
1043 2182 1080 2211 et
1097 2175 1284 2212 Robertus
1294 2176 1599 2215 reformationem
1609 2177 1710 2213 illius
1726 2184 2016 2226 procuraverant
2029 2189 2096 2225 per
2106 2189 2258 2213 manum
2266 2175 2485 2213 venerabilis
2494 2175 2670 2213 odilonis

549 2235 692 2272 abbatis
707 2235 961 2282 cluniacensis,
977 2249 1089 2286 quem
1103 2238 1303 2274 Fulbertus
1321 2240 1550 2275 carnotensis
1563 2240 1759 2288 episcopus
1772 2239 2038 2287 archangelum
2055 2241 2309 2287 cognominat.
2322 2239 2464 2275 Asserit
2480 2238 2581 2274 enim
2598 2238 2670 2273 hoc

549 2299 732 2345 imprimis
742 2299 950 2335 Ade'marus
962 2299 1217 2336 lemovicensis
1230 2301 1436 2337 monachus
1447 2302 1487 2337 iu
1498 2302 1689 2347 chronico,
1701 2314 1817 2351 quum
1831 2303 1882 2338 ait
1898 2318 1904 2337 2
1918 2317 1935 2335 ιι
1953 2302 2050 2338 Beati
2060 2302 2226 2350 Dionysii
2241 2299 2573 2349 coenobium,qu0d
2585 2299 2662 2347 jam

549 2360 740 2406 pristinam
753 2362 991 2397 monasticam
1007 2369 1226 2410 corruperat
1236 2363 1416 2412 regulam,
1427 2376 1491 2399 rex
1502 2364 1615 2412 Hugo
1629 2364 1791 2412 regulari
1807 2364 2002 2401 honestate
2017 2364 2113 2400 sicut
2125 2365 2161 2400 in
2179 2363 2343 2400 ecclesiis
2354 2364 2504 2399 Domini
2518 2368 2660 2399 rectum

548 2429 644 2467 erat,
669 2423 862 2459 honestius
879 2425 1097 2461 restauravit
1113 2437 1180 2473 per
1195 2438 1345 2461 manum
1363 2426 1584 2463 venerabilis
1601 2426 1775 2464 odilonis
1789 2427 1952 2471 abbatis,
1971 2434 2009 2462 et
2023 2427 2093 2463 alia
2109 2434 2322 2462 sanctorum
2338 2425 2516 2462 nonnulla
2536 2435 2662 2460 mona-

549 2485 658 2520 steria
675 2485 713 2520 in
734 2484 905 2521 decorem
926 2486 1090 2533 pristinae
1107 2486 1310 2535 disciplinae
1329 2489 1526 2524 revocavit.
1544 2503 1560 2521 υ
1586 2489 1727 2525 Asserit
1750 2495 1789 2525 et
1814 2488 1998 2525 lotsaldus
2024 2488 2268 2524 cluniacensis
2294 2487 2498 2524 monachus
2517 2487 2554 2523 in
2574 2486 2662 2523 Vita

549 2546 664 2582 sancti
686 2546 880 2592 odilonis,
906 2546 970 2582 lib.
992 2548 1052 2592 11,
1083 2560 1165 2596 cap.
1197 2560 1252 2593 ix,
1282 2548 1322 2584 in
1348 2549 1426 2585 haec
1450 2549 1586 2585 verba:
1608 2565 1625 2583 «
1645 2551 1797 2587 Lutetiai¹
1821 2550 2051 2589 Parisiorum
2078 2550 2290 2598 proximum
2313 2556 2369 2585 est
2399 2547 2662 2584 monasterium

548 2607 671 2644 Sancti
691 2609 858 2657 Dionysii
876 2611 1051 2658 Martyris
1070 2611 1221 2659 gloriosi
1239 2613 1407 2660 corporis
1423 2612 1567 2649 honore
1586 2613 1815 2662 praeclarum.
1838 2614 1914 2660 Qui
1931 2613 2033 2649 locus
2052 2625 2072 2648 a
2090 2614 2319 2649 Francorum
2338 2611 2488 2660 regibus
2505 2611 2664 2658 Hugone

549 2675 585 2704 et
603 2669 770 2706 Roberto
790 2671 869 2707 viro
886 2671 954 2707 Dei
974 2671 1129 2708 Odiloni
1148 2673 1269 2710 suerat
1285 2674 1522 2718 commissus,
1542 2681 1586 2710 ut
1606 2675 1808 2712 monachili
1823 2675 1973 2720 ordine,
1994 2682 2033 2711 et
2048 2675 2218 2711 doctrina
2239 2674 2420 2722 regularis
2438 2673 2517 2709 vitae
2535 2683 2665 2720 prove—

551 2731 703 2768 heretur
717 2733 753 2769 in
775 2733 919 2770 melius.
935 2735 980 2770 In
999 2747 1074 2783 quo
1091 2736 1260 2772 menobio
1278 2736 1477 2785 aliquando
1492 2737 1561 2773 Dei
1578 2737 1738 2774 famulus
1754 2749 1991 2774 commanens
2004 2726 2084 2774 vitae
2101 2736 2279 2785 pabulum
2296 2743 2334 2772 et
2351 2735 2479 2772 salutis
2491 2735 2665 2771 haustum

551 2794 710 2831 facundo
735 2808 800 2833 ore
827 2798 902 2832 suis
924 2796 1159 2833 auditoribus
1181 2799 1430 2837 ministrabat.
1457 2798 1624 2836 Gerebat
1652 2807 1742 2835 tunc
1770 2799 1930 2836 officium
1960 2800 2208 2848 praepositurae
2229 2798 2352 2835 senior
2378 2798 2441 2834 Ivo
2466 2795 2668 2833 amicabilis

553 2857 686 2903 homo,
708 2859 772 2907 qui
791 2859 885 2896 bene
907 2859 1081 2895 meritum
1097 2867 1240 2908 patrem
1261 2860 1455 2897 observare
1472 2868 1510 2897 et
1527 2861 1648 2897 colere
1666 2861 1858 2907 studebat,
1879 2868 1950 2899 etc.
1970 2878 1987 2895 v

1370 2965 1466 3002 Nota
1491 2965 1644 3012 XXVI,
1672 2978 1759 3015 pag.
1787 2968 1846 3004 ⁴7.

606 3051 721 3098 Cujus
733 3052 852 3088 abbas
863 3055 952 3100 ipse,
966 3067 1039 3102 quo
1056 3056 1201 3090 coeteris
1212 3055 1433 3102 praelatione
1445 3056 1585 3104 major,
1604 3061 1708 3091 {anto
1717 3057 1799 3091 vita
1817 3055 2241 3093 deterior....—Abbati
2256 3055 2344 3091 huic
2361 3055 2486 3091 Sancti
2503 3054 2667 3100 Dionysii

553 3124 688 3148 nomen
707 3113 847 3160 Adam,
866 3116 930 3162 qui
951 3117 1063 3164 coepit
1084 3129 1214 3165 regere
1239 3118 1506 3154 monasterium
1533 3130 1630 3154 anno
1653 3119 1766 3161 ⁴094,
1787 3117 1851 3153 sed
1867 3125 1930 3154 ιιιι
1932 3130 1994 3153 um
2016 3125 2091 3154 tam
2116 3117 2263 3153 infamis
2282 3117 2361 3152 vitae
2378 3117 2492 3153 fuerit
2511 3116 2565 3151 uti
2584 3116 2671 3151 scri-

553 3173 607 3209 bit
625 3174 685 3209 hic
706 3175 938 3221 Abaelardus‚
957 3178 1082 3213 haud
1075 3179 1266 3216 immerito
1282 3179 1448 3216 dubitari
1466 3187 1599 3228 potest.
1622 3181 1716 3216 Nam
1731 3187 1770 3216 et
1786 3192 1991 3229 pauperum
2008 3180 2151 3216 Christi
2167 3192 2294 3215 curam
2312 3190 2482 3227 magnam
2496 3178 2668 3226 gessisse,

552 3243 654 3283 patet
671 3236 725 3271 vel
745 3250 788 3273 ex
805 3237 864 3273 his
882 3239 961 3286 ejus
980 3239 1133 3286 litteris,
1153 3254 1245 3290 quas
1261 3241 1393 3282 tabulae.
1408 3242 1697 3291 sandionysianae
1713 3250 1996 3291 suggesserunt:

947 3329 1004 3364 De
1024 3343 1186 3379 qumque
1207 3331 1342 3368 modiis
1358 3344 1521 3368 ammnoe
1539 3331 1640 3368 datis
1656 3332 1705 3367 ab
1725 3332 2017 3380 eleemosynarzo
2037 3331 2279 3380 pauperibus.

602 3417 618 3433 a
640 3403 681 3438 ln
699 3403 765 3439 Dei
784 3405 935 3441 nomine
951 3417 1020 3454 ego
1037 3406 1172 3455 Adam,
1189 3409 1256 3444 Dei
1274 3410 1390 3458 gratia
1405 3409 1617 3446 monasterii
1635 3409 1807 3457 martyris
1823 3409 1966 3445 Christi
1987 3408 2151 3457 Dionysii
2166 3407 2298 3453 abbas,
2313 3407 2479 3464 patefieri
2496 3406 2577 3443 volo
2589 3407 2670 3442 uni-

555 3465 714 3500 versitati
737 3465 901 3503 fidelium
916 3496 925 3512 ,
947 3468 1047 3516 quod
1067 3481 1130 3505 xm
1156 3478 1287 3507 nostrae
1304 3471 1526 3520 praelationis
1545 3483 1662 3517 anno,
1685 3473 1720 3507 in
1738 3478 1837 3508 terra
1853 3478 1977 3508 nostra
2001 3471 2116 3537 fames
2135 3469 2227 3507 adeo
2244 3469 2452 3519 praevaluit,
2471 3476 2513 3506 ut
2526 3480 2668 3505 annona
