2970 4152
987 361 1297 410 Exposrrio
1332 362 1391 410 IN
1422 362 1813 410 HEXAMERON.
2363 329 2457 407 649

350 469 483 519 sunt,
506 460 548 506 si
568 469 730 506 tamen
749 467 951 523 possunt
980 456 1188 522 probare
1215 436 1348 520 quod
1379 456 1544 503 dicunt
1571 475 1581 502 ε
1608 473 1697 520 ego
1730 472 1807 503 me
1835 455 1924 501 ista
1955 454 2176 517 ignorare
2210 453 2456 518 profiteor.

279 568 283 573 -
351 539 444 587 Sed
468 555 624 604 neque
646 537 765 585 illud
791 547 975 584 certum
1003 536 1161 583 habeo
1188 537 1350 583 utrum
1379 536 1441 582 ad
1469 535 1688 583 eamdem
1719 536 1994 582 Societatem
2019 534 2287 598 pertineant
2317 534 2389 580 sol
2417 544 2463 580 et

351 619 464 667 luna
483 629 531 667 et
552 619 731 677 sidera,
756 618 973 682 quamvis
992 616 1225 664 nonnulla
1247 615 1524 665 lucida‘esse
1548 632 1751 680 corpora
1765 653 1776 674 ,
1797 632 1895 662 non
1915 632 2026 662 cum
2043 631 2184 661 sensu
2200 615 2275 661 vel
2291 614 2464 661 intelli-

353 701 509 763 gentia
544 717 645 747 esse
672 699 942 746 videantur.
966 716 990 743 »
1021 696 1156 744 Idem
1184 694 1234 743 in
1264 696 1423 761 primo
1461 698 1863 742 Retractationum
1891 714 1901 741 ε
1933 715 1956 740 «
1979 695 2163 741 Animal
2191 712 2292 742 esse
2322 682 2465 741 istum

352 779 590 827 mundum
608 815 620 838 ,
666 779 788 825 sicut
825 777 959 825 Plato
996 777 1169 835 sensit,
1205 775 1379 840 aliique
1417 774 1695 840 philosophi
1726 775 1950 839 plurimi,
1988 790 2075 821 nec
2113 775 2299 820 ratione
2339 783 2466 820 certa

353 859 581 922 indagare
622 857 759 923 potui
779 893 791 916 ,
837 873 927 903 nec
975 856 1247 903 divinarum
1295 854 1648 919 Scripturarum
1693 854 1974 900 auctoritate
2013 854 2287 918 persuaderi
2330 870 2469 918 posse

353 938 558 1001 cognovi
586 955 597 984 ε
623 936 754 984 unde
775 935 869 983 tale
891 935 1071 999 aliquid
1093 951 1122 983 a
1143 951 1220 982 me
1243 934 1449 992 dictum,
1477 933 1611 998 quod
1640 934 1791 998 accipi
1821 933 1970 998 possit
2005 933 2149 980 etiam
2182 934 2230 979 in
2260 933 2384 979 libro
2414 932 2472 979 de

354 1016 719 1065 Immortale'tate
731 1018 908 1063 animoe
929 1026 1107 1063 temere
1125 1016 1307 1062 dictum
1330 1015 1511 1072 notavi,
1535 1031 1635 1060 non
1651 1014 1765 1078 quia
1782 1013 1879 1060 hoc
1901 1013 2071 1060 falsum
2090 1030 2191 1060 esse
2213 1013 2468 1072 confirmo,

353 1097 438 1145 sed
471 1097 585 1162 quia
617 1113 709 1144 nec
739 1113 908 1144 verum
935 1112 1037 1143 esse
1064 1095 1428 1160 comprehendo
1459 1095 1593 1159 quod
1623 1095 1684 1141 sit
1710 1094 1887 1141 animal
1913 1094 2138 1141 mundus.
2166 1114 2189 1138 »
2222 1094 2475 1158 Apostolus

331 1189 547 1242 'quoque
579 1187 680 1224 tam
709 1176 918 1224 coelestia
943 1176 1192 1235 animalia,
1229 1192 1335 1240 quae
1357 1175 1474 1222 deos
1502 1174 1779 1240 philosophi
1806 1184 1983 1222 vocant
2000 1211 2011 1232 ,
2037 1190 2184 1238 quam
2206 1190 2337 1233 aera,
2370 1190 2475 1237 quae

354 1257 596 1304 daemones
617 1256 884 1322 appellant,
910 1256 1203 1319 distinguere
1224 1255 1430 1302 videtur.
1456 1255 1506 1301 si
1527 1271 1641 1319 ergo
1656 1292 1667 1313 ,
1695 1265 1748 1301 ut
1765 1254 2065 1319 philosophis
2087 1255 2241 1300 visum
2265 1264 2361 1312 est,
2387 1270 2477 1299 nec

353 1338 506 1387 sancti
527 1354 722 1403 prorsus
745 1337 958 1384 refellere
979 1346 1298 1402 primumunt,
1324 1336 1415 1383 illis
1443 1336 1714 1384 coelestibus
1735 1336 1947 1383 siderum
1976 1335 2260 1400 corporibus
2283 1334 2479 1399 quidam

354 1417 546 1482 praesint
581 1417 774 1481 spiritus
794 1453 805 1475 ,
861 1417 944 1481 qui
997 1433 1080 1464 eos
1119 1432 1315 1463 movere
1352 1415 1424 1463 vel
1464 1417 1640 1480 agitare
1677 1426 1857 1480 queant
1874 1454 1884 1474 ,
1939 1415 2074 1462 facile
2111 1425 2180 1461 est
2225 1415 2482 1479 propositae

354 1497 628 1561 quaestionis
658 1496 719 1544 de
752 1505 887 1544 motu
918 1496 1221 1561 planetarum
1242 1495 1437 1543 solutio.
1473 1496 1556 1543 Sin
1583 1506 1744 1544 autem
1773 1495 1965 1543 aliunde
2003 1495 2279 1542 ordinatum
2315 1494 2404 1541 sibi
2437 1505 2483 1540 et

354 1575 574 1624 stabilem
598 1586 785 1623 motum
806 1575 1018 1624 habeant
1031 1612 1043 1635 ‚
1069 1575 1244 1623 sufficit
1265 1576 1360 1623 hoc
1380 1576 1554 1623 divinae
1575 1576 1787 1624 tribuere
1805 1576 2063 1634 voluntati,
2084 1592 2188 1639 quae
2207 1576 2255 1621 in
2279 1575 2483 1639 primor-

357 1655 584 1714 dialibus,
609 1665 662 1702 ut
684 1655 868 1705 dictum
890 1665 987 1714 est,
1009 1657 1164 1702 causis
1180 1656 1278 1702 vim
1307 1665 1489 1702 naturae
1510 1654 1742 1716 obtinuit,
1769 1666 1816 1703 et
1839 1657 1973 1719 juxta
2004 1655 2269 1714 Platonem,
2302 1655 2351 1700 in
2378 1670 2483 1700 om-

357 1734 500 1782 nibus
522 1733 786 1781 efficiendis
806 1733 1011 1783 validior
1031 1744 1125 1792 est,
1151 1751 1298 1798 quam
1321 1735 1423 1799 ipsa
1444 1752 1606 1782 rerum
1628 1746 1896 1783 creatarum
1919 1735 2147 1782 naturalis
2170 1733 2382 1781 facultas.

420 1815 543 1860 Sunt
563 1813 647 1877 qui
669 1816 974 1863 astronomiae
995 1813 1270 1859 doctrinam
1291 1822 1435 1877 atque
1451 1815 1605 1878 ipsam
1627 1816 1726 1860 vim
1749 1825 1989 1861 astrorum
2006 1815 2053 1861 in
2075 1824 2264 1861 tantum
2287 1814 2487 1862 efferant

354 1903 406 1942 et
433 1892 684 1951 extollant,
716 1902 769 1940 ut
809 1909 866 1940 ex
899 1892 1014 1958 ipsis
1043 1892 1188 1940 etiam
1215 1893 1544 1956 contingentia
1580 1894 1738 1941 futura
1771 1896 2046 1959 praesignari
2080 1905 2282 1959 queant,
2321 1906 2367 1942 et
2402 1912 2487 1960 per

358 1973 484 2021 hanc
500 1984 652 2021 artem
670 1973 732 2020 de
747 1973 822 2020 his
839 1989 1034 2038 quoque
1050 1989 1101 2020 se
1112 1972 1329 2036 judicare
1346 1972 1584 2020 fateantur
1598 2011 1610 2032 ,
1632 1990 1736 2038 quoe
1756 1985 1936 2021 naturae
1952 1975 2196 2038 incognita
2210 1975 2487 2040 philosophi

359 2052 669 2118 profitentur,
702 2063 933 2117 tanquam
963 2053 1066 2118 ipsa
1092 2052 1315 2100 videlicet
1342 2062 1468 2100 astra
1496 2054 1544 2100 in
1575 2054 1710 2117 signa
1739 2054 1834 2101 sint
1866 2054 2159 2113 futurorum,
2197 2071 2297 2101 non
2329 2055 2486 2102 solum

363 2134 680 2193 naturalium,
717 2143 771 2181 ut
805 2133 1035 2193 diximus,
1069 2150 1239 2181 verum
1272 2134 1418 2181 etiam
1451 2135 1835 2198 contingentium
1857 2172 1868 2194 ,
1907 2136 2029 2182 sicut
2066 2135 2131 2182 illi
2167 2137 2481 2183 mentiuntur.

361 2215 601 2263 Naturalia
622 2231 740 2262 vero
765 2215 923 2262 sutura
944 2214 1197 2273 dicuntur,
1222 2230 1329 2279 quae
1350 2231 1544 2262 causam
1566 2215 1775 2280 aliquam
1800 2215 2067 2263 naturalem
2089 2217 2160 2264 sui
2183 2227 2384 2264 eventus
2406 2217 2486 2265 ha-

359 2295 499 2354 bent,
525 2305 579 2343 ut
600 2313 656 2344 ex
679 2295 754 2342 his
775 2312 880 2360 quae
902 2294 1180 2361 praecedunt
1200 2305 1432 2360 tanquam
1454 2295 1745 2360 quibusdam
1769 2295 2066 2343 naturalibus
2093 2297 2165 2343 sui
2190 2298 2342 2344 causis
2365 2314 2483 2344 con-

361 2375 544 2439 tingere
566 2374 800 2433 habeant,
825 2385 874 2422 et
893 2375 961 2422 sic
983 2375 1051 2423 eis
1073 2375 1300 2438 adjuncta
1318 2375 1437 2433 sint,
1456 2385 1509 2422 ut
1527 2376 1604 2422 vix
1626 2385 1709 2422 aut
1724 2391 1974 2439 nunquam
1995 2375 2085 2422 illis
2107 2376 2484 2440 praecedentibus

362 2454 462 2502 haec
484 2454 597 2502 inde
619 2454 896 2518 contingere
918 2455 1069 2519 possit
1091 2455 1314 2519 impediri
1341 2473 1352 2501 ε
1379 2455 1510 2502 velut
1531 2456 1700 2502 mortis
1727 2455 1979 2502 dissolutio
2003 2456 2159 2502 sutura
2184 2457 2232 2502 in
2262 2457 2482 2520 proximo

361 2543 472 2598 post
502 2549 744 2581 venenum
772 2533 1054 2583 exhaustum
1072 2570 1084 2592 ,
1110 2533 1186 2581 vel
1214 2533 1376 2598 pluvia
1402 2543 1513 2598 post
1541 2534 1830 2592 tonitruum,
1857 2534 1931 2581 vel
1961 2534 2181 2581 sterilitas
2210 2546 2346 2582 terrae
2373 2547 2484 2601 post

362 2613 560 2664 nimiam
594 2613 923 2662 aestuationem
950 2613 1027 2662 vel
1058 2613 1403 2661 immoderatos
1433 2613 1628 2660 imbres.
1666 2614 2003 2678 Contingentia
2035 2631 2150 2661 vero
2181 2615 2337 2663 futura
2372 2626 2484 2663 sunt

363 2709 468 2758 quae
495 2694 562 2740 sic
589 2692 831 2757 aequaliter
859 2693 921 2743 ad
951 2693 1053 2742 fieri
1081 2703 1133 2741 et
1165 2710 1267 2741 non
1295 2693 1398 2741 fieri
1424 2710 1526 2741 sese
1555 2693 1759 2752 habent,
1792 2704 1844 2741 ut
1877 2695 2008 2742 nulla
2036 2695 2084 2741 in
2114 2712 2274 2742 rerum
2303 2698 2483 2743 naturis

363 2788 505 2820 causa
534 2772 794 2837 praecedat,
820 2773 950 2820 unde
971 2773 1073 2837 ipsa
1095 2771 1198 2820 fieri
1220 2773 1296 2821 vel
1319 2790 1418 2820 non
1442 2773 1545 2820 fieri
1573 2784 1830 2837 cogantur,
1865 2791 1954 2822 nec
1982 2791 2037 2821 ex
2069 2774 2229 2839 aliquo
2251 2777 2484 2840 praenosci

364 2862 531 2916 queat,
563 2861 725 2899 utrum
754 2851 834 2900 illa
860 2853 1138 2917 contingere
1164 2852 1376 2901 habeant
1401 2853 1477 2900 vel
1503 2870 1627 2912 non,
1658 2854 1782 2901 sicut
1809 2870 1886 2901 me
1914 2854 2060 2901 hodie
2092 2854 2326 2902 lecturum
2353 2871 2480 2915 esse,

365 2942 421 2980 et.
435 2948 749 2996 quaecumque
771 2942 871 2979 tam
898 2932 1053 2980 facere
1081 2948 1229 2997 quam
1251 2932 1491 2980 dimittere
1518 2933 1567 2979 in
1596 2934 1749 2980 nostri
1779 2933 1961 2980 arbitrii
1986 2934 2201 2980 consistit
2229 2944 2479 2998 potestate.

363 3014 486 3067 Sunt
513 3013 673 3077 itaque
701 3012 860 3060 futura
893 3012 1112 3077 quaedam
1145 3012 1380 3060 naturalia
1412 3023 1460 3060 et
1489 3014 1624 3078 quasi
1651 3013 1967 3061 determinata
2003 3014 2051 3060 in
2085 3015 2180 3061 suis
2209 3014 2480 3074 eventibus,

366 3109 517 3156 quum
540 3108 596 3139 ex
620 3091 779 3156 aliqua
801 3092 1005 3140 naturali
1026 3092 1335 3157 adjunctione
1349 3093 1411 3141 ad
1427 3093 1748 3158 praecedentes
1763 3094 1837 3141 sui
1850 3110 2017 3141 causas
2033 3095 2264 3158 praenosci
2280 3105 2458 3158 queant
2469 3132 2480 3153 ‚

367 3189 422 3221 ac
447 3189 533 3238 per
561 3171 657 3220 hoc
683 3173 784 3236 jam
812 3183 993 3221 naturae
1014 3190 1116 3222 esse
1138 3175 1339 3238 cognitae
1359 3173 1608 3233 dicuntur,
1641 3175 1762 3222 sicut
1794 3175 1957 3222 omnia
1978 3192 2083 3238 quae
2103 3177 2353 3242 praesentia
2374 3186 2486 3223 sunt

368 3249 443 3303 vel
471 3252 722 3317 praeterita.
749 3254 910 3310 Quum
934 3253 1064 3300 enim
1080 3254 1181 3318 jam
1202 3254 1252 3301 in
1275 3254 1495 3319 praesenti
1517 3254 1577 3301 sit
1609 3255 1710 3318 ipsa
1733 3264 1859 3304 astra
1880 3271 1981 3301 esse
2005 3255 2138 3319 paria
2155 3255 2231 3302 vel
2261 3271 2362 3302 esse
2384 3271 2483 3301 non

368 3331 524 3395 paria,
549 3348 638 3380 nec
661 3332 801 3379 nobis
824 3333 1071 3396 cognitum
1092 3334 1152 3383 sit
1173 3333 1291 3398 quid
1313 3333 1490 3382 horum
1509 3335 1608 3397 jam
1630 3335 1712 3393 sit,
1742 3335 1899 3399 ipsum
1929 3345 2087 3382 tamen
2119 3346 2298 3383 naturae
2319 3338 2484 3400 cogni-

371 3420 472 3465 tum
499 3427 599 3468 esse
622 3413 811 3466 Boetius
834 3413 1014 3466 asserit.
1041 3415 1199 3471 Quum
1218 3414 1318 3477 jam
1341 3413 1559 3462 videlicet
1583 3415 1630 3461 in
1656 3414 1769 3478 ipsis
1790 3415 1926 3462 astris
1947 3416 2005 3462 sit
2029 3432 2256 3463 numerus
2279 3416 2382 3463 talis
2403 3418 2485 3480 qui

529 3502 542 3532 1
2273 3500 2323 3538 82
