2970 4152
1265 360 1578 408 EPISTOLAE.
2424 362 2475 405 st

375 456 503 522 apud
526 456 772 505 hominem
798 464 984 505 tantum
1008 453 1216 501 obtinuit
1229 490 1240 512 ‚
1261 453 1378 517 quid
1397 453 1528 518 apud
1551 456 1706 500 Deum
1727 462 1808 499 tua
1826 468 1917 517 pro
1935 468 2013 498 me
2029 450 2201 497 audeat
2225 451 2482 497 instruaris.

377 535 484 582 Plus
508 536 684 599 quippe
703 536 854 592 DeuS‚
874 534 958 597 qui
983 543 1117 598 pater
1138 543 1209 580 est
1226 543 1416 590 noster,
1445 531 1568 584 filios
1587 531 1768 594 diligit,
1791 548 1936 595 quam
1962 530 2114 582 David
2139 530 2362 577 feminam
2381 548 2489 595 sup—

374 615 644 678 plicantem.
678 617 734 660 Et
752 613 830 660 ille
851 613 1047 677 quidem
1067 613 1173 677 pius
1197 623 1246 660 et
1264 613 1533 662 misericors
1553 611 1845 670 habebatur,
1875 611 1994 658 sed
1984 627 2083 676 ipsa
2113 611 2261 675 pietas
2281 620 2327 666 et
2354 611 2490 656 mise-

374 694 579 740 ricordia
603 696 730 740 Deus
749 703 834 739 est.
860 696 918 739 Et
936 708 1040 756 quae
1061 703 1189 740 tunc
1194 678 1497 757 supplicabat
1514 691 1688 739 mulier
1709 691 1931 746 secularis
1958 701 2055 737 erat
2081 700 2127 737 et
2152 690 2296 749 laica,
2326 706 2414 736 nec
2433 706 2488 735 ex

373 784 543 828 sanctae
565 773 833 828 devotionis
860 773 1154 837 professione
1179 772 1388 828 Domino
1413 770 1677 836 copulata¹
1709 771 1852 828 Quod
1870 771 1907 816 si
1933 788 1988 817 ex
2011 781 2054 817 te
2075 771 2232 816 minus
2257 769 2354 816 ad
2344 786 2491 833 tmpe-

374 854 598 909 trandum
616 853 846 912 sufficias,
876 863 1070 918 sanctus¹
1083 854 1165 916 qui
1191 862 1349 900 tecum
1369 862 1439 899 est
1463 862 1559 898 tam
1582 851 1823 914 virginum
1840 867 1983 914 quam
2006 850 2257 897 viduarum
2284 866 2493 916 conven3

375 943 470 991 tus,
504 933 638 997 quod
662 950 748 998 per
779 943 824 979 te
850 949 948 979 non
975 943 1133 997 potes,
1181 932 1432 979 obtinebit.
1464 935 1626 989 Quum
1660 931 1788 978 enim
1821 931 2061 994 discipulis
2102 931 2278 977 Veritas
2304 930 2486 976 dicat²:

376 1032 400 1056 «
423 1012 513 1060 Ubi
531 1013 631 1060 duo
651 1013 726 1059 vel
742 1023 836 1060 tres
852 1014 1124 1077 congregati
1145 1004 1316 1060 fuerint
1334 1014 1382 1059 in
1402 1012 1599 1059 nomine
1616 1027 1749 1069 meo,
1777 1011 1843 1057 ibi
1869 1028 1975 1056 sum
1992 1012 2039 1057 in
2060 1010 2219 1057 medio
2246 1027 2411 1057 eorum
2429 1030 2441 1068 ς
2465 1030 2494 1076 ι)

369 1103 420 1142 et
443 1111 656 1152 rursum:
684 1115 707 1139 «
728 1095 775 1140 Si
799 1093 899 1141 duo
924 1111 982 1142 ex
1005 1094 1141 1141 vobis
1166 1094 1494 1141 consenserint
1512 1093 1572 1140 de
1592 1093 1732 1140 ¹omni
1751 1110 1803 1139 re
1828 1110 1971 1157 quam
1992 1093 2211 1157 petierint
2232 1128 2243 1149 ‚
2274 1091 2355 1138 fiet
2375 1092 2491 1138 illud

372 1189 397 1218 a
427 1176 562 1229 Patre
592 1189 727 1232 meo3
759 1193 780 1216 »
813 1174 918 1237 quis
946 1189 1046 1220 non
1076 1173 1234 1220 videat
1253 1183 1486 1238 quantum
1511 1172 1640 1238 apud
1671 1175 1825 1220 Deum
1853 1172 2004 1218 valeat
2035 1182 2206 1218 sanctae
2241 1188 2495 1235 congrega·
2553 1185 2565 1195 ‘

372 1253 514 1309 tionis
536 1252 757 1316 frequens
778 1253 964 1300 oratio?
984 1254 1031 1299 Si
1047 1273 1066 1312 ‚²
1079 1264 1132 1300 ut
1155 1253 1400 1318 apostolus
1426 1253 1636 1311 asserit³‚
1663 1272 1686 1297 ι(
1709 1253 1912 1299 multum
1940 1252 2062 1299 valet
2087 1252 2238 1298 oratio
2254 1251 2367 1314 justi
2386 1255 2494 1298 assi-

372 1331 484 1391 dua,
511 1350 534 1374 υ
563 1332 680 1395 quid
699 1332 760 1378 de
779 1332 1085 1380 multitudine
1110 1343 1282 1380 sanctae
1300 1333 1681 1397 congregationis
1695 1332 1986 1398 sperandum
2007 1331 2113 1378 est?
2134 1331 2292 1389 Nosti,
2316 1331 2495 1393 charis3

371 1411 490 1457 sima
508 1427 670 1469 soror,
700 1429 757 1458 ex
778 1412 986 1459 homelia
1010 1412 1135 1460 beati
1155 1413 1372 1477 Gregorii
1390 1415 1650 1471 XXXVIII,
1680 1422 1913 1476 quantum
1937 1411 2213 1475 suffragium
2234 1411 2384 1457 invito
2412 1428 2493 1457 seu

372 1491 716 1538 contradicenti
741 1491 870 1539 fratri
895 1493 1050 1546 oratio
1077 1493 1274 1540 fratrum
1303 1495 1516 1541 mature‘
1539 1492 1761 1540 attulerit.
1797 1495 1866 1539 De
1892 1509 1990 1556 quo
2014 1492 2114 1555 jam
2138 1491 2201 1538 ad
2228 1501 2494 1551 extremum

372 1569 517 1617 ducto
542 1581 719 1634 quanta
745 1567 941 1636 periculi
967 1574 1202 1620 anxietate
1222 1574 1484 1620 miserrima
1521 1573 1622 1637 ejus
1648 1573 1810 1620 anima
1838 1572 2103 1628 laboraret,
2134 1582 2182 1618 et
2208 1582 2384 1636 quanta
2412 1571 2491 1617 de-

371 1651 642 1715 speratione
659 1661 705 1698 et
720 1651 859 1698 taedio
879 1653 984 1699 vitae
1003 1653 1169 1700 fratres
1185 1653 1246 1699 ab
1265 1654 1482 1700 oratione
1499 1663 1767 1714 revocaret,
1790 1652 1909 1718 quid
1920 1652 1986 1698 ibi
2003 1652 2252 1716 diligenter
2268 1652 2495 1716 scriptum

370 1730 427 1776 sit
456 1741 587 1777 tuam
622 1732 818 1778 minime
846 1732 959 1780 latet
984 1733 1306 1797 prudentiam.
1337 1737 1489 1798 Atque
1515 1734 1696 1780 utinam
1726 1732 2045 1779 confidentius
2073 1742 2118 1779 te
2149 1741 2193 1778 et
2226 1742 2492 1778 sanctarum

369 1820 659 1859 conventum
677 1827 899 1858 sororum
918 1812 980 1858 ad
1000 1814 1268 1860 orationem
1295 1814 1463 1860 invitet
1476 1849 1489 1873 ‚
1512 1823 1564 1860 ut
1587 1830 1664 1860 me
1685 1813 1860 1860 scilicet
1877 1812 2012 1859 vobis
2041 1813 2141 1877 ipse
2159 1812 2321 1858 vivum
2340 1822 2494 1866 custo.—

370 1889 468 1936 diat
485 1925 498 1948 ‚
526 1906 612 1954 per
627 1906 790 1954 quem,
816 1890 962 1937 Paulo
981 1901 1232 1938 attestante
1244 1894 1273 1949 ⁸,
1295 1902 1511 1939 mortuos
1529 1893 1670 1939 etiam
1694 1908 1807 1938 suos
1826 1891 1887 1938 de
1910 1891 2255 1938 resurrectione
2274 1891 2494 1937 mulieres

369 1981 669 2036 acceperunt.
694 1973 741 2018 Si
769 1971 899 2018 enim
924 1974 1104 2020 Veteris
1127 1982 1172 2019 et
1194 1972 1463 2036 Evangelici
1480 1973 1765 2020 Testamenti
1790 1972 1985 2037 paginas
2010 1971 2225 2018 revolvas
2245 2007 2256 2030 ‚
2282 1971 2494 2019 invenies

370 2051 571 2098 maxima
601 2051 969 2099 resuscitationis
997 2052 1224 2099 miracula
1262 2052 1374 2099 solis
1410 2052 1482 2100 vel
1514 2053 1718 2099 maxime
1750 2052 1935 2099 seminis
1960 2051 2167 2098 exhibita
2202 2052 2369 2109 fuisse,
2404 2069 2491 2116 pro

370 2129 482 2192 ipsis
507 2129 581 2176 vel
600 2129 661 2177 de
679 2130 793 2194 ipsis
818 2130 954 2177 facta.
985 2133 1118 2179 Duos
1134 2132 1312 2197 quippe
1331 2141 1547 2179 mortuos
1571 2132 1820 2179 suscitatos
1839 2131 1899 2179 ad
1924 2131 2293 2196 supplicationes
2320 2141 2490 2184 mater·

370 2225 454 2256 nas
479 2212 623 2257 Vetus
651 2221 997 2258 commemorat
1009 2215 1371 2264 ¹Testamentum
1387 2249 1399 2270 ‚
1428 2229 1515 2277 per
1540 2212 1690 2259 Eliam
1716 2212 1930 2270 scilicet⁶,
1960 2222 2008 2259 et
2035 2212 2182 2277 ipsius
2206 2211 2489 2276 discipulum

373 2287 623 2350 Elisaeuml.
649 2290 957 2354 Evangelium
982 2308 1097 2339 vero
1123 2293 1267 2339 trium
1298 2302 1483 2340 tantum
1515 2302 1816 2339 mortuorum
1844 2292 2198 2339 suscitationem
2228 2308 2254 2338 a
2282 2292 2490 2358 Domino

371 2368 538 2416 factam
557 2371 795 2429 continet,
818 2387 949 2435 quae,
977 2371 1255 2420 mulieribus
1275 2371 1508 2430 exhibita,
1532 2373 1736 2420 maxime
1756 2372 1871 2419 illud
1888 2372 2021 2436 quod
2038 2388 2181 2436 supra
2200 2387 2491 2418 commemo—

371 2448 575 2498 ravimus
599 2450 915 2514 apostolicum
935 2451 1117 2500 dictum
1145 2451 1286 2499 rebus
1316 2453 1412 2500 suis
1440 2452 1786 2500 confirmant⁸:
1812 2473 1834 2496 «
1859 2455 2155 2516 Acceperunt
2186 2451 2354 2498 mullei
2357 2469 2406 2497 es
2431 2452 2491 2507 de
2512 2467 2598 2532 s

371 2527 714 2576 resurrectione
750 2540 966 2581 mortuos
993 2548 1122 2579 suos.
1153 2550 1175 2575 ι)
1210 2531 1377 2580 Filium
1403 2534 1582 2597 quippe
1613 2532 1766 2579 viduae
1797 2533 1856 2579 ad
1888 2542 2077 2596 portam
2111 2532 2310 2578 civitatis
2342 2535 2491 2635 Naym

369 2609 643 2662 suscitatum
674 2611 811 2657 matri
850 2610 1080 2670 reddidit,
1109 2611 1210 2681 ejus
1237 2612 1569 2676 compassione
1602 2614 1956 2677 οοιηριιιιοω59.
1997 2614 2224 2660 Lazarum
2261 2615 2491 2674 quoque¹⁰

369 2689 576 2740 amicum
589 2705 728 2739 suum
743 2692 766 2715 ¹¹
780 2691 841 2737 ad
852 2690 1234 2738 obsecrationem
1250 2708 1330 2739 sol
1331 2709 1470 2739 orum
1488 2692 1611 2756 eius,
1634 2693 1789 2739 Mariae
1804 2691 2024 2739 videlicet
2039 2707 2094 2738 ac
2112 2690 2323 2750 Marthae,
2347 2692 2490 2737 susci—

370 2768 483 2815 tav1t
497 2771 521 2793 ¹²
569 2771 678 2827 Quo
703 2770 846 2817 etiam
870 2771 1232 2836 archisynagogi
1262 2771 1368 2825 filiae
1391 2772 1554 2820 hanc
1544 2789 1694 2838 ipsam
1720 2773 1916 2838 gratiam
1952 2772 2014 2819 ad
2039 2772 2319 2837 petitionem
2347 2773 2491 2836 patris

369 2848 676 2911 impendente
691 2850 731 2904 ¹³,
771 2869 793 2894 «
822 2849 1043 2898 mulieres
1075 2850 1136 2899 de
1170 2853 1519 2899 resurrectione
1548 2863 1765 2900 mortuos
1805 2869 1917 2899 suos
1949 2861 2263 2916 acceperunt,
2286 2870 2310 2896 »
2339 2868 2486 2915 quum

369 2926 468 2974 haec
495 2926 715 2977 videlicet
740 2930 963 2977 suscitata
989 2932 1239 2996 proprium
1276 2932 1337 2980 de
1365 2943 1519 2980 morte
1547 2950 1741 2998 recepe1
1742 2943 1775 2980 it
1801 2949 2000 2997 corpus,
2030 2932 2150 2978 sicut
2175 2931 2263 2977 illae
2287 2948 2487 2996 corpora

369 3023 582 3055 suorum.
614 3011 670 3056 Et
694 3010 857 3074 paucis
881 3010 1078 3074 quidem
1103 3012 1528 3060 intervenientibus
1552 3013 1623 3061 hae
1645 3014 1776 3060 factae
1800 3023 1910 3060 sunt
1943 3011 2339 3059 resuscitationes.
2378 3013 2489 3059 Vita·

370 3102 484 3134 vero
502 3098 674 3135 nostrae
699 3091 1110 3139 conservationem
1137 3092 1382 3158 multiplex
1407 3103 1571 3141 vestrae
1597 3093 1866 3141 devotionis
1883 3093 2036 3139 oratio
2062 3092 2194 3139 facile
2218 3091 2480 3151 obtinebit;

419 3254 425 3270 ⁸
455 3254 632 3295 eonjuncca
662 3254 754 3287 RMS.
778 3274 810 3278 —-
831 3254 843 3271 ¹
861 3256 960 3290 Manli
980 3282 987 3296 ,
1010 3269 1082 3302 cap.
1114 3270 1190 3291 xvm
1205 3285 1213 3299 ,
1238 3270 1269 3291 ν.
1289 3261 1340 3292 20.
1363 3277 1403 3283 -
1450 3272 1478 3292 v.
1515 3262 1569 3294 35.
1588 3277 1633 3284 —
1657 3260 1669 3276 9
1691 3261 1768 3293 Luc.
1784 3285 1792 3300 ‚
1828 3270 1903 3303 cap.
1940 3269 2001 3299 vu,
2031 3269 2061 3292 v.
2092 3260 2142 3291 15.
2168 3275 2191 3283 -
2213 3258 2489 3291 commiseratione

371 3312 382 3327 ³
411 3311 544 3350 Jacob„
572 3322 646 3354 cap.
668 3322 697 3350 v,
719 3323 752 3345 v.
777 3314 826 3344 16.
845 3329 888 3336 —
906 3313 919 3330 ⁴
940 3313 993 3346 Sic
1013 3314 1103 3348 Aac.
1124 3333 1146 3339 -
1164 3314 1299 3350 Natnroe
1319 3315 1404 3349 Edd.
1450 3327 1521 3349 vere
1540 3324 1677 3358 paterna
1697 3315 1790 3349 RMS.
1808 3334 1848 3340 —
1870 3315 1899 3333 ‘⁰
1921 3317 2041 3358 Quippe
2058 3315 2095 3348 D.
2115 3333 2156 3339 —
2177 3314 2203 3331 '⁴
2225 3315 2369 3355 floqatus
2397 3311 2488 3345 RMS-

370 3367 894 3411 praeterOrcllianam.——⁸Hebr„
910 3381 982 3415 cap.
1000 3381 1042 3411 ιι,
1058 3383 1088 3405 v.
1107 3373 1326 3416 35.—⁶,Req.
1344 3374 1404 3411 111,
1450 3389 1494 3397 —-
1511 3372 1537 3389 '¹
1564 3371 1701 3411 Joann..
1730 3383 1804 3416 cap.
1832 3384 1874 3411 ιι,
1911 3383 1942 3404 v.
1981 3373 2034 3404 44.
2059 3390 2100 3395 —-
2130 3371 2158 3388 ¹³
2186 3371 2313 3410 Matth„
2339 3380 2412 3413 cap.
2438 3380 2465 3400 ix
2484 3393 2491 3406 ,

370 3434 443 3467 cap.
458 3434 541 3464 xvu,
556 3436 586 3457 v.
608 3427 703 3459 17.—
719 3426 731 3443 '¹
747 3427 826 3468 Περ.
846 3427 903 3465 W,
918 3437 992 3471 cap.
1015 3439 1102 3461 n·.—
1117 3428 1129 3445 ⁸
1146 3431 1258 3469 Helm,
1276 3440 1348 3474 cap.
1368 3442 1404 3470 u,
1452 3441 1482 3462 v.
1505 3430 1559 3461 25.

530 3493 542 3521 1
2283 3487 2326 3523 11
