2970 4152
1278 364 1592 411 EPISTOLAE.
1702 369 1705 371 ’
2386 365 2403 408 1
2416 363 2476 408 45

362 473 581 504 sororum
613 459 864 503 Lazarum¹
890 456 1199 515 resuscitans,
1235 457 1331 521 hoc
1364 459 1584 523 immensi
1619 459 1833 506 miraculi
1858 458 2143 506 beneficium
2175 459 2377 505 maxime
2410 458 2480 504 fe-
2528 500 2531 501 γ

360 537 500 584 minis
535 535 791 609 impendit3
822 534 961 582 Unde
985 534 1102 583 illud
1126 546 1197 584 est
1223 537 1436 602 Apostoli
1460 538 1521 584 ad
1547 538 1768 586 Hebraeos
1801 539 2072 587 scribentis¹
2095 557 2105 584 ε
2149 559 2172 584 «
2188 541 2479 599 Acceperunt

360 616 580 664 mulieres
604 616 664 663 de
689 616 1032 664 resurrectione
1058 626 1274 664 mortuos
1293 634 1477 683 suosfgnj
1509 621 1631 674 *Nam
1653 628 1699 667 et
1717 620 1873 683 puella
1891 620 2112 667 suscitata
2138 629 2381 666 mortuum
2408 634 2479 663 re-

357 697 484 761 cepit
501 713 701 762 corpus,
724 705 772 743 et
789 705 964 743 caeterae
990 695 1175 744 feminae
1199 697 1247 747 in
1275 697 1742 752 consolationemsui
1759 735 1770 757 ‚
1799 715 1920 763 quos
1936 698 2223 764 plangebant
2241 707 2474 756 mortuos,

358 786 638 841 receperunt
664 775 924 823 suscitatos.
959 778 1027 821 Ex
1052 792 1150 839 quo
1175 776 1316 823 etiam
1341 776 1513 841 liquet,
1544 788 1771 841 quantam
1800 796 1986 844 semper
2012 779 2195 826 feminis
2214 778 2478 826 exhibuerit

357 855 577 919 gratiam,
606 870 724 920 quas
748 865 845 902 tam
867 871 952 902 sua
976 872 1121 919 quam
1140 873 1339 904 suorum
1362 858 1720 905 resuscitatione
1742 860 1897 924 primo
1925 858 2164 906 laetificans
2181 896 2192 918 ,
2221 859 2477 906 novissime

338 952 551 1002 -quoque
575 939 675 1002 ipse
700 938 893 1003 propria
918 939 1265 986 resurrectione
1284 955 1361 986 eas
1373 939 1636 1004 plurimum
1663 940 1850 999 extulit,
1881 940 2053 1004 quibus
2068 977 2079 997 ,
2104 951 2155 987 ut
2179 941 2357 987 dictum
2387 949 2473 998 est,

341 1017 566 1080 ‘primum
591 1018 828 1082 apparui1⁸
846 1036 854 1063 :
874 1018 1007 1081 quod
1035 1018 1176 1064 etiam
1199 1017 1276 1064 hic
1305 1035 1442 1066 sexus
1471 1020 1521 1066 in
1550 1021 1731 1085 populo
1757 1031 2095 1085 persequente,
2127 1020 2339 1084 quodam
2369 1037 2478 1083 erga

355 1097 619 1146 Dominum
652 1098 853 1146 naturali
887 1099 1232 1164 compassionis
1265 1099 1461 1159 affectu,
1499 1101 1627 1148 visus
1658 1111 1727 1149 est
1755 1103 2034 1166 promereri.
2077 1105 2138 1148 Ut
2174 1102 2300 1148 enim
2326 1105 2475 1148 Lucas
2512 1137 2516 1141 .

356 1178 601 1238 meminit,
630 1195 780 1243 quum
809 1183 920 1226 eum
950 1179 1038 1225 viri
1068 1178 1130 1225 ad
1155 1178 1532 1244 crucifigendum
1556 1180 1814 1241 ducerent,
1843 1182 2028 1228 feminae
2060 1182 2275 1246 ipsorum
2307 1198 2472 1244 seque-

354 1257 529 1325 bantur
562 1259 837 1324 plangentes
871 1260 1027 1325 ipsum
1059 1269 1204 1324 atque
1236 1260 1564 1308 lamentantes.
1605 1262 1790 1319 Quibus
1819 1263 1920 1327 ipse
1953 1279 2238 1321 conversuS,
2270 1271 2314 1308 et
2342 1262 2475 1324 quasi

343 1338 539 1408 pietatis
563 1339 704 1402 hujus
725 1339 877 1386 vicem
902 1340 949 1386 in
978 1341 1080 1404 ipso
1106 1340 1262 1386 statim
1288 1341 1521 1405 passionis
1540 1341 1738 1389 articulo
1765 1342 2133 1389 misericorditer
2157 1343 2222 1389 eis
2247 1342 2470 1399 referens,

354 1418 582 1478 futurum,
600 1429 652 1467 ut
661 1436 826 1468 cavere
839 1430 1034 1484 queant,
1046 1419 1255 1485 praedicit
1271 1421 1491 1468 exitum⁴z
1513 1441 1536 1465 «
1549 1422 1688 1480 Filiae,
1710 1442 1730 1466 υ
1748 1423 1938 1486 inquit⁵,
1959 1422 2306 1482 «Hierusalem,
2327 1422 2473 1469 nolite
2538 1418 2541 1423 Δ

354 1498 468 1546 flere
493 1516 636 1565 super
661 1517 737 1547 me
754 1536 766 1559 ‚
801 1500 884 1548 sed
911 1517 1053 1565 super
1077 1516 1163 1547 vos
1192 1501 1318 1565 ipsas
1337 1501 1471 1562 flete,
1500 1511 1548 1549 et
1575 1519 1718 1567 super
1744 1502 1866 1550 filios
1890 1513 2098 1563 vestros3
2123 1503 2232 1567 quia
2259 1519 2369 1549 ecce
2397 1519 2474 1548 ve-

353 1580 486 1627 nient
503 1580 628 1640 dies,
649 1581 697 1628 in
717 1580 890 1645 quibus
912 1581 1072 1628 dicent
1093 1598 1103 1626 :
1128 1602 1150 1627 «
1172 1585 1321 1629 Beatae
1340 1582 1545 1642 steriles,
1568 1593 1614 1630 et
1630 1594 1820 1631 ventres
1835 1584 1916 1648 qui
1937 1601 2037 1632 non
2057 1594 2337 1648 genuerunt.
2357 1603 2380 1627 »
2405 1583 2473 1629 Ad

353 1661 488 1724 cujus
521 1663 663 1710 etiam
706 1662 1034 1710 liberationem
1080 1663 1358 1727 iniquissimi
1385 1663 1558 1726 judicis
1598 1681 1794 1712 uxorem
1834 1675 1971 1713 antea
2005 1664 2206 1712 fideliter
2237 1664 2473 1711 laborasse

351 1742 597 1789 Matthaeus
629 1754 1004 1801 commemorat,
1043 1729 1261 1791 dicens⁸:
1300 1744 1540 1792 «Sedente
1571 1755 1729 1793 autem
1766 1746 1846 1793 illo
1870 1763 1966 1811 *pro
2002 1746 2223 1793 tribunali
2258 1746 2384 1792 misit
2414 1745 2473 1791 ad

350 1820 481 1868 illum
503 1839 623 1870 uxor
641 1823 742 1887 ejus
761 1823 948 1870 dicens:
969 1822 1134 1870 «Nihil
1158 1822 1240 1870 tibi
1266 1833 1311 1871 et
1326 1824 1455 1887 justo
1482 1824 1564 1871 illi.
1590 1826 1735 1873 Multa
1764 1827 1891 1873 enim
1920 1843 2057 1892 passa
2083 1843 2188 1873 sum
2217 1825 2361 1872 hodie
2389 1841 2473 1890 per

352 1922 378 1947 «
393 1904 545 1951 visum
561 1916 757 1971 propter
770 1923 931 1953 eum.»
949 1895 1059 1964 Quo
1073 1906 1215 1953 etiam
1228 1906 1530 1971 praedicante,
1551 1907 1701 1956 solam
1718 1909 1943 1956 feminam
1958 1909 2018 1956 de
2031 1919 2130 1956 tota
2150 1907 2285 1955 turba
2302 1908 2350 1954 in
2372 1918 2472 1954 tan-

298 1997 303 2002 ·
350 1993 447 2030 tam
482 1985 583 2048 ejus
619 1985 809 2033 laudern
839 1986 1039 2051 legimus
1067 1986 1287 2034 extulisse
1318 2004 1513 2047 vocem,
1555 1998 1606 2035 ut
1633 1987 1825 2036 beatum
1862 1989 2141 2037 exclamaret
2172 1999 2357 2036 uterum
2392 1989 2471 2052 qni

349 2080 459 2112 eum
484 2068 767 2131 portaverit,
797 2077 843 2114 et
871 2067 1019 2115 ubera
1042 2084 1146 2132 quae
1176 2069 1368 2116 suxerit.
1405 2070 1437 2115 A
1471 2086 1569 2134 quo
1589 2079 1637 2116 et
1667 2071 1823 2117 statim
1856 2070 1982 2135 piam
2009 2070 2318 2117 consessionis
2348 2087 2467 2127 suae,

349 2142 453 2192 licet
469 2147 736 2207 verissimae,
753 2148 1098 2195 correctionem
1115 2148 1287 2195 meruit
1299 2148 1482 2208 audire,
1498 2149 1600 2214 ipso
1618 2150 1866 2197 confestim
1880 2150 1922 2197 ei
1935 2150 2269 2215 respondente⁷
2285 2168 2294 2196 :
2315 2150 2469 2207 «Quin

348 2225 446 2272 imo
481 2226 603 2275 beati
638 2229 721 2292 qui
759 2228 959 2275 audiunt
988 2228 1186 2276 verbum
1217 2229 1330 2287 Dei,
1361 2239 1408 2276 et
1435 2230 1711 2277 custodiunt
1739 2230 1907 2277 illud.»
1938 2231 2074 2277 Solus
2105 2234 2311 2279 Joannes
2353 2231 2472 2277 inter

344 2307 588 2370 apostolos
607 2307 779 2356 Christi
796 2308 890 2356 hoc
909 2308 1205 2374 privilegium
1226 2309 1402 2356 amoris
1429 2309 1637 2358 obtinuit
1655 2347 1666 2369 ,
1701 2321 1750 2358 ut
1769 2311 1969 2359 dilectus
1987 2311 2180 2359 Domini
2204 2320 2467 2358 vocaretur.

347 2387 418 2433 De
437 2388 618 2435 Martha
635 2399 792 2437 autem
811 2399 857 2437 et
873 2389 1017 2437 Maria
1036 2390 1138 2454 ipse
1153 2389 1314 2436 scribit
1333 2388 1575 2450 loannes⁸,
1600 2392 1748 2455 «quia
1769 2391 1992 2456 diligebat
2007 2395 2140 2439 Jesus
2157 2392 2405 2450 Martliam,
2427 2402 2471 2437 et

347 2481 560 2514 sororem
575 2468 675 2531 ejus
689 2469 908 2528 Mariam,
929 2480 976 2517 et
989 2473 1235 2517 Lazarum.
1251 2489 1273 2515 υ
1298 2473 1402 2535 lpse
1421 2471 1549 2518 idem
1571 2472 1836 2537 apostolus,
1858 2474 1940 2537 qui
1959 2490 2013 2520 ex
2034 2473 2303 2537 privilegio,
2328 2483 2379 2519 ut
2407 2473 2473 2519 di-

346 2555 475 2592 ctum
491 2558 576 2605 est,
596 2549 788 2607 amoris,
805 2565 854 2596 se
875 2566 1024 2596 unum
1043 2566 1070 2596 a
1086 2550 1297 2597 Domino
1317 2550 1543 2598 dilectum
1564 2569 1666 2599 esse
1690 2563 2054 2612 commemorat,
2083 2553 2177 2600 hoc
2203 2554 2306 2617 ipso
2334 2554 2470 2617 privi-

347 2625 485 2690 legio,
510 2627 641 2691 quod
663 2628 780 2674 nulli
796 2627 998 2676 aliorum
1023 2629 1236 2693 ascripsit
1254 2630 1584 2694 apostolorum
1600 2667 1611 2688 ‚
1631 2632 1828 2678 feminas
1849 2633 2103 2696 insignivit.
2133 2635 2184 2678 ln
2204 2649 2301 2697 quo
2328 2634 2468 2679 etiam

346 2706 531 2754 honore
557 2708 643 2755 etsi
676 2708 869 2756 fratrem
898 2725 1062 2755 earum
1096 2708 1208 2773 ipsis
1231 2720 1534 2773 aggregaret,
1576 2727 1654 2758 eas
1687 2721 1844 2759 tamen
1871 2712 1937 2759 illi
1962 2714 2243 2777 praeposuit,
2275 2729 2393 2777 quas
2420 2713 2466 2758 in

345 2803 508 2834 amore
531 2787 794 2851 praecellere
818 2788 1036 2835 credidit.
1051 2771 1200 2872 'Libet
1222 2788 1430 2853 denique
1443 2824 1456 2848 ,
1491 2800 1541 2837 ut
1561 2791 1622 2837 ad
1643 2790 1807 2838 fideles
1826 2809 1909 2839 seu
1926 2792 2204 2839 christianas
2220 2792 2469 2839 redeamus

345 2867 543 2914 feminas
567 2904 578 2926 ,
615 2867 787 2916 divinae
818 2878 1085 2933 respectum
1116 2868 1450 2916 misericordiae
1475 2870 1523 2916 in
1565 2871 1666 2935 ipsa
1694 2872 1836 2918 etiam
1868 2872 2169 2936 publicorum
2203 2872 2468 2936 abjectione

345 2956 613 2994 scortorum
646 2957 692 2995 et
726 2947 962 3013 stupendo
988 2947 1274 3013 praedicare,
1308 2957 1355 2995 et
1388 2949 1694 3014 praedicando
1733 2961 1938 3016 stupere.
1973 2952 2102 3010 Quid
2136 2962 2206 2999 est
2241 2951 2467 3015 abjectius

344 3043 489 3091 quam
515 3028 658 3074 Maria
680 3027 956 3092 Magdalene
993 3027 1068 3075 vel
1102 3029 1249 3076 Maria
1274 3029 1549 3094 AEgyptiaca
1576 3031 1841 3078 secundum
1882 3033 1988 3079 >vitae
2025 3043 2198 3079 statum
2229 3034 2463 3098 pristinae,

344 3124 462 3172 quas
483 3125 597 3155 vero
624 3107 933 3174 postmodum
960 3107 1033 3155 vel
1051 3107 1239 3156 honore
1263 3109 1337 3157 vel
1368 3111 1539 3158 merito
1568 3111 1728 3158 divina
1754 3112 1957 3176 amplius
1987 3114 2131 3177 gratia
2165 3113 2466 3160 sublimavit?

344 3187 477 3235 Illam
502 3189 700 3253 quidem
719 3189 854 3254 quasi
882 3189 929 3235 in
953 3188 1217 3254 apostolico
1244 3201 1607 3256 permanentem
1627 3192 1850 3239 coenobio
1865 3230 1876 3252 ,
1908 3204 1959 3240 ut
1978 3194 2078 3257 jam
2097 3212 2240 3259 supra
2258 3212 2467 3242 comme·

391 3342 400 3360 ‘
427 3343 537 3384 toan..
563 3354 635 3387 cap.
662 3355 701 3381 ιι,
720 3355 750 3376 v.
767 3344 822 3377 ⁴4.
842 3362 885 3368 —
901 3343 914 3360 ¹
934 3346 1046 3382 Helm,
1065 3354 1138 3388 cap.
1159 3356 1198 3382 n.
1219 3356 1250 3378 v.
1269 3347 1323 3378 35.
1340 3363 1384 3370 —
1429 3356 1501 3390 cap.
1520 3358 1623 3385 xxvn.
1644 3358 1675 3379 v.
1699 3349 1748 3380 19.
1768 3365 1811 3372 -
1829 3348 1840 3365 ⁷
1859 3349 1953 3389 Luc„
1973 3360 2047 3394 cap.
2069 3362 2108 3389 ιι,
2131 3362 2159 3384 v.
2193 3353 2246 3383 28.
2265 3369 2307 3375 —
2321 3351 2333 3368 ⁸
2356 3351 2463 3390 Jozm„

345 3397 359 3414 ⁸
386 3398 512 3437 matth..
543 3410 616 3444 cap.
647 3412 761 3434 xxviii.
777 3418 800 3425 -
815 3401 932 3440 Marc..
960 3410 1033 3444 cap.
1064 3412 1130 3434 xvi.
1155 3420 1184 3425 -
1204 3401 1217 3418 ⁴
1239 3403 1384 3436 Exitium
1429 3415 1502 3447 cap.
1522 3415 1564 3443 n,
1581 3415 1613 3436 v.
1632 3406 1663 3436 5.

345 3454 410 3487 MS.
434 3455 526 3487 Amb.
544 3473 580 3479 -
603 3457 617 3474 ⁸
632 3457 725 3497 Luc.‚
743 3467 815 3501 cap.
836 3468 916 3490 xxm
928 3482 936 3496 ,
950 3467 981 3492 v,
998 3459 1038 3490 28
1060 3464 1093 3490 et
1106 3459 1160 3490 29.
1175 3475 1211 3482 -
1226 3458 1240 3476 ⁶
1253 3458 1383 3500 unuh„

506 3525 518 3552 1
2256 3523 2304 3560 19
