2970 4152
1019 339 1080 388 IN
1111 337 1555 387 SEPTUAGESIMA
1588 337 1805 385 SERMO.
2375 337 2462 385 40⁴

357 432 485 486 mina
503 432 756 496 Babylonis
770 435 882 482 vitia
900 445 1032 495 sunt,
1053 434 1225 500 quibus
1250 433 1596 481 consentiendo
1621 434 1660 480 si
1684 433 1789 497 quis
1814 449 1870 480 ea
1893 432 2161 491 intraverit,
2189 431 2250 478 ad
2276 432 2474 496 Babylo-

355 511 507 568 niam,
547 511 597 558 id
629 523 700 559 est
732 515 1063 573 confusionem
1090 514 1278 573 defluit,
1313 514 1422 577 quia
1455 513 1814 560 damnationem
1848 513 2060 559 incurrit.
2102 509 2253 557 Habet
2283 528 2476 575 quoque

356 592 517 638 civitas
543 592 802 641 electorum
831 595 1025 660 propria
1052 596 1272 654 flumina,
1299 595 1363 642 de
1385 584 1558 658 quibus
1582 595 1811 658 scriptum
1830 598 1923 642 est¹
1943 613 1952 640 ε
1980 615 2003 639 «
2027 593 2253 640 Fluminis
2271 594 2476 659 impetus

356 668 556 717 laetificat
572 672 806 721 civitatem
831 675 933 721 Dei.
961 694 983 719 »
1009 678 1063 722 Et
1086 691 1274 722 rursum
1290 677 1303 699 ²
1332 695 1341 720 :
1371 693 1394 718 «
1415 675 1510 731 Qui
1540 674 1690 720 credit
1714 675 1762 720 in
1798 691 1898 732 me,
1927 675 2047 720 sicut
2070 673 2182 720 dicit
2206 674 2471 738 Scriptura,

358 749 554 797 flumina
571 750 637 797 «de
661 763 827 800 ventre
857 754 957 816 ejus
980 754 1133 801 fluent
1162 770 1295 818 aquae
1318 754 1451 800 vivae.
1481 772 1504 797 »
1538 753 1608 799 Ad
1632 753 1946 800 differentiam
1971 755 2110 818 igitur
2127 752 2302 798 horum
2321 752 2476 799 bono-

357 845 465 876 rum
487 829 757 890 fluminum,
787 834 927 880 noxia
953 833 1151 881 flumina
1173 844 1284 880 sunt
1308 833 1559 897 Babylonis
1578 833 1730 892 dicta,
1758 834 1878 880 sicut
1902 844 1969 880 est
1996 834 2242 898 gulositas,
2266 833 2447 879 luxuria
2462 869 2473 890 ,

358 908 572 967 avaritia,
601 920 646 956 et
670 910 743 958 his
763 912 946 959 similia.
981 916 1098 970 Quae
1115 914 1282 977 utique
1300 924 1528 977 tanquam
1553 912 1751 959 flumina
1778 913 2030 976 Babylonis
2055 912 2216 959 fideles
2235 912 2479 985 attenden-

358 996 450 1064 tes,
477 1005 779 1054 nequaquam
805 992 906 1040 haec
941 1010 1028 1058 per
1059 1011 1347 1041 consensum
1374 995 1552 1041 intrant
1576 1013 1585 1039 :
1616 994 1700 1040 sed
1727 988 1861 1058 quasi
1898 995 2101 1059 desuper
2131 993 2342 1040 sedendo
2374 1009 2478 1057 pre-

358 1077 522 1127 munt,
557 1068 672 1116 dum
701 1075 868 1117 eorum
898 1082 1057 1119 motus
1079 1074 1214 1137 quasi
1231 1074 1467 1137 quosdam
1486 1075 1856 1120 intumescentes
1874 1074 2044 1120 fluctus
2067 1075 2116 1120 in
2139 1074 2307 1138 'seipsis
2333 1072 2479 1138 repri-

359 1156 522 1207 munt,
559 1151 807 1196 contrariis
837 1151 1088 1198 virtutibus
1113 1153 1248 1215 quasi
1277 1153 1563 1216 quibusdam
1591 1153 1764 1216 navigii
1791 1154 1933 1200 remis
1965 1155 2091 1218 ipsos
2113 1170 2175 1199 ne
2198 1153 2479 1217 praevaleant

359 1225 701 1275 contendentes
713 1231 739 1275 ³.
773 1231 848 1276 Sic
871 1230 1012 1294 igitur
1035 1248 1180 1296 super
1204 1232 1401 1279 flumina
1435 1233 1652 1297 pestifera
1685 1230 1924 1292 sede'ntes,
1954 1250 2058 1297 quae
2077 1242 2302 1295 tanquam
2326 1232 2480 1278 obsta-

358 1305 520 1352 culum
556 1316 602 1354 et
630 1308 1027 1374 impedimentum
1067 1313 1328 1358 maximum
1365 1313 1427 1359 ad
1449 1314 1698 1360 transitum
1728 1314 1889 1378 patriae
1917 1314 2216 1378 conspiciunt
2245 1329 2377 1359 more
2405 1329 2479 1359 ca-

358 1384 617 1448 ptivorum,
642 1388 688 1434 in
709 1389 1041 1437 recordatione
1059 1390 1184 1438 illius
1203 1408 1229 1438 a
1245 1408 1342 1455 qua
1360 1409 1410 1438 se
1429 1392 1587 1439 adhuc
1606 1391 1782 1438 differri
1801 1392 1982 1452 dolent,
2003 1393 2114 1440 flere
2135 1401 2475 1457 memorantur,

359 1480 508 1528 quum
527 1465 701 1515 dicitur
721 1487 731 1515 ε
765 1488 789 1514 «
814 1473 870 1517 Et
894 1471 1131 1531 flevimus,
1154 1472 1272 1519 dum
1296 1473 1657 1530 recordaremur
1681 1474 1774 1531 tui,
1804 1475 1933 1521 Sion.
1957 1495 1979 1519 »

425 1546 538 1593 Sion
575 1564 715 1596 mons
748 1561 843 1610 est,
880 1552 930 1597 in
963 1569 1060 1616 quo
1095 1554 1257 1600 civitas
1294 1555 1550 1601 Jerusalem
1581 1556 1667 1602 sita
1705 1565 1790 1603 est.
1833 1559 1921 1604 Per
1956 1557 2085 1604 hunc
2118 1575 2230 1623 ergo
2269 1569 2482 1606 montem

360 1626 590 1675 celsitudo
623 1621 838 1694 supernae
868 1634 1054 1696 patriae,
1098 1634 1146 1679 in
1189 1650 1286 1697 qua
1335 1645 1406 1681 est
1443 1635 1726 1694 Jerusalem,
1764 1636 1813 1683 id
1851 1648 1920 1684 est
1952 1639 2178 1685 continua
2211 1640 2328 1686 visio
2363 1656 2483 1688 verae

360 1708 511 1773 pacis,
539 1710 833 1773 exprimitur.
864 1712 1009 1775 Cujus
1034 1712 1271 1761 desiderio
1297 1713 1459 1762 fideles
1490 1716 1673 1763 accensi
1705 1716 1767 1763 ad
1798 1717 1926 1764 illam
1952 1717 2125 1782 jugiter
2155 1721 2289 1783 quasi
2318 1720 2484 1768 flentes

360 1790 623 1854 suspirant,
652 1799 698 1836 et
724 1790 784 1837 de
812 1791 902 1838 hac
926 1792 1047 1839 valle
1076 1793 1393 1857 lacrymarum
1417 1805 1644 1859 tanquam
1673 1796 1733 1843 de
1762 1798 2030 1861 captivitate
2055 1798 2358 1863 babylonica,
2385 1819 2482 1866 quo

360 1870 562 1935 amplius
584 1871 906 1919 conscendere
930 1874 1155 1938 cupiunt,
1194 1875 1374 1922 differri
1406 1875 1466 1921 ab
1498 1875 1575 1922 illa
1599 1877 1795 1939 gravius
1831 1888 2041 1941 gemunt.
2080 1879 2213 1925 Ordo
2246 1897 2484 1944 congruus

361 1951 491 2015 prius
513 1949 678 1997 sedere
702 1967 845 2016 super
864 1953 1084 2012 flumina,
1108 1965 1154 2001 et
1179 1949 1489 2019 postmodum
1512 1956 1649 2002 fletus
1668 1956 1934 2003 referuntur
1957 1957 2183 2015 lamenta,
2206 1960 2317 2023 quia
2342 1977 2485 2008 nemo

362 2032 477 2079 dum
506 2031 630 2078 vitiis
656 2032 918 2096 subjicitur,
951 2044 999 2081 et
1029 2035 1350 2100 voluptatibus
1379 2036 1671 2100 subjugatur,
1700 2038 1882 2101 erigere
1912 2054 1961 2084 se
1996 2055 2080 2102 per
2107 2038 2393 2087 desiderium
2424 2042 2482 2088 ad

361 2125 614 2176 supernam
645 2112 769 2160 valet
802 2115 1039 2162 civitatem
1074 2134 1083 2161 :
1119 2132 1207 2163 nec
1242 2118 1332 2163 nisi
1366 2118 1496 2182 prius
1529 2134 1555 2163 a
1586 2117 1715 2164 malo
1747 2117 2060 2177 declinemuS‚
2098 2118 2236 2166 bonis
2261 2120 2485 2169 faciendis

362 2207 558 2256 operam
578 2192 762 2240 damus.
785 2196 1029 2251 Quantum
1064 2206 1224 2243 autem
1256 2196 1522 2261 voluptates
1557 2196 1701 2244 seculi
1728 2197 1906 2261 fugiant
1930 2198 2086 2258 electi,
2115 2216 2175 2245 ne
2211 2200 2485 2248 libidinibus

362 2272 614 2337 depressus·
642 2276 829 2320 animus
863 2275 1020 2322 minus
1052 2292 1101 2323 se
1134 2276 1348 2324 attollere
1375 2276 1437 2323 ad
1466 2293 1671 2341 superna
1704 2277 1875 2336 valeat,
1909 2281 2152 2343 sequentia
2184 2280 2479 2328 declarant⁴z

366 2371 389 2397 κ
411 2355 464 2399 ln
486 2353 724 2414 salicibus,
741 2373 765 2399 »
790 2356 1037 2419 inquiunt,
1070 2376 1091 2400 «
1114 2357 1162 2403 in
1191 2357 1350 2404 medio
1375 2358 1480 2420 ejus
1508 2358 1841 2423 suspendimus
1869 2375 2045 2423 organa
2070 2350 2248 2407 nostra.
2270 2380 2291 2405 υ
2314 2362 2485 2409 Salices

363 2431 662 2479 infructuosae
680 2443 791 2480 sunt
807 2434 1025 2494 arbores,
1055 2445 1101 2482 et
1129 2437 1176 2482 in
1204 2436 1416 2484 humidis
1446 2437 1561 2484 locis
1589 2437 1861 2497 abundant,
1899 2439 1980 2485 ubi
2010 2439 2227 2486 diabolus
2247 2443 2380 2504 quasi
2407 2459 2485 2489 sus

363 2511 613 2559 immunda
641 2513 898 2573 volutatur,
931 2525 978 2561 et
1007 2516 1230 2579 quiescit3
1265 2517 1348 2580 qui
1381 2517 1485 2564 loca
1519 2518 1746 2581 inaquosa
1781 2519 2114 2583 perambulans
2143 2522 2355 2585 requiem
2386 2539 2484 2569 non

364 2592 559 2639 invenit.
592 2593 729 2639 Unde
756 2593 879 2641 bene
906 2595 954 2641 in
984 2595 1302 2661 descriptione
1331 2597 1561 2644 Behemot
1589 2597 1813 2645 dicitur⁸t
1839 2618 1861 2643 r<
1883 2599 1981 2646 Sub
2001 2600 2167 2647 umbra
2187 2601 2410 2649 dormivit
2436 2604 2484 2650 in

365 2683 546 2721 secreto
579 2674 771 2734 calami,
806 2675 855 2722 in
885 2675 1002 2723 locis
1031 2676 1354 2725 humentibus.
1378 2696 1400 2722 υ
1420 2679 1724 2726 Infructuosae
1747 2680 1905 2744 itaque
1934 2681 2249 2746 reproborum
2278 2696 2481 2745 mentes,

365 2756 413 2801 in
439 2755 568 2801 fluxu
595 2755 853 2803 carnalium
880 2756 1176 2822 voluptatum
1207 2758 1446 2818 radicatae,
1481 2759 1643 2807 salices
1671 2771 1779 2807 sunt
1810 2762 1859 2807 in
1889 2761 2047 2809 medio
2077 2763 2326 2827 Babylonis
2355 2765 2487 2831 plan-

368 2842 492 2892 tatae,
515 2843 562 2880 et
579 2835 778 2881 carnalis
796 2836 1190 2901 concupiscentiae
1207 2839 1329 2884 vitiis
1354 2838 1541 2886 irretitae
1555 2875 1566 2897 ,
1591 2849 1732 2904 atque
1751 2841 1798 2887 in
1819 2841 2061 2905 profundo
2081 2843 2325 2902 vitiorum,
2355 2847 2486 2908 quod

370 2911 618 2977 Babylonis
647 2915 932 2979 intelligatur
959 2917 1197 2977 medium,
1225 2918 1324 2981 Jam
1352 2918 1622 2967 submersae.
1663 2923 1790 2980 luter
1819 2921 1934 2969 tales
1964 2922 2099 2970 electi
2129 2936 2482 2986 conversantes,

365 2994 577 3059 quandiu
609 3012 812 3060 proesens
842 2996 937 3044 vita
972 3006 1199 3062 tanquam
1236 3015 1343 3046 area
1377 3000 1592 3064 quaedam
1628 3008 1770 3065 grana
1808 3003 1948 3048 simul
1979 3004 2191 3051 continet
2225 3015 2272 3052 et
2302 3007 2483 3071 paleas,

365 3075 664 3140 suspendunt
682 3091 860 3139 organa
881 3093 992 3137 sua;
1019 3077 1135 3125 dum
1154 3079 1341 3127 fletibus
1363 3081 1510 3145 magis
1530 3090 1576 3128 et
1601 3081 1818 3129 lamentis
1837 3093 2080 3143 vacantes,
2103 3100 2131 3130 a
2149 3085 2342 3133 canticis
2360 3088 2487 3134 exul-

367 3156 556 3203 tationis
582 3167 791 3216 cessant,
818 3167 914 3204 tam
945 3175 1179 3206 aerumnas
1203 3177 1310 3207 suas
1338 3160 1411 3208 vel
1440 3161 1716 3209 dilationem
1741 3163 1924 3227 patriae,
1960 3180 2103 3227 quam
2132 3165 2334 3213 aliorum
2357 3185 2486 3215 mor-

368 3242 461 3280 tem
489 3234 733 3283 deflentes.
771 3240 830 3283 Ut
854 3247 1012 3284 autem
1045 3254 1222 3302 organa
1253 3257 1335 3287 sua
1367 3241 1489 3288 inter
1520 3241 1633 3288 tales
1664 3243 1980 3307 suspendant,
2016 3243 2110 3291 hoc
2139 3255 2207 3292 est
2235 3262 2260 3291 a
2289 3247 2486 3295 vocibus

414 3346 424 3364 ¹
452 3347 572 3382 Psalm.
588 3360 660 3390 xzv,
679 3362 709 3383 v.
726 3354 795 3384 5.-
807 3350 820 3368 ²
834 3352 942 3390 Joan„
961 3363 1036 3396 cap.
1055 3363 1096 3385 vu
1108 3378 1116 3393 ,
1133 3364 1165 3386 v.
1188 3355 1293 3388 38.-
1312 3355 1326 3373 ¹
1340 3356 1574 3390 Contundenees
1589 3356 1683 3390 Amb.
1696 3357 1759 3380 ——⁴
1773 3358 1891 3392 psalm.
1906 3369 2045 3399 cxxxvi,
2064 3371 2095 3393 v.
2116 3362 2146 3393 2.
2162 3379 2204 3386 --
2219 3361 2232 3379 ⁸
2247 3362 2413 3408 Job‚cap.
2433 3375 2485 3403 xi..

370 3414 400 3437 v.
423 3407 473 3439 te.
590 3405 593 3406 ⁷

531 3473 543 3503 1
2275 3482 2318 3520 51
