2970 4152
594 379 689 426 670
1392 379 1564 428 PETRI
1597 381 1913 429 ABAELARDI

662 495 684 520 r<
707 478 813 522 Non
837 475 984 523 enim.
1007 493 1029 519 υ
1056 474 1110 522 ld
1136 484 1206 522 est
1224 512 1235 533 ,
1261 474 1482 522 nondum
1509 476 1671 542 pluvia
1692 477 1816 525 facta
1837 477 1991 524 fuerat
2006 512 2018 535 ,
2044 492 2100 523 ex
2126 492 2222 540 qua
2245 485 2359 523 ωηο
2378 493 2573 542 quoque
2593 478 2715 527 sicut

594 573 723 604 nunc
752 573 837 620 per
867 556 1142 603 universum
1176 556 1414 603 mundum
1435 557 1536 605 haec
1559 558 1890 624 multiplicatio
1915 557 2071 616 fieret,
2097 556 2295 604 homine
2315 567 2432 605 tunc
2453 568 2629 606 terram
2650 560 2714 607 si-

593 647 673 684 cut
696 654 825 683 nunc
853 636 1120 695 excolente,
1152 654 1302 701 quum
1339 654 1428 684 nec
1461 638 1562 703 ipse
1598 638 1748 686 homo
1784 639 1867 703 qui
1899 648 2076 686 terram
2109 648 2388 703 operaretur
2425 647 2540 685 tunc
2572 649 2709 687 esset.

593 717 737 774 Quod
756 718 915 764 statim
937 718 1148 765 annectit
1170 717 1334 765 dicens
1352 736 1363 765 z
1387 738 1411 763 κ
1428 721 1488 766 Et
1506 719 1659 766 homo
1680 736 1781 766 non
1804 729 1922 766 erat.
1949 737 1973 763 »
2002 721 2109 765 Non
2132 718 2250 766 dicit
2272 719 2548 784 simpliciter
2568 737 2579 766 :
2607 722 2712 767 Non

592 807 693 844 erat
708 835 719 855 ‚
746 815 896 862 quum
918 798 1019 863 ipse
1041 814 1235 863 quoque
1260 798 1384 846 inter
1415 800 1745 863 generationes
1775 799 1883 846 coeli
1910 808 1957 846 et
1989 809 2126 846 terrae
2155 799 2372 864 superius
2405 800 2466 846 sit
2492 815 2714 865 compre·

590 877 768 925 hensus
791 888 838 925 et
860 878 1010 930 factus
1032 895 1134 926 esse
1156 889 1473 940 monstretur;
1494 880 1578 928 sed
1594 897 1693 927 non
1718 890 1820 927 erat
1842 880 1904 927 ad
1927 879 2229 946 operandum
2250 890 2444 940 terram,
2461 881 2574 946 quia
2588 897 2715 929 non-

592 959 709 1006 dum
746 960 789 1006 ei
821 960 1086 1007 necessaria
1114 970 1215 1007 erat
1243 959 1483 1008 laboriosa
1504 961 1713 1020 cultura,
1739 977 1887 1025 quam
1909 960 2224 1025 postmodum
2244 961 2293 1008 in
2317 978 2510 1027 poenam
2533 962 2715 1027 peccati

592 1040 774 1104 accepit
788 1076 800 1100 ,
828 1050 875 1087 et
896 1057 1043 1104 quam
1065 1057 1195 1087 nunc
1218 1041 1397 1106 ubique
1419 1052 1654 1089 terrarum
1676 1051 1880 1088 exercet.
1933 1048 1936 1049 ’

659 1140 681 1164 «
709 1121 802 1167 Sed
825 1121 949 1169 fons.
972 1140 997 1166 ,‚
1025 1124 1092 1169 Ne
1114 1122 1219 1186 quis
1242 1121 1364 1169 forte
1395 1123 1658 1186 requireret
1685 1122 1816 1169 unde
1851 1138 1964 1186 ergo
1999 1121 2255 1170 humorem
2286 1140 2385 1188 quo
2420 1124 2717 1171 nutrirentur

590 1203 665 1250 vel
699 1213 1099 1251 conservarentur
1129 1203 1302 1269 plantae
1330 1204 1575 1252 habebant
1592 1242 1605 1263 ,
1630 1220 1780 1269 quum
1803 1203 1965 1269 pluvia
1987 1221 2089 1251 non
2111 1214 2258 1264 esset,
2283 1205 2569 1270 respondet,
2604 1206 2717 1271 quia

591 1283 652 1329 de
687 1285 785 1330 imo
821 1299 946 1348 aqua
981 1285 1137 1331 tenuis
1169 1284 1500 1331 conscendens
1534 1300 1671 1331 more
1704 1283 1849 1331 fontis
1886 1283 2113 1348 irrigabat
2149 1300 2228 1332 eas
2261 1284 2434 1332 mundi
2467 1294 2627 1350 partes
2668 1285 2718 1332 in
2760 1330 2766 1333 ⁷

591 1363 764 1427 quibus
801 1363 974 1429 plantae
1013 1365 1237 1430 dispersae
1270 1375 1424 1412 erant.
1472 1368 1531 1411 Et
1563 1364 1757 1412 attende
1800 1365 1935 1429 quod
1979 1381 2130 1428 quum
2164 1365 2383 1429 superius
2413 1381 2501 1430 per
2533 1375 2718 1431 septem

591 1444 691 1490 dies
723 1446 850 1490 Deus
888 1454 1077 1492 tantum
1104 1454 1303 1492 vocatus
1339 1445 1400 1491 sit
1417 1482 1428 1502 ,
1465 1461 1564 1491 non
1595 1445 1740 1491 etiam
1762 1444 1998 1491 Dominus
2021 1443 2311 1509 appellatus;
2336 1443 2417 1491 hic
2447 1454 2608 1492 tamen
2631 1444 2716 1491 ubi

591 1526 920 1586 generationes
942 1525 1049 1572 coeli
1072 1535 1118 1572 et
1140 1536 1276 1572 terrae
1303 1525 1566 1590 completas
1589 1534 1939 1572 commemorat
1953 1562 1964 1583 ,
1991 1542 2103 1572 eum
2124 1542 2225 1572 non
2254 1525 2410 1574 solum
2433 1528 2606 1584 Deum,
2630 1526 2715 1574 sed

590 1614 636 1650 et
658 1605 922 1651 Dominum
946 1615 1110 1662 vocat,
1143 1614 1191 1651 et
1219 1604 1445 1669 deinceps
1476 1604 1750 1669 frequenter
1784 1605 1982 1652 Domini
2011 1605 2249 1653 vocabulo
2284 1606 2443 1671 ipsum
2478 1606 2710 1669 designat.

589 1688 691 1731 Hoc
731 1686 909 1749 quippe
944 1702 1124 1732 nomen
1153 1686 1390 1753 Dominus
1419 1686 1614 1732 nonnisi
1636 1702 1692 1733 ex
1721 1686 1950 1733 creaturis
1980 1686 2155 1751 quibus
2184 1686 2425 1734 dominari
2447 1696 2494 1734 et
2515 1702 2715 1752 praeesse

587 1765 735 1812 habet
777 1766 1026 1824 convenit,
1062 1781 1152 1812 nec
1180 1782 1236 1812 ex
1264 1765 1555 1830 quibusdam
1587 1776 1777 1813 tantum
1804 1766 2057 1826 creaturis,
2088 1766 2174 1814 sed
2202 1782 2259 1814 ex
2289 1765 2515 1813 omnibus
2549 1765 2708 1813 simul.

589 1845 729 1893 Unde
765 1855 875 1910 post
908 1846 1376 1894 consummationem
1414 1846 1633 1893 omnium
1674 1847 1833 1911 ipsum
1871 1856 2061 1894 tantum
2094 1847 2212 1912 poni
2249 1863 2517 1910 congruum
2558 1847 2714 1893 visum

589 1936 676 1973 est.

658 2026 681 2050 «
703 2007 944 2054 Formavit
965 2007 1124 2070 igitur.
1145 2027 1167 2051 »
1193 2010 1368 2073 Hoc-'et
1389 2006 1451 2055 ad
1473 2006 1592 2054 illud
1614 2007 1805 2072 respicit
1826 2007 1960 2071 quod
1982 2016 2115 2054 sexto
2138 2006 2218 2054 die
2238 2006 2536 2071 praemissum
2560 2015 2632 2054 est
2652 2005 2714 2054 de

588 2087 799 2134 hominis
817 2088 1077 2147 creatione,
1097 2104 1249 2152 quum
1270 2088 1444 2135 dicitur
1468 2107 1479 2136 ι
1505 2107 1531 2133 «
1546 2091 1606 2136 Et
1626 2090 1805 2136 creavit
1826 2092 1955 2136 Deus
1977 2088 2251 2147 hominem,
2276 2098 2368 2136 etc.
2389 2107 2414 2132 n
2439 2087 2510 2134 Ibi
2534 2087 2714 2153 quippe

588 2167 722 2231 quod
755 2177 941 2215 creatus
969 2169 1030 2215 sit
1055 2168 1206 2215 homo
1229 2178 1328 2215 tam
1352 2168 1591 2216 masculus
1613 2185 1759 2233 quam
1784 2168 1959 2216 femina
1981 2169 2280 2234 praemissum
2307 2178 2378 2215 est
2393 2203 2406 2227 ‚
2432 2168 2517 2216 sed
2540 2167 2714 2216 modus

589 2247 844 2294 creationis
866 2264 1112 2313 expressus
1135 2264 1235 2294 non
1260 2257 1331 2295 est
1352 2266 1363 2294 :
1384 2248 1518 2312 quod
1539 2248 1619 2295 hic
1641 2248 1893 2312 diligenter
1917 2248 2069 2313 aperit
2092 2247 2317 2296 docendo
2339 2247 2517 2295 scilicet
2538 2264 2715 2312 corpus

590 2329 678 2375 viri
709 2329 770 2375 de
803 2329 919 2375 limo
954 2339 1091 2376 terrae
1124 2329 1258 2393 prius
1287 2328 1550 2376 formatum
1577 2346 1679 2377 esse
1695 2366 1708 2389 ,
1733 2345 1789 2377 ac
1815 2329 1991 2376 deinde
2013 2331 2224 2377 animam
2247 2328 2460 2387 infundi3
2485 2328 2714 2376 feminam

587 2426 702 2456 vero
738 2426 838 2456 non
873 2425 960 2473 per
986 2426 1037 2457 se
1064 2419 1276 2457 creatam
1298 2425 1399 2457 esse
1415 2447 1426 2469 ‚
1463 2409 1550 2457 sed
1589 2409 1651 2457 de
1680 2411 1784 2457 viro
1808 2419 2103 2475 assumptam
2119 2445 2131 2468 ‚
2158 2419 2211 2457 ut
2244 2410 2493 2475 sequentia
2514 2409 2708 2457 docent.

582 2490 897 2537 Continenter
919 2489 1017 2537 dixi
1043 2489 1294 2537 hominem
1325 2491 1501 2549 creari,
1534 2490 1620 2538 sed
1644 2490 1849 2537 modum
1882 2489 2138 2537 creationis
2172 2506 2273 2537 non
2309 2489 2544 2554 expressi,
2571 2489 2713 2553 igitur

582 2586 712 2616 nunc
735 2570 924 2618 faciam.
950 2574 1010 2617 Et
1036 2570 1133 2618 hoc
1161 2580 1231 2618 est
1253 2570 1388 2635 quod
1419 2587 1550 2618 nunc
1573 2570 1670 2634 agit
1693 2569 1888 2617 dicens:
1913 2589 1937 2614 «
1954 2570 2198 2617 Formavit
2217 2569 2467 2616 hominem
2485 2605 2497 2627 ,
2522 2588 2544 2612 n
2570 2568 2621 2616 id
2643 2578 2714 2616 est

582 2652 850 2699 humanum
873 2669 1050 2718 corpus
1071 2653 1121 2699 in
1145 2652 1352 2716 effigiem
1371 2653 1511 2700 istam
1533 2668 1681 2717 quam
1702 2668 1832 2699 nunc
1855 2650 2090 2700 habemus
2112 2651 2403 2716 composuit.

651 2754 674 2778 «
695 2737 766 2781 De
794 2734 911 2781 limo
935 2744 1087 2782 terrae.
1114 2754 1138 2779 »
1169 2734 1224 2782 Id
1247 2744 1317 2782 est
1335 2734 1396 2782 de
1420 2743 1546 2782 terra
1566 2733 1771 2781 humida
1790 2743 1838 2781 et
1861 2733 1998 2797 quasi
2027 2741 2280 2797 compacta
2314 2748 2415 2779 non
2450 2730 2680 2779 dissoluta
2696 2768 2708 2790 ,

582 2825 629 2861 et
650 2816 717 2862 sic
740 2816 933 2880 corpori
950 2816 1052 2878 jam
1074 2825 1234 2862 creato
1258 2814 1435 2862 infudit
1456 2816 1687 2863 animam.
1718 2817 1786 2861 Ex
1809 2830 1907 2878 quo
1932 2822 2152 2878 patenter
2174 2812 2333 2861 innuit
2350 2849 2361 2871 ,
2388 2813 2599 2859 animam
2619 2810 2712 2858 hu-

584 2913 775 2945 manam
798 2913 854 2943 ex
877 2898 982 2962 ipso
1007 2896 1156 2943 modo
1177 2896 1432 2944 creationis
1451 2896 1730 2944 dissimilem
1747 2912 1773 2943 a
1789 2895 1969 2942 caeteris
1985 2894 2239 2943 animabus
2255 2910 2374 2941 esse.
2398 2896 2452 2941 In
2469 2892 2712 2941 creatione

581 2978 759 3042 quippe
794 2988 1076 3025 caeterorum
1112 2978 1432 3026 animantium
1461 2977 1645 3024 dictum
1666 2986 1740 3024 est
1760 2986 1940 3023 terram
1966 2975 2044 3022 vel
2072 2990 2249 3040 aquam
2283 2990 2339 3021 ea
2367 2990 2480 3020 cum
2508 2989 2713 3038 corpore

581 3058 722 3104 simul
745 3068 793 3105 et
814 3058 974 3106 anima
996 3057 1280 3122 produxisse
1304 3076 1315 3104 :
1335 3074 1392 3105 ex
1414 3074 1512 3122 quo
1546 3057 1763 3104 innuitur
1784 3055 1979 3104 illorum
2000 3055 2184 3103 animas
2203 3071 2260 3101 ex
2289 3053 2403 3119 ipsis
2435 3053 2579 3100 etiam
2613 3052 2713 3100 ele-

584 3141 753 3187 mentis
777 3157 878 3187 esse
899 3141 1036 3204 quasi
1057 3139 1321 3204 quamdam
1349 3156 1519 3186 eorum
1547 3139 1791 3186 raritatem
1822 3137 1899 3184 vel
1926 3136 2237 3185 subtilitatem
2256 3173 2269 3194 ,
2293 3151 2383 3200 pro
2411 3150 2508 3198 qua
2533 3133 2711 3182 scilicet

582 3218 841 3266 subtilitate
869 3218 960 3266 illae
981 3236 1177 3284 quoque
1212 3220 1382 3266 animae
1415 3218 1610 3283 spiritus
1642 3217 1887 3277 dicuntur,
1918 3218 2041 3265 sicut
2074 3226 2121 3264 et
2158 3225 2330 3263 ventus
2358 3228 2711 3278 nonnunquam

581 3299 776 3362 spiritus
807 3299 1090 3364 appellatur,
1117 3300 1484 3364 comparatione
1502 3309 1638 3346 terrae
1659 3308 1708 3345 et
1729 3314 1864 3363 aquae
1878 3335 1889 3357 ,
1915 3314 2021 3362 quae
2045 3296 2293 3361 grossioris
2315 3304 2362 3342 et
2384 3293 2712 3358 corpulentio-

583 3380 645 3426 ris
676 3379 952 3426 substantiae
982 3390 1110 3426 sunt.
1134 3380 1359 3444 Diligenti
1383 3380 1528 3427 etiam
1561 3378 1801 3427 vocabulo
1836 3379 2004 3438 utitur,
2038 3393 2190 3442 quum
2224 3375 2340 3423 dicit
2366 3374 2617 3421 hominem
2651 3374 2715 3421 de

582 3458 733 3506 humo
758 3459 952 3507 formari
975 3461 1135 3524 potius
1163 3476 1310 3524 quam
1331 3461 1498 3507 creari.
1524 3459 1615 3507 Ubi
1644 3460 1772 3506 enim
1797 3459 1858 3505 de
1882 3458 2080 3505 materia
2112 3455 2290 3520 aliquid
2318 3454 2370 3502 fit
2392 3455 2546 3502 forma
2569 3454 2612 3501 ei
2632 3470 2711 3499 su-
