2970 4152
1004 412 1317 462 EXPOSITIO
1351 413 1411 462 ΙΝ
1444 413 1837 462 HEXAMERON.
2388 415 2488 462 635

369 522 462 560 tur.
483 511 672 576 Quippe
694 509 812 557 dum
835 509 1015 574 aliquid
1037 510 1098 556 sit
1117 508 1252 574 quod
1267 508 1490 556 nondum
1513 518 1607 568 est,
1626 509 1786 573 aliqua
1807 524 1945 556 mora
1964 509 2015 555 in
2038 507 2262 567 faciendo
2280 525 2382 556 esse
2400 527 2489 574 po-

365 602 473 640 test.
488 594 649 649 Quum
659 607 774 639 vero
785 590 959 638 dicitur
974 608 984 636 :
1002 589 1087 648 Sit,
1101 598 1149 636 et
1160 589 1262 648 fuit,
1274 588 1406 636 nulla
1414 588 2097 654 interposita‘mora,perfectio
2110 589 2178 635 rei
2192 589 2479 636 ostenditur.

435 692 458 718 «
479 676 539 720 Et
558 671 680 720 vidit
700 675 827 720 Deus
851 671 1031 731 lucem,
1055 668 1335 735 quod=esset
1354 669 1503 717 bona.
1529 689 1552 714 η
1579 672 1740 728 Quum
1762 670 1937 718 dicitur
1959 671 2008 717 in
2031 669 2231 717 diversis
2256 670 2484 735 operibus

366 753 455 800 Dei
476 763 587 818 post
604 769 774 800 eorum
797 750 1288 810 consummationem,
1315 750 1427 814 quia
1447 747 1568 797 vidit
1594 752 1722 797 Deus
1745 749 1880 814 quod
1908 760 2031 797 esset
2057 750 2267 809 bonum,
2298 750 2392 797 tale
2420 761 2490 798 est

367 849 424 881 ac
450 834 491 880 si
512 833 768 891 diceretur,
789 831 1018 879 intellexit
1047 830 1168 878 nihil
1194 830 1263 878 ibi
1293 847 1380 896 per
1407 846 1620 878 errorem
1651 818 1832 878 factum
1860 831 1993 895 quod
2025 831 2085 877 sit
2117 831 2485 894 corrigendum,

367 913 511 961 etiam
533 912 714 977 aliquid
735 911 1098 976 comparatione
1118 909 1432 976 praecedentis
1451 909 1829 975 imperfectionis
1847 927 1949 958 esse
1967 910 2232 975 perfectum
2253 911 2483 970 innuitur.

366 994 493 1040 Bene
514 992 671 1040 lucem
684 1029 696 1051 ‚
723 991 773 1038 id
795 1001 866 1038 est
887 991 1245 1038 distinctionem
1267 1007 1494 1056 operum,
1522 993 1651 1037 Deus
1673 990 1939 1057 approbat,
1971 992 2084 1055 quia
2100 1007 2185 1054 per
2206 997 2312 1038 eam
2335 992 2487 1038 excel-

365 1071 522 1119 lentiae
542 1088 638 1119 suae
658 1070 852 1119 laudem
873 1070 1015 1118 nobis
1037 1070 1326 1130 manifestat,
1344 1071 1577 1135 quoniam
1598 1069 1700 1116 laus
1726 1070 1885 1134 operis
1907 1070 1955 1116 in
1980 1069 2210 1116 artificem
2229 1070 2484 1118 redundat.

368 1151 506 1199 Unde
534 1152 678 1199 etiam
706 1151 767 1198 de
789 1150 864 1197 his
883 1167 988 1215 quae
1010 1159 1209 1215 propter
1230 1149 1481 1198 hominem
1500 1148 1611 1197 facit
1627 1186 1639 1208 ,
1665 1166 1816 1213 quum
1847 1149 2022 1197 dicitur
2049 1150 2150 1214 ipse
2183 1149 2346 1197 videre
2376 1152 2487 1214 quia

367 1233 499 1281 bona
516 1233 612 1280 sint
626 1271 638 1292 ,
665 1232 798 1280 nullo
821 1231 972 1279 modo
993 1232 1170 1279 rectius
1191 1231 1391 1295 intelligi
1414 1241 1559 1297 puto,
1583 1247 1731 1295 quam
1753 1230 1887 1295 quod
1910 1247 1965 1278 ea
1986 1231 2054 1278 sic
2076 1231 2292 1290 ordinat,
2319 1241 2372 1278 ut
2399 1248 2488 1278 nos

366 1315 510 1362 etiam
531 1313 611 1361 illa
631 1313 762 1360 bona
782 1329 884 1360 esse
904 1311 1068 1359 videre
1090 1312 1248 1371 saciat,
1267 1313 1390 1359 sicut
1411 1322 1460 1359 et
1481 1311 1722 1359 Abraham
1739 1311 1871 1359 dicit¹
1890 1330 1899 1358 :
1927 1331 1950 1356 «
1970 1315 2106 1358 Nunc
2130 1313 2337 1375 cognovi
2355 1314 2489 1376 quod

363 1395 533 1442 timeas
553 1394 841 1452 Dominum,
863 1410 889 1438 »ι
914 1392 964 1440 id
986 1402 1079 1450 est,
1105 1392 1343 1456 Cognosci
1364 1392 1472 1439 feci.
1498 1392 1621 1439 Hinc
1643 1401 1715 1440 est
1735 1391 1872 1457 quod
1897 1391 2119 1439 secundae
2139 1391 2234 1439 diei
2261 1409 2410 1462 opera
2439 1394 2486 1439 in

362 1474 677 1539 suspensione
692 1473 870 1520 scilicet
884 1473 1189 1538 superiorum
1204 1488 1439 1537 aquarum
1455 1472 1654 1520 minime
1670 1472 1941 1538 approbare
1957 1472 2149 1531 dicitur,
2169 1489 2321 1536 quum
2333 1490 2423 1520 nos
2439 1474 2485 1520 id

365 1538 563 1601 minime
571 1551 769 1600 laudare
779 1552 936 1611 faciat,
946 1552 1082 1615 cujus
1095 1553 1254 1617 operis
1262 1553 1501 1600 rationem
1510 1551 1586 1599 vel
1597 1551 1850 1600 utilitatem
1864 1569 2169 1617 nequaquam
2180 1552 2483 1617 percipimus.

434 1650 459 1677 α
480 1635 540 1679 Et
561 1631 722 1679 divisit
744 1630 902 1679 lucem
924 1647 953 1680 a
970 1629 1199 1679 tenebris.
1219 1649 1243 1676 >2
1268 1634 1373 1678 Hoc
1395 1641 1466 1678 est
1487 1632 1770 1696 operatione
1790 1647 1876 1679 sua
1899 1632 2164 1697 perfectum
2185 1632 2410 1679 discrevit
2427 1631 2488 1677 ab

365 1712 672 1778 imperfecto,
700 1721 748 1759 et
769 1711 1050 1759 distinctum
1073 1727 1101 1759 a
1122 1711 1342 1759 confuso.
1369 1712 1596 1777 Superius
1623 1721 1785 1759 autem
1808 1711 1892 1759 ubi
1915 1713 1980 1761 ait
2000 1731 2010 1759 :
2041 1731 2065 1757 «
2090 1713 2306 1776 Dixitque
2328 1715 2483 1758 Deus:

369 1793 506 1840 «Fiat
528 1792 631 1850 lux,
662 1801 710 1839 et
733 1791 857 1840 facta
877 1801 949 1839 est
970 1791 1049 1839 lux
1063 1829 1076 1851 ,
1100 1811 1123 1836 υ
1149 1792 1212 1840 ad
1234 1793 1491 1857 imperium
1513 1792 1711 1856 quidem
1733 1794 1820 1840 Dei
1844 1792 2002 1840 lucem
2022 1809 2124 1839 esse
2149 1792 2324 1840 factam
2347 1809 2487 1839 mon-

363 1874 546 1922 stravit.
587 1873 675 1919 Hic
708 1889 824 1920 vero
846 1888 998 1937 quum
1032 1872 1122 1931 ait,
1149 1891 1173 1920 (ς
1196 1882 1244 1919 et
1272 1872 1433 1920 divisit
1455 1872 1613 1920 lucem
1637 1890 1666 1920 a
1689 1872 1898 1921 tenebris
1916 1910 1927 1931 ‚
1956 1892 1979 1917 »
2006 1890 2092 1938 per
2114 1874 2272 1938 ipsum
2295 1890 2489 1937 quoque

364 1954 491 2002 hanc
523 1953 882 2001 distinctionem
904 1969 1131 2017 operum,
1157 1968 1304 2018 quam
1327 1952 1483 2000 lucem
1506 1953 1738 2019 appellat,
1765 1953 1939 2001 factam
1962 1971 2063 2001 esse
2085 1954 2384 2001 demonstrat
2401 1992 2412 2013 ,
2439 1965 2490 2000 ut

365 2033 494 2081 idem
516 2033 625 2097 hipse
654 2032 861 2080 materiae
882 2041 1070 2080 creator
1088 2033 1266 2098 pariter
1288 2042 1336 2080 et
1360 2032 1592 2080 formator
1620 2033 1926 2097 intelligatur,
1954 2035 2092 2098 eique
2123 2043 2224 2081 tota
2256 2034 2357 2081 laus
2392 2044 2490 2081 tarn

366 2111 427 2160 de
448 2111 691 2158 creatione
713 2112 921 2159 materiae
941 2127 1090 2176 quam
1113 2111 1174 2159 de
1197 2128 1399 2177 operum
1422 2112 1709 2159 formatione
1732 2113 1985 2161 tribuatur.

434 2210 458 2236 «
479 2189 838 2256 Appellavitque
864 2190 1021 2239 lucem
1049 2191 1202 2251 diem,
1228 2201 1276 2238 et
1307 2190 1531 2239 tenebras
1560 2201 1816 2239 noctem.»
1842 2194 1946 2238 Hoc
1979 2201 2080 2251 est,
2117 2192 2226 2239 fecit
2256 2209 2363 2240 eam
2400 2192 2489 2240 hac

366 2271 686 2338 appellatione
709 2271 905 2335 dignam
918 2309 930 2331 ,
950 2282 1003 2320 ut
1019 2272 1242 2320 videlicet
1263 2273 1365 2337 ipsa
1389 2289 1592 2337 operum
1613 2272 1735 2320 facta
1757 2273 2000 2320 distinctio
2025 2290 2109 2338 per
2130 2273 2490 2321 similitudinem

356 2352 467 2400 dies
489 2350 773 2416 appelletur,
800 2361 848 2399 et
870 2351 958 2406 illa*
972 2369 1078 2417 quae
1100 2353 1338 2417 praecessit
1371 2352 1590 2399 confusio
1620 2368 1717 2399 nox
1747 2352 1951 2410 dicatur,
1977 2369 2083 2416 quae
2106 2354 2251 2400 etiam
2273 2355 2490 2417 superius

366 2432 574 2480 tenebrae
594 2431 859 2479 dicebatur.

435 2531 458 2556 «
483 2514 541 2558 Et
565 2511 741 2558 factum
764 2521 835 2558 cst
857 2528 1054 2577 vespere
1089 2521 1136 2560 et
1166 2528 1309 2559 mane
1343 2512 1445 2560 dies
1475 2529 1615 2559 unus.
1642 2531 1665 2557 »
1692 2514 1831 2560 Diem
1866 2529 2017 2559 unum
2052 2512 2130 2559 hic
2164 2523 2305 2562 vocat
2338 2524 2490 2560 totam

365 2591 557 2640 illorum
593 2608 795 2657 operum
830 2593 917 2639 Dei
954 2593 1421 2640 consummationem
1435 2630 1446 2651 ,
1484 2594 1615 2657 prius
1650 2594 1698 2639 in
1735 2603 1896 2640 mente
1923 2593 2161 2652 habitam,
2188 2604 2234 2641 et
2266 2595 2314 2641 in
2344 2612 2489 2660 opere

366 2671 679 2736 postmodum
702 2680 830 2718 sexta
854 2670 932 2718 die
955 2671 1263 2736 completam.
1291 2674 1551 2736 Vesperam
1574 2681 1735 2719 autem
1759 2672 1900 2736 hujus
1924 2673 2070 2719 totius
2094 2674 2324 2737 temporis
2355 2675 2488 2738 quod

367 2751 445 2799 hic
470 2768 622 2799 unum
650 2751 780 2798 diem
803 2750 1034 2817 appellat,
1061 2761 1211 2798 totam
1235 2750 1364 2798 illam
1389 2752 1722 2816 operationem
1747 2753 1835 2799 Dei
1863 2762 2003 2800 vocat
2022 2789 2033 2811 ,
2061 2753 2326 2803 secundum
2356 2757 2489 2818 quod

367 2831 498 2895 prius
520 2832 568 2878 in
593 2832 693 2895 ejus
716 2841 877 2879 mente
898 2830 1101 2891 latebat,
1127 2841 1387 2896 antequam
1409 2848 1495 2897 per
1519 2831 1743 2880 effectum
1766 2833 1828 2880 ad
1857 2833 2013 2880 lucem
2036 2833 2268 2899 prodiret.
2295 2838 2360 2884 Ac
2382 2853 2485 2883 rur—

366 2928 446 2959 sus
466 2912 620 2977 ipsam
642 2911 862 2959 eamdem
888 2912 1219 2977 operationem
1254 2927 1395 2959 mane
1432 2922 1681 2978 nuncupat
1710 2913 1977 2960 secundum
2008 2913 2141 2978 quod
2177 2931 2321 2979 opere
2355 2927 2488 2982 post-

367 2989 569 3037 modum
602 2990 842 3056 completa
873 3007 974 3052 sese
1000 2990 1234 3039 visibilem
1258 2990 1477 3056 praebuit.
1506 2992 1690 3039 Divinae
1723 2993 1883 3058 itaque
1915 2994 2089 3040 mentis
2122 3005 2409 3059 conceptum
2439 2997 2488 3043 in

368 3069 682 3134 dispositione
707 3069 852 3117 futuri
878 3070 1037 3136 operis
1059 3087 1308 3136 vesperam
1330 3070 1468 3130 dicit,
1494 3087 1635 3119 mane
1659 3088 1775 3119 vero
1805 3071 2014 3138 appellat
2040 3073 2194 3137 ipsam
2228 3085 2489 3139 conceptus

366 3147 490 3196 illius
514 3149 845 3214 operationem
867 3159 913 3196 et
935 3149 1108 3197 divinae
1130 3149 1457 3216 dispositionis
1476 3150 1700 3203 effectum
1719 3152 1768 3198 in
1789 3167 1868 3198 sex
1888 3150 2057 3199 diebus
2081 3163 2485 3203 consummatum.

368 3230 529 3286 Quum
552 3229 711 3294 itaque
736 3228 926 3276 dicitur:
952 3249 974 3274 u
996 3233 1054 3277 Et
1075 3229 1252 3278 factum
1275 3240 1346 3278 est
1366 3247 1564 3296 vespere
1586 3241 1635 3278 et
1657 3247 1799 3279 mane
1821 3231 1923 3278 dies
1946 3248 2069 3278 unus
2084 3268 2095 3290 ,
2117 3251 2139 3274 »
2167 3231 2260 3278 tale
2283 3243 2352 3279 est
2375 3251 2430 3281 ac
2452 3238 2490 3282 si

369 3306 605 3355 diceretur
623 3345 634 3367 ‚
660 3307 830 3356 eadem
853 3319 923 3356 est
946 3309 1186 3375 operatio,
1211 3327 1316 3375 quae
1340 3311 1389 3359 in
1414 3320 1574 3357 mente
1603 3311 1691 3358 Dei
1724 3321 1955 3379 tanquam
1978 3312 2024 3358 in
2050 3327 2245 3376 vespere
2268 3313 2399 3377 prius
2422 3315 2490 3362 la-

418 3490 428 3508 ·
456 3482 583 3533 Genea„
598 3502 670 3537 cap.
689 3503 757 3527 nu
772 3518 780 3534 ‚
796 3504 826 3527 ν.
849 3495 900 3527 12.
