2970 4152
936 376 995 423 ΙΝ
1029 374 1208 421 RAMlS
1243 371 1570 419 PALMARUM
1603 371 1818 418 SERMO.
2349 374 2444 420 423

1099 625 1175 682 IN
1219 578 1497 682 EADEM
1525 622 1670 679 nm.

1274 810 1422 842 SERMO
1458 813 1503 840 X.

396 949 420 974 ι(
440 929 727 994 Egredimini
744 965 756 988 ,
785 927 890 975 fih'ae
912 930 1026 976 Sion
1043 966 1055 989 ,
1083 940 1130 977 et
1158 929 1314 977 videte
1338 945 1499 994 regem
1525 929 1831 976 Salomonem
1863 928 1918 975 in-
1934 928 2201 977 djademate
2234 943 2320 973 suo
2354 943 2452 989 quo

328 1001 576 1057 coronavit
593 1026 705 1074 eum
722 1021 873 1058 mater
888 1026 978 1059 sua
990 1011 1041 1057 in
1061 1010 1138 1058 die
1155 1010 1537 1076 desponsationis
1555 1009 1697 1070 illius,
1714 1019 1762 1056 et
1772 1011 1821 1056 in
1836 1009 1914 1056 die
1923 1009 2088 1055 laetitiae
2107 1008 2264 1055 cordis
2280 1008 2415 1071 ejus¹.
2428 1026 2451 1050 »

329 1092 438 1147 Quo
460 1089 622 1153 egredi
644 1089 994 1137 admoneantur
1021 1089 1125 1137 filiae
1149 1091 1263 1136 Sion
1277 1124 1289 1146 ,
1317 1092 1419 1155 ipse
1444 1099 1598 1137 textus
1619 1091 1807 1136 Cantici
1829 1091 2132 1136 Canticorum
2157 1106 2213 1136 ex
2237 1088 2326 1135 illis
2350 1105 2454 1151 quae

329 1172 569 1235 praemissa
593 1180 704 1218 sunt
727 1180 946 1236 patenter
968 1171 1191 1218 insinuat.
1216 1174 1378 1228 Quum
1411 1173 1546 1218 enim.
1564 1170 1758 1218 dixisset
1779 1189 1790 1216 ε
1816 1190 1839 1214 «
1862 1170 2110 1218 Ferculum
2136 1170 2242 1216 fecit
2265 1169 2354 1216 sibi
2374 1186 2451 1215 rex

330 1250 558 1298 Salomon
590 1249 652 1299 de
681 1250 819 1314 lignis
843 1249 1031 1309 Libani,
1059 1269 1083 1294 »
1107 1260 1249 1314 atque
1275 1252 1431 1315 ipsum
1457 1250 1740 1298 miraculum
1764 1267 1908 1314 quam
1934 1249 2148 1297 mirabile
2178 1249 2315 1296 fuerit
2348 1249 2455 1296 dili-

326 1341 494 1395 genter
527 1330 875 1395 descripsisset,
899 1330 1055 1378 statim
1089 1329 1208 1394 filias
1233 1331 1345 1376 Sion
1376 1330 1538 1394 egredi
1561 1330 1781 1377 hortatur
1810 1329 1871 1377 ad
1895 1331 2050 1395 ipsum
2086 1346 2249 1393 regem·
2277 1330 2326 1376 in
2365 1329 2457 1375 hoc

332 1410 509 1457 ferculo
543 1427 630 1458 suo
665 1409 1077 1475 conspiciendum.
1115 1413 1197 1458 Hae
1226 1426 1340 1457 vero
1376 1420 1486 1457 sunt
1511 1410 1651 1475 ipsae,
1680 1411 1869 1474 quasin
1894 1410 2115 1474 proximo
2141 1408 2322 1456 dixerat
2341 1409 2459 1455 filias

332 1490 613 1549 Jerusalem,
641 1507 793 1556 quum
826 1491 915 1538 ait*
942 1508 952 1534 ι
980 1510 1001 1533 «
1026 1489 1181 1537 Media
1216 1491 1408 1537 caritate
1448 1491 1707 1538 constravit
1747 1500 1944 1555 propter
1984 1490 2101 1537 filias
2131 1489 2406 1537 Jerusalem.
2434 1508 2455 1532 »

333 1573 463 1628 Quas
493 1582 719 1636 tanquam
755 1571 816 1619 ad
856 1571 1278 1620 conscendendum
1322 1572 1370 1618 in
1413 1573 1569 1636 ipsum
1606 1571 1838 1621 ferculum
1875 1571 2167 1630 admonens,
2206 1570 2340 1634 jubet
2383 1587 2460 1617 eas

334 1651 519 1715 egredi,
544 1661 597 1698 ut
619 1652 670 1698 in
695 1653 797 1717 ipso
822 1651 1000 1700 ferculo
1024 1668 1133 1716 rege
1155 1662 1422 1717 conspectov
1440 1652 1540 1715 ejus
1565 1669 1729 1699 amore
1753 1651 1816 1699 ad
1841 1669 1952 1700 eum
1977 1652 2240 1700 ascendere·
2258 1652 2462 1699 niteren-

336 1740 412 1776 tur
435 1731 482 1777 in
512 1731 668 1796 ipsum
697 1731 797 1794 ejus
819 1731 1070 1788 feretrum,
1099 1730 1195 1778 hoc
1217 1741 1287 1778 est
1310 1732 1411 1794 ejus
1435 1732 1697 1778 imitatione
1721 1747 1913 1779 crucem
1939 1733 2040 1795 ejus
2070 1732 2283 1779 tollendo
2301 1767 2314 1790 ‚
2342 1732 2463 1777 sicut

334 1809 532 1874 ipsemet
561 1810 789 1858 admonet
813 1810 977 1857 dicens
994 1812 1008 1835 ³
1030 1829 1040 1855 ε
1071 1830 1094 1854 «
1119 1811 1213 1867 Qui
1238 1810 1342 1857 vult.
1362 1810 1524 1858 venire
1548 1820 1656 1875 post
1679 1827 1757 1858 me
1773 1846 1785 1869 ,
1811 1810 2014 1874 abneget.
2045 1812 2348 1875 semetipsum
2368 1845 2379 1867 ‚
2417 1820 2464 1856 et

335 1890 468 1938 tollat
486 1908 675 1939 crucem
694 1908 829 1940 suam
844 1929 857 1950 ,
880 1901 927 1939 et
951 1900 1178 1955 sequatur
1203 1908 1303 1950 me,
1324 1910 1348 1936 υ
1375 1891 1468 1938 hoc
1487 1901 1581 1950 est,
1605 1891 1847 1956 passiones
1870 1892 2106 1939 sustinens
2132 1908 2208 1938 me
2233 1891 2457 1938 imitetur.

336 1970 459 2018 Filiae
499 1971 658 2035 itaque
695 1973 839 2032 Sion,
868 1971 921 2020 id
943 1981 1013 2018 est
1045 1971 1333 2028 Jerusalem,
1364 1988 1461 2018 non
1495 1970 1773 2035 Babylonis,
1802 1970 1966 2019 fideles
1999 1972 2166 2018 animae
2199 1980 2334 2030 sunt,
2362 1986 2465 2033 quae

337 2051 398 2098 ad
423 2051 662 2099 civitatem
683 2052 772 2100 Dei
798 2062 1025 2116 tanquam
1057 2052 1184 2099 cives
1208 2052 1473 2116 pertinent,
1504 2068 1603 2098 non
1622 2051 1817 2098 diaboli.
1842 2054 1936 2098 Has
1961 2060 2186 2115 tanquam
2215 2051 2333 2097 filias
2354 2066 2463 2096 vera

337 2132 594 2180 Jerusalem
611 2168 624 2191 ‚
647 2133 742 2180 hoc
765 2142 835 2180 est
860 2142 1010 2181 mater
1029 2131 1235 2180 Ecclesia
1262 2135 1364 2180 Deo
1389 2135 1512 2198 parit
1543 2132 1615 2180 vel
1649 2142 1843 2196 generat
1858 2168 1870 2190 ‚
1903 2132 2020 2179 dum
2049 2149 2127 2179 eas
2162 2131 2462 2197 praedicando

337 2211 552 2271 instruit,
581 2212 654 2259 vel
675 2212 964 2277 baptizando
991 2222 1252 2276 regenerat.
1286 2212 1422 2260 Unde
1446 2222 1490 2260 et
1518 2212 1771 2277 Apostolus
1798 2221 1894 2259 tam
1922 2213 2058 2258 matri
2089 2228 2231 2275 quam
2263 2212 2384 2276 patri
2415 2227 2466 2257 se

339 2307 623 2357 comparans
651 2293 743 2339 ait‘
763 2311 773 2339 :
804 2311 827 2335 α
848 2291 1000 2339 Filioli
1026 2292 1147 2350 mei,
1175 2308 1298 2356 quos
1319 2291 1477 2340 adhuc
1502 2292 1712 2357 parturio
1729 2328 1741 2350 ,
1766 2291 1921 2339 donec
1939 2291 2152 2338 Christus
2167 2291 2397 2337 formetur
2416 2290 2463 2336 in

340 2369 492 2417 vobis.
516 2390 538 2415 υ
561 2374 618 2418 Et
643 2374 858 2419 rursum³
879 2389 888 2417 :
917 2391 939 2416 α
965 2374 1084 2419 Nam
1102 2371 1190 2419 etsi
1212 2371 1388 2419 multos
1411 2372 1594 2419 habetis
1616 2371 1921 2436 paedagogos,
1944 2371 2027 2418 sed
2049 2388 2147 2418 non
2175 2370 2349 2417 multos
2386 2386 2465 2434 pa-

342 2460 450 2497 tres.
478 2453 527 2497 ln
548 2450 735 2498 Christo
755 2451 884 2498 enim
902 2454 1013 2498 Jesu¹
1031 2467 1116 2515 per
1140 2451 1447 2515 Evangelium
1466 2468 1555 2515 ego
1575 2469 1659 2498 vos
1681 2452 1840 2514 genui.
1864 2470 1886 2495 »
1915 2454 1984 2498 De
2004 2451 2093 2498 hac
2116 2461 2265 2498 matre
2283 2461 2465 2507 nostra,

342 2530 476 2594 cujus
516 2530 814 2577 conversatio
854 2531 901 2576 in
936 2530 1065 2578 coelis
1099 2541 1196 2589 est,
1234 2540 1281 2577 et
1311 2547 1397 2596 per
1430 2531 1719 2579 desiderium
1756 2547 1944 2596 semper
1979 2547 2163 2578 sursum
2203 2530 2460 2588 inhabitat,

342 2609 469 2660 idem
500 2610 744 2675 apostolus
776 2611 900 2657 ait⁸z
928 2610 1056 2661 «illa.
1080 2620 1262 2668 autem,
1290 2627 1394 2674 quae
1426 2627 1611 2658 sursum
1638 2621 1708 2658 est
1741 2610 2021 2669 Jerusalem,
2052 2610 2197 2659 libera
2228 2620 2322 2669 est,
2360 2627 2463 2673 quae

344 2699 414 2736 est
439 2699 588 2737 mater
609 2699 787 2736 nostra.
812 2709 834 2735 >J

410 2769 559 2831 Hujus
582 2769 739 2834 itaque
762 2770 876 2816 Sion
901 2770 1145 2835 praedictas
1174 2769 1293 2818 filias
1317 2770 1544 2819 Salomon
1573 2770 1869 2827 exhortatur,
1899 2770 2086 2834 egredi,
2117 2780 2167 2817 ut
2191 2786 2353 2816 verum
2387 2773 2466 2815 Sa-

347 2846 592 2896 lomonem
617 2859 854 2908 nostrum,
877 2849 926 2897 id
942 2860 1011 2899 est
1027 2849 1286 2908 Christum,
1308 2866 1504 2914 egressae
1521 2860 1792 2898 mereantur
1805 2849 1981 2897 videre.
2007 2853 2228 2914 Egressae,
2248 2850 2484 2912 inquam,—
2546 2846 2552 2851 '

346 2928 549 2976 maxime
583 2927 644 2976 de
678 2938 863 2977 terrena
894 2931 1281 2990 conversatione,
1313 2940 1363 2977 ut
1388 2931 1436 2978 in
1460 2929 1535 2976 his
1561 2939 1654 2978 tam
1686 2930 1859 2978 sanctis
1884 2929 2051 2977 diebus
2079 2930 2328 2977 dominicae
2360 2945 2465 2993 pas-

345 3007 490 3055 sionis
516 3025 601 3073 per
624 3007 968 3061 abstinentiam¹
984 3025 1180 3058 carnem
1204 3019 1520 3069 macerantes,
1548 3026 1738 3058 crucem
1762 3010 1863 3073 ejus
1887 3009 2108 3057 tollamus
2135 3028 2144 3055 ε
2171 3009 2466 3056 attendentes

346 3088 478 3152 quod
501 3089 730 3154 scriptum
757 3099 826 3136 est
838 3124 855 3148 ,.
879 3090 1018 3153 quia?
1043 3109 1065 3135 «
1086 3090 1126 3137 si
1152 3091 1486 3155 compatimur,
1516 3100 1562 3137 et
1594 3090 2006 3154 conregnabimus.
2028 3090 2121 3147 Qui
2139 3090 2267 3137 euim
2285 3089 2401 3136 dicit
2419 3106 2467 3135 se

349 3169 395 3216 in
431 3168 617 3217 Christo
643 3185 867 3228 manere„
890 3169 1031 3219 debet
1055 3170 1176 3218 sicut
1204 3170 1280 3218 ille
1304 3170 1563 3218 ambulavit
1589 3180 1636 3218 et
1660 3171 1760 3235 ipse
1785 3169 2045 3218 ambulare.
2070 3189 2093 3213 »
2128 3171 2383 3225 Manantes
2417 3170 2464 3216 in

396 3329 404 3345 ‘
433 3329 540 3367 Cam„
561 3339 633 3372 cap.
653 3341 704 3369 m,
723 3341 754 3362 v.
782 3333 832 3362 11.
848 3347 882 3351 -
898 3328 911 3345 ¹
929 3329 1027 3370 lbid.⁷
1047 3339 1078 3362 v.
1097 3331 1148 3362 10.
1164 3347 1204 3353 -
1221 3329 1233 3347 ³
1252 3330 1379 3370 nauh„
1435 3331 1554 3364 multos
1571 3337 1691 3374 patres.
1709 3343 1724 3359 ι
1743 3331 1906 3371 (Corinth.
1925 3332 1962 3369 Ι,
1981 3341 2054 3374 cap.
2071 3341 2114 3368 ιν.
2130 3341 2158 3363 v.
2181 3332 2298 3371 15.)—
2314 3330 2326 3346 ⁶
2343 3331 2466 3367 Gazae„

352 3394 424 3427 cap.
442 3395 513 3421 xvi.
533 3396 562 3418 v.
583 3387 635 3418 21.
662 3404 679 3408 „
710 3385 724 3403 ⁴
741 3387 865 3424 Galat„
884 3395 959 3429 cap.
976 3396 1018 3423 ιν,
1034 3396 1064 3417 v.
1083 3386 1136 3417 19.
1151 3403 1193 3410 -
1208 3385 1220 3402 ⁶
1235 3398 1250 3415 n
1263 3386 1342 3418 Nam
1355 3388 1381 3419 si
1437 3396 1509 3430 cap.
1529 3397 1571 3423 ιν,
1586 3397 1615 3418 v.
1629 3387 1734 3418 26.—
1753 3386 1763 3402 ⁷
1783 3399 1797 3415 ⁴-
1812 3387 1843 3419 Si
1858 3386 2085 3420 sustinebimus
2102 3394 2133 3418 et
2150 3386 2429 3428 conregnabimus.
2450 3399 2463 3414 n

352 3440 465 3473 decem
483 3441 581 3474 millia
598 3441 845 3485 paedagogorum
864 3440 1010 3474 habeatis
1026 3441 1057 3473 in
1073 3441 1219 3482 christo,
1237 3442 1293 3474 sed
1318 3453 1380 3474 non
1438 3442 1533 3484 (Tim.
1556 3443 1605 3482 11,
1623 3452 1696 3485 cap.
1715 3453 1752 3480 ιι,
1771 3453 1802 3475 v.
1827 3443 1892 3484 12.)
