2970 4152
1231 421 1546 468 EP-ISTOLAE.
1746 424 1748 427 ’
2226 437 2229 440 ·
2359 422 2378 467 l
2391 420 2453 466 87

337 521 642 569 interdictum
665 529 764 578 est,
795 529 842 565 et
869 502 1219 581 nonnunquam
1242 516 1545 581 impudenter
1569 516 1770 563 sumitur
1787 552 1799 575 ,
1832 515 1965 563 unde·
1981 514 2241 561 maximum
2259 513 2455 561 scanda-

337 602 436 649 lum
470 611 736 665 generatur.
775 599 904 657 Quid
924 615 1052 646 'vero
1085 599 1209 645 inter
1231 598 1452 665 universa
1478 597 1734 643 hominum
1759 597 1981 646 alimenta
2010 605 2104 643 tam
2130 594 2456 660 *periculosum

337 691 434 742 est,
456 681 541 728 ‘vel
566 681 881 739 damnosum,
911 689 958 726 et
980 679 1198 743 religioni
1222 674 1395 725 nostrae
1417 677 1492 724 vel
1512 686 1692 724 *sanctae
1713 677 1859 740 quieti
1884 676 2174 723 contrarium
2189 711 2201 734 ,
2224 684 2456 739 quantum

339 762 540 809 vinum?
560 760 705 820 Quod.
729 760 961 807 maximus
985 757 1063 806 ille
1089 759 1375 823 sapientium
1391 753 1641 821 diligenter
1658 757 1924 816 attendens,
1954 751 2130 803 abhoc
2144 756 2350 802 maxime
2369 771 2457 801 nos

338 843 618 891 dehortatur
640 841 804 888 dicens
832 860 842 885 :
875 859 900 884 «
921 839 1179 886 Luxuriosa
1200 856 1276 886 res
1292 839 1493 897 ³vinum,
1531 847 1578 885 et
1592 837 1892 884 ›tumultuosa
1921 837 2135 884 ebrietas.
2172 836 2457 900 Quicunque

338 925 412 972 his
428 924 721 982 delectatur,
749 939 848 969 non
873 922 962 969 erit
985 922 1215 986 sapiens¹.
1235 921 1331 967 cui
1354 936 1423 967 vae
1439 956 1451 980 ,
1481 919 1614 983 cujus
1637 919 1759 983 patri
1783 935 1879 978 vae,
1910 919 1987 965 cui
2008 919 2145 977 rixae,
2174 917 2421 964 cuifoveae
2440 953 2452 975 ‚

338 1006 541 1053 cui-sine
565 1020 707 1051 causa
731 1002 930 1050 vulnera
945 1037 958 1061 ,
982 1003 1063 1048 'cui
1088 1002 1283 1048 suffosio
1307 1000 1595 1048 oculorum?
1618 999 1874 1047 nonne'his
1889 1001 1971 1064 qui
1988 998 2453 1057 morantur'in·vino,

339 1096 385 1134 et
422 1084 618 1133 student
649 1083 875 1132 calicibus
906 1081 1190 1148 epotandis?
1226 1085 1294 1129 Ne
1327 1082 1552 1130 intuearis
1589 1081 1755 1128 vinum
1793 1081 1990 1145 quando
2031 1081 2259 1140 flavescit,
2304 1095 2455 1144 quum

338 1165 631 1232 splenduerit
662 1167 713 1211 in
739 1164 862 1212 vitro
882 1163 1032 1210 -color
1055 1163 1173 1227 ejus.
1202 1162 1471 1226 Ingreditur
1496 1161 1700 1221 blande,
1732 1161 1817 1208 sed
1846 1162 1895 1208 in
1932 1160 2192 1207 novissimo
2221 1158 2460 1206 mordebit

338 1255 391 1293 ut
407 1245 611 1293 coluber
626 1281 638 1305 ,
667 1254 713 1292 et
745 1245 865 1291 sicut
890 1236 1079 1308 regulus
1102 1259 1285 1291 venena
1313 1242 1565 1290 diffundet.
1591 1242 1734 1288 Oculi
1760 1242 1830 1288 tui
1853 1238 2086 1288 videbunt
2109 1249 2354 1292 extraneas
2369 1275 2381 1299 ,
2411 1249 2457 1286 et

322 1336 580 1374 cortuum
604 1325 827 1389 loquetur
847 1340 1070 1389 perversa
1085 1359 1097 1383 ,
1127 1333 1172 1370 et
1195 1323 1286 1370 eris
1313 1323 1435 1370 sicut
1457 1323 1700 1371 dormiens
1726 1323 1775 1369 in
1801 1321 1962 1369 medio
1987 1322 2134 1381 mari,
2161 1330 2208 1368 et
2226 1320 2458 1385 quasiso-

324 1392 463 1474 pitus
488 1406 777 1471 gubernator
800 1406 974 1452 amisso
998 1405 1134 1452 clavo
1152 1440 1164 1464 ,
1193 1413 1239 1452 et
1263 1404 1392 1451 dices
1415 1423 1426 1450 τ
1456 1402 1931 1451 Verberaveruntme
1951 1412 1998 1450 et
2015 1418 2113 1449 non
2131 1401 2289 1456 dolui3
2312 1410 2460 1447 traxe-

337 1497 450 1535 runt
467 1504 544 1535 me
559 1523 571 1547 ‚
592 1497 639 1534 et
659 1502 749 1551 ego
765 1501 865 1533 non
883 1486 1065 1532 sensi.»
1086 1504 1110 1530 «
1123 1484 1329 1542 Quando
1353 1484 1601 1549 evigilabo,
1628 1504 1650 1529 υ
1679 1491 1857 1543 rursus,
1882 1503 1905 1528 «
1924 1494 1970 1531 et
1983 1484 2096 1531 vina
2118 1483 2349 1548 reperiam
2368 1483 2383 1506 ’
2399 1482 2418 1527 Ξ)
2432 1501 2454 1524 »

338 1570 459 1616 Item
485 1586 495 1614 z
528 1587 551 1612 «
576 1567 684 1614 Noli
707 1566 897 1630 regibus
913 1601 926 1623 ‚
955 1583 986 1613 o
1006 1565 1234 1625 Lamuel,
1268 1565 1367 1612 n'oli
1394 1565 1582 1630 regibus
1610 1565 1725 1613 dare
1749 1565 1913 1612 vinum
1932 1590 1943 1625 ,
1964 1565 2075 1629 quia
2098 1564 2282 1612 nullum
2309 1579 2458 1610 secre-

338 1656 440 1695 tum
477 1658 547 1695 est
585 1648 665 1695 ubi
694 1656 861 1712 regnat
896 1646 1112 1694 ebrietas·
1148 1649 1215 1693 Ne
1256 1645 1374 1693 forte
1409 1645 1576 1693 bibant
1601 1656 1658 1693 et
1697 1645 2037 1693 obliviscantur
2055 1645 2378 1708 judiciorum,
2413 1653 2459 1690 et

337 1731 535 1777 mittant
549 1744 739 1775 causam
766 1727 974 1774 filiorum
997 1727 1218 1792 pauperis
1234 1727 1263 1773 ⁸.
1295 1745 1318 1770 »
1346 1729 1400 1772 Et
1422 1726 1471 1772 in
1499 1726 1830 1773 Ecclesiastico
1854 1723 2085 1790 Scriptum·
2108 1735 2178 1771 est
2197 1727 2209 1749 ⁸
2243 1742 2252 1770 :
2287 1744 2309 1769 «
2332 1727 2457 1789 Ope-

335 1810 488 1860 rarius
529 1809 742 1856 ebriosus
779 1824 878 1855 non
922 1806 1314 1872 locupletabitur,
1357 1817 1404 1854 et
1428 1808 1511 1871 qui
1540 1809 1719 1872 spernit
1744 1806 1961 1866 modica,
1992 1806 2221 1872 paulatim
2252 1805 2454 1853 decidet.

334 1890 513 1937 Vinum
546 1889 852 1936 et¹⁴mulieres
890 1897 1158 1953 apostatare
1194 1887 1372 1935 faciunt
1393 1889 1657 1953 sapientes,
1686 1897 1734 1935 et
1766 1897 1970 1952 arguunt
2007 1897 2236 1935 sensatos.
2266 1905 2288 1931 »
2319 1888 2459 1934 Isaias

335 1986 531 2036 quoque
555 1971 801 2017 universos
823 1969 1094 2034 praeteriens
1111 1967 1267 2028 cibos,
1290 1968 1447 2016 solum
1469 1969 1519 2015 in
1547 1985 1739 2016 causam
1757 1969 2037 2034 captivitatis
2059 1968 2226 2035 populi
2250 1984 2459 2015 comme-

336 2061 493 2098 morat
512 2051 676 2098 vinum
700 2069 710 2096 :
744 2070 766 2095 «
788 2052 868 2097 Vae
883 2085 896 2107 ,
923 2068 946 2094 υ
974 2049 1173 2114 inquit⁸,
1199 2069 1223 2094 «
1243 2050 1328 2114 qui
1346 2049 1628 2113 consurgitis
1647 2065 1786 2096 mane
1809 2049 1870 2097 ad
1891 2049 2166 2097 ebrietatem
2185 2047 2457 2096 sectandam

336 2140 383 2178 et
409 2130 678 2196 potandum
703 2147 854 2195 usque
882 2130 944 2177 ad
972 2147 1218 2195 vesperam
1237 2166 1249 2190 ,
1279 2140 1329 2177 ut
1343 2130 1462 2177 -vino
1481 2131 1701 2177 aestuetis.
1725 2123 1979 2178 Cithara'et
1996 2130 2097 2194 lyra
2113 2140 2158 2177 et
2176 2139 2458 2195 tympanum

332 2220 382 2258 et
406 2210 518 2258 tibia
543 2212 781 2258 etz-vinum
803 2211 853 2258 in
875 2212 1105 2258 conviviis
1128 2211 1320 2265 vestris,
1353 2220 1395 2258 et
1423 2227 1546 2276 opus
1574 2211 1766 2257 Domini
1797 2226 1896 2258 non
1922 2211 2166 2276 respicitis.
2205 2214 2458 2275 Propterea

332 2281 549 2357 captivus
575 2291 749 2339 ductus
778 2291 1082 2357 estpopulus
1108 2308 1242 2339 meus
1261 2327 1273 2350 ,
1303 2291 1415 2355 quia
1440 2307 1538 2338 non
1567 2291 1731 2338 habuit
1755 2292 2018 2339 scientiam.
2044 2293 2126 2339 Vae
2143 2293 2225 2357 qui
2242 2301 2459 2357 potentes

335 2373 445 2419 estis
469 2372 530 2420 ad
548 2372 812 2420 bibendum
832 2373 1020 2432 vinum,
1055 2381 1102 2420 et
1125 2373 1211 2420 viri
1239 2372 1383 2420 fortes
1404 2372 1466 2419 ad
1491 2372 1786 2420 miscendam
1814 2372 2105 2420 ebrietatem.
2135 2390 2157 2416 >1
2191 2374 2283 2430 Qui
2314 2375 2456 2421 etiam

336 2453 398 2501 de
426 2453 608 2518 populo
646 2469 796 2518 usque
827 2453 889 2501 a'd
924 2453 1195 2501 sacerdotes
1234 2462 1282 2500 et
1320 2453 1577 2519 prophetas
1612 2454 1960 2518 querimoniam
1987 2454 2257 2501 extendens
2276 2491 2288 2514 ‚
2321 2455 2411 2501 ait⁸
2442 2473 2452 2500 z

339 2552 361 2577 «
390 2536 570 2580 Verum
600 2533 630 2579 ii
667 2533 1154 2598 quoque*p1·ae‚vino
1197 2533 1467 2580 nescierunt
1486 2568 1498 2591 ‚
1545 2542 1592 2580 et
1626 2549 1724 2598 prae
1763 2532 1988 2580 ebrietate
2022 2542 2322 2581 erraverunt.
2375 2536 2457 2581 Sa-

335 2613 505 2662 cerdos
545 2624 592 2661 et
620 2613 855 2679 propheta
882 2613 1151 2661 nescierunt
1177 2629 1272 2678 prae
1301 2613 1525 2661 ebrietate
1541 2649 1554 2671 ‚
1585 2613 1798 2679 absorpti
1826 2623 1935 2660 sunt
1958 2630 1984 2661 a
2014 2614 2124 2660 vino
2139 2650 2151 2672 ‚
2182 2624 2458 2662 erraverunt

336 2694 383 2740 in
410 2693 636 2740 ebrietate
653 2729 665 2752 ,
691 2682 963 2740 nescierunt
991 2693 1257 2752 videntem,
1287 2694 1626 2758 ignoraverunt
1646 2693 1896 2757 judicium.
1923 2696 2102 2741 Omnes
2127 2695 2254 2742 enim
2285 2711 2458 2742 mensae

337 2772 524 2837 repletae
550 2782 662 2819 sunt
686 2773 894 2820 vomitus
919 2773 1257 2837 sordiumque,
1295 2774 1359 2821 ita
1385 2783 1436 2820 ut
1461 2789 1561 2821 non
1592 2784 1712 2821 esset
1749 2773 1871 2821 ultra
1902 2773 2052 2821 locus.
2082 2777 2237 2832 Quem
2268 2775 2458 2822 docebit

334 2853 608 2913 scientiam,
634 2861 682 2900 et
707 2869 852 2917 quem
871 2853 1131 2918 intelligere
1159 2853 1296 2901 faciet
1320 2844 1572 2901 auditum?
1593 2854 1875 2901 »Dominus
1900 2871 1987 2919 per
2004 2855 2106 2902 Joel
2131 2855 2272 2902 dicit⁷
2296 2874 2305 2901 :
2333 2858 2457 2902 «Ex-

335 2932 655 2996 pergiscimini
692 2932 834 2991 ebrii,
883 2942 929 2980 et
975 2934 1084 2982 flete
1116 2935 1201 2998 qui
1237 2932 1397 2981 bibitis
1435 2934 1599 2981 vinum
1642 2935 1688 2981 in
1728 2934 1997 2982 dulcedine.
2026 2954 2049 2980 »
2084 2938 2189 2982 Non
2224 2936 2352 2983 enim
2391 2938 2456 2983 uti

334 3011 558 3077 prohibet
583 3013 695 3059 vino
715 3013 763 3060 in
788 3014 1091 3074 necessitate,
1112 3014 1234 3062 sicut
1255 3014 1506 3080 Apostolus
1531 3015 1643 3062 inde
1658 3015 1907 3062 Timotheo
1923 3014 2157 3063 consulit'
2179 3034 2188 3061 ε
2216 3035 2239 3060 «
2262 3019 2458 3082 Propter

335 3094 569 3141 stomachi
608 3094 878 3159 frequentes
916 3094 1243 3154 infirmitates;
1283 3115 1306 3140 »
1346 3112 1446 3143 non
1468 3106 1669 3143 ⁴tantum
1698 3095 1992 3143 infirmitates
2011 3132 2023 3155 ,
2053 3096 2138 3143 sed
2167 3097 2451 3161 frequentes,

328 3177 437 3222 'Noe
459 3176 643 3241 primus
669 3177 860 3223 vineam
894 3175 1125 3242 plantavit
1142 3179 1180 3237 ⁹,
1220 3178 1436 3226 nesciens
1470 3177 1629 3225 adhuc
1664 3177 1871 3225 fortassis
1899 3177 2136 3225 ebrietatis
2162 3179 2341 3226 malum
2362 3216 2374 3240 ,
2414 3190 2459 3226 et

336 3254 594 3303 inebriatus
620 3255 800 3303 femora
825 3256 1117 3317 denudavit3
1150 3258 1262 3322 quia
1289 3259 1402 3306 vino
1440 3258 1695 3322 conjuncta
1733 3267 1801 3304 est
1837 3257 2322 3323 luxuriae'turpitudo.
2365 3261 2458 3318 Qui

382 3410 390 3427 ⁸
421 3412 533 3450 Prov„
552 3422 624 3455 cap.
645 3423 687 3445 xx
705 3437 712 3451 ‚
731 3422 763 3445 v.
789 3416 818 3444 1.
840 3431 874 3436 ——
895 3410 1040 3452 ‘Pr-ov„
1061 3423 1135 3458 cap.
1161 3425 1261 3454 xxm,
1281 3425 1310 3447 v.
1333 3416 1375 3447 29
1419 3423 1492 3457 cap.
1523 3425 1646 3454 xxviii,
1675 3425 1705 3447 v.
1738 3417 1756 3445 '7
1785 3421 1825 3447 et·
1842 3425 1891 3459 sq.
1913 3414 1983 3439 —'
2007 3413 2106 3454 J‘oel„
2140 3425 2213 3457 cap.
2242 3426 2270 3454 ι,
2296 3426 2327 3448 v.
2358 3415 2375 3446 5
2418 3435 2453 3439 w

336 3473 368 3499 et
381 3477 431 3510 sq.
451 3486 484 3491 —
502 3466 516 3484 ⁸
534 3468 649 3507 Prov„
666 3478 741 3512 cap.
762 3479 862 3506 xxxi.
885 3479 917 3502 ν.
941 3470 975 3502 4.
988 3487 1032 3494 -
1045 3468 1060 3487 ⁴
1073 3469 1194 3510 Ecca„
1209 3481 1280 3515 cap.
1298 3482 1353 3504 xix
1365 3497 1372 3509 ,
1420 3469 1433 3487 ⁸
1458 3470 1592 3504 Timoth.
1616 3470 1649 3521 I,
1666 3480 1741 3515 cap.
1756 3482 1788 3512 v,
1802 3481 1830 3504 v.
1851 3473 1905 3504 93.
1917 3458 1985 3496 ss'
2001 3472 2130 3511 Genes„
2143 3481 2217 3515 cap.
2235 3482 2279 3505 tx.

338 3534 365 3554 v.
403 3527 412 3554 Ι
446 3530 476 3556 et
503 3526 585 3556 2.--
604 3525 617 3542 ⁸
638 3525 727 3562 lsai..
759 3535 833 3569 cap.
863 3537 895 3567 v,
927 3537 957 3559 ν.
992 3528 1025 3558 11
1058 3533 1090 3559 et
1116 3538 1167 3570 sq.
1190 3545 1223 3551 -
1244 3527 1374 3567 ⁰1bid.,
