2970 4152
495 395 590 441 722
1395 389 1710 439 APPENDlX.

492 485 808 532 Molendinum
830 484 885 529 de
904 483 1120 541 Brufleto‚
1143 482 1363 529 culturam
1385 493 1428 530 et
1448 485 1671 547 quasdam
1680 484 1787 531 alias
1812 496 1969 545 terras,
1990 503 2100 548 quas
2119 486 2361 533 Hilduinus
2384 490 2609 547 Decanus,

492 576 538 611 et
563 565 783 629 Seguinus
808 564 947 610 frater
975 563 1087 624 ejus,
1118 572 1163 609 et
1186 563 1364 626 cognati
1387 580 1546 610 eorum
1573 565 1850 611 monasterio
1871 575 2019 611 vestro
2047 565 2285 612 dederunt.
2322 566 2611 613 Medietatem
2632 594 2634 596 ·

491 646 615 692 furni
633 645 689 690 de
708 644 950 703 Quinceio,
970 653 1014 690 et
1025 643 1199 690 vineam
1209 635 1374 690 Baboel
1391 643 1446 690 de
1465 643 1662 691 Calestra
1675 647 1703 698 ¹2
1731 646 1963 708 Quicquid
1977 646 2176 709 Arpinus
2192 646 2248 692 de
2272 647 2473 692 Mariaco
2490 658 2614 695 tene-

492 728 569 772 bat
590 726 646 771 de
670 725 803 770 feodo
831 723 1016 770 Milonis
1033 758 1045 782 ‚
1077 740 1130 770 ex
1155 722 1230 770 illa
1257 734 1385 786 parte
1428 725 1644 787 Sequanae
1673 726 1720 770 in
1749 742 1839 787 qua
1868 726 2190 773 monasterium
2219 737 2300 772 est.
2339 728 2525 774 Terram
2556 727 2612 773 de

493 810 694 865 Busseto,
714 815 859 851 terras,
878 820 989 867 quas
1013 804 1187 850 habetis
1209 804 1331 867 apud
1355 807 1657 851 Fontanetum
1681 806 1916 852 Petrosum
1930 807 1960 864 ²,
1983 816 2029 852 et
2051 806 2170 869 apud
2195 807 2376 852 Bociam
2391 807 2609 869 Vagonis,

492 897 538 932 et
562 887 607 930 in
630 884 744 931 valle
759 887 794 930 F
795 883 896 930 aiel.
921 885 1132 942 Quatuor
1157 884 1291 930 ochas
1313 883 1370 930 de
1393 894 1512 930 terra
1536 885 1654 946 apud
1679 886 1936 943 Ferroumf’,
1960 885 2245 932 medietatem
2261 886 2398 932 totius
2418 887 2614 934 nemoris

492 978 536 1011 et
563 976 692 1011 terrae
716 964 775 1011 de
795 963 1027 1010 Furvellis.
1057 966 1225 1010 Decem
1238 964 1397 1028 jugera
1423 975 1553 1011 terrae
1578 965 1697 1027 apud
1722 967 2065 1012 Bocennaium‘.
2095 967 2293 1012 Tertiam
2315 977 2490 1029 partem
2513 984 2612 1014 mo-

493 1046 665 1092 lendini
681 1044 890 1092 molentis
906 1055 952 1092 et
974 1055 1142 1092 sextam
1167 1046 1368 1104 terentis,
1387 1056 1590 1092 ettotam
1608 1046 1900 1108 piscationem
1921 1062 2056 1109 quam
2075 1047 2220 1093 Maria
2239 1047 2295 1092 de
2312 1046 2518 1094 Balbusia
2534 1049 2613 1095 ha-

492 1128 626 1173 bebat
651 1127 771 1189 apud
796 1129 988 1186 Pontes,
1012 1137 1058 1172 et
1081 1137 1248 1174 terram
1273 1127 1391 1189 apud
1411 1126 1718 1173 Pomerulos¹⁵.
1742 1127 1950 1174 Modium
1966 1128 2184 1174 frumenti-
2204 1127 2391 1190 singulis
2406 1129 2536 1176 annis
2555 1130 2615 1175 ab¹

493 1207 654 1253 illustri
686 1207 849 1253 comite
879 1206 1142 1253 Theobaldo
1164 1208 1292 1254 vobis
1322 1208 1566 1265 donatum,
1597 1215 1806 1253 ettotam
1832 1208 2125 1271 piscationem
2154 1209 2201 1254 in
2230 1207 2500 1255 molendinis
2523 1210 2614 1256 suis

492 1289 610 1352 apud
632 1291 814 1334 Pontes.
842 1289 1035 1334 Vineam
1057 1305 1194 1351 quam
1214 1289 1339 1334 dedit
1364 1289 1491 1334 vobis
1512 1288 1744 1334 Berfridus
1766 1288 1822 1334 de
1846 1288 2063 1348 Calestra,
2088 1299 2133 1335 et
2149 1289 2387 1335 duodecim
2406 1290 2617 1336 denarios

492 1386 647 1415 census
670 1369 790 1431 apud
813 1379 1014 1414 sanctum
1034 1368 1310 1428 Ferreolum,
1329 1370 1504 1414 vineam
1521 1368 1640 1431 apud
1662 1368 1926 1429 Calestram‚
1948 1386 2130 1415 censum
2147 1369 2345 1432 quinque
2365 1369 2612 1416 solidorum

493 1451 538 1494 in
563 1449 722 1495 eodem
745 1449 861 1495 loco.
888 1448 1022 1511 Apud
1046 1451 1250 1495 Montem
1274 1452 1514 1495 Portarum
1540 1466 1721 1496 censum
1744 1450 1880 1496 trium
1905 1449 2168 1496 solidorum.
2198 1452 2383 1495 Terram
2411 1450 2466 1495 de
2485 1453 2614 1497 Croi-

492 1548 605 1576 sum.
629 1532 789 1575 Totam
805 1540 988 1588 terram,
1008 1546 1142 1592 quam
1165 1529 1428 1590 Rainaldus,
1450 1530 1566 1576 filius
1583 1530 1786 1589 Milonis,
1814 1531 2009 1576 habebat
2032 1532 2078 1575 in
2098 1531 2369 1593 Murgeoris,
2396 1547 2500 1576 usus
2526 1548 2613 1576 ne-

492 1628 669 1656 morum
696 1610 751 1656 de
775 1609 1018 1673 Gurgiuolt
1047 1621 1092 1656 et
1123 1610 1180 1656 de
1206 1611 1391 1670 Poiseo‚
1421 1611 1477 1656 de
1496 1610 1793 1670 Maceiliiaco,
1818 1611 1874 1657 de
1903 1611 2144 1657 Charmeio
2162 1620 2207 1656 et
2228 1611 2431 1656 omnium
2461 1627 2616 1657 nemo-

492 1708 592 1735 rum
629 1689 796 1736 Anselli
825 1689 885 1734 de
911 1689 1167 1753 Triagnello
1201 1701 1291 1736 tam
1325 1690 1381 1736 ad
1412 1701 1640 1752 pasturam
1678 1708 1893 1754 pecorum
1926 1708 2060 1753 quam
2090 1690 2145 1736 ad
2175 1689 2384 1748 aedificia,
2419 1707 2497 1736 seu
2531 1690 2615 1736 alia

491 1771 753 1817 necessaria.
794 1773 989 1816 Censum
1012 1771 1213 1834 quinque
1246 1771 1494 1818 solidorum
1519 1772 1565 1816 in
1593 1781 1729 1834 ponte
1759 1771 1816 1817 de
1843 1770 2166 1829 Baldimento⁶‚
2195 1780 2238 1817 et
2265 1787 2338 1816 sex
2370 1771 2536 1817 solidos
2566 1773 2615 1817 in

492 1852 754 1898 molendino
778 1852 834 1897 de
857 1854 1155 1912 Canturanae,
1181 1863 1226 1898 et
1252 1853 1451 1916 quinque
1475 1852 1641 1899 solidos
1666 1853 1713 1898 in
1739 1853 1888 1898 Oscha
1915 1852 2111 1911 Theold‚
2139 1851 2546 1921 apuleurgiuolt,
2572 1863 2616 1898 et

492 1932 668 1978 vineam
685 1932 739 1977 de
763 1932 888 1978 fonte
917 1935 1084 1990 Beton,
1114 1943 1159 1978 et
1187 1932 1677 1995 quicquidWillelmus
1702 1932 1897 1978 habebat
1920 1934 1966 1978 in
1997 1942 2126 1995 prato
2152 1930 2407 1990 Gandeleu3
2438 1932 2614 1978 vineam

494 2013 548 2058 de
566 2012 748 2058 Saldon.
768 2015 834 2057 Ex
850 2012 971 2058 dono
993 2013 1196 2058 Gauterii
1212 2013 1267 2058 (le
1287 2014 1562 2058 Curtcmaim
1582 2013 1694 2059 duos
1712 2013 1925 2058 sextarios
1938 2012 2125 2075 siliginis
2142 2011 2326 2075 singulis
2339 2012 2484 2058 annis.
2506 2015 2615 2057 Ter·

494 2109 586 2136 ram
615 2092 668 2136 de
691 2090 893 2137 Tilliaco.
922 2091 1150 2154 Quicquid
1170 2091 1366 2154 legitime
1389 2092 1562 2138 habetis
1585 2109 1637 2138 ex
1660 2092 1783 2137 dono
1809 2090 2011 2138 Hervulfi
2035 2091 2091 2137 de
2114 2090 2265 2137 Insula
2289 2091 2406 2153 apud
2427 2090 2614 2136 Villam·

495 2172 665 2218 Novam
685 2182 729 2217 et
750 2172 1032 2234 Tranqueffl.
1060 2175 1244 2218 Terram
1266 2173 1322 2218 de
1339 2174 1546 2235 Spineto,
1574 2183 1739 2219 terram
1763 2173 1882 2235 apud
1907 2173 2095 2218 Gumeri
2111 2208 2123 2230 ‚
2147 2183 2314 2217 terram
2337 2171 2455 2233 apud
2481 2173 2613 2217 Sum-

493 2252 870 2307 mum-Fontem⁸‚
899 2261 943 2296 et
961 2251 1080 2314 apud
1098 2241 1418 2296 Trembleium.
1442 2250 1759 2297 Molendinum
1774 2252 1829 2297 de
1843 2255 2041 2297 Barsam.
2062 2251 2351 2296 Medietatem
2366 2249 2613 2296 molendini

494 2332 548 2376 de
566 2332 690 2376 fonte
713 2334 873 2376 Amau.
899 2334 1079 2376 Partem
1104 2331 1354 2377 molendini
1378 2333 1538 2394 pagani
1562 2332 1617 2377 de
1640 2335 1777 2377 Frou.
1806 2332 2035 2394 Quicquid
2060 2331 2233 2377 habetis
2256 2331 2376 2393 apud
2397 2330 2611 2377 Planteiz.

494 2415 688 2457 (Iensum
715 2428 788 2456 sex
812 2411 1102 2456 denariorum
1127 2412 1194 2456 ab>
1215 2412 1387 2456 Uberto
1412 2412 1467 2457 de
1499 2412 1758 2474 Tranqueil.
1790 2411 2019 2474 Quicquid
2042 2410 2316 2457 Tliehelinus
2345 2411 2537 2456 habebat
2569 2412 2615 2456 in

494 2492 653 2538 eodem
675 2491 775 2537 loco
805 2502 968 2553 praeter
990 2492 1212 2537 homines.
1241 2493 1422 2537 Tetram
1444 2493 1590 2538 Amici
1619 2492 1771 2537 militis
1797 2492 1853 2538 de
1881 2494 2251 2538 Summo-Fonte.
2282 2491 2509 2553 Quicquid
2533 2493 2618 2536 Er-

495 2573 781 2635 mengardius
813 2571 1032 2618 Postellus
1057 2572 1252 2618 habebat
1278 2573 1325 2617 in
1355 2572 1626 2619 molendinis
1657 2574 1980 2619 canonicorum
2003 2572 2132 2619 Villae
2155 2574 2470 2631 Maurorum⁹‚
2499 2582 2545 2618 et
2568 2572 2615 2618 in

494 2653 638 2698 hortis
662 2651 781 2697 ultra
803 2661 988 2714 pontem
1008 2654 1164 2697 Vanae.
1198 2653 1378 2697 Partem
1402 2653 1683 2714 piscationis,
1715 2669 1849 2714 quam
1873 2652 2000 2698 Felix*
2019 2651 2213 2697 habebat
2236 2651 2282 2696 in
2308 2667 2423 2713 aqua
2444 2653 2618 2697 Bucen-

497 2733 587 2777 naii
602 2767 613 2789 ‚
642 2742 686 2777 et
709 2742 884 2794 partem
910 2748 1044 2794 quam
1069 2732 1263 2778 habebat
1286 2732 1333 2777 in
1359 2742 1477 2777 terra
1502 2733 1740 2778 Scrobium
1755 2768 1766 2790 ‚
1793 2743 1838 2778 et
1860 2749 2041 2779 censum
2063 2732 2258 2777 duorum
2283 2729 2539 2776 solidorum
2558 2733 2615 2777 ab

496 2814 669 2858 eodem.
698 2815 900 2871 Terram,
926 2814 970 2857 in
998 2826 1087 2874 qua
1108 2813 1322 2875 granchia
1338 2824 1482 2859 vestra
1499 2823 1584 2871 est,
1601 2824 1646 2859 et
1669 2814 1849 2859 oscham
1875 2814 1920 2859 in
1947 2814 2106 2859 eodem
2131 2813 2246 2859 loco.
2274 2814 2459 2858 Terram
2480 2829 2613 2876 quam

497 2894 720 2941 dederunt
743 2893 1031 2940 Amaldricus-
1053 2903 1098 2938 et
1124 2893 1398 2939 Hilduimus.
1433 2895 1567 2939 Prata
1597 2894 1652 2939 de
1676 2896 1928 2956 Vergeron.
1956 2895 2115 2939 Terras
2146 2910 2256 2956 quas
2286 2893 2459 2938 habetis
2494 2893 2616 2955 apud*

496 2975 786 3032 Quinceium.
808 2974 1028 3031 Quartam
1051 2983 1225 3035 partem
1246 2974 1362 3035 prati
1384 2973 1439 3018 (le
1454 2973 1623 3019 Orella.
1642 2974 1852 3032 Quatuor
1868 2990 2094 3036 arpennos
2110 2973 2229 3036 prati
2247 2971 2367 3035 apud
2384 2971 2608 3017 Tilleium.

495 3054 786 3099 Medietatem
802 3052 1049 3099 molendini
1063 3053 1119 3099 de
1141 3054 1379 3112 Quinceio.
1408 3055 1572 3099 Totum
1593 3064 1900 3100 tenementum
1923 3053 2148 3100 Gaufridi.
2175 3052 2427 3099 Dimidium
2451 3068 2614 3114 arpen-

499 3152 606 3180 num
638 3135 779 3180 vineae
815 3134 1191 3197 Ponstingiatum.
1227 3136 1292 3179 Ex
1315 3134 1444 3179 donov
1461 3136 1666 3196 Hugonis
1689 3135 1823 3197 Capri
1847 3135 2022 3180 vineam
2047 3134 2103 3179 de
2125 3135 2447 3196 Montearpon,
2471 3143 2515 3178 et
2536 3132 2617 3176 do-

499 3231 621 3258 mum
653 3214 699 3258 in
733 3230 821 3276 qua
856 3214 950 3275 ipse
984 3214 1218 3272 manebat,
1258 3224 1302 3259 et
1336 3213 1583 3259 cellarium.
1620 3216 1945 3260 Tenementum
1978 3214 2168 3260 Guarini
2204 3213 2330 3276 apudss
2354 3211 2606 3257 Sanceium.

546 3404 553 3419 ¹
581 3402 767 3436 chalautre.
783 3421 825 3427 —
841 3404 852 3420 ¹
867 3405 1277 3447 Fontenay-le-Pierreux.
1291 3422 1333 3428 -—
1347 3404 1359 3421 ³
1376 3403 1531 3437 Ferreux.
1556 3422 1578 3428 Α
1601 3405 1616 3423 ⁴
1629 3405 1791 3448 Bocenay.
1802 3422 1844 3429 —
1860 3405 1872 3422 ¹
1891 3405 2137 3438 pommereaux.
2152 3422 2184 3429 -
2207 3401 2612 3436 ‘Puni-de-Baudemem.

502 3481 540 3487 -—-
558 3461 568 3479 ⁷
582 3462 782 3505 Tranquaut.
803 3481 829 3486 «r
853 3462 865 3479 ¹
881 3462 1203 3496 Somme-Fomine.
1223 3482 1260 3487 -—
1273 3463 1286 3479 ⁰
1304 3461 1469 3495 Villemor.
