<?xml version="1.0" encoding="UTF-8"?>
<!DOCTYPE html PUBLIC "-//W3C//DTD XHTML 1.0 Transitional//EN"
    "http://www.w3.org/TR/xhtml1/DTD/xhtml1-transitional.dtd">
<html xmlns="http://www.w3.org/1999/xhtml" xml:lang="en" lang="en">
 <head>
  <title>
</title>
<meta http-equiv="Content-Type" content="text/html;charset=utf-8" />
  <meta name='ocr-system' content='tesseract 3.04.00' />
  <meta name='ocr-capabilities' content='ocr_page ocr_carea ocr_par ocr_line ocrx_word'/>
</head>
<body>
  <div class='ocr_page' id='page_1' title='image "./operahactenusseo01abeluoft_0351.png"; bbox 0 0 2970 4152; ppageno 0'>
   <div class='ocr_carea' id='block_1_1' title="bbox 428 473 1079 703">
    <p class='ocr_par' dir='ltr' id='par_1_1' title="bbox 428 473 1030 586">
     <span class='ocr_line' id='line_1_1' title="bbox 428 473 1030 524; baseline 0.007 -15"><span class='ocrx_word' id='word_1_1' title='bbox 428 473 464 510; x_wconf 95' lang='grc' dir='ltr'><strong>Ο</strong></span> <span class='ocrx_word' id='word_1_2' title='bbox 481 481 646 510; x_wconf 82' lang='lat' dir='ltr'><strong>mentem</strong></span> <span class='ocrx_word' id='word_1_3' title='bbox 664 481 852 511; x_wconf 84' lang='lat' dir='ltr'><strong>amentem</strong></span> <span class='ocrx_word' id='word_1_4' title='bbox 866 475 1007 523; x_wconf 86' lang='lat' dir='ltr'><strong>judicis</strong></span> <span class='ocrx_word' id='word_1_5' title='bbox 1018 504 1030 524; x_wconf 92' lang='lat'>‚</span> 
     </span>
     <span class='ocr_line' id='line_1_2' title="bbox 428 532 1018 586; baseline 0.007 -17"><span class='ocrx_word' id='word_1_6' title='bbox 428 532 464 570; x_wconf 94' lang='grc' dir='ltr'>Ο</span> <span class='ocrx_word' id='word_1_7' title='bbox 482 533 604 570; x_wconf 89' lang='lat' dir='ltr'><strong>zelum</strong></span> <span class='ocrx_word' id='word_1_8' title='bbox 621 534 795 571; x_wconf 88' lang='lat' dir='ltr'><strong>insanum</strong></span> <span class='ocrx_word' id='word_1_9' title='bbox 811 535 994 586; x_wconf 85' lang='lat' dir='ltr'><strong>principis</strong></span> <span class='ocrx_word' id='word_1_10' title='bbox 1007 563 1018 582; x_wconf 91' lang='lat'><strong>,</strong></span> 
     </span>
    </p>

    <p class='ocr_par' dir='ltr' id='par_1_2' title="bbox 428 592 1079 703">
     <span class='ocr_line' id='line_1_3' title="bbox 429 592 1079 644; baseline 0.006 -15"><span class='ocrx_word' id='word_1_11' title='bbox 429 592 465 630; x_wconf 94' lang='lat' dir='ltr'>O</span> <span class='ocrx_word' id='word_1_12' title='bbox 483 600 647 641; x_wconf 88' lang='lat' dir='ltr'><strong>patrem,</strong></span> <span class='ocrx_word' id='word_1_13' title='bbox 667 594 731 631; x_wconf 88' lang='lat' dir='ltr'><strong>sed</strong></span> <span class='ocrx_word' id='word_1_14' title='bbox 748 594 895 632; x_wconf 82' lang='lat' dir='ltr'><strong>hostem</strong></span> <span class='ocrx_word' id='word_1_15' title='bbox 913 596 1079 644; x_wconf 81' lang='lat' dir='ltr'><strong>generis,</strong></span> 
     </span>
     <span class='ocr_line' id='line_1_4' title="bbox 428 652 935 703; baseline 0.006 -14"><span class='ocrx_word' id='word_1_16' title='bbox 428 652 556 690; x_wconf 86' lang='lat' dir='ltr'><strong>Unicae</strong></span> <span class='ocrx_word' id='word_1_17' title='bbox 573 654 675 703; x_wconf 90' lang='lat' dir='ltr'><strong>quod</strong></span> <span class='ocrx_word' id='word_1_18' title='bbox 694 667 784 692; x_wconf 88' lang='lat' dir='ltr'><strong>nece</strong></span> <span class='ocrx_word' id='word_1_19' title='bbox 801 654 935 692; x_wconf 89' lang='lat' dir='ltr'>diluit!</span> 
     </span>
    </p>
   </div>
   <div class='ocr_carea' id='block_1_2' title="bbox 427 724 984 986">
    <p class='ocr_par' dir='ltr' id='par_1_3' title="bbox 427 724 984 922">
     <span class='ocr_line' id='line_1_5' title="bbox 427 724 922 803; baseline 0.006 -14"><span class='ocrx_word' id='word_1_20' title='bbox 427 752 589 789; x_wconf 80' lang='lat' dir='ltr'><strong>Hebraeae</strong></span> <span class='ocrx_word' id='word_1_21' title='bbox 607 724 722 791; x_wconf 45' lang='lat' dir='ltr'><strong>dieite</strong></span> <span class='ocrx_word' id='word_1_22' title='bbox 738 755 901 803; x_wconf 86' lang='lat' dir='ltr'><strong>virgines</strong></span> <span class='ocrx_word' id='word_1_23' title='bbox 911 782 922 801; x_wconf 92' lang='lat'>‚</span> 
     </span>
     <span class='ocr_line' id='line_1_6' title="bbox 427 812 984 863; baseline 0.007 -15"><span class='ocrx_word' id='word_1_24' title='bbox 427 812 591 861; x_wconf 85' lang='lat' dir='ltr'><strong>Insignis</strong></span> <span class='ocrx_word' id='word_1_25' title='bbox 607 814 763 863; x_wconf 88' lang='lat' dir='ltr'><strong>virginis</strong></span> <span class='ocrx_word' id='word_1_26' title='bbox 778 826 962 852; x_wconf 80' lang='lat' dir='ltr'><strong>memores</strong></span> <span class='ocrx_word' id='word_1_27' title='bbox 973 843 984 861; x_wconf 94' lang='lat'>‚</span> 
     </span>
     <span class='ocr_line' id='line_1_7' title="bbox 428 871 869 922; baseline 0.007 -14"><span class='ocrx_word' id='word_1_28' title='bbox 428 871 578 922; x_wconf 79' lang='lat' dir='ltr'><strong>Inclytae</strong></span> <span class='ocrx_word' id='word_1_29' title='bbox 591 872 722 922; x_wconf 81' lang='lat' dir='ltr'><strong>puellae</strong></span> <span class='ocrx_word' id='word_1_30' title='bbox 737 874 869 920; x_wconf 85' lang='lat' dir='ltr'><strong>Israel,</strong></span> 
     </span>
    </p>

    <p class='ocr_par' dir='ltr' id='par_1_4' title="bbox 429 934 965 986">
     <span class='ocr_line' id='line_1_8' title="bbox 429 934 965 986; baseline 0.006 -15"><span class='ocrx_word' id='word_1_31' title='bbox 429 935 508 972; x_wconf 90' lang='lat' dir='ltr'><strong>Hac</strong></span> <span class='ocrx_word' id='word_1_32' title='bbox 524 934 629 973; x_wconf 86' lang='lat' dir='ltr'><strong>valde</strong></span> <span class='ocrx_word' id='word_1_33' title='bbox 643 936 789 986; x_wconf 89' lang='lat' dir='ltr'><strong>virgine</strong></span> <span class='ocrx_word' id='word_1_34' title='bbox 806 936 965 974; x_wconf 87' lang='lat' dir='ltr'><strong>nobiles!</strong></span> 
     </span>
    </p>
   </div>
   <div class='ocr_carea' id='block_1_3' title="bbox 830 1125 901 1164">
    <p class='ocr_par' dir='ltr' id='par_1_5' title="bbox 830 1125 901 1164">
     <span class='ocr_line' id='line_1_9' title="bbox 830 1125 901 1164; baseline -0.014 -2"><span class='ocrx_word' id='word_1_35' title='bbox 830 1125 901 1164; x_wconf 80' lang='lat' dir='ltr'><strong>IV.</strong></span> 
     </span>
    </p>
   </div>
   <div class='ocr_carea' id='block_1_4' title="bbox 566 1235 1175 1263">
    <p class='ocr_par' dir='ltr' id='par_1_6' title="bbox 566 1235 1175 1263">
     <span class='ocr_line' id='line_1_10' title="bbox 566 1235 1175 1263; baseline 0.005 -5"><span class='ocrx_word' id='word_1_36' title='bbox 566 1235 737 1262; x_wconf 61' lang='lat' dir='ltr'><strong>tuncrus</strong></span> <span class='ocrx_word' id='word_1_37' title='bbox 764 1235 881 1261; x_wconf 66' lang='lat' dir='ltr'><strong>issam.</strong></span> <span class='ocrx_word' id='word_1_38' title='bbox 906 1237 1007 1262; x_wconf 63' lang='lat' dir='ltr'><strong>801³!ss</strong></span> <span class='ocrx_word' id='word_1_39' title='bbox 1034 1238 1175 1263; x_wconf 66' lang='lat' dir='ltr'><strong>SAMSON.</strong></span> 
     </span>
    </p>
   </div>
   <div class='ocr_carea' id='block_1_5' title="bbox 474 1422 995 2366">
    <p class='ocr_par' dir='ltr' id='par_1_7' title="bbox 474 1422 995 2366">
     <span class='ocr_line' id='line_1_11' title="bbox 479 1422 876 1472; baseline 0.01 -14"><span class='ocrx_word' id='word_1_40' title='bbox 479 1422 642 1472; x_wconf 84' lang='lat' dir='ltr'><strong>Abyssus</strong></span> <span class='ocrx_word' id='word_1_41' title='bbox 658 1436 742 1461; x_wconf 90' lang='lat' dir='ltr'><strong>vere</strong></span> <span class='ocrx_word' id='word_1_42' title='bbox 760 1424 876 1462; x_wconf 83' lang='lat' dir='ltr'><strong>multa</strong></span> 
     </span>
     <span class='ocr_line' id='line_1_12' title="bbox 478 1482 850 1531; baseline 0.013 -13"><span class='ocrx_word' id='word_1_43' title='bbox 478 1482 626 1520; x_wconf 85' lang='lat' dir='ltr'><strong>Judicia</strong></span> <span class='ocrx_word' id='word_1_44' title='bbox 645 1484 745 1522; x_wconf 90' lang='lat' dir='ltr'><strong>Deus</strong></span> <span class='ocrx_word' id='word_1_45' title='bbox 761 1491 827 1522; x_wconf 88' lang='lat' dir='ltr'><strong>tua</strong></span> <span class='ocrx_word' id='word_1_46' title='bbox 838 1513 850 1531; x_wconf 92' lang='lat'>‚</span> 
     </span>
     <span class='ocr_line' id='line_1_13' title="bbox 479 1542 981 1591; baseline 0.004 -12"><span class='ocrx_word' id='word_1_47' title='bbox 479 1542 534 1579; x_wconf 90' lang='lat' dir='ltr'><strong>Eo</strong></span> <span class='ocrx_word' id='word_1_48' title='bbox 551 1542 635 1591; x_wconf 86' lang='lat' dir='ltr'><strong>plus</strong></span> <span class='ocrx_word' id='word_1_49' title='bbox 651 1543 907 1591; x_wconf 83' lang='lat' dir='ltr'><strong>formidanda,</strong></span> <span class='ocrx_word' id='word_1_50' title='bbox 974 1555 981 1562; x_wconf 91' lang='lat'><em>·</em></span> 
     </span>
     <span class='ocr_line' id='line_1_14' title="bbox 480 1602 979 1652; baseline 0.006 -14"><span class='ocrx_word' id='word_1_51' title='bbox 480 1602 568 1648; x_wconf 90' lang='lat' dir='ltr'><strong>Quo</strong></span> <span class='ocrx_word' id='word_1_52' title='bbox 585 1603 703 1652; x_wconf 86' lang='lat' dir='ltr'><strong>magis</strong></span> <span class='ocrx_word' id='word_1_53' title='bbox 720 1610 808 1640; x_wconf 88' lang='lat' dir='ltr'><strong>sunt</strong></span> <span class='ocrx_word' id='word_1_54' title='bbox 823 1604 979 1650; x_wconf 86' lang='lat' dir='ltr'><strong>occulta,</strong></span> 
     </span>
     <span class='ocr_line' id='line_1_15' title="bbox 480 1662 939 1712; baseline 0.009 -14"><span class='ocrx_word' id='word_1_55' title='bbox 480 1662 529 1698; x_wconf 89' lang='lat' dir='ltr'><strong>Et</strong></span> <span class='ocrx_word' id='word_1_56' title='bbox 546 1675 622 1712; x_wconf 93' lang='lat' dir='ltr'><strong>quo</strong></span> <span class='ocrx_word' id='word_1_57' title='bbox 640 1663 724 1712; x_wconf 91' lang='lat' dir='ltr'><strong>plus</strong></span> <span class='ocrx_word' id='word_1_58' title='bbox 738 1671 795 1701; x_wconf 90' lang='lat' dir='ltr'><strong>est</strong></span> <span class='ocrx_word' id='word_1_59' title='bbox 811 1665 858 1701; x_wconf 91' lang='lat' dir='ltr'><strong>ad</strong></span> <span class='ocrx_word' id='word_1_60' title='bbox 877 1665 939 1702; x_wconf 88' lang='lat' dir='ltr'><strong>illa</strong></span> 
     </span>
     <span class='ocr_line' id='line_1_16' title="bbox 480 1722 909 1769; baseline 0.009 -11"><span class='ocrx_word' id='word_1_61' title='bbox 480 1722 666 1769; x_wconf 85' lang='lat' dir='ltr'><strong>Quaelibet</strong></span> <span class='ocrx_word' id='word_1_62' title='bbox 680 1724 734 1760; x_wconf 87' lang='lat' dir='ltr'><strong>vis</strong></span> <span class='ocrx_word' id='word_1_63' title='bbox 749 1723 909 1762; x_wconf 82' lang='lat' dir='ltr'><strong>infirma.</strong></span> 
     </span>
     <span class='ocr_line' id='line_1_17' title="bbox 478 1785 923 1824; baseline 0 0"><span class='ocrx_word' id='word_1_64' title='bbox 478 1785 662 1824; x_wconf 85' lang='lat' dir='ltr'><strong>Virorum</strong></span> <span class='ocrx_word' id='word_1_65' title='bbox 678 1786 923 1824; x_wconf 78' lang='lat' dir='ltr'><strong>fortissimum</strong></span> 
     </span>
     <span class='ocr_line' id='line_1_18' title="bbox 476 1844 995 1897; baseline 0.006 -16"><span class='ocrx_word' id='word_1_66' title='bbox 476 1844 700 1883; x_wconf 85' lang='lat' dir='ltr'><strong>Nuntiatum</strong></span> <span class='ocrx_word' id='word_1_67' title='bbox 716 1859 784 1895; x_wconf 86' lang='lat' dir='ltr'><strong>per</strong></span> <span class='ocrx_word' id='word_1_68' title='bbox 801 1848 973 1897; x_wconf 83' lang='lat' dir='ltr'><strong>angelum</strong></span> <span class='ocrx_word' id='word_1_69' title='bbox 986 1877 995 1892; x_wconf 92' lang='lat'><strong><em>‚</em></strong></span> 
     </span>
     <span class='ocr_line' id='line_1_19' title="bbox 478 1904 931 1956; baseline 0.007 -15"><span class='ocrx_word' id='word_1_70' title='bbox 478 1904 711 1943; x_wconf 88' lang='lat' dir='ltr'><strong>Nazarenum</strong></span> <span class='ocrx_word' id='word_1_71' title='bbox 729 1906 931 1956; x_wconf 86' lang='lat' dir='ltr'><strong>inclytum,</strong></span> 
     </span>
     <span class='ocr_line' id='line_1_20' title="bbox 478 1965 836 2016; baseline 0.006 -15"><span class='ocrx_word' id='word_1_72' title='bbox 478 1965 623 2003; x_wconf 83' lang='lat' dir='ltr'><strong>Israelis</strong></span> <span class='ocrx_word' id='word_1_73' title='bbox 642 1966 814 2016; x_wconf 85' lang='lat' dir='ltr'><strong>clypeum</strong></span> <span class='ocrx_word' id='word_1_74' title='bbox 825 1994 836 2012; x_wconf 88' lang='lat'><strong>,</strong></span> 
     </span>
     <span class='ocr_line' id='line_1_21' title="bbox 477 2025 901 2074; baseline 0.007 -13"><span class='ocrx_word' id='word_1_75' title='bbox 477 2025 595 2074; x_wconf 84' lang='lat' dir='ltr'><strong>Cujus</strong></span> <span class='ocrx_word' id='word_1_76' title='bbox 610 2038 675 2063; x_wconf 86' lang='lat' dir='ltr'><strong>cor</strong></span> <span class='ocrx_word' id='word_1_77' title='bbox 693 2033 736 2063; x_wconf 89' lang='lat' dir='ltr'><strong>ut</strong></span> <span class='ocrx_word' id='word_1_78' title='bbox 752 2039 901 2064; x_wconf 84' lang='lat' dir='ltr'><strong>saxeum</strong></span> 
     </span>
     <span class='ocr_line' id='line_1_22' title="bbox 474 2085 963 2136; baseline 0.01 -15"><span class='ocrx_word' id='word_1_79' title='bbox 474 2085 559 2122; x_wconf 89' lang='lat' dir='ltr'><strong>Non</strong></span> <span class='ocrx_word' id='word_1_80' title='bbox 580 2086 666 2123; x_wconf 89' lang='lat' dir='ltr'><strong>fleat</strong></span> <span class='ocrx_word' id='word_1_81' title='bbox 685 2087 737 2123; x_wconf 91' lang='lat' dir='ltr'><strong>sic</strong></span> <span class='ocrx_word' id='word_1_82' title='bbox 752 2087 963 2136; x_wconf 86' lang='lat' dir='ltr'><strong>perditum;</strong></span> 
     </span>
     <span class='ocr_line' id='line_1_23' title="bbox 497 2147 980 2196; baseline 0.008 -14"><span class='ocrx_word' id='word_1_83' title='bbox 497 2147 619 2194; x_wconf 89' lang='lat' dir='ltr'><strong>Quem</strong></span> <span class='ocrx_word' id='word_1_84' title='bbox 637 2147 803 2196; x_wconf 89' lang='lat' dir='ltr'><strong>primum</strong></span> <span class='ocrx_word' id='word_1_85' title='bbox 824 2148 955 2186; x_wconf 85' lang='lat' dir='ltr'><strong>Dalida</strong></span> <span class='ocrx_word' id='word_1_86' title='bbox 969 2151 980 2171; x_wconf 86' lang='lat'>¹</span> 
     </span>
     <span class='ocr_line' id='line_1_24' title="bbox 497 2205 783 2253; baseline 0.007 -11"><span class='ocrx_word' id='word_1_87' title='bbox 497 2205 606 2243; x_wconf 86' lang='lat' dir='ltr'><strong>Sacra</strong></span> <span class='ocrx_word' id='word_1_88' title='bbox 626 2207 783 2253; x_wconf 85' lang='lat' dir='ltr'><strong>cesarie,</strong></span> 
     </span>
     <span class='ocr_line' id='line_1_25' title="bbox 496 2267 893 2317; baseline 0.01 -15"><span class='ocrx_word' id='word_1_89' title='bbox 496 2267 609 2303; x_wconf 90' lang='lat' dir='ltr'><strong>Hunc</strong></span> <span class='ocrx_word' id='word_1_90' title='bbox 627 2267 750 2305; x_wconf 89' lang='lat' dir='ltr'><strong>hostes</strong></span> <span class='ocrx_word' id='word_1_91' title='bbox 767 2275 893 2317; x_wconf 84' lang='lat' dir='ltr'><strong>postea</strong></span> 
     </span>
     <span class='ocr_line' id='line_1_26' title="bbox 498 2327 869 2366; baseline 0.008 -3"><span class='ocrx_word' id='word_1_92' title='bbox 498 2327 701 2365; x_wconf 86' lang='lat' dir='ltr'><strong>Privarunt</strong></span> <span class='ocrx_word' id='word_1_93' title='bbox 714 2328 869 2366; x_wconf 90' lang='lat' dir='ltr'><strong>lumine.</strong></span> 
     </span>
    </p>
   </div>
   <div class='ocr_carea' id='block_1_6' title="bbox 496 2425 882 2472">
    <p class='ocr_par' dir='ltr' id='par_1_8' title="bbox 496 2425 882 2472">
     <span class='ocr_line' id='line_1_27' title="bbox 496 2425 882 2472; baseline 0.008 -11"><span class='ocrx_word' id='word_1_94' title='bbox 496 2425 706 2463; x_wconf 82' lang='lat' dir='ltr'><strong>Exhaustus</strong></span> <span class='ocrx_word' id='word_1_95' title='bbox 723 2427 863 2464; x_wconf 89' lang='lat' dir='ltr'><strong>viribus</strong></span> <span class='ocrx_word' id='word_1_96' title='bbox 874 2458 882 2472; x_wconf 87' lang='lat'><strong>,</strong></span> 
     </span>
    </p>
   </div>
   <div class='ocr_carea' id='block_1_7' title="bbox 378 2484 1149 3373">
    <p class='ocr_par' dir='ltr' id='par_1_9' title="bbox 378 2484 1149 3373">
     <span class='ocr_line' id='line_1_28' title="bbox 499 2484 821 2533; baseline 0.006 -11"><span class='ocrx_word' id='word_1_97' title='bbox 499 2484 666 2523; x_wconf 78' lang='lat' dir='ltr'><strong>orbatus</strong></span> <span class='ocrx_word' id='word_1_98' title='bbox 683 2486 821 2533; x_wconf 90' lang='lat' dir='ltr'><strong>oculis,</strong></span> 
     </span>
     <span class='ocr_line' id='line_1_29' title="bbox 496 2546 848 2591; baseline 0.006 -9"><span class='ocrx_word' id='word_1_99' title='bbox 496 2546 602 2583; x_wconf 81' lang='lat' dir='ltr'><strong>Molae</strong></span> <span class='ocrx_word' id='word_1_100' title='bbox 623 2547 664 2583; x_wconf 86' lang='lat' dir='ltr'><strong>fit</strong></span> <span class='ocrx_word' id='word_1_101' title='bbox 680 2546 848 2591; x_wconf 88' lang='lat' dir='ltr'><strong>deditus,</strong></span> 
     </span>
     <span class='ocr_line' id='line_1_30' title="bbox 496 2606 816 2644; baseline 0.003 -2"><span class='ocrx_word' id='word_1_102' title='bbox 496 2606 649 2643; x_wconf 89' lang='lat' dir='ltr'><strong>Athleta</strong></span> <span class='ocrx_word' id='word_1_103' title='bbox 667 2606 816 2644; x_wconf 86' lang='lat' dir='ltr'><strong>nobilis.</strong></span> 
     </span>
     <span class='ocr_line' id='line_1_31' title="bbox 520 2665 860 2713; baseline 0.006 -11"><span class='ocrx_word' id='word_1_104' title='bbox 520 2665 678 2703; x_wconf 88' lang='lat' dir='ltr'><strong>Clausus</strong></span> <span class='ocrx_word' id='word_1_105' title='bbox 695 2679 860 2713; x_wconf 87' lang='lat' dir='ltr'><strong>carcere,</strong></span> 
     </span>
     <span class='ocr_line' id='line_1_32' title="bbox 446 2725 892 2776; baseline 0.002 -14"><span class='ocrx_word' id='word_1_106' title='bbox 446 2725 733 2776; x_wconf 88' lang='lat' dir='ltr'><strong>Oculorumque</strong></span> <span class='ocrx_word' id='word_1_107' title='bbox 750 2726 892 2763; x_wconf 89' lang='lat' dir='ltr'><strong>lumine</strong></span> 
     </span>
     <span class='ocr_line' id='line_1_33' title="bbox 424 2786 1012 2837; baseline 0.003 -14"><span class='ocrx_word' id='word_1_108' title='bbox 424 2786 509 2823; x_wconf 85' lang='lat' dir='ltr'><strong>Jam</strong></span> <span class='ocrx_word' id='word_1_109' title='bbox 525 2786 691 2835; x_wconf 81' lang='lat' dir='ltr'><strong>privatus</strong></span> <span class='ocrx_word' id='word_1_110' title='bbox 702 2814 713 2832; x_wconf 85' lang='lat'><strong>,</strong></span> <span class='ocrx_word' id='word_1_111' title='bbox 731 2787 836 2836; x_wconf 80' lang='lat' dir='ltr'><strong>quasi</strong></span> <span class='ocrx_word' id='word_1_112' title='bbox 854 2788 1012 2837; x_wconf 86' lang='lat' dir='ltr'><strong>geminis</strong></span> 
     </span>
     <span class='ocr_line' id='line_1_34' title="bbox 378 2839 1149 2898; baseline 0.005 -16"><span class='ocrx_word' id='word_1_113' title='bbox 378 2846 436 2882; x_wconf 88' lang='lat' dir='ltr'><strong>Ad</strong></span> <span class='ocrx_word' id='word_1_114' title='bbox 454 2845 591 2883; x_wconf 86' lang='lat' dir='ltr'><strong>molam</strong></span> <span class='ocrx_word' id='word_1_115' title='bbox 607 2845 743 2883; x_wconf 84' lang='lat' dir='ltr'><strong>sudans</strong></span> <span class='ocrx_word' id='word_1_116' title='bbox 759 2839 1149 2898; x_wconf 61' lang='lat' dir='ltr'><strong>tenebris‘oppressus.</strong></span> 
     </span>
     <span class='ocr_line' id='line_1_35' title="bbox 521 2906 816 2944; baseline 0.003 -1"><span class='ocrx_word' id='word_1_117' title='bbox 521 2906 645 2943; x_wconf 88' lang='lat' dir='ltr'><strong>Ludos</strong></span> <span class='ocrx_word' id='word_1_118' title='bbox 661 2907 816 2944; x_wconf 84' lang='lat' dir='ltr'><strong>martios</strong></span> 
     </span>
     <span class='ocr_line' id='line_1_36' title="bbox 449 2966 893 3014; baseline 0.005 -11"><span class='ocrx_word' id='word_1_119' title='bbox 449 2966 539 3004; x_wconf 89' lang='lat' dir='ltr'><strong>Plus</strong></span> <span class='ocrx_word' id='word_1_120' title='bbox 555 2979 727 3004; x_wconf 78' lang='lat' dir='ltr'><strong>exemere</strong></span> <span class='ocrx_word' id='word_1_121' title='bbox 745 2968 873 3005; x_wconf 85' lang='lat' dir='ltr'><strong>solitos</strong></span> <span class='ocrx_word' id='word_1_122' title='bbox 884 2997 893 3014; x_wconf 96' lang='lat'><strong>,</strong></span> 
     </span>
     <span class='ocr_line' id='line_1_37' title="bbox 543 3028 832 3077; baseline 0.003 -13"><span class='ocrx_word' id='word_1_123' title='bbox 543 3028 701 3077; x_wconf 87' lang='lat' dir='ltr'><strong>Frangit</strong></span> <span class='ocrx_word' id='word_1_124' title='bbox 716 3035 832 3065; x_wconf 84' lang='lat' dir='ltr'><strong>artus.</strong></span> 
     </span>
     <span class='ocr_line' id='line_1_38' title="bbox 494 3086 854 3136; baseline 0.003 -12"><span class='ocrx_word' id='word_1_125' title='bbox 494 3086 601 3136; x_wconf 88' lang='lat' dir='ltr'><strong>Quid</strong></span> <span class='ocrx_word' id='word_1_126' title='bbox 617 3093 660 3124; x_wconf 85' lang='lat' dir='ltr'><strong>tu</strong></span> <span class='ocrx_word' id='word_1_127' title='bbox 669 3116 679 3134; x_wconf 90' lang='lat'><strong>,</strong></span> <span class='ocrx_word' id='word_1_128' title='bbox 700 3087 831 3125; x_wconf 87' lang='lat' dir='ltr'><strong>Dalida</strong></span> <span class='ocrx_word' id='word_1_129' title='bbox 844 3117 854 3134; x_wconf 94' lang='lat'><strong>,</strong></span> 
     </span>
     <span class='ocr_line' id='line_1_39' title="bbox 400 3145 940 3198; baseline 0 -15"><span class='ocrx_word' id='word_1_130' title='bbox 400 3146 504 3193; x_wconf 85' lang='lat' dir='ltr'><strong>Quid</strong></span> <span class='ocrx_word' id='word_1_131' title='bbox 518 3145 567 3184; x_wconf 79' lang='lat' dir='ltr'><strong>ad</strong></span> <span class='ocrx_word' id='word_1_132' title='bbox 582 3147 660 3184; x_wconf 85' lang='lat' dir='ltr'><strong>haec</strong></span> <span class='ocrx_word' id='word_1_133' title='bbox 676 3146 780 3184; x_wconf 89' lang='lat' dir='ltr'><strong>elicis</strong></span> <span class='ocrx_word' id='word_1_134' title='bbox 797 3148 910 3198; x_wconf 87' lang='lat' dir='ltr'><strong>impia</strong></span> <span class='ocrx_word' id='word_1_135' title='bbox 925 3150 940 3183; x_wconf 76' lang='grc' dir='ltr'><strong><em>Ρ</em></strong></span> 
     </span>
     <span class='ocr_line' id='line_1_40' title="bbox 400 3202 1039 3254; baseline 0.005 -15"><span class='ocrx_word' id='word_1_136' title='bbox 400 3202 504 3250; x_wconf 90' lang='lat' dir='ltr'><strong>Quid</strong></span> <span class='ocrx_word' id='word_1_137' title='bbox 520 3202 660 3249; x_wconf 85' lang='lat' dir='ltr'><strong>fecisti,</strong></span> <span class='ocrx_word' id='word_1_138' title='bbox 679 3216 847 3254; x_wconf 81' lang='lat' dir='ltr'><strong>quaenam</strong></span> <span class='ocrx_word' id='word_1_139' title='bbox 862 3217 1018 3242; x_wconf 88' lang='lat' dir='ltr'><strong>munera</strong></span> <span class='ocrx_word' id='word_1_140' title='bbox 1028 3233 1039 3253; x_wconf 90' lang='lat'><strong>,</strong></span> 
     </span>
     <span class='ocr_line' id='line_1_41' title="bbox 400 3262 1066 3315; baseline 0.003 -16"><span class='ocrx_word' id='word_1_141' title='bbox 400 3262 473 3299; x_wconf 86' lang='lat' dir='ltr'><strong>Per</strong></span> <span class='ocrx_word' id='word_1_142' title='bbox 486 3269 588 3300; x_wconf 84' lang='lat' dir='ltr'><strong>tanta</strong></span> <span class='ocrx_word' id='word_1_143' title='bbox 605 3262 675 3300; x_wconf 87' lang='lat' dir='ltr'><strong>tibi</strong></span> <span class='ocrx_word' id='word_1_144' title='bbox 694 3264 831 3302; x_wconf 87' lang='lat' dir='ltr'><strong>scelera</strong></span> <span class='ocrx_word' id='word_1_145' title='bbox 849 3266 1066 3315; x_wconf 66' lang='lat' dir='ltr'><strong>conquiris?</strong></span> 
     </span>
     <span class='ocr_line' id='line_1_42' title="bbox 517 3322 766 3373; baseline 0.012 -14"><span class='ocrx_word' id='word_1_146' title='bbox 517 3322 630 3359; x_wconf 85' lang='lat' dir='ltr'><strong>Nulla</strong></span> <span class='ocrx_word' id='word_1_147' title='bbox 649 3324 766 3373; x_wconf 82' lang='lat' dir='ltr'><strong>gratia</strong></span> 
     </span>
    </p>
   </div>
   <div class='ocr_carea' id='block_1_8' title="bbox 398 3466 656 3568">
    <p class='ocr_par' dir='ltr' id='par_1_10' title="bbox 398 3466 656 3568">
     <span class='ocr_line' id='line_1_43' title="bbox 398 3466 656 3511; baseline 0.012 -12"><span class='ocrx_word' id='word_1_148' title='bbox 398 3466 408 3484; x_wconf 84' lang='lat'>¹</span> <span class='ocrx_word' id='word_1_149' title='bbox 433 3466 513 3511; x_wconf 73' lang='lat' dir='ltr'><strong>Leg.</strong></span> <span class='ocrx_word' id='word_1_150' title='bbox 532 3467 656 3503; x_wconf 69' lang='lat' dir='ltr'><strong>Dama.</strong></span> 
     </span>
     <span class='ocr_line' id='line_1_44' title="bbox 537 3537 552 3568; baseline 0 0"><span class='ocrx_word' id='word_1_151' title='bbox 537 3537 552 3568; x_wconf 94' lang='lat'>1</span> 
     </span>
    </p>
   </div>
   <div class='ocr_carea' id='block_1_9' title="bbox 1282 382 1565 432">
    <p class='ocr_par' dir='ltr' id='par_1_11' title="bbox 1282 382 1565 432">
     <span class='ocr_line' id='line_1_45' title="bbox 1282 382 1565 432; baseline -0.004 -2"><span class='ocrx_word' id='word_1_152' title='bbox 1282 382 1565 432; x_wconf 85' lang='lat' dir='ltr'><strong>GARMlNA.</strong></span> 
     </span>
    </p>
   </div>
   <div class='ocr_carea' id='block_1_10' title="bbox 1515 477 2124 1371">
    <p class='ocr_par' dir='ltr' id='par_1_12' title="bbox 1515 477 2124 1371">
     <span class='ocr_line' id='line_1_46' title="bbox 1538 477 2067 528; baseline 0.006 -15"><span class='ocrx_word' id='word_1_153' title='bbox 1538 477 1612 514; x_wconf 92' lang='lat' dir='ltr'><strong>Per</strong></span> <span class='ocrx_word' id='word_1_154' title='bbox 1627 477 1739 526; x_wconf 85' lang='lat' dir='ltr'><strong>longa</strong></span> <span class='ocrx_word' id='word_1_155' title='bbox 1757 484 1884 514; x_wconf 85' lang='lat' dir='ltr'><strong>manet</strong></span> <span class='ocrx_word' id='word_1_156' title='bbox 1899 484 2067 528; x_wconf 86' lang='lat' dir='ltr'><strong>tempora</strong></span> 
     </span>
     <span class='ocr_line' id='line_1_47' title="bbox 1633 537 1838 575; baseline -0.005 0"><span class='ocrx_word' id='word_1_157' title='bbox 1633 537 1838 575; x_wconf 74' lang='lat' dir='ltr'><strong>proditori.</strong></span> 
     </span>
     <span class='ocr_line' id='line_1_48' title="bbox 1609 598 1848 635; baseline 0 0"><span class='ocrx_word' id='word_1_158' title='bbox 1609 599 1688 635; x_wconf 92' lang='lat' dir='ltr'><strong>Hos</strong></span> <span class='ocrx_word' id='word_1_159' title='bbox 1707 598 1848 635; x_wconf 85' lang='lat' dir='ltr'><strong>cibario</strong></span> 
     </span>
     <span class='ocr_line' id='line_1_49' title="bbox 1540 657 2111 704; baseline 0.002 -9"><span class='ocrx_word' id='word_1_160' title='bbox 1540 658 1618 696; x_wconf 79' lang='lat' dir='ltr'><strong>Vix</strong></span> <span class='ocrx_word' id='word_1_161' title='bbox 1633 665 1814 695; x_wconf 88' lang='lat' dir='ltr'><strong>sustentat</strong></span> <span class='ocrx_word' id='word_1_162' title='bbox 1830 657 1958 696; x_wconf 90' lang='lat' dir='ltr'><strong>edulio</strong></span> <span class='ocrx_word' id='word_1_163' title='bbox 1971 688 1980 704; x_wconf 95' lang='lat'>‚</span> <span class='ocrx_word' id='word_1_164' title='bbox 2107 698 2111 701; x_wconf 70' lang='grc'>,</span> 
     </span>
     <span class='ocr_line' id='line_1_50' title="bbox 1515 718 2089 768; baseline 0.002 -13"><span class='ocrx_word' id='word_1_165' title='bbox 1515 719 1781 756; x_wconf 83' lang='lat' dir='ltr'><strong>Jumentorum</strong></span> <span class='ocrx_word' id='word_1_166' title='bbox 1799 718 1902 768; x_wconf 89' lang='lat' dir='ltr'><strong>quod</strong></span> <span class='ocrx_word' id='word_1_167' title='bbox 1917 725 1955 755; x_wconf 86' lang='lat' dir='ltr'><strong>et</strong></span> <span class='ocrx_word' id='word_1_168' title='bbox 1971 719 2089 756; x_wconf 87' lang='lat' dir='ltr'><strong>‹lurus</strong></span> 
     </span>
     <span class='ocr_line' id='line_1_51' title="bbox 1542 778 2027 816; baseline 0 -1"><span class='ocrx_word' id='word_1_169' title='bbox 1542 779 1662 816; x_wconf 83' lang='lat' dir='ltr'><strong>Labor</strong></span> <span class='ocrx_word' id='word_1_170' title='bbox 1679 779 1782 815; x_wconf 91' lang='lat' dir='ltr'><strong>hunc</strong></span> <span class='ocrx_word' id='word_1_171' title='bbox 1801 786 1839 815; x_wconf 88' lang='lat' dir='ltr'><strong>et</strong></span> <span class='ocrx_word' id='word_1_172' title='bbox 1854 778 2027 816; x_wconf 86' lang='lat' dir='ltr'><strong>insolitus</strong></span> 
     </span>
     <span class='ocr_line' id='line_1_52' title="bbox 1517 839 2124 886; baseline -0.003 -9"><span class='ocrx_word' id='word_1_173' title='bbox 1517 839 1642 878; x_wconf 87' lang='lat' dir='ltr'><strong>Sumit</strong></span> <span class='ocrx_word' id='word_1_174' title='bbox 1659 851 1784 886; x_wconf 83' lang='lat' dir='ltr'><strong>rarus,</strong></span> <span class='ocrx_word' id='word_1_175' title='bbox 1803 839 1944 877; x_wconf 87' lang='lat' dir='ltr'><strong>crebris</strong></span> <span class='ocrx_word' id='word_1_176' title='bbox 1963 840 2124 877; x_wconf 86' lang='lat' dir='ltr'><strong>stimulis</strong></span> 
     </span>
     <span class='ocr_line' id='line_1_53' title="bbox 1518 899 1967 949; baseline -0.002 -12"><span class='ocrx_word' id='word_1_177' title='bbox 1518 900 1692 949; x_wconf 82' lang='lat' dir='ltr'><strong>Agitatus</strong></span> <span class='ocrx_word' id='word_1_178' title='bbox 1709 906 1747 937; x_wconf 90' lang='lat' dir='ltr'><strong>et</strong></span> <span class='ocrx_word' id='word_1_179' title='bbox 1763 899 1811 936; x_wconf 88' lang='lat' dir='ltr'><strong>ab</strong></span> <span class='ocrx_word' id='word_1_180' title='bbox 1827 899 1967 937; x_wconf 83' lang='lat' dir='ltr'><strong>aemulis</strong></span> 
     </span>
     <span class='ocr_line' id='line_1_54' title="bbox 1632 960 1930 1008; baseline 0 -12"><span class='ocrx_word' id='word_1_181' title='bbox 1632 960 1687 997; x_wconf 89' lang='lat' dir='ltr'><strong>Ut</strong></span> <span class='ocrx_word' id='word_1_182' title='bbox 1700 960 1930 1008; x_wconf 89' lang='lat' dir='ltr'><strong>jumentum.</strong></span> 
     </span>
     <span class='ocr_line' id='line_1_55' title="bbox 1566 1019 1990 1068; baseline 0 -12"><span class='ocrx_word' id='word_1_183' title='bbox 1566 1019 1720 1056; x_wconf 84' lang='lat' dir='ltr'><strong>Renatis</strong></span> <span class='ocrx_word' id='word_1_184' title='bbox 1732 1020 1811 1068; x_wconf 87' lang='lat' dir='ltr'><strong>jam</strong></span> <span class='ocrx_word' id='word_1_185' title='bbox 1828 1019 1990 1066; x_wconf 86' lang='lat' dir='ltr'><strong>viribus,</strong></span> 
     </span>
     <span class='ocr_line' id='line_1_56' title="bbox 1564 1079 1945 1129; baseline 0.005 -13"><span class='ocrx_word' id='word_1_186' title='bbox 1564 1079 1761 1129; x_wconf 86' lang='lat' dir='ltr'><strong>Reparatis</strong></span> <span class='ocrx_word' id='word_1_187' title='bbox 1776 1080 1945 1129; x_wconf 82' lang='lat' dir='ltr'><strong>juribus,</strong></span> 
     </span>
     <span class='ocr_line' id='line_1_57' title="bbox 1563 1141 2030 1187; baseline 0.002 -10"><span class='ocrx_word' id='word_1_188' title='bbox 1563 1141 1820 1178; x_wconf 87' lang='lat' dir='ltr'><strong>Tremulentis</strong></span> <span class='ocrx_word' id='word_1_189' title='bbox 1838 1141 2009 1179; x_wconf 87' lang='lat' dir='ltr'><strong>hostibus</strong></span> <span class='ocrx_word' id='word_1_190' title='bbox 2021 1171 2030 1187; x_wconf 94' lang='lat'><strong>‚</strong></span> 
     </span>
     <span class='ocr_line' id='line_1_58' title="bbox 1566 1201 1908 1248; baseline 0 -10"><span class='ocrx_word' id='word_1_191' title='bbox 1566 1201 1685 1238; x_wconf 86' lang='lat' dir='ltr'><strong>Caesui</strong></span> <span class='ocrx_word' id='word_1_192' title='bbox 1702 1201 1908 1248; x_wconf 87' lang='lat' dir='ltr'><strong>inducitur,</strong></span> 
     </span>
     <span class='ocr_line' id='line_1_59' title="bbox 1567 1261 1970 1299; baseline 0 -1"><span class='ocrx_word' id='word_1_193' title='bbox 1567 1261 1621 1298; x_wconf 90' lang='lat' dir='ltr'><strong>Ut</strong></span> <span class='ocrx_word' id='word_1_194' title='bbox 1637 1268 1759 1299; x_wconf 85' lang='lat' dir='ltr'><strong>morte</strong></span> <span class='ocrx_word' id='word_1_195' title='bbox 1776 1261 1970 1298; x_wconf 87' lang='lat' dir='ltr'><strong>doloribus</strong></span> 
     </span>
     <span class='ocr_line' id='line_1_60' title="bbox 1572 1321 2050 1371; baseline -0.002 -13"><span class='ocrx_word' id='word_1_196' title='bbox 1572 1322 1704 1358; x_wconf 88' lang='lat' dir='ltr'><strong>Finem</strong></span> <span class='ocrx_word' id='word_1_197' title='bbox 1722 1329 1837 1371; x_wconf 87' lang='lat' dir='ltr'><strong>ponat</strong></span> <span class='ocrx_word' id='word_1_198' title='bbox 1854 1321 2050 1359; x_wconf 89' lang='lat' dir='ltr'><strong>omnibus.·</strong></span> 
     </span>
    </p>
   </div>
   <div class='ocr_carea' id='block_1_11' title="bbox 1538 1420 2068 2784">
    <p class='ocr_par' dir='ltr' id='par_1_13' title="bbox 1546 1420 2068 1592">
     <span class='ocr_line' id='line_1_61' title="bbox 1569 1420 1911 1469; baseline 0.003 -12"><span class='ocrx_word' id='word_1_199' title='bbox 1569 1422 1603 1457; x_wconf 90' lang='lat' dir='ltr'>A</span> <span class='ocrx_word' id='word_1_200' title='bbox 1615 1420 1710 1468; x_wconf 90' lang='lat' dir='ltr'><strong>jocis</strong></span> <span class='ocrx_word' id='word_1_201' title='bbox 1726 1421 1774 1457; x_wconf 86' lang='lat' dir='ltr'><strong>ad</strong></span> <span class='ocrx_word' id='word_1_202' title='bbox 1792 1421 1887 1458; x_wconf 90' lang='lat' dir='ltr'><strong>seria</strong></span> <span class='ocrx_word' id='word_1_203' title='bbox 1900 1448 1911 1469; x_wconf 93' lang='lat'><strong>,</strong></span> 
     </span>
     <span class='ocr_line' id='line_1_62' title="bbox 1546 1480 2068 1526; baseline 0 -9"><span class='ocrx_word' id='word_1_204' title='bbox 1546 1481 1684 1518; x_wconf 87' lang='lat' dir='ltr'><strong>Fertur</strong></span> <span class='ocrx_word' id='word_1_205' title='bbox 1699 1493 1805 1518; x_wconf 87' lang='lat' dir='ltr'><strong>meus</strong></span> <span class='ocrx_word' id='word_1_206' title='bbox 1822 1480 1890 1518; x_wconf 92' lang='lat' dir='ltr'><strong>diu</strong></span> <span class='ocrx_word' id='word_1_207' title='bbox 1906 1481 2068 1526; x_wconf 88' lang='lat' dir='ltr'><strong>concita,</strong></span> 
     </span>
     <span class='ocr_line' id='line_1_63' title="bbox 1546 1541 2041 1592; baseline 0.002 -14"><span class='ocrx_word' id='word_1_208' title='bbox 1546 1542 1642 1579; x_wconf 88' lang='lat' dir='ltr'><strong>Tam</strong></span> <span class='ocrx_word' id='word_1_209' title='bbox 1658 1541 1743 1579; x_wconf 82' lang='lat' dir='ltr'><strong>laeva</strong></span> <span class='ocrx_word' id='word_1_210' title='bbox 1760 1554 1872 1592; x_wconf 89' lang='lat' dir='ltr'><strong>quam</strong></span> <span class='ocrx_word' id='word_1_211' title='bbox 1891 1542 2041 1580; x_wconf 85' lang='lat' dir='ltr'><strong>dextera</strong></span> 
     </span>
    </p>

    <p class='ocr_par' dir='ltr' id='par_1_14' title="bbox 1568 1601 2026 1652">
     <span class='ocr_line' id='line_1_64' title="bbox 1568 1601 2026 1652; baseline 0.004 -14"><span class='ocrx_word' id='word_1_212' title='bbox 1568 1603 1613 1638; x_wconf 93' lang='lat' dir='ltr'><strong>In</strong></span> <span class='ocrx_word' id='word_1_213' title='bbox 1632 1601 1816 1639; x_wconf 87' lang='lat' dir='ltr'><strong>columnis</strong></span> <span class='ocrx_word' id='word_1_214' title='bbox 1833 1602 2026 1652; x_wconf 87' lang='lat' dir='ltr'><strong>applicita,</strong></span> 
     </span>
    </p>

    <p class='ocr_par' dir='ltr' id='par_1_15' title="bbox 1569 1662 1965 1712">
     <span class='ocr_line' id='line_1_65' title="bbox 1569 1662 1965 1712; baseline 0 -13"><span class='ocrx_word' id='word_1_215' title='bbox 1569 1662 1745 1699; x_wconf 88' lang='lat' dir='ltr'><strong>Hostium</strong></span> <span class='ocrx_word' id='word_1_216' title='bbox 1760 1669 1799 1699; x_wconf 89' lang='lat' dir='ltr'><strong>et</strong></span> <span class='ocrx_word' id='word_1_217' title='bbox 1814 1663 1965 1712; x_wconf 86' lang='lat' dir='ltr'><strong>propria</strong></span> 
     </span>
    </p>

    <p class='ocr_par' dir='ltr' id='par_1_16' title="bbox 1568 1723 1986 1762">
     <span class='ocr_line' id='line_1_66' title="bbox 1568 1723 1986 1762; baseline 0.007 -3"><span class='ocrx_word' id='word_1_218' title='bbox 1568 1723 1700 1760; x_wconf 89' lang='lat' dir='ltr'><strong>Miscet</strong></span> <span class='ocrx_word' id='word_1_219' title='bbox 1717 1723 1825 1761; x_wconf 87' lang='lat' dir='ltr'><strong>dolor</strong></span> <span class='ocrx_word' id='word_1_220' title='bbox 1841 1723 1986 1762; x_wconf 79' lang='lat' dir='ltr'><strong>funera.</strong></span> 
     </span>
    </p>

    <p class='ocr_par' dir='ltr' id='par_1_17' title="bbox 1538 1784 2054 2784">
     <span class='ocr_line' id='line_1_67' title="bbox 1594 1784 1966 1833; baseline 0 -12"><span class='ocrx_word' id='word_1_221' title='bbox 1594 1784 1630 1821; x_wconf 94' lang='grc' dir='ltr'>Ο</span> <span class='ocrx_word' id='word_1_222' title='bbox 1648 1796 1794 1833; x_wconf 86' lang='lat' dir='ltr'><strong>semper</strong></span> <span class='ocrx_word' id='word_1_223' title='bbox 1810 1784 1966 1821; x_wconf 83' lang='lat' dir='ltr'><strong>fortium</strong></span> 
     </span>
     <span class='ocr_line' id='line_1_68' title="bbox 1593 1844 1989 1890; baseline 0.005 -10"><span class='ocrx_word' id='word_1_224' title='bbox 1593 1844 1756 1881; x_wconf 88' lang='lat' dir='ltr'><strong>Ruinam</strong></span> <span class='ocrx_word' id='word_1_225' title='bbox 1774 1845 1989 1890; x_wconf 84' lang='lat' dir='ltr'><strong>maximam,</strong></span> 
     </span>
     <span class='ocr_line' id='line_1_69' title="bbox 1591 1904 1872 1941; baseline 0.004 -1"><span class='ocrx_word' id='word_1_226' title='bbox 1591 1904 1640 1940; x_wconf 89' lang='lat' dir='ltr'><strong>Et</strong></span> <span class='ocrx_word' id='word_1_227' title='bbox 1657 1904 1697 1940; x_wconf 89' lang='lat' dir='ltr'><strong>in</strong></span> <span class='ocrx_word' id='word_1_228' title='bbox 1716 1905 1872 1941; x_wconf 84' lang='lat' dir='ltr'><strong>exitium</strong></span> 
     </span>
     <span class='ocr_line' id='line_1_70' title="bbox 1587 1961 1975 1999; baseline 0 -1"><span class='ocrx_word' id='word_1_229' title='bbox 1587 1962 1760 1999; x_wconf 78' lang='lat' dir='ltr'><strong>creatam</strong></span> <span class='ocrx_word' id='word_1_230' title='bbox 1775 1961 1975 1999; x_wconf 86' lang='lat' dir='ltr'><strong>feminam!</strong></span> 
     </span>
     <span class='ocr_line' id='line_1_71' title="bbox 1591 2022 2039 2071; baseline 0.002 -12"><span class='ocrx_word' id='word_1_231' title='bbox 1591 2022 1678 2059; x_wconf 80' lang='lat' dir='ltr'><strong>Haec</strong></span> <span class='ocrx_word' id='word_1_232' title='bbox 1692 2029 1837 2071; x_wconf 88' lang='lat' dir='ltr'><strong>patrem</strong></span> <span class='ocrx_word' id='word_1_233' title='bbox 1852 2023 2019 2060; x_wconf 89' lang='lat' dir='ltr'><strong>omnium</strong></span> <span class='ocrx_word' id='word_1_234' title='bbox 2029 2051 2039 2067; x_wconf 89' lang='lat'>‚</span> 
     </span>
     <span class='ocr_line' id='line_1_72' title="bbox 1591 2082 1943 2131; baseline 0.003 -13"><span class='ocrx_word' id='word_1_235' title='bbox 1591 2082 1737 2130; x_wconf 88' lang='lat' dir='ltr'><strong>Dejecit</strong></span> <span class='ocrx_word' id='word_1_236' title='bbox 1753 2083 1943 2131; x_wconf 86' lang='lat' dir='ltr'><strong>protinus,</strong></span> 
     </span>
     <span class='ocr_line' id='line_1_73' title="bbox 1592 2142 2003 2192; baseline 0.007 -14"><span class='ocrx_word' id='word_1_237' title='bbox 1592 2142 1639 2179; x_wconf 87' lang='lat' dir='ltr'><strong>Et</strong></span> <span class='ocrx_word' id='word_1_238' title='bbox 1656 2143 1788 2180; x_wconf 89' lang='lat' dir='ltr'><strong>mortis</strong></span> <span class='ocrx_word' id='word_1_239' title='bbox 1806 2143 2003 2192; x_wconf 84' lang='lat' dir='ltr'><strong>poculum,</strong></span> 
     </span>
     <span class='ocr_line' id='line_1_74' title="bbox 1588 2203 1972 2252; baseline 0.003 -13"><span class='ocrx_word' id='word_1_240' title='bbox 1588 2203 1768 2252; x_wconf 86' lang='lat' dir='ltr'><strong>Propinat</strong></span> <span class='ocrx_word' id='word_1_241' title='bbox 1786 2204 1972 2242; x_wconf 87' lang='lat' dir='ltr'><strong>omnibus.</strong></span> 
     </span>
     <span class='ocr_line' id='line_1_75' title="bbox 1614 2264 1926 2312; baseline 0.006 -12"><span class='ocrx_word' id='word_1_242' title='bbox 1614 2264 1734 2301; x_wconf 88' lang='lat' dir='ltr'><strong>David</strong></span> <span class='ocrx_word' id='word_1_243' title='bbox 1750 2265 1926 2312; x_wconf 85' lang='lat' dir='ltr'><strong>sanctior,</strong></span> 
     </span>
     <span class='ocr_line' id='line_1_76' title="bbox 1539 2324 1977 2375; baseline 0.007 -14"><span class='ocrx_word' id='word_1_244' title='bbox 1539 2324 1736 2362; x_wconf 87' lang='lat' dir='ltr'><strong>Salomone</strong></span> <span class='ocrx_word' id='word_1_245' title='bbox 1756 2325 1977 2375; x_wconf 89' lang='lat' dir='ltr'><strong>prudentior</strong></span> 
     </span>
     <span class='ocr_line' id='line_1_77' title="bbox 1611 2386 1905 2435; baseline 0 -12"><span class='ocrx_word' id='word_1_246' title='bbox 1611 2386 1707 2433; x_wconf 86' lang='lat' dir='ltr'><strong>Quis</strong></span> <span class='ocrx_word' id='word_1_247' title='bbox 1723 2387 1905 2435; x_wconf 78' lang='lat' dir='ltr'><strong>putetur?</strong></span> 
     </span>
     <span class='ocr_line' id='line_1_78' title="bbox 1587 2447 1929 2496; baseline 0.003 -14"><span class='ocrx_word' id='word_1_248' title='bbox 1587 2447 1666 2483; x_wconf 87' lang='lat' dir='ltr'><strong>Aut</strong></span> <span class='ocrx_word' id='word_1_249' title='bbox 1680 2448 1765 2496; x_wconf 90' lang='lat' dir='ltr'><strong>quis</strong></span> <span class='ocrx_word' id='word_1_250' title='bbox 1779 2448 1929 2496; x_wconf 90' lang='lat' dir='ltr'><strong>ineptus</strong></span> 
     </span>
     <span class='ocr_line' id='line_1_79' title="bbox 1563 2506 2024 2555; baseline 0.002 -13"><span class='ocrx_word' id='word_1_251' title='bbox 1563 2507 1683 2554; x_wconf 83' lang='lat' dir='ltr'><strong>Magis</strong></span> <span class='ocrx_word' id='word_1_252' title='bbox 1699 2519 1767 2555; x_wconf 86' lang='lat' dir='ltr'><strong>per</strong></span> <span class='ocrx_word' id='word_1_253' title='bbox 1784 2506 1882 2543; x_wconf 85' lang='lat' dir='ltr'><strong>hanc</strong></span> <span class='ocrx_word' id='word_1_254' title='bbox 1900 2507 2024 2543; x_wconf 79' lang='lat' dir='ltr'><strong>fatuus</strong></span> 
     </span>
     <span class='ocr_line' id='line_1_80' title="bbox 1635 2565 1866 2614; baseline 0.004 -13"><span class='ocrx_word' id='word_1_255' title='bbox 1635 2565 1866 2614; x_wconf 83' lang='lat' dir='ltr'><strong>Reperituri‘</strong></span> 
     </span>
     <span class='ocr_line' id='line_1_81' title="bbox 1587 2627 1917 2674; baseline 0 -11"><span class='ocrx_word' id='word_1_256' title='bbox 1587 2627 1682 2674; x_wconf 91' lang='lat' dir='ltr'><strong>Quis</strong></span> <span class='ocrx_word' id='word_1_257' title='bbox 1697 2639 1740 2664; x_wconf 81' lang='lat' dir='ltr'><strong>ex</strong></span> <span class='ocrx_word' id='word_1_258' title='bbox 1756 2627 1917 2664; x_wconf 83' lang='lat' dir='ltr'><strong>sortibus</strong></span> 
     </span>
     <span class='ocr_line' id='line_1_82' title="bbox 1538 2686 2054 2725; baseline 0 -1"><span class='ocrx_word' id='word_1_259' title='bbox 1538 2687 1642 2725; x_wconf 89' lang='lat' dir='ltr'><strong>Sicut</strong></span> <span class='ocrx_word' id='word_1_260' title='bbox 1659 2687 1813 2724; x_wconf 89' lang='lat' dir='ltr'><strong>Samson</strong></span> <span class='ocrx_word' id='word_1_261' title='bbox 1831 2686 2054 2724; x_wconf 86' lang='lat' dir='ltr'><strong>fortissimus</strong></span> 
     </span>
     <span class='ocr_line' id='line_1_83' title="bbox 1633 2747 1867 2784; baseline -0.004 -1"><span class='ocrx_word' id='word_1_262' title='bbox 1633 2747 1840 2784; x_wconf 89' lang='lat' dir='ltr'><strong>Enervatur</strong></span> <span class='ocrx_word' id='word_1_263' title='bbox 1851 2748 1867 2782; x_wconf 78' lang='grc' dir='ltr'>Ρ</span> 
     </span>
    </p>
   </div>
   <div class='ocr_carea' id='block_1_12' title="bbox 1538 2845 2021 3367">
    <p class='ocr_par' dir='ltr' id='par_1_18' title="bbox 1538 2845 2021 3367">
     <span class='ocr_line' id='line_1_84' title="bbox 1607 2845 1890 2892; baseline 0 -9"><span class='ocrx_word' id='word_1_264' title='bbox 1607 2846 1727 2883; x_wconf 86' lang='lat' dir='ltr'><strong>Adam</strong></span> <span class='ocrx_word' id='word_1_265' title='bbox 1745 2845 1890 2892; x_wconf 89' lang='lat' dir='ltr'><strong>nobile,</strong></span> 
     </span>
     <span class='ocr_line' id='line_1_85' title="bbox 1539 2906 2021 2956; baseline 0.002 -14"><span class='ocrx_word' id='word_1_266' title='bbox 1539 2907 1678 2944; x_wconf 80' lang='lat' dir='ltr'><strong>Divinae</strong></span> <span class='ocrx_word' id='word_1_267' title='bbox 1691 2906 1831 2956; x_wconf 85' lang='lat' dir='ltr'><strong>plasma</strong></span> <span class='ocrx_word' id='word_1_268' title='bbox 1846 2906 2003 2943; x_wconf 72' lang='lat' dir='ltr'><strong>dexterae</strong></span> <span class='ocrx_word' id='word_1_269' title='bbox 2012 2935 2021 2951; x_wconf 91' lang='lat'><strong>,</strong></span> 
     </span>
     <span class='ocr_line' id='line_1_86' title="bbox 1633 2967 1983 3011; baseline 0 -8"><span class='ocrx_word' id='word_1_270' title='bbox 1633 2967 1720 3003; x_wconf 82' lang='lat' dir='ltr'><strong>Mox</strong></span> <span class='ocrx_word' id='word_1_271' title='bbox 1738 2967 1815 3004; x_wconf 88' lang='lat' dir='ltr'><strong>haec</strong></span> <span class='ocrx_word' id='word_1_272' title='bbox 1834 2967 1983 3011; x_wconf 84' lang='lat' dir='ltr'><strong>stravit;</strong></span> 
     </span>
     <span class='ocr_line' id='line_1_87' title="bbox 1586 3027 1979 3077; baseline -0.003 -14"><span class='ocrx_word' id='word_1_273' title='bbox 1586 3027 1710 3074; x_wconf 85' lang='lat' dir='ltr'><strong>Quam</strong></span> <span class='ocrx_word' id='word_1_274' title='bbox 1726 3027 1767 3064; x_wconf 95' lang='lat' dir='ltr'><strong>in</strong></span> <span class='ocrx_word' id='word_1_275' title='bbox 1784 3027 1979 3077; x_wconf 88' lang='lat' dir='ltr'><strong>proprium</strong></span> 
     </span>
     <span class='ocr_line' id='line_1_88' title="bbox 1538 3086 1962 3136; baseline 0.002 -13"><span class='ocrx_word' id='word_1_276' title='bbox 1538 3087 1742 3136; x_wconf 84' lang='lat' dir='ltr'><strong>Acceperat</strong></span> <span class='ocrx_word' id='word_1_277' title='bbox 1758 3086 1937 3124; x_wconf 83' lang='lat' dir='ltr'><strong>auxilium</strong></span> <span class='ocrx_word' id='word_1_278' title='bbox 1953 3115 1962 3132; x_wconf 93' lang='lat'><strong>,</strong></span> 
     </span>
     <span class='ocr_line' id='line_1_89' title="bbox 1633 3147 1933 3185; baseline 0.003 -1"><span class='ocrx_word' id='word_1_279' title='bbox 1633 3147 1788 3184; x_wconf 87' lang='lat' dir='ltr'><strong>Hostem</strong></span> <span class='ocrx_word' id='word_1_280' title='bbox 1806 3148 1933 3185; x_wconf 87' lang='lat' dir='ltr'><strong>sensit.</strong></span> 
     </span>
     <span class='ocr_line' id='line_1_90' title="bbox 1610 3208 1923 3246; baseline 0.006 -2"><span class='ocrx_word' id='word_1_281' title='bbox 1610 3208 1663 3244; x_wconf 84' lang='lat' dir='ltr'><strong>Ex</strong></span> <span class='ocrx_word' id='word_1_282' title='bbox 1678 3215 1769 3246; x_wconf 89' lang='lat' dir='ltr'><strong>tunc</strong></span> <span class='ocrx_word' id='word_1_283' title='bbox 1784 3209 1923 3246; x_wconf 85' lang='lat' dir='ltr'><strong>femina</strong></span> 
     </span>
     <span class='ocr_line' id='line_1_91' title="bbox 1538 3267 1988 3307; baseline 0 -1"><span class='ocrx_word' id='word_1_284' title='bbox 1538 3268 1721 3306; x_wconf 84' lang='lat' dir='ltr'><strong>Virorum</strong></span> <span class='ocrx_word' id='word_1_285' title='bbox 1735 3267 1809 3306; x_wconf 90' lang='lat' dir='ltr'><strong>tela</strong></span> <span class='ocrx_word' id='word_1_286' title='bbox 1825 3269 1988 3307; x_wconf 85' lang='lat' dir='ltr'><strong>maxima</strong></span> 
     </span>
     <span class='ocr_line' id='line_1_92' title="bbox 1632 3328 1854 3367; baseline 0.009 -2"><span class='ocrx_word' id='word_1_287' title='bbox 1632 3328 1854 3367; x_wconf 85' lang='lat' dir='ltr'><strong>Fabricavit.</strong></span> 
     </span>
    </p>
   </div>
   <div class='ocr_carea' id='block_1_13' title="bbox 2239 3537 2291 3579">
    <p class='ocr_par' dir='ltr' id='par_1_19' title="bbox 2239 3537 2291 3579">
     <span class='ocr_line' id='line_1_93' title="bbox 2239 3537 2291 3579; baseline 0.038 -2"><span class='ocrx_word' id='word_1_288' title='bbox 2239 3537 2291 3579; x_wconf 79' lang='lat'><strong>43</strong></span> 
     </span>
    </p>
   </div>
   <div class='ocr_carea' id='block_1_14' title="bbox 2385 385 2481 433">
    <p class='ocr_par' dir='ltr' id='par_1_20' title="bbox 2385 385 2481 433">
     <span class='ocr_line' id='line_1_94' title="bbox 2385 385 2481 433; baseline 0.01 -1"><span class='ocrx_word' id='word_1_289' title='bbox 2385 385 2481 433; x_wconf 83' lang='lat'><strong>33⁷</strong></span> 
     </span>
    </p>
   </div>
  </div>
 </body>
</html>
