2970 4152
531 378 626 427 426
1334 377 1504 423 PETRI
1540 377 1853 426 ABAELARDI

532 472 624 518 hoc
650 471 796 518 modo
821 470 1144 534 egrediuntur.
1175 473 1329 527 Quem
1364 480 1411 518 et
1438 487 1527 518 nos
1559 471 1705 519 hodie
1741 487 1980 536 egressum
2015 481 2379 535 praesentamus,
2408 489 2559 537 quum
2593 474 2654 522 de

532 552 728 600 urbibus
746 588 758 612 ,
786 552 860 599 vel
885 551 1109 611 castellis,
1139 561 1220 598 aut
1244 551 1390 612 villis,
1419 552 1572 600 clerus
1600 553 1776 618 pariter
1800 569 1855 599 ac
1878 551 2086 617 populus
2111 568 2221 599 cum
2247 554 2515 601 sanctuario
2546 571 2654 601 cru-

531 651 635 681 cem
660 633 859 679 adorare
888 632 1157 697 procedunt
1183 633 1232 678 in
1258 648 1457 697 campo,
1486 631 1596 698 ipsa*
1610 633 1832 680 videlicet
1861 632 1939 679 die
1969 649 2063 697 qua
2086 633 2298 697 primum
2330 634 2380 680 in
2412 650 2542 681 anno
2570 633 2656 682 do-

531 715 703 761 minica
728 714 949 761 recitatur
973 714 1147 778 passio.
1172 716 1276 771 Qua
1296 713 1490 778 quidem
1511 714 1718 778 generali
1740 713 1953 760 fidelium
1980 713 2312 779 processione,
2342 723 2571 778 tanquam
2595 715 2657 763 ad

529 795 791 841 Dominum
816 803 947 840 extra
968 803 1158 859 portam
1182 810 1375 859 passum
1399 794 1716 858 egredienteS,
1744 794 1976 859 passionis
2003 793 2151 858 ipsius
2176 810 2266 841 nos
2293 810 2531 841 memores
2555 810 2658 843 esse

528 874 827 940 profitemur,
859 875 995 939 quasi
1028 892 1139 922 eum
1169 892 1264 940 prae
1297 875 1445 923 oculis
1481 874 1758 922 crucifixum
1783 891 1873 939 pro
1904 873 2045 921 nobis
2077 874 2373 939 aspicientes.
2410 873 2480 920 Ad
2513 891 2658 939 quem

529 956 689 1018 utique
714 964 959 1019 aspectum
984 954 1303 1002 admonemur
1327 972 1476 1019 quum
1494 955 1681 1014 dicitur,
1704 964 1757 1002 ut
1779 964 1889 1020 post
1909 970 2147 1019 egressum
2172 964 2391 1001 nostrum
2410 954 2659 1002 videamus

529 1051 688 1098 regem
707 1035 1015 1082 Salomonem
1034 1036 1082 1081 in
1103 1035 1392 1094 diademate,
1419 1052 1515 1100 quo
1539 1036 1786 1082 coronavit
1804 1051 1915 1083 eum
1934 1045 2087 1082 mater
2105 1051 2189 1082 sua
2211 1055 2222 1082 ε
2246 1044 2414 1095 mater,
2437 1034 2654 1098 inquam,

534 1132 639 1175 sua,
669 1115 764 1162 hoc
789 1125 860 1162 est
882 1115 1073 1176 Judaea‚
1102 1116 1163 1162 de
1188 1133 1283 1180 qua
1307 1106 1406 1181 ipse
1431 1126 1570 1162 natus
1596 1126 1666 1163 est
1694 1115 1958 1163 secundum
1983 1132 2192 1163 carnem.

599 1216 621 1241 «
641 1196 918 1243 Diademate
937 1198 1185 1243 coronavit
1209 1214 1346 1256 eum,
1370 1216 1393 1241 n
1421 1196 1516 1243 hoc
1539 1206 1632 1257 est,
1655 1196 1716 1245 ad
1737 1196 1939 1243 modum
1958 1197 2149 1243 victoris
2169 1212 2280 1243 eum
2306 1194 2550 1254 exaltavit,
2574 1196 2658 1259 qui

530 1277 576 1321 in
608 1277 710 1340 ipsa
739 1272 894 1322 morte
919 1276 1122 1323 maxime
1142 1276 1203 1323 de
1223 1275 1416 1323 diabolo
1437 1276 1761 1341 triumphavit.
1785 1279 1857 1324 De
1881 1276 1971 1324 hac
1996 1276 2280 1323 exaltatione
2305 1275 2355 1321 in
2382 1275 2483 1340 ipsa
2507 1276 2660 1322 crucis

529 1358 863 1422 suspensione,
897 1358 1098 1422 ipsemet
1135 1358 1398 1406 Nicodemo
1428 1358 1519 1404 ait¹
1550 1376 1559 1404 :
1596 1377 1618 1402 «
1649 1358 1779 1405 Sicut
1818 1360 2005 1422 Moyses
2041 1357 2262 1405 exaltavit
2300 1365 2573 1422 serpentem
2607 1356 2657 1403 in

529 1436 744 1497 deserto,
772 1438 837 1484 ita
863 1438 1055 1485 exaltari
1079 1449 1269 1503 oportet
1293 1438 1445 1485 filium
1466 1438 1693 1485 hominis.
1718 1457 1740 1481 »
1750 1429 1980 1502 'Legimus
2006 1449 2053 1486 et
2075 1455 2102 1485 a
2128 1438 2298 1485 Judaeis
2316 1438 2472 1502 ipsum
2495 1438 2661 1489 Domi,-

529 1535 644 1564 num
678 1519 988 1583 corporaliter
1012 1519 1175 1583 spinea
1199 1536 1378 1567 corona
1404 1536 1505 1567 esse
1533 1530 1832 1567 coronatum.
1863 1519 2009 1577 Quod
2033 1536 2183 1583 quum
2209 1519 2276 1564 illi
2303 1519 2363 1565 ad
2389 1518 2660 1566 irrisionem

530 1608 574 1644 et
598 1615 788 1663 poenam
815 1600 1139 1659 intenderent,
1163 1601 1438 1663 mysterium
1464 1601 1614 1664 ignari
1637 1610 1879 1665 gesserunt
1907 1601 1976 1646 rei
2007 1598 2342 1646 convertendae
2367 1599 2416 1645 in
2436 1597 2653 1662 gloriam.

530 1682 601 1725 De
617 1696 712 1743 qua
737 1690 785 1727 et
811 1680 1055 1727 Psalmista
1074 1680 1260 1727 dudum
1278 1681 1578 1746 praedixerat²
1602 1699 1611 1726 :
1640 1700 1664 1726 «
1685 1681 1895 1728 Minuisti
1913 1696 2024 1727 eum
2042 1679 2187 1745 paulo
2207 1679 2366 1726 minus
2385 1678 2446 1726 ab
2462 1677 2656 1743 angelis,

528 1760 674 1823 gloria
698 1770 745 1807 et
769 1759 955 1807 honore
981 1762 1220 1828 coronasti
1243 1778 1354 1808 eum
1378 1780 1386 1807 :
1417 1771 1463 1808 et
1487 1762 1769 1808 constituisti
1806 1777 1917 1807 eum
1933 1752 2091 1824 'super
2124 1775 2271 1825 opera
2296 1775 2530 1806 manuum
2554 1768 2660 1806 tua-

528 1858 650 1887 rum.
674 1842 848 1888 Omnia
872 1842 1109 1906 subjecisti
1138 1842 1227 1889 sub
1254 1843 1456 1907 pedihus
1482 1843 1598 1906 ejus.
1623 1862 1645 1886 »
1668 1843 1812 1900 Quod
1832 1842 2028 1907 quidem
2050 1843 2377 1889 testimonium
2405 1841 2661 1907 Apostolus

529 1937 844 1985 prosequens,
876 1921 1080 1969 Hebraeis
1099 1921 1281 1968 scribit3
1301 1941 1310 1968 :
1341 1941 1365 1967 «
1383 1926 1504 1968 Eum
1529 1932 1711 1982 autem,
1735 1923 1819 1986 qui
1835 1923 1885 1968 in
1902 1921 2094 1969 modico
2114 1938 2260 1986 quam
2280 1920 2435 1985 angeli
2454 1920 2661 1968 minora-

529 2012 602 2048 tus
639 2012 731 2060 est,
767 2002 984 2050 videmus
1022 2006 1181 2050 Jesum
1220 2020 1306 2068 per
1341 2004 1611 2068 passionem
1641 2004 1808 2050 mortis
1839 2003 1988 2068 gloria
2012 2013 2059 2051 et
2085 2003 2273 2050 honore
2304 2013 2607 2051 coronatum.
2634 2021 2658 2048 »

530 2082 765 2145 Scriptum
789 2100 982 2147 quoque
1006 2093 1076 2130 est
1098 2084 1147 2129 in
1176 2087 1358 2130 Joanne
1372 2086 1402 2144 ⁴,
1424 2085 1534 2147 quia
1554 2104 1577 2129 «
1600 2085 1740 2131 exivit
1758 2088 1890 2131 Jesus
1906 2095 2103 2149 portans
2121 2085 2335 2149 spineam
2356 2098 2614 2131 coronam:
2635 2102 2658 2127 »

530 2174 581 2210 ut
602 2163 744 2209 etiam
761 2164 892 2226 juxta
916 2164 1120 2212 litteram
1146 2164 1286 2211 nobis
1304 2164 1365 2211 ad
1391 2181 1502 2212 eum
1526 2166 1584 2211 sit
1609 2165 1882 2212 exeundum
1897 2201 1909 2225 ‚
1933 2166 2053 2212 sicut
2071 2164 2351 2230 praedictum
2373 2174 2468 2224 est,
2493 2165 2543 2210 in
2563 2163 2661 2211 dia-

531 2246 719 2292 demate
743 2262 830 2292 suo
854 2245 1131 2292 videndum.
1488 2252 1503 2257 ”

595 2326 701 2372 Sive
726 2342 838 2390 ergo
864 2335 1143 2384 coronatUS,
1174 2326 1271 2372 sive
1301 2324 1649 2390 crucifigendus
1677 2326 1804 2372 exire
1832 2326 2044 2373 Christus
2073 2335 2384 2385 memoratur,
2412 2335 2466 2371 ut
2496 2341 2661 2390 repro-

532 2404 649 2451 batis
672 2405 866 2465 Judaeis,
898 2406 980 2469 qui
1004 2406 1053 2451 in
1077 2420 1187 2452 eum
1213 2406 1300 2452 ista
1325 2406 1691 2465 commiserunt,
1715 2406 1913 2470 gratiam
1941 2421 2076 2452 suam
2106 2405 2412 2470 praesignaret
2442 2404 2662 2452 transitu-

532 2502 633 2531 ram
658 2486 705 2531 in
725 2485 1024 2532 latitudinem
1047 2486 1284 2549 gentium,
1315 2485 1398 2532 ubi
1422 2485 1641 2550 videlieet
1664 2485 1983 2533 crucifixionis
2013 2485 2161 2545 saluS,
2193 2494 2240 2532 et
2271 2485 2490 2533 exaltatio
2516 2484 2662 2551 ipsius

532 2565 577 2611 in
599 2567 908 2631 acquisitione
925 2566 1185 2614 multorum
1208 2567 1519 2632 populorum,
1542 2552 1827 2614 undJudaeo
1851 2566 2133 2633 reprobato,
2154 2584 2255 2614 sese
2275 2567 2502 2615 dilatavit.
2523 2565 2661 2614 Unde

532 2655 577 2691 et
603 2645 725 2693 bene
746 2646 893 2693 hodie
916 2646 977 2693 ad
997 2663 1187 2694 crucem
1208 2647 1308 2710 ejus
1327 2647 1375 2693 in
1395 2664 1566 2712 campo
1596 2647 1891 2694 adorandam
1917 2647 2247 2713 procedimus,
2269 2649 2319 2694 in
2344 2647 2439 2695 hoc
2467 2648 2662 2711 mystice

533 2726 940 2788 demonstrantes,
968 2738 1065 2774 tam
1090 2728 1289 2792 gloriam
1314 2745 1459 2792 quam
1490 2728 1690 2776 salutem
1716 2729 1777 2776 de
1807 2728 1979 2776 Judaeis
2009 2745 2193 2794 egressa
2211 2745 2339 2789 esse,
2366 2739 2412 2776 et
2437 2730 2486 2775 in
2513 2729 2661 2793 genti-

533 2807 619 2854 bus
653 2826 754 2856 sese
785 2808 1019 2856 dilatasse.
1055 2809 1200 2866 Quod
1231 2819 1390 2855 autem
1420 2809 1731 2874 postmodum
1768 2810 2050 2856 revertimur
2080 2810 2142 2857 ad
2171 2809 2277 2856 loca
2310 2820 2494 2868 nostra,
2532 2809 2661 2856 unde

533 2887 770 2935 fueramus
805 2890 1004 2952 egressi,
1041 2888 1272 2953 significat
1306 2890 1352 2935 in
1386 2888 1482 2935 fine
1520 2889 1691 2936 mundi
1715 2889 1778 2936 ad
1801 2889 1989 2937 Judaeos
2025 2890 2286 2938 redituram
2311 2891 2508 2955 gratiam
2534 2890 2654 2936 Dei:

533 2969 726 3031 quando
756 2969 977 3017 videlicet
1006 2986 1092 3035 per
1123 2969 1506 3035 praedicationem
1539 2970 1707 3017 Enoch
1738 2980 1784 3017 et
1824 2970 1934 3017 Eliae
1972 2981 2157 3018 constat
2191 2987 2274 3018 eos
2308 2969 2660 3017 convertendos

534 3065 649 3095 esse.
675 3051 813 3098 Unde
833 3061 879 3098 et
902 3050 1179 3116 Apostolus¹⁵
1202 3070 1211 3097 :
1239 3071 1261 3096 «
1285 3050 1406 3097 Nolo
1421 3086 1433 3108 ‚
1457 3069 1482 3095 »
1510 3051 1688 3115 inquit,
1723 3069 1748 3096 α
1766 3068 1852 3098 vos
1870 3052 2112 3116 ignorare,
2135 3052 2322 3112 fratres,
2346 3052 2457 3115 quia
2481 3050 2661 3097 caecitas

535 3145 590 3174 ex
627 3141 759 3194 parte
794 3134 1026 3197 contingit
1049 3134 1099 3179 in
1124 3132 1294 3192 Israel,
1334 3131 1490 3179 donec
1525 3132 1775 3197 plenitudo
1815 3134 2027 3197 gentium
2062 3134 2287 3193 intraret,
2325 3143 2371 3180 et
2406 3133 2473 3179 sic
2504 3131 2660 3179 omnis

533 3211 675 3256 Israel
696 3211 850 3258 salvus
869 3213 1023 3273 fieret,
1047 3214 1167 3261 sicut
1189 3214 1416 3279 scriptum
1442 3223 1512 3260 est
1534 3231 1543 3259 :
1569 3232 1592 3258 «
1613 3213 1783 3260 Veniet
1805 3229 1862 3260 ex
1883 3215 1996 3261 Sion
2017 3215 2098 3279 qui
2117 3214 2283 3278 eripiat
2302 3223 2348 3260 et
2371 3222 2553 3260 avertat
2573 3213 2659 3259 im·

582 3399 590 3415 '
615 3400 724 3442 Joan.,
744 3411 816 3445 cap.
834 3414 887 3444 ιιι,
905 3414 934 3435 v.
955 3405 1005 3436 14.
1018 3423 1057 3427 —
1073 3404 1086 3420 ²
1105 3405 1219 3438 psalm.
1240 3417 1313 3446 vm,
1331 3417 1360 3439 v.
1379 3407 1410 3437 6.
1424 3423 1464 3429 -
1480 3406 1619 3444 ³Hebr.,
1635 3416 1706 3448 cap.
1729 3417 1768 3446 n,
1787 3417 1817 3439 v.
1835 3408 1868 3439 9.
1881 3425 1919 3431 -
1935 3406 1949 3424 ⁴
1963 3407 2072 3450 Joan.,
2089 3419 2160 3452 cap.
2180 3417 2235 3440 xix
2249 3431 2257 3446 ‚
2274 3416 2305 3438 v.
2325 3407 2357 3438 5.
2372 3423 2411 3429 ——
2428 3405 2440 3421 ¹⁵
2460 3405 2603 3438 Corinth.
2623 3405 2660 3443 1,

535 3470 606 3501 cap.
630 3471 647 3490 x
660 3485 667 3497 ,
684 3470 714 3492 v.
734 3465 762 3492 ¹.
