2970 4152
1249 400 1565 447 EPISTOLAE.
2378 402 2470 448 479
2519 421 2523 424 ⁴

352 511 444 541 me.
473 514 497 538 »
525 493 761 542 Officiales
785 511 954 541 omnes
976 502 1145 558 praeter
1163 493 1420 540 cantricem
1445 493 1506 539 de
1523 493 1597 540 his
1616 495 1948 552 instituantur,
1972 510 2077 558 quae
2095 493 2259 540 litteris
2278 508 2377 540 non
2403 495 2473 541 in-

350 574 579 635 tendunt,
603 585 656 622 ut
673 576 711 622 si
729 575 789 622 ad
810 574 904 622 hoc
926 574 1040 622 tales
1059 573 1256 639 reperiri
1269 574 1455 638 possint
1472 573 1673 632 idoneae,
1697 574 1861 621 litteris
1877 590 2046 621 vacare
2059 573 2255 620 liberius
2273 585 2466 637 queant.

414 657 622 703 Oratorii
645 665 927 702 ornamenta
950 654 1215 702 necessaria
1239 654 1359 712 sint,
1389 662 1487 700 non
1514 654 1784 718 superflua;
1819 654 1998 701 munda
2025 654 2174 717 magis
2200 670 2345 718 quam
2368 670 2474 718 pre-

349 738 487 784 tiosa.¹
517 738 642 784 Nihil
674 738 815 801 igitur
838 737 887 783 in
912 753 970 784 eo
990 736 1050 783 de
1076 752 1193 782 auro
1212 735 1288 783 vel
1306 735 1368 782 de
1392 728 1588 799 argento
1608 736 1926 799 compositum
1950 736 2008 782 sit
2027 745 2196 800 praeter
2226 751 2377 781 imum
2401 725 2475 782 ca-

350 818 488 865 licem
507 828 783 882 argenteum
799 853 812 877 ‚
833 817 909 864 vel
930 817 1088 882 plures
1112 817 1257 863 etiam
1274 817 1313 863 si
1332 832 1525 863 necesse
1545 816 1618 862 sit.
1645 816 1781 862 Nulla
1799 816 1860 862 de
1885 817 2035 863 serico
2061 817 2154 862 sint
2173 826 2470 870 ornamenta,

352 908 520 963 praeter
539 898 682 946 stolas
701 907 781 945 aut
805 897 1072 963 phanones,
1098 896 1234 944 Nulla
1259 896 1310 943 in
1337 913 1396 944 eo
1421 896 1516 943 sint
1535 897 1797 960 imaginum
1821 896 2067 961 sculptilia.
2093 900 2218 943 Crux
2238 897 2301 944 ibi
2320 897 2474 962 lignea

350 989 537 1026 tantum
559 980 765 1043 erigatur
788 978 850 1025 ad
877 977 1023 1025 altare
1037 1013 1050 1036 ‚
1086 978 1135 1023 in
1159 994 1255 1042 qua
1283 978 1323 1024 si
1346 977 1468 1024 forte
1489 978 1744 1041 imaginem
1767 977 2021 1024 Salvatoris
2044 976 2227 1042 placeat
2250 978 2470 1043 depingi,

349 1075 448 1106 non
476 1069 553 1106 est
575 1058 949 1125 prohibendum.
978 1058 1138 1105 Nullas
1160 1075 1275 1106 vero
1298 1058 1410 1105 alias
1434 1053 1662 1122 imagines
1686 1057 1849 1104 altaria
1878 1067 2186 1121 cognoscant.
2222 1060 2475 1123 Campanis

347 1139 533 1187 duabus
570 1140 910 1187 monasterium
944 1140 1002 1186 sit
1034 1149 1331 1186 contentum.
1363 1141 1452 1185 Vas
1476 1155 1609 1203 aquae
1634 1138 1894 1185 benedictae
1922 1139 1983 1185 ad
2009 1139 2256 1185 introitum
2281 1140 2474 1186 oratorii

349 1230 480 1267 extra
502 1220 763 1268 collocetur
781 1257 793 1280 ‚
825 1230 877 1267 ut
899 1236 954 1267 ea
976 1219 1330 1266 sanctificentur
1355 1236 1496 1266 mane
1528 1220 1830 1283 ingressurae,
1863 1218 1939 1265 vel
1970 1229 2079 1283 post
2106 1218 2473 1283 completorium

349 1317 558 1364 egressae.
592 1300 738 1348 Nullae
761 1300 1042 1347 monialium
1065 1299 1196 1346 horis
1227 1300 1383 1347 desint
1405 1299 1678 1358 canonicis3
1705 1299 1789 1346 sed
1811 1299 1968 1345 statim
2000 1308 2050 1345 ut
2072 1299 2311 1364 pulsatum
2339 1299 2474 1346 fuerit

348 1382 564 1447 signum,
602 1382 827 1430 omnibus
858 1382 960 1429 aliis
992 1381 1269 1447 postpositis
1303 1381 1366 1428 ad
1400 1381 1617 1427 divinum
1653 1390 1936 1445 properetur
1970 1379 2211 1438 officium,
2257 1380 2476 1427 modesto

349 1472 509 1511 tamen
546 1463 747 1510 incessu.
783 1465 1084 1510 lntroeuntes
1122 1472 1280 1509 autem
1317 1471 1500 1508 secreto
1536 1462 1828 1520 oratorium,
1866 1460 2028 1506 dicant
2050 1477 2155 1524 quae
2179 1465 2431 1525 poterunt¹
2461 1481 2469 1507 :

352 1562 375 1588 «
395 1542 610 1591 Introibo
632 1543 682 1590 in
706 1542 907 1590 domum
937 1553 1067 1590 tuam
1088 1579 1101 1601 ‚
1128 1541 1341 1590 adorabo
1367 1542 1429 1589 ad
1453 1542 1686 1607 templum
1710 1551 1929 1588 sanctum
1953 1551 2089 1588 tuum
2106 1577 2119 1601 ‚
2145 1551 2235 1588 etc.
2261 1560 2283 1585 υ
2312 1541 2477 1589 Nullus

348 1624 398 1671 in
423 1623 574 1671 choro
607 1623 728 1671 liber
750 1633 991 1683 teneatur,
1020 1623 1112 1670 nisi
1149 1622 1308 1670 officio
1336 1623 1557 1688 praesenti
1586 1622 1895 1670 necessarius.
1930 1621 2104 1668 Psalmi
2140 1632 2302 1687 aperte
2332 1632 2378 1669 et
2407 1622 2475 1668 di—

349 1705 518 1752 stincte
539 1704 602 1752 ad
624 1704 985 1768 intelligendum
1008 1703 1228 1750 dicantur
1244 1739 1256 1762 ,
1282 1714 1329 1750 et
1349 1713 1447 1750 tarn
1469 1702 1722 1749 moderata.
1740 1703 1799 1749 sit
1822 1701 2088 1768 psalmodia
2106 1702 2181 1749 vel
2204 1713 2369 1749 cantus
2386 1739 2397 1761 ‚
2429 1714 2476 1750 ut

348 1801 454 1849 quae
476 1801 647 1832 vocem
669 1783 850 1831 habent
880 1784 1123 1830 infirmam
1144 1784 1376 1831 sustinere
1410 1783 1614 1830 valeant.
1639 1782 1762 1829 Nihil
1784 1783 1832 1829 in
1856 1782 2051 1831 ecclesia
2070 1782 2252 1847 legatur
2273 1793 2355 1830 aut
2373 1799 2478 1830 can-

348 1874 474 1912 tetur
489 1901 501 1924 ‚
529 1864 619 1911 nisi
633 1863 694 1911 de
716 1863 990 1911 authentica
1013 1873 1257 1932 sumptum
1283 1864 1513 1929 scriptura
1531 1899 1544 1921 ‚
1572 1864 1779 1909 maxime
1805 1873 1964 1910 autem
1987 1862 2048 1910 de
2062 1866 2198 1910 Novo
2223 1863 2298 1910 vel
2319 1866 2476 1911 Veteri

347 1949 649 1995 Testamento
669 1981 681 2005 ,
714 1962 818 2010 quae
842 1955 1041 2010 utraque
1072 1945 1139 1992 sic
1164 1961 1250 2011 per
1272 1945 1499 1992 lectiones
1521 1945 1865 1992 distribuantur
1882 1981 1893 2002 ‚
1921 1954 1973 1991 ut
1997 1961 2053 1991 ex
2076 1945 2261 2009 integro
2283 1962 2370 2010 per
2396 1962 2478 1992 an-

349 2043 466 2074 num
490 2027 538 2073 in
563 2026 758 2074 ecclesia
783 2026 1015 2090 legantur.
1054 2026 1385 2091 Expositiones
1420 2042 1534 2073 vero
1569 2026 1782 2091 ipsorum
1815 2025 1891 2072 vel
1925 2042 2169 2072 sermones
2191 2025 2473 2087 doctorum,

348 2123 432 2154 seu
457 2106 676 2171 quaelibet
708 2106 950 2171 scripturae
971 2105 1150 2171 aliquid
1171 2105 1496 2153 aedificationis
1516 2105 1748 2153 habentes
1773 2105 1832 2152 ad
1860 2122 2074 2153 mensam
2100 2105 2175 2153 vel
2198 2107 2245 2153 in
2269 2107 2477 2173 capitulo

348 2187 604 2235 recitentur
626 2205 635 2233 :
663 2196 711 2234 et
733 2186 1008 2250 ubicunque
1030 2202 1152 2251 opus
1174 2186 1233 2232 sit
1257 2186 1475 2232 omnium
1497 2186 1638 2233 lectio
1663 2185 1969 2233 concedatur.
1993 2185 2129 2233 Nulla
2145 2196 2304 2234 autem
2324 2187 2479 2252 legere

348 2266 423 2316 vel
441 2277 633 2315 cantare
650 2277 904 2332 praesumat
921 2268 935 2291 ²
950 2303 962 2326 ,
989 2266 1081 2313 nisi
1102 2266 1236 2331 quod
1255 2267 1386 2332 prius
1404 2265 1687 2333 praeviderit.
1712 2267 1757 2313 Si
1782 2283 1876 2330 qua
1899 2266 2021 2314 forte
2042 2267 2103 2314 de
2127 2268 2183 2315 iis
2213 2267 2393 2332 aliquid
2428 2270 2476 2316 in

348 2348 560 2396 oratorio
594 2347 762 2394 vitiose
791 2346 1069 2413 protulerit,
1105 2346 1284 2394 ibidem
1319 2346 1636 2412 supplicando
1660 2363 1824 2394 coram
1847 2346 2073 2394 omuibus
2098 2348 2373 2407 satisfaciat,
2405 2367 2477 2398 se-

348 2438 479 2476 creto
505 2426 700 2476 dicens:
733 2448 755 2473 «
776 2431 972 2493 Ignosce
989 2464 1001 2488 ‚
1029 2429 1237 2476 Domine
1254 2464 1267 2488 ,
1294 2428 1437 2476 etiam
1459 2428 1550 2476 hac
1571 2429 1674 2476 vice
1701 2428 1994 2493 negligentiae
2012 2446 2145 2482 meae.
2171 2449 2194 2474 >›
2221 2431 2376 2478 Media
2397 2447 2478 2479 au-

350 2518 446 2557 tem
470 2518 637 2568 nocte,
664 2497 926 2563 secundum
951 2508 1299 2555 institutionem
1321 2507 1675 2574 propheticam,
1703 2509 1765 2556 ad
1789 2509 1968 2573 vigilias
1998 2520 2259 2557 nocturnas
2286 2528 2478 2575 surgen-

349 2590 465 2638 dum
490 2600 588 2649 est,
632 2599 829 2655 propter
860 2589 994 2654 quod
1027 2589 1150 2636 adeo
1181 2590 1459 2655 tempestive
1498 2589 1774 2636 cubandum
1809 2599 1905 2646 est,
1947 2599 1999 2637 ut
2028 2589 2115 2637 has
2145 2591 2322 2655 vigilias
2357 2593 2477 2640 ferre

349 2681 518 2718 natura
540 2670 693 2717 valeat
716 2669 907 2717 infirma
923 2706 935 2729 ‚
966 2679 1013 2717 et
1034 2670 1198 2717 omnia
1223 2686 1329 2734 quae
1347 2669 1408 2717 ad
1433 2669 1561 2717 diem
1580 2670 1821 2734 pertinent
1850 2686 1961 2716 cum
1991 2670 2099 2718 luce
2130 2670 2231 2718 fieri
2261 2673 2443 2738 possin‘t
2463 2710 2474 2731 ‚

349 2751 471 2799 sicut
489 2760 536 2799 et
554 2750 721 2798 beatus
740 2750 1024 2797 Benedictus
1051 2750 1267 2797 instituit.
1292 2753 1405 2797 Post
1422 2750 1604 2814 vigilias
1623 2760 1783 2797 autem
1802 2750 1863 2797 ad
1882 2750 2218 2799 dormitorium
2236 2753 2474 2813 redeatur,

349 2841 606 2896 antequam
630 2831 750 2879 hora
775 2831 1117 2878 matutinarum
1135 2830 1331 2878 laudum
1357 2830 1587 2896 pulsetur.
1619 2834 1677 2878 Et
1695 2831 1734 2878 si
1756 2830 1873 2895 quid
1897 2832 2051 2879 noctis
2070 2832 2228 2880 adhuc
2246 2845 2476 2898 superest,

350 2912 550 2960 inflrmae
574 2929 772 2960 somnus
795 2929 896 2959 non
920 2922 1118 2976 negetur
1136 2922 1332 2959 naturae.
1363 2913 1568 2960 Maxime
1592 2928 1801 2977 namque
1832 2928 2029 2960 somnus
2063 2912 2279 2960 lassatam
2303 2926 2481 2963 recreat

351 3003 571 3041 naturam
586 3029 598 3053 ‚
626 3002 673 3040 et
695 2993 955 3058 patientem
978 2993 1138 3058 operis
1162 2992 1321 3040 reddit
1337 3028 1349 3051 ‚
1376 3002 1423 3040 et
1447 2991 1653 3040 sobriam
1681 3002 1931 3039 conservat
1951 3028 1963 3050 ‚
1992 3003 2039 3040 et
2060 2993 2281 3040 alacrem.
2306 2995 2354 3041 Si
2377 3012 2481 3059 quae

350 3083 511 3121 tamen
529 3073 759 3120 Psaltere’c'
777 3072 852 3120 vel
875 3072 1143 3137 aliquarum
1161 3073 1423 3121 lectionum
1448 3072 1758 3120 meditatione
1775 3073 2010 3136 indigent,
2034 3083 2087 3120 ut
2104 3073 2270 3122 beatus
2288 3093 2482 3141 quoque

352 3155 569 3203 meminit
601 3153 916 3214 BenedictuS,
946 3169 1113 3201 vacare
1145 3154 1208 3201 ita
1249 3154 1455 3212 debent,
1498 3164 1550 3201 ut
1583 3154 1882 3218 quiescentes
1912 3170 2012 3200 non
2048 3155 2327 3219 inquietent.
2366 3157 2480 3205 Ideo

352 3251 560 3301 namque
594 3234 894 3283 meditationi
917 3234 1012 3281 hoc
1043 3233 1153 3281 loco
1171 3236 1332 3300 potius
1364 3251 1510 3299 quam
1541 3233 1734 3282 lectioni
1766 3234 1884 3281 dixit
1903 3269 1915 3292 ,
1944 3251 2005 3281 ne
2035 3235 2176 3283 lectio
2211 3237 2480 3301 aliquorum

351 3317 559 3381 quietem
594 3316 845 3383 impediret
868 3316 1086 3363 aliorum.
1118 3317 1211 3374 Qui
1239 3317 1380 3364 etiam
1406 3334 1556 3381 quum
1592 3316 1676 3375 ait,
1711 3336 1734 3360 «
1755 3333 1783 3363 a
1817 3315 2037 3364 fratribus
2070 3319 2151 3382 qui
2187 3318 2427 3383 indigent,
2456 3340 2477 3362 »

402 3502 409 3518 ¹
440 3501 556 3534 Psalm.
576 3514 607 3541 v,
626 3513 652 3534 v.
675 3503 708 3534 8.
728 3520 754 3524 --
788 3500 800 3517 “
815 3503 943 3534 Audeat
961 3500 1055 3535 mis.
