<?xml version="1.0" encoding="UTF-8"?>
<!DOCTYPE html PUBLIC "-//W3C//DTD XHTML 1.0 Transitional//EN"
    "http://www.w3.org/TR/xhtml1/DTD/xhtml1-transitional.dtd">
<html xmlns="http://www.w3.org/1999/xhtml" xml:lang="en" lang="en">
 <head>
  <title>
</title>
<meta http-equiv="Content-Type" content="text/html;charset=utf-8" />
  <meta name='ocr-system' content='tesseract 3.04.00' />
  <meta name='ocr-capabilities' content='ocr_page ocr_carea ocr_par ocr_line ocrx_word'/>
</head>
<body>
  <div class='ocr_page' id='page_1' title='image "./operahactenusseo01abeluoft_0271.png"; bbox 0 0 2970 4152; ppageno 0'>
   <div class='ocr_carea' id='block_1_1' title="bbox 840 432 2454 493">
    <p class='ocr_par' dir='ltr' id='par_1_1' title="bbox 840 432 2454 493">
     <span class='ocr_line' id='line_1_1' title="bbox 840 432 2454 493; baseline -0.002 -11"><span class='ocrx_word' id='word_1_1' title='bbox 840 435 959 487; x_wconf 89' lang='lat' dir='ltr'><strong>CUM</strong></span> <span class='ocrx_word' id='word_1_2' title='bbox 991 434 1161 482; x_wconf 87' lang='lat' dir='ltr'>PETRI</span> <span class='ocrx_word' id='word_1_3' title='bbox 1195 432 1504 482; x_wconf 83' lang='lat' dir='ltr'><strong>ABAELARDI</strong></span> <span class='ocrx_word' id='word_1_4' title='bbox 1538 433 1968 493; x_wconf 79' lang='lat' dir='ltr'><strong>SOLUTIONIBUS.</strong></span> <span class='ocrx_word' id='word_1_5' title='bbox 2359 433 2454 480; x_wconf 82' lang='lat'><strong>257</strong></span> 
     </span>
    </p>
   </div>
   <div class='ocr_carea' id='block_1_2' title="bbox 358 526 2490 3380">
    <p class='ocr_par' dir='ltr' id='par_1_2' title="bbox 358 526 2490 3380">
     <span class='ocr_line' id='line_1_2' title="bbox 358 526 2452 594; baseline -0.002 -17"><span class='ocrx_word' id='word_1_6' title='bbox 358 530 536 593; x_wconf 86' lang='lat' dir='ltr'><strong>justum</strong></span> <span class='ocrx_word' id='word_1_7' title='bbox 563 545 620 577; x_wconf 88' lang='lat' dir='ltr'><strong>ex</strong></span> <span class='ocrx_word' id='word_1_8' title='bbox 645 529 742 577; x_wconf 83' lang='lat' dir='ltr'><strong>vita</strong></span> <span class='ocrx_word' id='word_1_9' title='bbox 764 538 810 577; x_wconf 93' lang='lat' dir='ltr'><strong>et</strong></span> <span class='ocrx_word' id='word_1_10' title='bbox 835 527 1059 594; x_wconf 86' lang='lat' dir='ltr'>operibus</span> <span class='ocrx_word' id='word_1_11' title='bbox 1081 529 1182 592; x_wconf 88' lang='lat' dir='ltr'><strong>ejus</strong></span> <span class='ocrx_word' id='word_1_12' title='bbox 1203 528 1422 592; x_wconf 88' lang='lat' dir='ltr'><strong>ignorare</strong></span> <span class='ocrx_word' id='word_1_13' title='bbox 1443 543 1543 584; x_wconf 83' lang='lat' dir='ltr'><strong>non</strong></span> <span class='ocrx_word' id='word_1_14' title='bbox 1565 537 1785 592; x_wconf 91' lang='lat' dir='ltr'><strong>poterant</strong></span> <span class='ocrx_word' id='word_1_15' title='bbox 1800 563 1812 586; x_wconf 89' lang='lat'>‚</span> <span class='ocrx_word' id='word_1_16' title='bbox 1842 544 1931 575; x_wconf 90' lang='lat' dir='ltr'><strong>nec</strong></span> <span class='ocrx_word' id='word_1_17' title='bbox 1953 528 2039 574; x_wconf 91' lang='lat' dir='ltr'><strong>ista</strong></span> <span class='ocrx_word' id='word_1_18' title='bbox 2058 563 2069 587; x_wconf 94' lang='lat'><strong>,</strong></span> <span class='ocrx_word' id='word_1_19' title='bbox 2100 543 2204 591; x_wconf 82' lang='lat' dir='ltr'><strong>quae</strong></span> <span class='ocrx_word' id='word_1_20' title='bbox 2226 526 2423 574; x_wconf 82' lang='lat' dir='ltr'>faciebat</span> <span class='ocrx_word' id='word_1_21' title='bbox 2440 563 2452 586; x_wconf 92' lang='lat'><strong><em>‚</em></strong></span> 
     </span>
     <span class='ocr_line' id='line_1_3' title="bbox 358 606 2459 677; baseline -0.002 -19"><span class='ocrx_word' id='word_1_22' title='bbox 358 628 445 677; x_wconf 88' lang='lat' dir='ltr'><strong>per</strong></span> <span class='ocrx_word' id='word_1_23' title='bbox 463 611 688 676; x_wconf 91' lang='lat' dir='ltr'><strong>Spiritum</strong></span> <span class='ocrx_word' id='word_1_24' title='bbox 713 619 928 657; x_wconf 89' lang='lat' dir='ltr'><strong>sanctum</strong></span> <span class='ocrx_word' id='word_1_25' title='bbox 952 608 1071 656; x_wconf 87' lang='lat' dir='ltr'><strong>facta</strong></span> <span class='ocrx_word' id='word_1_26' title='bbox 1097 625 1214 665; x_wconf 79' lang='lat' dir='ltr'><strong>esse.</strong></span> <span class='ocrx_word' id='word_1_27' title='bbox 1237 611 1401 666; x_wconf 86' lang='lat' dir='ltr'><strong>Quum</strong></span> <span class='ocrx_word' id='word_1_28' title='bbox 1413 618 1537 672; x_wconf 48' lang='lat' dir='ltr'><strong>‘ergo</strong></span> <span class='ocrx_word' id='word_1_29' title='bbox 1562 617 1728 654; x_wconf 89' lang='lat' dir='ltr'><strong>contra</strong></span> <span class='ocrx_word' id='word_1_30' title='bbox 1751 609 2090 655; x_wconf 84' lang='lat' dir='ltr'><strong>conscientiam</strong></span> <span class='ocrx_word' id='word_1_31' title='bbox 2114 624 2248 654; x_wconf 92' lang='lat' dir='ltr'><strong>suam</strong></span> <span class='ocrx_word' id='word_1_32' title='bbox 2265 607 2366 654; x_wconf 84' lang='lat' dir='ltr'><strong>haec</strong></span> <span class='ocrx_word' id='word_1_33' title='bbox 2390 606 2459 653; x_wconf 92' lang='lat' dir='ltr'><strong>di-</strong></span> 
     </span>
     <span class='ocr_line' id='line_1_4' title="bbox 359 686 2457 756; baseline -0.002 -18"><span class='ocrx_word' id='word_1_34' title='bbox 359 700 521 738; x_wconf 89' lang='lat' dir='ltr'><strong>cerent</strong></span> <span class='ocrx_word' id='word_1_35' title='bbox 537 708 624 756; x_wconf 90' lang='lat' dir='ltr'><strong>per</strong></span> <span class='ocrx_word' id='word_1_36' title='bbox 646 689 904 754; x_wconf 88' lang='lat' dir='ltr'><strong>malignum</strong></span> <span class='ocrx_word' id='word_1_37' title='bbox 930 689 1145 753; x_wconf 89' lang='lat' dir='ltr'><strong>spiritum</strong></span> <span class='ocrx_word' id='word_1_38' title='bbox 1159 690 1305 752; x_wconf 59' lang='lat' dir='ltr'><strong>{quae</strong></span> <span class='ocrx_word' id='word_1_39' title='bbox 1322 687 1430 735; x_wconf 87' lang='lat' dir='ltr'><strong>fieri</strong></span> <span class='ocrx_word' id='word_1_40' title='bbox 1447 703 1546 734; x_wconf 89' lang='lat' dir='ltr'><strong>non</strong></span> <span class='ocrx_word' id='word_1_41' title='bbox 1572 686 1850 734; x_wconf 85' lang='lat' dir='ltr'><strong>dubitabant</strong></span> <span class='ocrx_word' id='word_1_42' title='bbox 1865 704 1951 752; x_wconf 89' lang='lat' dir='ltr'><strong>per</strong></span> <span class='ocrx_word' id='word_1_43' title='bbox 1966 688 2190 752; x_wconf 87' lang='lat' dir='ltr'><strong>Spiritum</strong></span> <span class='ocrx_word' id='word_1_44' title='bbox 2215 696 2457 745; x_wconf 88' lang='lat' dir='ltr'><strong>sanctum;</strong></span> 
     </span>
     <span class='ocr_line' id='line_1_5' title="bbox 359 766 2461 835; baseline -0.003 -17"><span class='ocrx_word' id='word_1_45' title='bbox 359 771 574 835; x_wconf 90' lang='lat' dir='ltr'><strong>profecto</strong></span> <span class='ocrx_word' id='word_1_46' title='bbox 591 770 791 817; x_wconf 85' lang='lat' dir='ltr'><strong>scienter</strong></span> <span class='ocrx_word' id='word_1_47' title='bbox 815 768 1094 815; x_wconf 79' lang='lat' dir='ltr'><strong>mentientes</strong></span> <span class='ocrx_word' id='word_1_48' title='bbox 1119 770 1276 833; x_wconf 90' lang='lat' dir='ltr'><strong>ipsum</strong></span> <span class='ocrx_word' id='word_1_49' title='bbox 1296 768 1522 832; x_wconf 89' lang='lat' dir='ltr'><strong>Spiritum</strong></span> <span class='ocrx_word' id='word_1_50' title='bbox 1546 776 1762 813; x_wconf 88' lang='lat' dir='ltr'><strong>sanctum</strong></span> <span class='ocrx_word' id='word_1_51' title='bbox 1793 766 2086 826; x_wconf 88' lang='lat' dir='ltr'><strong>asserebant,</strong></span> <span class='ocrx_word' id='word_1_52' title='bbox 2120 783 2220 814; x_wconf 87' lang='lat' dir='ltr'><strong>esse</strong></span> <span class='ocrx_word' id='word_1_53' title='bbox 2247 767 2461 832; x_wconf 87' lang='lat' dir='ltr'><strong>spiritum</strong></span> 
     </span>
     <span class='ocr_line' id='line_1_6' title="bbox 361 845 2465 913; baseline -0.002 -17"><span class='ocrx_word' id='word_1_54' title='bbox 361 848 636 913; x_wconf 89' lang='lat' dir='ltr'><strong>malignum.</strong></span> <span class='ocrx_word' id='word_1_55' title='bbox 670 851 724 894; x_wconf 89' lang='lat' dir='ltr'><strong>In</strong></span> <span class='ocrx_word' id='word_1_56' title='bbox 750 863 848 911; x_wconf 92' lang='lat' dir='ltr'><strong>quo</strong></span> <span class='ocrx_word' id='word_1_57' title='bbox 871 846 1013 911; x_wconf 90' lang='lat' dir='ltr'><strong>longe</strong></span> <span class='ocrx_word' id='word_1_58' title='bbox 1037 847 1185 910; x_wconf 87' lang='lat' dir='ltr'><strong>magis</strong></span> <span class='ocrx_word' id='word_1_59' title='bbox 1217 846 1568 911; x_wconf 88' lang='lat' dir='ltr'><strong>praesumpsisse</strong></span> <span class='ocrx_word' id='word_1_60' title='bbox 1588 845 1815 892; x_wconf 79' lang='lat' dir='ltr'><strong>&#39;videntur</strong></span> <span class='ocrx_word' id='word_1_61' title='bbox 1845 846 2121 892; x_wconf 90' lang='lat' dir='ltr'><strong>mentiendo</strong></span> <span class='ocrx_word' id='word_1_62' title='bbox 2138 882 2149 904; x_wconf 91' lang='lat'><strong>,</strong></span> <span class='ocrx_word' id='word_1_63' title='bbox 2185 862 2328 909; x_wconf 88' lang='lat' dir='ltr'><strong>quam</strong></span> <span class='ocrx_word' id='word_1_64' title='bbox 2365 846 2465 892; x_wconf 89' lang='lat' dir='ltr'><strong>dia·</strong></span> 
     </span>
     <span class='ocr_line' id='line_1_7' title="bbox 362 924 2467 993; baseline -0.001 -18"><span class='ocrx_word' id='word_1_65' title='bbox 362 928 502 975; x_wconf 91' lang='lat' dir='ltr'><strong>bolus</strong></span> <span class='ocrx_word' id='word_1_66' title='bbox 523 926 858 993; x_wconf 87' lang='lat' dir='ltr'><strong>superbiendo.</strong></span> <span class='ocrx_word' id='word_1_67' title='bbox 878 925 1107 973; x_wconf 89' lang='lat' dir='ltr'><strong>Diabolus</strong></span> <span class='ocrx_word' id='word_1_68' title='bbox 1130 926 1308 991; x_wconf 91' lang='lat' dir='ltr'><strong>quippe</strong></span> <span class='ocrx_word' id='word_1_69' title='bbox 1330 925 1546 989; x_wconf 85' lang='lat' dir='ltr'><strong>quamvis</strong></span> <span class='ocrx_word' id='word_1_70' title='bbox 1571 925 1819 990; x_wconf 88' lang='lat' dir='ltr'><strong>appetierit</strong></span> <span class='ocrx_word' id='word_1_71' title='bbox 1837 927 1939 972; x_wconf 91' lang='lat' dir='ltr'><strong>Deo</strong></span> <span class='ocrx_word' id='word_1_72' title='bbox 1965 924 2127 971; x_wconf 91' lang='lat' dir='ltr'><strong>similis</strong></span> <span class='ocrx_word' id='word_1_73' title='bbox 2152 927 2280 983; x_wconf 74' lang='lat' dir='ltr'><strong>es‘se,</strong></span> <span class='ocrx_word' id='word_1_74' title='bbox 2309 935 2356 972; x_wconf 91' lang='lat' dir='ltr'><strong>et</strong></span> <span class='ocrx_word' id='word_1_75' title='bbox 2383 941 2467 989; x_wconf 90' lang='lat' dir='ltr'><strong>per</strong></span> 
     </span>
     <span class='ocr_line' id='line_1_8' title="bbox 362 1003 2468 1071; baseline -0.002 -17"><span class='ocrx_word' id='word_1_76' title='bbox 362 1024 412 1054; x_wconf 88' lang='lat' dir='ltr'><strong>se</strong></span> <span class='ocrx_word' id='word_1_77' title='bbox 435 1022 634 1071; x_wconf 90' lang='lat' dir='ltr'><strong>regnum</strong></span> <span class='ocrx_word' id='word_1_78' title='bbox 667 1004 883 1053; x_wconf 89' lang='lat' dir='ltr'><strong>obtinere</strong></span> <span class='ocrx_word' id='word_1_79' title='bbox 911 1023 921 1052; x_wconf 90' lang='lat'>:</span> <span class='ocrx_word' id='word_1_80' title='bbox 954 1022 1054 1052; x_wconf 91' lang='lat' dir='ltr'><strong>non</strong></span> <span class='ocrx_word' id='word_1_81' title='bbox 1079 1015 1237 1052; x_wconf 86' lang='lat' dir='ltr'><strong>tamen</strong></span> <span class='ocrx_word' id='word_1_82' title='bbox 1259 1006 1309 1051; x_wconf 87' lang='lat' dir='ltr'><strong>in</strong></span> <span class='ocrx_word' id='word_1_83' title='bbox 1334 1014 1519 1051; x_wconf 83' lang='lat' dir='ltr'><strong>tantum</strong></span> <span class='ocrx_word' id='word_1_84' title='bbox 1544 1004 1610 1051; x_wconf 90' lang='lat' dir='ltr'><strong>ibi</strong></span> <span class='ocrx_word' id='word_1_85' title='bbox 1634 1005 1883 1065; x_wconf 83' lang='lat' dir='ltr'><strong>excessisse</strong></span> <span class='ocrx_word' id='word_1_86' title='bbox 1917 1003 2183 1051; x_wconf 88' lang='lat' dir='ltr'><strong>credendus</strong></span> <span class='ocrx_word' id='word_1_87' title='bbox 2207 1014 2275 1051; x_wconf 92' lang='lat' dir='ltr'><strong>est</strong></span> <span class='ocrx_word' id='word_1_88' title='bbox 2296 1041 2308 1062; x_wconf 89' lang='lat'><strong>,</strong></span> <span class='ocrx_word' id='word_1_89' title='bbox 2339 1015 2390 1051; x_wconf 90' lang='lat' dir='ltr'><strong>ut</strong></span> <span class='ocrx_word' id='word_1_90' title='bbox 2419 1006 2468 1051; x_wconf 92' lang='lat' dir='ltr'><strong>in</strong></span> 
     </span>
     <span class='ocr_line' id='line_1_9' title="bbox 364 1084 2472 1151; baseline -0.001 -17"><span class='ocrx_word' id='word_1_91' title='bbox 364 1097 541 1134; x_wconf 91' lang='lat' dir='ltr'><strong>tantam</strong></span> <span class='ocrx_word' id='word_1_92' title='bbox 568 1101 881 1151; x_wconf 84' lang='lat' dir='ltr'><strong>prorumpere</strong></span> <span class='ocrx_word' id='word_1_93' title='bbox 903 1084 1251 1149; x_wconf 88' lang='lat' dir='ltr'><strong>blasphemiam</strong></span> <span class='ocrx_word' id='word_1_94' title='bbox 1276 1084 1471 1132; x_wconf 84' lang='lat' dir='ltr'><strong>auderet</strong></span> <span class='ocrx_word' id='word_1_95' title='bbox 1487 1119 1500 1143; x_wconf 91' lang='lat'>‚</span> <span class='ocrx_word' id='word_1_96' title='bbox 1540 1094 1592 1130; x_wconf 88' lang='lat' dir='ltr'><strong>ut</strong></span> <span class='ocrx_word' id='word_1_97' title='bbox 1615 1087 1769 1131; x_wconf 89' lang='lat' dir='ltr'><strong>Deum</strong></span> <span class='ocrx_word' id='word_1_98' title='bbox 1798 1084 1987 1130; x_wconf 83' lang='lat' dir='ltr'><strong>mentiri</strong></span> <span class='ocrx_word' id='word_1_99' title='bbox 2011 1100 2109 1130; x_wconf 87' lang='lat' dir='ltr'><strong>esse</strong></span> <span class='ocrx_word' id='word_1_100' title='bbox 2134 1084 2309 1130; x_wconf 90' lang='lat' dir='ltr'><strong>malum</strong></span> <span class='ocrx_word' id='word_1_101' title='bbox 2337 1085 2472 1131; x_wconf 89' lang='lat' dir='ltr'><strong>susti-</strong></span> 
     </span>
     <span class='ocr_line' id='line_1_10' title="bbox 364 1163 2472 1230; baseline -0.002 -17"><span class='ocrx_word' id='word_1_102' title='bbox 364 1176 514 1214; x_wconf 88' lang='lat' dir='ltr'><strong>neret.</strong></span> <span class='ocrx_word' id='word_1_103' title='bbox 543 1165 681 1212; x_wconf 90' lang='lat' dir='ltr'><strong>Unde</strong></span> <span class='ocrx_word' id='word_1_104' title='bbox 707 1164 1001 1230; x_wconf 89' lang='lat' dir='ltr'><strong>blasphemia</strong></span> <span class='ocrx_word' id='word_1_105' title='bbox 1028 1165 1350 1211; x_wconf 90' lang='lat' dir='ltr'><strong>istorum.non</strong></span> <span class='ocrx_word' id='word_1_106' title='bbox 1376 1164 1535 1210; x_wconf 90' lang='lat' dir='ltr'><strong>minor</strong></span> <span class='ocrx_word' id='word_1_107' title='bbox 1556 1163 1777 1228; x_wconf 87' lang='lat' dir='ltr'><strong>superbia</strong></span> <span class='ocrx_word' id='word_1_108' title='bbox 1802 1163 1989 1210; x_wconf 90' lang='lat' dir='ltr'><strong>illorum</strong></span> <span class='ocrx_word' id='word_1_109' title='bbox 2008 1200 2019 1222; x_wconf 94' lang='lat'><strong>,</strong></span> <span class='ocrx_word' id='word_1_110' title='bbox 2049 1164 2132 1210; x_wconf 91' lang='lat' dir='ltr'><strong>sed</strong></span> <span class='ocrx_word' id='word_1_111' title='bbox 2158 1165 2296 1210; x_wconf 90' lang='lat' dir='ltr'><strong>etiam</strong></span> <span class='ocrx_word' id='word_1_112' title='bbox 2325 1166 2472 1227; x_wconf 89' lang='lat' dir='ltr'><strong>magis</strong></span> 
     </span>
     <span class='ocr_line' id='line_1_11' title="bbox 364 1242 2470 1306; baseline -0.001 -14"><span class='ocrx_word' id='word_1_113' title='bbox 364 1244 635 1293; x_wconf 84' lang='lat' dir='ltr'><strong>execrabilis</strong></span> <span class='ocrx_word' id='word_1_114' title='bbox 658 1243 872 1304; x_wconf 89' lang='lat' dir='ltr'><strong>videtur,</strong></span> <span class='ocrx_word' id='word_1_115' title='bbox 899 1254 952 1291; x_wconf 90' lang='lat' dir='ltr'><strong>ut</strong></span> <span class='ocrx_word' id='word_1_116' title='bbox 978 1244 1178 1291; x_wconf 91' lang='lat' dir='ltr'><strong>omnino</strong></span> <span class='ocrx_word' id='word_1_117' title='bbox 1200 1260 1227 1290; x_wconf 89' lang='lat' dir='ltr'><strong>a</strong></span> <span class='ocrx_word' id='word_1_118' title='bbox 1247 1244 1383 1290; x_wconf 90' lang='lat' dir='ltr'><strong>venia</strong></span> <span class='ocrx_word' id='word_1_119' title='bbox 1404 1242 1592 1290; x_wconf 85' lang='lat' dir='ltr'><strong>excludi</strong></span> <span class='ocrx_word' id='word_1_120' title='bbox 1617 1243 1674 1289; x_wconf 92' lang='lat' dir='ltr'><strong>sit</strong></span> <span class='ocrx_word' id='word_1_121' title='bbox 1699 1242 1857 1306; x_wconf 86' lang='lat' dir='ltr'><strong>digna.</strong></span> <span class='ocrx_word' id='word_1_122' title='bbox 1889 1246 2194 1306; x_wconf 89' lang='lat' dir='ltr'><strong>Nequaquam</strong></span> <span class='ocrx_word' id='word_1_123' title='bbox 2220 1244 2376 1290; x_wconf 86' lang='lat' dir='ltr'><strong>tamen</strong></span> <span class='ocrx_word' id='word_1_124' title='bbox 2401 1244 2470 1290; x_wconf 92' lang='lat' dir='ltr'><strong>di-</strong></span> 
     </span>
     <span class='ocr_line' id='line_1_12' title="bbox 366 1323 2472 1390; baseline -0.002 -17"><span class='ocrx_word' id='word_1_125' title='bbox 366 1328 516 1373; x_wconf 90' lang='lat' dir='ltr'><strong>cimus</strong></span> <span class='ocrx_word' id='word_1_126' title='bbox 539 1324 671 1390; x_wconf 89' lang='lat' dir='ltr'><strong>quod</strong></span> <span class='ocrx_word' id='word_1_127' title='bbox 694 1325 969 1390; x_wconf 86' lang='lat' dir='ltr'><strong>poenitentia</strong></span> <span class='ocrx_word' id='word_1_128' title='bbox 992 1324 1155 1371; x_wconf 86' lang='lat' dir='ltr'><strong>talium</strong></span> <span class='ocrx_word' id='word_1_129' title='bbox 1171 1359 1184 1380; x_wconf 93' lang='lat'>‚</span> <span class='ocrx_word' id='word_1_130' title='bbox 1222 1324 1261 1371; x_wconf 93' lang='lat' dir='ltr'><strong>si</strong></span> <span class='ocrx_word' id='word_1_131' title='bbox 1283 1334 1431 1383; x_wconf 87' lang='lat' dir='ltr'><strong>esset,</strong></span> <span class='ocrx_word' id='word_1_132' title='bbox 1459 1323 1800 1387; x_wconf 86' lang='lat' dir='ltr'><strong>indulgentiam</strong></span> <span class='ocrx_word' id='word_1_133' title='bbox 1826 1339 1925 1369; x_wconf 90' lang='lat' dir='ltr'><strong>non</strong></span> <span class='ocrx_word' id='word_1_134' title='bbox 1950 1323 2221 1387; x_wconf 78' lang='lat' dir='ltr'><strong>impetraret</strong></span> <span class='ocrx_word' id='word_1_135' title='bbox 2255 1342 2265 1369; x_wconf 90' lang='lat'>:</span> <span class='ocrx_word' id='word_1_136' title='bbox 2308 1323 2390 1370; x_wconf 91' lang='lat' dir='ltr'><strong>sed</strong></span> <span class='ocrx_word' id='word_1_137' title='bbox 2415 1340 2472 1370; x_wconf 87' lang='lat' dir='ltr'><strong>ex</strong></span> 
     </span>
     <span class='ocr_line' id='line_1_13' title="bbox 367 1402 2473 1466; baseline -0 -15"><span class='ocrx_word' id='word_1_138' title='bbox 367 1405 599 1452; x_wconf 90' lang='lat' dir='ltr'><strong>sententia</strong></span> <span class='ocrx_word' id='word_1_139' title='bbox 619 1404 813 1451; x_wconf 88' lang='lat' dir='ltr'><strong>Domini</strong></span> <span class='ocrx_word' id='word_1_140' title='bbox 839 1420 1007 1465; x_wconf 83' lang='lat' dir='ltr'><strong>omnes</strong></span> <span class='ocrx_word' id='word_1_141' title='bbox 1028 1403 1144 1450; x_wconf 89' lang='lat' dir='ltr'><strong>tales</strong></span> <span class='ocrx_word' id='word_1_142' title='bbox 1168 1403 1407 1450; x_wconf 90' lang='lat' dir='ltr'><strong>credimus</strong></span> <span class='ocrx_word' id='word_1_143' title='bbox 1433 1403 1498 1449; x_wconf 92' lang='lat' dir='ltr'><strong>ita</strong></span> <span class='ocrx_word' id='word_1_144' title='bbox 1518 1403 1742 1466; x_wconf 90' lang='lat' dir='ltr'><strong>Spiritum</strong></span> <span class='ocrx_word' id='word_1_145' title='bbox 1766 1403 1853 1449; x_wconf 91' lang='lat' dir='ltr'><strong>Dei</strong></span> <span class='ocrx_word' id='word_1_146' title='bbox 1877 1402 2178 1449; x_wconf 83' lang='lat' dir='ltr'><strong>exacerbasse</strong></span> <span class='ocrx_word' id='word_1_147' title='bbox 2193 1438 2206 1462; x_wconf 90' lang='lat'><strong>,</strong></span> <span class='ocrx_word' id='word_1_148' title='bbox 2238 1412 2287 1449; x_wconf 94' lang='lat' dir='ltr'><strong>ut</strong></span> <span class='ocrx_word' id='word_1_149' title='bbox 2311 1404 2359 1449; x_wconf 93' lang='lat' dir='ltr'><strong>in</strong></span> <span class='ocrx_word' id='word_1_150' title='bbox 2391 1420 2473 1450; x_wconf 86' lang='lat' dir='ltr'><strong>sua</strong></span> 
     </span>
     <span class='ocr_line' id='line_1_14' title="bbox 369 1482 2474 1548; baseline -0.001 -17"><span class='ocrx_word' id='word_1_151' title='bbox 369 1483 590 1543; x_wconf 87' lang='lat' dir='ltr'><strong>obstinati</strong></span> <span class='ocrx_word' id='word_1_152' title='bbox 607 1482 800 1543; x_wconf 89' lang='lat' dir='ltr'><strong>malitia,</strong></span> <span class='ocrx_word' id='word_1_153' title='bbox 823 1484 1012 1548; x_wconf 91' lang='lat' dir='ltr'><strong>penitus</strong></span> <span class='ocrx_word' id='word_1_154' title='bbox 1029 1483 1205 1530; x_wconf 86' lang='lat' dir='ltr'><strong>exclusi</strong></span> <span class='ocrx_word' id='word_1_155' title='bbox 1220 1483 1393 1530; x_wconf 89' lang='lat' dir='ltr'><strong>fuerint</strong></span> <span class='ocrx_word' id='word_1_156' title='bbox 1412 1499 1438 1530; x_wconf 93' lang='lat' dir='ltr'><strong>a</strong></span> <span class='ocrx_word' id='word_1_157' title='bbox 1455 1483 1616 1546; x_wconf 89' lang='lat' dir='ltr'><strong>gratia.</strong></span> <span class='ocrx_word' id='word_1_158' title='bbox 1638 1485 1770 1528; x_wconf 88' lang='lat' dir='ltr'><strong>Hanc</strong></span> <span class='ocrx_word' id='word_1_159' title='bbox 1789 1491 1946 1528; x_wconf 90' lang='lat' dir='ltr'><strong>autem</strong></span> <span class='ocrx_word' id='word_1_160' title='bbox 1967 1482 2261 1529; x_wconf 86' lang='lat' dir='ltr'><strong>manifestam</strong></span> <span class='ocrx_word' id='word_1_161' title='bbox 2278 1483 2474 1546; x_wconf 85' lang='lat' dir='ltr'><strong>gratiam</strong></span> 
     </span>
     <span class='ocr_line' id='line_1_15' title="bbox 368 1561 2475 1627; baseline -0 -17"><span class='ocrx_word' id='word_1_162' title='bbox 368 1565 486 1623; x_wconf 91' lang='lat' dir='ltr'><strong>Dei,</strong></span> <span class='ocrx_word' id='word_1_163' title='bbox 525 1580 629 1627; x_wconf 83' lang='lat' dir='ltr'><strong>quae</strong></span> <span class='ocrx_word' id='word_1_164' title='bbox 650 1580 700 1610; x_wconf 89' lang='lat' dir='ltr'><strong>se</strong></span> <span class='ocrx_word' id='word_1_165' title='bbox 729 1564 777 1610; x_wconf 89' lang='lat' dir='ltr'><strong>in</strong></span> <span class='ocrx_word' id='word_1_166' title='bbox 802 1562 989 1610; x_wconf 92' lang='lat' dir='ltr'><strong>Christo</strong></span> <span class='ocrx_word' id='word_1_167' title='bbox 1013 1580 1100 1627; x_wconf 87' lang='lat' dir='ltr'><strong>per</strong></span> <span class='ocrx_word' id='word_1_168' title='bbox 1126 1562 1347 1610; x_wconf 87' lang='lat' dir='ltr'><strong>effectum</strong></span> <span class='ocrx_word' id='word_1_169' title='bbox 1371 1562 1710 1609; x_wconf 88' lang='lat' dir='ltr'><strong>miraculorum</strong></span> <span class='ocrx_word' id='word_1_170' title='bbox 1737 1561 1936 1621; x_wconf 82' lang='lat' dir='ltr'><strong>revelat,</strong></span> <span class='ocrx_word' id='word_1_171' title='bbox 1972 1565 2119 1608; x_wconf 91' lang='lat' dir='ltr'><strong>Lucas</strong></span> <span class='ocrx_word' id='word_1_172' title='bbox 2143 1563 2357 1626; x_wconf 87' lang='lat' dir='ltr'><strong>superius</strong></span> <span class='ocrx_word' id='word_1_173' title='bbox 2391 1580 2475 1626; x_wconf 88' lang='lat' dir='ltr'><strong>per</strong></span> 
     </span>
     <span class='ocr_line' id='line_1_16' title="bbox 370 1641 2475 1707; baseline -0.001 -16"><span class='ocrx_word' id='word_1_174' title='bbox 370 1643 569 1707; x_wconf 86' lang='lat' dir='ltr'><strong>digitum</strong></span> <span class='ocrx_word' id='word_1_175' title='bbox 598 1643 688 1690; x_wconf 92' lang='lat' dir='ltr'><strong>Dei</strong></span> <span class='ocrx_word' id='word_1_176' title='bbox 723 1642 961 1707; x_wconf 88' lang='lat' dir='ltr'><strong>designat,</strong></span> <span class='ocrx_word' id='word_1_177' title='bbox 993 1644 1097 1707; x_wconf 93' lang='lat' dir='ltr'><strong>ipso</strong></span> <span class='ocrx_word' id='word_1_178' title='bbox 1134 1642 1322 1690; x_wconf 90' lang='lat' dir='ltr'><strong>dicente</strong></span> <span class='ocrx_word' id='word_1_179' title='bbox 1350 1643 1589 1689; x_wconf 88' lang='lat' dir='ltr'><strong>Domino¹</strong></span> <span class='ocrx_word' id='word_1_180' title='bbox 1630 1660 1639 1688; x_wconf 74' lang='grc' dir='ltr'>ε</span> <span class='ocrx_word' id='word_1_181' title='bbox 1674 1661 1696 1686; x_wconf 90' lang='lat'><strong><em>«</em></strong></span> <span class='ocrx_word' id='word_1_182' title='bbox 1736 1645 1885 1688; x_wconf 88' lang='lat' dir='ltr'><strong>Porro</strong></span> <span class='ocrx_word' id='word_1_183' title='bbox 1917 1642 2028 1688; x_wconf 90' lang='lat' dir='ltr'><strong>siin</strong></span> <span class='ocrx_word' id='word_1_184' title='bbox 2054 1641 2200 1706; x_wconf 88' lang='lat' dir='ltr'><strong>digito</strong></span> <span class='ocrx_word' id='word_1_185' title='bbox 2223 1644 2309 1689; x_wconf 90' lang='lat' dir='ltr'><strong>Dei</strong></span> <span class='ocrx_word' id='word_1_186' title='bbox 2342 1643 2475 1705; x_wconf 88' lang='lat' dir='ltr'><strong>ejicio</strong></span> 
     </span>
     <span class='ocr_line' id='line_1_17' title="bbox 370 1721 2472 1787; baseline -0.001 -16"><span class='ocrx_word' id='word_1_187' title='bbox 370 1724 631 1783; x_wconf 87' lang='lat' dir='ltr'><strong>daemonia,</strong></span> <span class='ocrx_word' id='word_1_188' title='bbox 667 1741 692 1768; x_wconf 91' lang='lat'>»</span> <span class='ocrx_word' id='word_1_189' title='bbox 719 1739 889 1770; x_wconf 92' lang='lat' dir='ltr'><strong>manus</strong></span> <span class='ocrx_word' id='word_1_190' title='bbox 918 1723 1094 1787; x_wconf 91' lang='lat' dir='ltr'><strong>quippe</strong></span> <span class='ocrx_word' id='word_1_191' title='bbox 1122 1723 1218 1770; x_wconf 87' lang='lat' dir='ltr'><strong>sive</strong></span> <span class='ocrx_word' id='word_1_192' title='bbox 1248 1723 1457 1781; x_wconf 83' lang='lat' dir='ltr'><strong>dextera,</strong></span> <span class='ocrx_word' id='word_1_193' title='bbox 1486 1722 1559 1769; x_wconf 92' lang='lat' dir='ltr'><strong>vel</strong></span> <span class='ocrx_word' id='word_1_194' title='bbox 1581 1721 1831 1769; x_wconf 89' lang='lat' dir='ltr'><strong>brachium</strong></span> <span class='ocrx_word' id='word_1_195' title='bbox 1859 1723 1945 1769; x_wconf 91' lang='lat' dir='ltr'><strong>Dei</strong></span> <span class='ocrx_word' id='word_1_196' title='bbox 1972 1722 2113 1769; x_wconf 90' lang='lat' dir='ltr'><strong>Filius</strong></span> <span class='ocrx_word' id='word_1_197' title='bbox 2140 1723 2240 1785; x_wconf 90' lang='lat' dir='ltr'><strong>ejus</strong></span> <span class='ocrx_word' id='word_1_198' title='bbox 2277 1723 2472 1782; x_wconf 88' lang='lat' dir='ltr'><strong>dicitur;</strong></span> 
     </span>
     <span class='ocr_line' id='line_1_18' title="bbox 370 1802 2478 1868; baseline 0 -18"><span class='ocrx_word' id='word_1_199' title='bbox 370 1805 418 1850; x_wconf 90' lang='lat' dir='ltr'><strong>in</strong></span> <span class='ocrx_word' id='word_1_200' title='bbox 437 1803 527 1850; x_wconf 89' lang='lat' dir='ltr'><strong>hac</strong></span> <span class='ocrx_word' id='word_1_201' title='bbox 552 1819 695 1850; x_wconf 91' lang='lat' dir='ltr'><strong>manu</strong></span> <span class='ocrx_word' id='word_1_202' title='bbox 713 1802 886 1867; x_wconf 89' lang='lat' dir='ltr'><strong>digitus</strong></span> <span class='ocrx_word' id='word_1_203' title='bbox 901 1812 970 1850; x_wconf 94' lang='lat' dir='ltr'><strong>est</strong></span> <span class='ocrx_word' id='word_1_204' title='bbox 993 1802 1239 1850; x_wconf 88' lang='lat' dir='ltr'><strong>manifesta</strong></span> <span class='ocrx_word' id='word_1_205' title='bbox 1256 1802 1474 1867; x_wconf 85' lang='lat' dir='ltr'><strong>quaelibet</strong></span> <span class='ocrx_word' id='word_1_206' title='bbox 1489 1803 1637 1849; x_wconf 90' lang='lat' dir='ltr'><strong>sancti</strong></span> <span class='ocrx_word' id='word_1_207' title='bbox 1659 1803 1856 1867; x_wconf 89' lang='lat' dir='ltr'><strong>Spiritus</strong></span> <span class='ocrx_word' id='word_1_208' title='bbox 1875 1802 2103 1866; x_wconf 90' lang='lat' dir='ltr'><strong>operatio.</strong></span> <span class='ocrx_word' id='word_1_209' title='bbox 2128 1803 2283 1867; x_wconf 87' lang='lat' dir='ltr'><strong>Digito</strong></span> <span class='ocrx_word' id='word_1_210' title='bbox 2301 1804 2478 1868; x_wconf 90' lang='lat' dir='ltr'><strong>quippe</strong></span> 
     </span>
     <span class='ocr_line' id='line_1_19' title="bbox 359 1880 2482 1948; baseline -0 -17"><span class='ocrx_word' id='word_1_211' title='bbox 359 1884 576 1931; x_wconf 81' lang='lat' dir='ltr'><strong>maxime</strong></span> <span class='ocrx_word' id='word_1_212' title='bbox 600 1883 779 1931; x_wconf 90' lang='lat' dir='ltr'><strong>utimur</strong></span> <span class='ocrx_word' id='word_1_213' title='bbox 808 1883 858 1929; x_wconf 91' lang='lat' dir='ltr'><strong>in</strong></span> <span class='ocrx_word' id='word_1_214' title='bbox 886 1881 1292 1930; x_wconf 88' lang='lat' dir='ltr'><strong>demonstratione</strong></span> <span class='ocrx_word' id='word_1_215' title='bbox 1321 1882 1642 1948; x_wconf 89' lang='lat' dir='ltr'><strong>corporalium</strong></span> <span class='ocrx_word' id='word_1_216' title='bbox 1667 1899 1825 1928; x_wconf 87' lang='lat' dir='ltr'><strong>rerum</strong></span> <span class='ocrx_word' id='word_1_217' title='bbox 1855 1900 1864 1927; x_wconf 75' lang='grc' dir='ltr'><strong><em>ε</em></strong></span> <span class='ocrx_word' id='word_1_218' title='bbox 1898 1882 2025 1929; x_wconf 91' lang='lat' dir='ltr'><strong>unde</strong></span> <span class='ocrx_word' id='word_1_219' title='bbox 2051 1882 2249 1946; x_wconf 89' lang='lat' dir='ltr'><strong>digitum</strong></span> <span class='ocrx_word' id='word_1_220' title='bbox 2272 1880 2357 1930; x_wconf 79' lang='lat' dir='ltr'><strong>D&#39;ei</strong></span> <span class='ocrx_word' id='word_1_221' title='bbox 2383 1885 2482 1947; x_wconf 87' lang='lat' dir='ltr'><strong>Spi-</strong></span> 
     </span>
     <span class='ocr_line' id='line_1_20' title="bbox 373 1960 2482 2027; baseline -0 -17"><span class='ocrx_word' id='word_1_222' title='bbox 373 1964 515 2010; x_wconf 90' lang='lat' dir='ltr'><strong>ritum</strong></span> <span class='ocrx_word' id='word_1_223' title='bbox 540 1962 640 2026; x_wconf 90' lang='lat' dir='ltr'><strong>ejus</strong></span> <span class='ocrx_word' id='word_1_224' title='bbox 668 1962 809 2022; x_wconf 89' lang='lat' dir='ltr'><strong>dicit,</strong></span> <span class='ocrx_word' id='word_1_225' title='bbox 835 1978 985 2026; x_wconf 91' lang='lat' dir='ltr'><strong>quum</strong></span> <span class='ocrx_word' id='word_1_226' title='bbox 1009 1962 1203 2026; x_wconf 87' lang='lat' dir='ltr'><strong>gratiam</strong></span> <span class='ocrx_word' id='word_1_227' title='bbox 1241 1978 1376 2009; x_wconf 91' lang='lat' dir='ltr'><strong>suam</strong></span> <span class='ocrx_word' id='word_1_228' title='bbox 1402 1978 1489 2027; x_wconf 93' lang='lat' dir='ltr'><strong>per</strong></span> <span class='ocrx_word' id='word_1_229' title='bbox 1524 1961 1729 2025; x_wconf 89' lang='lat' dir='ltr'><strong>aliquem</strong></span> <span class='ocrx_word' id='word_1_230' title='bbox 1772 1960 1990 2008; x_wconf 79' lang='lat' dir='ltr'><strong>effectum</strong></span> <span class='ocrx_word' id='word_1_231' title='bbox 2026 1960 2242 2008; x_wconf 85' lang='lat' dir='ltr'><strong>beneficii</strong></span> <span class='ocrx_word' id='word_1_232' title='bbox 2265 1972 2482 2027; x_wconf 88' lang='lat' dir='ltr'><strong>patenter</strong></span> 
     </span>
     <span class='ocr_line' id='line_1_21' title="bbox 374 2041 2482 2108; baseline -0 -17"><span class='ocrx_word' id='word_1_233' title='bbox 374 2043 586 2103; x_wconf 86' lang='lat' dir='ltr'><strong>exhibet,</strong></span> <span class='ocrx_word' id='word_1_234' title='bbox 616 2052 667 2090; x_wconf 90' lang='lat' dir='ltr'><strong>ut</strong></span> <span class='ocrx_word' id='word_1_235' title='bbox 687 2058 787 2090; x_wconf 91' lang='lat' dir='ltr'><strong>non</strong></span> <span class='ocrx_word' id='word_1_236' title='bbox 813 2043 904 2090; x_wconf 91' lang='lat' dir='ltr'><strong>nisi</strong></span> <span class='ocrx_word' id='word_1_237' title='bbox 928 2043 1018 2090; x_wconf 90' lang='lat' dir='ltr'><strong>Dei</strong></span> <span class='ocrx_word' id='word_1_238' title='bbox 1045 2059 1166 2108; x_wconf 92' lang='lat' dir='ltr'><strong>opus</strong></span> <span class='ocrx_word' id='word_1_239' title='bbox 1191 2042 1308 2090; x_wconf 90' lang='lat' dir='ltr'><strong>illud</strong></span> <span class='ocrx_word' id='word_1_240' title='bbox 1332 2042 1578 2103; x_wconf 89' lang='lat' dir='ltr'><strong>credatur,</strong></span> <span class='ocrx_word' id='word_1_241' title='bbox 1612 2042 1696 2089; x_wconf 91' lang='lat' dir='ltr'><strong>etsi</strong></span> <span class='ocrx_word' id='word_1_242' title='bbox 1727 2041 1943 2089; x_wconf 88' lang='lat' dir='ltr'><strong>nonnulli</strong></span> <span class='ocrx_word' id='word_1_243' title='bbox 1976 2059 2065 2107; x_wconf 91' lang='lat' dir='ltr'><strong>per.</strong></span> <span class='ocrx_word' id='word_1_244' title='bbox 2089 2041 2314 2089; x_wconf 90' lang='lat' dir='ltr'><strong>invidiam</strong></span> <span class='ocrx_word' id='word_1_245' title='bbox 2349 2060 2482 2090; x_wconf 84' lang='lat' dir='ltr'><strong>more</strong></span> 
     </span>
     <span class='ocr_line' id='line_1_22' title="bbox 375 2123 2483 2189; baseline -0 -18"><span class='ocrx_word' id='word_1_246' title='bbox 375 2124 715 2189; x_wconf 86' lang='lat' dir='ltr'><strong>pharisaeorum</strong></span> <span class='ocrx_word' id='word_1_247' title='bbox 745 2123 859 2171; x_wconf 92' lang='lat' dir='ltr'><strong>illud</strong></span> <span class='ocrx_word' id='word_1_248' title='bbox 885 2123 1249 2171; x_wconf 76' lang='lat' dir='ltr'><strong>calumnientur,</strong></span> <span class='ocrx_word' id='word_1_249' title='bbox 1280 2127 1337 2171; x_wconf 89' lang='lat' dir='ltr'><strong>Et</strong></span> <span class='ocrx_word' id='word_1_250' title='bbox 1364 2124 1458 2171; x_wconf 87' lang='lat' dir='ltr'><strong>hoc</strong></span> <span class='ocrx_word' id='word_1_251' title='bbox 1486 2133 1556 2172; x_wconf 93' lang='lat' dir='ltr'><strong>est</strong></span> <span class='ocrx_word' id='word_1_252' title='bbox 1584 2123 1679 2170; x_wconf 90' lang='lat' dir='ltr'><strong>hoc</strong></span> <span class='ocrx_word' id='word_1_253' title='bbox 1706 2133 1953 2189; x_wconf 86' lang='lat' dir='ltr'><strong>peccatum</strong></span> <span class='ocrx_word' id='word_1_254' title='bbox 1978 2123 2281 2189; x_wconf 80' lang='lat' dir='ltr'><strong>blasphemiae</strong></span> <span class='ocrx_word' id='word_1_255' title='bbox 2306 2124 2353 2170; x_wconf 87' lang='lat' dir='ltr'><strong>in</strong></span> <span class='ocrx_word' id='word_1_256' title='bbox 2382 2126 2483 2189; x_wconf 83' lang='lat' dir='ltr'><strong>Spi-</strong></span> 
     </span>
     <span class='ocr_line' id='line_1_23' title="bbox 377 2203 2479 2270; baseline 0 -20"><span class='ocrx_word' id='word_1_257' title='bbox 377 2205 518 2250; x_wconf 88' lang='lat' dir='ltr'><strong>ritum</strong></span> <span class='ocrx_word' id='word_1_258' title='bbox 557 2213 802 2263; x_wconf 90' lang='lat' dir='ltr'><strong>sanctum,</strong></span> <span class='ocrx_word' id='word_1_259' title='bbox 841 2220 929 2268; x_wconf 90' lang='lat' dir='ltr'><strong>per</strong></span> <span class='ocrx_word' id='word_1_260' title='bbox 966 2220 1109 2268; x_wconf 91' lang='lat' dir='ltr'><strong>quem</strong></span> <span class='ocrx_word' id='word_1_261' title='bbox 1148 2205 1360 2251; x_wconf 91' lang='lat' dir='ltr'><strong>remissio</strong></span> <span class='ocrx_word' id='word_1_262' title='bbox 1388 2203 1441 2250; x_wconf 86' lang='lat' dir='ltr'><strong>fit</strong></span> <span class='ocrx_word' id='word_1_263' title='bbox 1463 2213 1798 2270; x_wconf 91' lang='lat' dir='ltr'><strong>peccatorum,</strong></span> <span class='ocrx_word' id='word_1_264' title='bbox 1837 2203 2152 2251; x_wconf 89' lang='lat' dir='ltr'><strong>irremissibile</strong></span> <span class='ocrx_word' id='word_1_265' title='bbox 2184 2221 2479 2270; x_wconf 86' lang='lat' dir='ltr'><strong>permanere.</strong></span> 
     </span>
     <span class='ocr_line' id='line_1_24' title="bbox 377 2282 2480 2348; baseline 0 -19"><span class='ocrx_word' id='word_1_266' title='bbox 377 2282 519 2339; x_wconf 92' lang='lat' dir='ltr'><strong>Quod</strong></span> <span class='ocrx_word' id='word_1_267' title='bbox 551 2291 711 2330; x_wconf 91' lang='lat' dir='ltr'><strong>autem</strong></span> <span class='ocrx_word' id='word_1_268' title='bbox 738 2282 919 2329; x_wconf 91' lang='lat' dir='ltr'><strong>dictum</strong></span> <span class='ocrx_word' id='word_1_269' title='bbox 959 2293 1059 2330; x_wconf 86' lang='lat' dir='ltr'><strong>est:</strong></span> <span class='ocrx_word' id='word_1_270' title='bbox 1093 2303 1115 2327; x_wconf 73' lang='grc' dir='ltr'><strong><em>α</em></strong></span> <span class='ocrx_word' id='word_1_271' title='bbox 1139 2284 1429 2348; x_wconf 86' lang='lat' dir='ltr'><strong>Quicunque</strong></span> <span class='ocrx_word' id='word_1_272' title='bbox 1462 2283 1631 2331; x_wconf 87' lang='lat' dir='ltr'><strong>dixerit</strong></span> <span class='ocrx_word' id='word_1_273' title='bbox 1658 2283 1855 2331; x_wconf 88' lang='lat' dir='ltr'><strong>verbum</strong></span> <span class='ocrx_word' id='word_1_274' title='bbox 1879 2293 2046 2331; x_wconf 88' lang='lat' dir='ltr'><strong>contra</strong></span> <span class='ocrx_word' id='word_1_275' title='bbox 2075 2283 2222 2331; x_wconf 87' lang='lat' dir='ltr'><strong>filium</strong></span> <span class='ocrx_word' id='word_1_276' title='bbox 2245 2284 2452 2331; x_wconf 90' lang='lat' dir='ltr'><strong>hominis</strong></span> <span class='ocrx_word' id='word_1_277' title='bbox 2469 2321 2480 2342; x_wconf 88' lang='lat'><strong>,</strong></span> 
     </span>
     <span class='ocr_line' id='line_1_25' title="bbox 378 2361 2485 2429; baseline 0.001 -21"><span class='ocrx_word' id='word_1_278' title='bbox 378 2363 642 2408; x_wconf 88' lang='lat' dir='ltr'><strong>remittetur</strong></span> <span class='ocrx_word' id='word_1_279' title='bbox 665 2361 740 2420; x_wconf 72' lang='grc' dir='ltr'><strong>εἰς</strong></span> <span class='ocrx_word' id='word_1_280' title='bbox 773 2380 796 2405; x_wconf 77' lang='lat' dir='ltr'><strong>n</strong></span> <span class='ocrx_word' id='word_1_281' title='bbox 829 2361 896 2408; x_wconf 92' lang='lat' dir='ltr'><strong>sic</strong></span> <span class='ocrx_word' id='word_1_282' title='bbox 922 2362 1113 2426; x_wconf 86' lang='lat' dir='ltr'><strong>accipe,</strong></span> <span class='ocrx_word' id='word_1_283' title='bbox 1146 2362 1278 2425; x_wconf 90' lang='lat' dir='ltr'><strong>quod</strong></span> <span class='ocrx_word' id='word_1_284' title='bbox 1309 2362 1467 2410; x_wconf 90' lang='lat' dir='ltr'><strong>nullus</strong></span> <span class='ocrx_word' id='word_1_285' title='bbox 1486 2399 1498 2423; x_wconf 91' lang='lat'><strong>,</strong></span> <span class='ocrx_word' id='word_1_286' title='bbox 1533 2363 1644 2427; x_wconf 91' lang='lat' dir='ltr'><strong>qui,</strong></span> <span class='ocrx_word' id='word_1_287' title='bbox 1682 2372 1734 2409; x_wconf 93' lang='lat' dir='ltr'><strong>ut</strong></span> <span class='ocrx_word' id='word_1_288' title='bbox 1760 2362 1939 2409; x_wconf 89' lang='lat' dir='ltr'><strong>dictum</strong></span> <span class='ocrx_word' id='word_1_289' title='bbox 1968 2373 2065 2421; x_wconf 90' lang='lat' dir='ltr'><strong>est,</strong></span> <span class='ocrx_word' id='word_1_290' title='bbox 2106 2380 2204 2410; x_wconf 90' lang='lat' dir='ltr'><strong>non</strong></span> <span class='ocrx_word' id='word_1_291' title='bbox 2238 2380 2324 2429; x_wconf 90' lang='lat' dir='ltr'><strong>per</strong></span> <span class='ocrx_word' id='word_1_292' title='bbox 2355 2364 2485 2411; x_wconf 90' lang='lat' dir='ltr'><strong>mali-</strong></span> 
     </span>
     <span class='ocr_line' id='line_1_26' title="bbox 379 2439 2477 2507; baseline 0.001 -20"><span class='ocrx_word' id='word_1_293' title='bbox 379 2442 491 2487; x_wconf 85' lang='lat' dir='ltr'><strong>tiam</strong></span> <span class='ocrx_word' id='word_1_294' title='bbox 512 2477 523 2498; x_wconf 93' lang='lat'><strong>,</strong></span> <span class='ocrx_word' id='word_1_295' title='bbox 566 2439 650 2488; x_wconf 92' lang='lat' dir='ltr'><strong>sed</strong></span> <span class='ocrx_word' id='word_1_296' title='bbox 683 2457 771 2505; x_wconf 90' lang='lat' dir='ltr'><strong>per</strong></span> <span class='ocrx_word' id='word_1_297' title='bbox 799 2456 1010 2488; x_wconf 89' lang='lat' dir='ltr'><strong>errorem</strong></span> <span class='ocrx_word' id='word_1_298' title='bbox 1053 2441 1306 2488; x_wconf 86' lang='lat' dir='ltr'><strong>detraxerit</strong></span> <span class='ocrx_word' id='word_1_299' title='bbox 1343 2442 1518 2489; x_wconf 87' lang='lat' dir='ltr'><strong>honori</strong></span> <span class='ocrx_word' id='word_1_300' title='bbox 1553 2443 1753 2501; x_wconf 86' lang='lat' dir='ltr'><strong>Christi,</strong></span> <span class='ocrx_word' id='word_1_301' title='bbox 1785 2453 1981 2507; x_wconf 88' lang='lat' dir='ltr'><strong>propter</strong></span> <span class='ocrx_word' id='word_1_302' title='bbox 2013 2443 2107 2489; x_wconf 92' lang='lat' dir='ltr'><strong>hoc</strong></span> <span class='ocrx_word' id='word_1_303' title='bbox 2133 2443 2436 2490; x_wconf 88' lang='lat' dir='ltr'><strong>damnabitur</strong></span> <span class='ocrx_word' id='word_1_304' title='bbox 2469 2464 2477 2489; x_wconf 93' lang='lat'>:</span> 
     </span>
     <span class='ocr_line' id='line_1_27' title="bbox 379 2518 2486 2585; baseline 0.001 -19"><span class='ocrx_word' id='word_1_305' title='bbox 379 2536 527 2583; x_wconf 90' lang='lat' dir='ltr'><strong>quum</strong></span> <span class='ocrx_word' id='word_1_306' title='bbox 552 2518 652 2566; x_wconf 86' lang='lat' dir='ltr'><strong>haec</strong></span> <span class='ocrx_word' id='word_1_307' title='bbox 679 2519 944 2582; x_wconf 88' lang='lat' dir='ltr'><strong>ignorantia</strong></span> <span class='ocrx_word' id='word_1_308' title='bbox 966 2520 1249 2567; x_wconf 89' lang='lat' dir='ltr'><strong>invincibilis</strong></span> <span class='ocrx_word' id='word_1_309' title='bbox 1274 2520 1476 2567; x_wconf 90' lang='lat' dir='ltr'><strong>similem</strong></span> <span class='ocrx_word' id='word_1_310' title='bbox 1498 2537 1608 2568; x_wconf 91' lang='lat' dir='ltr'><strong>eum</strong></span> <span class='ocrx_word' id='word_1_311' title='bbox 1645 2521 1779 2568; x_wconf 84' lang='lat' dir='ltr'><strong>faciat</strong></span> <span class='ocrx_word' id='word_1_312' title='bbox 1815 2521 1905 2567; x_wconf 89' lang='lat' dir='ltr'><strong>illis</strong></span> <span class='ocrx_word' id='word_1_313' title='bbox 1939 2538 2028 2585; x_wconf 89' lang='lat' dir='ltr'><strong>pro</strong></span> <span class='ocrx_word' id='word_1_314' title='bbox 2059 2522 2231 2584; x_wconf 88' lang='lat' dir='ltr'><strong>quibus</strong></span> <span class='ocrx_word' id='word_1_315' title='bbox 2253 2524 2486 2569; x_wconf 90' lang='lat' dir='ltr'><strong>Dominus</strong></span> 
     </span>
     <span class='ocr_line' id='line_1_28' title="bbox 379 2598 2482 2664; baseline 0.001 -18"><span class='ocrx_word' id='word_1_316' title='bbox 379 2601 428 2646; x_wconf 92' lang='lat' dir='ltr'><strong>in</strong></span> <span class='ocrx_word' id='word_1_317' title='bbox 455 2599 674 2664; x_wconf 88' lang='lat' dir='ltr'><strong>passione</strong></span> <span class='ocrx_word' id='word_1_318' title='bbox 699 2615 800 2658; x_wconf 92' lang='lat' dir='ltr'><strong>sua,</strong></span> <span class='ocrx_word' id='word_1_319' title='bbox 828 2599 925 2646; x_wconf 89' lang='lat' dir='ltr'><strong>sive</strong></span> <span class='ocrx_word' id='word_1_320' title='bbox 953 2598 1219 2664; x_wconf 89' lang='lat' dir='ltr'><strong>Stephanus</strong></span> <span class='ocrx_word' id='word_1_321' title='bbox 1237 2600 1457 2646; x_wconf 86' lang='lat' dir='ltr'><strong>oraverit.</strong></span> <span class='ocrx_word' id='word_1_322' title='bbox 1484 2600 1646 2646; x_wconf 90' lang='lat' dir='ltr'><strong>Pietati</strong></span> <span class='ocrx_word' id='word_1_323' title='bbox 1671 2601 1848 2664; x_wconf 90' lang='lat' dir='ltr'><strong>quippe</strong></span> <span class='ocrx_word' id='word_1_324' title='bbox 1873 2610 2014 2664; x_wconf 90' lang='lat' dir='ltr'><strong>atque</strong></span> <span class='ocrx_word' id='word_1_325' title='bbox 2039 2601 2211 2647; x_wconf 90' lang='lat' dir='ltr'><strong>rationi</strong></span> <span class='ocrx_word' id='word_1_326' title='bbox 2236 2602 2482 2658; x_wconf 83' lang='lat' dir='ltr'><strong>convenit,</strong></span> 
     </span>
     <span class='ocr_line' id='line_1_29' title="bbox 375 2678 2488 2745; baseline 0 -19"><span class='ocrx_word' id='word_1_327' title='bbox 375 2690 426 2726; x_wconf 92' lang='lat' dir='ltr'><strong>ut</strong></span> <span class='ocrx_word' id='word_1_328' title='bbox 455 2680 727 2743; x_wconf 89' lang='lat' dir='ltr'><strong>quicunque</strong></span> <span class='ocrx_word' id='word_1_329' title='bbox 751 2678 853 2742; x_wconf 89' lang='lat' dir='ltr'><strong>lege</strong></span> <span class='ocrx_word' id='word_1_330' title='bbox 881 2678 1079 2725; x_wconf 88' lang='lat' dir='ltr'><strong>naturali</strong></span> <span class='ocrx_word' id='word_1_331' title='bbox 1115 2689 1378 2726; x_wconf 88' lang='lat' dir='ltr'><strong>creatorem</strong></span> <span class='ocrx_word' id='word_1_332' title='bbox 1407 2679 1623 2745; x_wconf 85' lang='lat' dir='ltr'><strong>omnium</strong></span> <span class='ocrx_word' id='word_1_333' title='bbox 1654 2695 1708 2726; x_wconf 91' lang='lat' dir='ltr'><strong>ac</strong></span> <span class='ocrx_word' id='word_1_334' title='bbox 1736 2690 2143 2727; x_wconf 88' lang='lat' dir='ltr'><strong>remuneratorem</strong></span> <span class='ocrx_word' id='word_1_335' title='bbox 2175 2683 2328 2727; x_wconf 92' lang='lat' dir='ltr'><strong>Deum</strong></span> <span class='ocrx_word' id='word_1_336' title='bbox 2359 2698 2488 2728; x_wconf 87' lang='lat' dir='ltr'><strong>reco-</strong></span> 
     </span>
     <span class='ocr_line' id='line_1_30' title="bbox 375 2756 2486 2824; baseline 0.001 -19"><span class='ocrx_word' id='word_1_337' title='bbox 375 2767 676 2822; x_wconf 88' lang='lat' dir='ltr'><strong>gnoscentes,</strong></span> <span class='ocrx_word' id='word_1_338' title='bbox 705 2767 836 2805; x_wconf 90' lang='lat' dir='ltr'><strong>tanto</strong></span> <span class='ocrx_word' id='word_1_339' title='bbox 859 2756 926 2804; x_wconf 89' lang='lat' dir='ltr'><strong>illi</strong></span> <span class='ocrx_word' id='word_1_340' title='bbox 949 2757 1051 2805; x_wconf 89' lang='lat' dir='ltr'><strong>zelo</strong></span> <span class='ocrx_word' id='word_1_341' title='bbox 1078 2757 1319 2805; x_wconf 87' lang='lat' dir='ltr'><strong>adhaerent</strong></span> <span class='ocrx_word' id='word_1_342' title='bbox 1338 2793 1350 2816; x_wconf 93' lang='lat'><strong>,</strong></span> <span class='ocrx_word' id='word_1_343' title='bbox 1382 2767 1435 2804; x_wconf 95' lang='lat' dir='ltr'><strong>ut</strong></span> <span class='ocrx_word' id='word_1_344' title='bbox 1458 2774 1543 2822; x_wconf 91' lang='lat' dir='ltr'><strong>per</strong></span> <span class='ocrx_word' id='word_1_345' title='bbox 1567 2774 1877 2818; x_wconf 90' lang='lat' dir='ltr'><strong>consensum,</strong></span> <span class='ocrx_word' id='word_1_346' title='bbox 1916 2759 1996 2822; x_wconf 91' lang='lat' dir='ltr'><strong>qui</strong></span> <span class='ocrx_word' id='word_1_347' title='bbox 2022 2760 2213 2823; x_wconf 89' lang='lat' dir='ltr'><strong>proprie</strong></span> <span class='ocrx_word' id='word_1_348' title='bbox 2240 2770 2486 2824; x_wconf 91' lang='lat' dir='ltr'><strong>peccatum</strong></span> 
     </span>
     <span class='ocr_line' id='line_1_31' title="bbox 379 2837 2484 2901; baseline 0.001 -17"><span class='ocrx_word' id='word_1_349' title='bbox 379 2837 550 2884; x_wconf 90' lang='lat' dir='ltr'><strong>dicitur</strong></span> <span class='ocrx_word' id='word_1_350' title='bbox 566 2873 578 2896; x_wconf 91' lang='lat'><strong>,</strong></span> <span class='ocrx_word' id='word_1_351' title='bbox 632 2854 743 2884; x_wconf 87' lang='lat' dir='ltr'><strong>eum</strong></span> <span class='ocrx_word' id='word_1_352' title='bbox 781 2837 992 2885; x_wconf 87' lang='lat' dir='ltr'><strong>nitantur</strong></span> <span class='ocrx_word' id='word_1_353' title='bbox 1028 2853 1329 2901; x_wconf 88' lang='lat' dir='ltr'><strong>nequaquam</strong></span> <span class='ocrx_word' id='word_1_354' title='bbox 1374 2837 1648 2898; x_wconf 83' lang='lat' dir='ltr'><strong>offendere,</strong></span> <span class='ocrx_word' id='word_1_355' title='bbox 1692 2838 1805 2885; x_wconf 89' lang='lat' dir='ltr'><strong>tales</strong></span> <span class='ocrx_word' id='word_1_356' title='bbox 1845 2838 2129 2886; x_wconf 85' lang='lat' dir='ltr'><strong>arbitremur</strong></span> <span class='ocrx_word' id='word_1_357' title='bbox 2162 2840 2357 2887; x_wconf 90' lang='lat' dir='ltr'><strong>minime</strong></span> <span class='ocrx_word' id='word_1_358' title='bbox 2402 2841 2484 2886; x_wconf 91' lang='lat' dir='ltr'><strong>da-</strong></span> 
     </span>
     <span class='ocr_line' id='line_1_32' title="bbox 378 2903 2485 2980; baseline 0.001 -17"><span class='ocrx_word' id='word_1_359' title='bbox 378 2903 613 2964; x_wconf 75' lang='lat' dir='ltr'><strong>mnandos</strong></span> <span class='ocrx_word' id='word_1_360' title='bbox 641 2932 742 2963; x_wconf 87' lang='lat' dir='ltr'><strong>esse</strong></span> <span class='ocrx_word' id='word_1_361' title='bbox 759 2951 772 2975; x_wconf 91' lang='lat'>‚</span> <span class='ocrx_word' id='word_1_362' title='bbox 806 2925 854 2963; x_wconf 90' lang='lat' dir='ltr'><strong>et</strong></span> <span class='ocrx_word' id='word_1_363' title='bbox 878 2933 983 2980; x_wconf 88' lang='lat' dir='ltr'><strong>quae</strong></span> <span class='ocrx_word' id='word_1_364' title='bbox 1006 2916 1138 2963; x_wconf 92' lang='lat' dir='ltr'><strong>illum</strong></span> <span class='ocrx_word' id='word_1_365' title='bbox 1164 2916 1225 2963; x_wconf 92' lang='lat' dir='ltr'><strong>ad</strong></span> <span class='ocrx_word' id='word_1_366' title='bbox 1248 2916 1446 2964; x_wconf 89' lang='lat' dir='ltr'><strong>salutem</strong></span> <span class='ocrx_word' id='word_1_367' title='bbox 1462 2933 1710 2964; x_wconf 89' lang='lat' dir='ltr'><strong>necessum</strong></span> <span class='ocrx_word' id='word_1_368' title='bbox 1739 2927 1809 2964; x_wconf 93' lang='lat' dir='ltr'><strong>est</strong></span> <span class='ocrx_word' id='word_1_369' title='bbox 1825 2917 2092 2977; x_wconf 89' lang='lat' dir='ltr'><strong>addiscere,</strong></span> <span class='ocrx_word' id='word_1_370' title='bbox 2122 2929 2230 2964; x_wconf 88' lang='lat' dir='ltr'><strong>ante</strong></span> <span class='ocrx_word' id='word_1_371' title='bbox 2256 2920 2360 2965; x_wconf 62' lang='lat' dir='ltr'><strong>vitae</strong></span> <span class='ocrx_word' id='word_1_372' title='bbox 2395 2929 2485 2965; x_wconf 86' lang='lat' dir='ltr'><strong>ter-</strong></span> 
     </span>
     <span class='ocr_line' id='line_1_33' title="bbox 378 2995 2487 3062; baseline 0 -18"><span class='ocrx_word' id='word_1_373' title='bbox 378 2998 560 3044; x_wconf 89' lang='lat' dir='ltr'><strong>minum</strong></span> <span class='ocrx_word' id='word_1_374' title='bbox 586 3013 614 3044; x_wconf 89' lang='lat' dir='ltr'><strong>a</strong></span> <span class='ocrx_word' id='word_1_375' title='bbox 637 2999 739 3043; x_wconf 93' lang='lat' dir='ltr'><strong>Deo</strong></span> <span class='ocrx_word' id='word_1_376' title='bbox 767 2995 963 3043; x_wconf 78' lang='lat' dir='ltr'><strong>revelari</strong></span> <span class='ocrx_word' id='word_1_377' title='bbox 997 2996 1093 3043; x_wconf 89' lang='lat' dir='ltr'><strong>sive</strong></span> <span class='ocrx_word' id='word_1_378' title='bbox 1117 3013 1204 3060; x_wconf 92' lang='lat' dir='ltr'><strong>per</strong></span> <span class='ocrx_word' id='word_1_379' title='bbox 1228 2997 1616 3061; x_wconf 88' lang='lat' dir='ltr'><strong>inspirationem,</strong></span> <span class='ocrx_word' id='word_1_380' title='bbox 1655 2997 1752 3043; x_wconf 88' lang='lat' dir='ltr'><strong>sive</strong></span> <span class='ocrx_word' id='word_1_381' title='bbox 1786 3014 1871 3061; x_wconf 83' lang='lat' dir='ltr'><strong>per</strong></span> <span class='ocrx_word' id='word_1_382' title='bbox 1895 2997 2100 3060; x_wconf 89' lang='lat' dir='ltr'><strong>aliquem</strong></span> <span class='ocrx_word' id='word_1_383' title='bbox 2131 2997 2362 3044; x_wconf 89' lang='lat' dir='ltr'><strong>directum</strong></span> <span class='ocrx_word' id='word_1_384' title='bbox 2390 3015 2487 3062; x_wconf 86' lang='lat' dir='ltr'><strong>quo</strong></span> 
     </span>
     <span class='ocr_line' id='line_1_34' title="bbox 377 3075 2487 3141; baseline 0 -18"><span class='ocrx_word' id='word_1_385' title='bbox 377 3076 438 3123; x_wconf 92' lang='lat' dir='ltr'><strong>de</strong></span> <span class='ocrx_word' id='word_1_386' title='bbox 461 3076 535 3123; x_wconf 92' lang='lat' dir='ltr'><strong>his</strong></span> <span class='ocrx_word' id='word_1_387' title='bbox 559 3076 840 3134; x_wconf 90' lang='lat' dir='ltr'><strong>instruatur,</strong></span> <span class='ocrx_word' id='word_1_388' title='bbox 869 3075 989 3121; x_wconf 89' lang='lat' dir='ltr'><strong>sicut</strong></span> <span class='ocrx_word' id='word_1_389' title='bbox 1010 3075 1059 3121; x_wconf 89' lang='lat' dir='ltr'><strong>in</strong></span> <span class='ocrx_word' id='word_1_390' title='bbox 1084 3075 1306 3122; x_wconf 91' lang='lat' dir='ltr'><strong>Cornelio</strong></span> <span class='ocrx_word' id='word_1_391' title='bbox 1334 3075 1509 3138; x_wconf 86' lang='lat' dir='ltr'><strong>factum</strong></span> <span class='ocrx_word' id='word_1_392' title='bbox 1532 3091 1634 3122; x_wconf 89' lang='lat' dir='ltr'><strong>esse</strong></span> <span class='ocrx_word' id='word_1_393' title='bbox 1661 3075 1861 3139; x_wconf 86' lang='lat' dir='ltr'><strong>legimus</strong></span> <span class='ocrx_word' id='word_1_394' title='bbox 1876 3078 1890 3099; x_wconf 78' lang='lat'>²</span> <span class='ocrx_word' id='word_1_395' title='bbox 1913 3075 1973 3122; x_wconf 92' lang='lat' dir='ltr'><strong>de</strong></span> <span class='ocrx_word' id='word_1_396' title='bbox 1999 3075 2092 3122; x_wconf 82' lang='lat' dir='ltr'><strong>fide</strong></span> <span class='ocrx_word' id='word_1_397' title='bbox 2115 3076 2286 3123; x_wconf 89' lang='lat' dir='ltr'><strong>Christi</strong></span> <span class='ocrx_word' id='word_1_398' title='bbox 2309 3093 2365 3123; x_wconf 93' lang='lat' dir='ltr'><strong>ac</strong></span> <span class='ocrx_word' id='word_1_399' title='bbox 2381 3094 2487 3141; x_wconf 88' lang='lat' dir='ltr'><strong>per-</strong></span> 
     </span>
     <span class='ocr_line' id='line_1_35' title="bbox 379 3154 2490 3220; baseline 0 -18"><span class='ocrx_word' id='word_1_400' title='bbox 379 3157 598 3220; x_wconf 89' lang='lat' dir='ltr'><strong>ceptione</strong></span> <span class='ocrx_word' id='word_1_401' title='bbox 636 3154 875 3220; x_wconf 89' lang='lat' dir='ltr'><strong>baptismi.</strong></span> <span class='ocrx_word' id='word_1_402' title='bbox 903 3154 1046 3211; x_wconf 91' lang='lat' dir='ltr'><strong>Quod</strong></span> <span class='ocrx_word' id='word_1_403' title='bbox 1073 3164 1119 3201; x_wconf 88' lang='lat' dir='ltr'><strong>et</strong></span> <span class='ocrx_word' id='word_1_404' title='bbox 1147 3165 1363 3219; x_wconf 86' lang='lat' dir='ltr'><strong>patenter</strong></span> <span class='ocrx_word' id='word_1_405' title='bbox 1395 3154 1473 3202; x_wconf 91' lang='lat' dir='ltr'><strong>illa</strong></span> <span class='ocrx_word' id='word_1_406' title='bbox 1500 3155 1687 3202; x_wconf 87' lang='lat' dir='ltr'><strong>videtur</strong></span> <span class='ocrx_word' id='word_1_407' title='bbox 1720 3165 1927 3202; x_wconf 88' lang='lat' dir='ltr'><strong>astruere</strong></span> <span class='ocrx_word' id='word_1_408' title='bbox 1952 3156 2181 3203; x_wconf 88' lang='lat' dir='ltr'><strong>sententia</strong></span> <span class='ocrx_word' id='word_1_409' title='bbox 2197 3158 2210 3181; x_wconf 79' lang='lat'><strong>³</strong></span> <span class='ocrx_word' id='word_1_410' title='bbox 2241 3175 2250 3202; x_wconf 90' lang='lat'>:</span> <span class='ocrx_word' id='word_1_411' title='bbox 2290 3175 2315 3202; x_wconf 91' lang='lat'><strong><em>«</em></strong></span> <span class='ocrx_word' id='word_1_412' title='bbox 2335 3158 2383 3203; x_wconf 89' lang='lat' dir='ltr'><strong>Si</strong></span> <span class='ocrx_word' id='word_1_413' title='bbox 2407 3175 2490 3204; x_wconf 84' lang='lat' dir='ltr'><strong>cor</strong></span> 
     </span>
     <span class='ocr_line' id='line_1_36' title="bbox 380 3233 2490 3300; baseline 0.001 -20"><span class='ocrx_word' id='word_1_414' title='bbox 380 3244 596 3296; x_wconf 88' lang='lat' dir='ltr'><strong>nostrum</strong></span> <span class='ocrx_word' id='word_1_415' title='bbox 615 3250 713 3281; x_wconf 92' lang='lat' dir='ltr'><strong>non</strong></span> <span class='ocrx_word' id='word_1_416' title='bbox 730 3233 1088 3299; x_wconf 85' lang='lat' dir='ltr'><strong>reprehenderit</strong></span> <span class='ocrx_word' id='word_1_417' title='bbox 1109 3249 1215 3292; x_wconf 92' lang='lat' dir='ltr'><strong>nos,</strong></span> <span class='ocrx_word' id='word_1_418' title='bbox 1242 3233 1466 3281; x_wconf 86' lang='lat' dir='ltr'><strong>fiduciam</strong></span> <span class='ocrx_word' id='word_1_419' title='bbox 1489 3234 1719 3282; x_wconf 90' lang='lat' dir='ltr'><strong>habemus</strong></span> <span class='ocrx_word' id='word_1_420' title='bbox 1742 3233 1803 3281; x_wconf 90' lang='lat' dir='ltr'><strong>ad</strong></span> <span class='ocrx_word' id='word_1_421' title='bbox 1821 3237 2002 3293; x_wconf 89' lang='lat' dir='ltr'><strong>Deum;</strong></span> <span class='ocrx_word' id='word_1_422' title='bbox 2031 3254 2054 3278; x_wconf 90' lang='lat'>»</span> <span class='ocrx_word' id='word_1_423' title='bbox 2082 3246 2126 3282; x_wconf 89' lang='lat' dir='ltr'><strong>et</strong></span> <span class='ocrx_word' id='word_1_424' title='bbox 2151 3253 2301 3300; x_wconf 90' lang='lat' dir='ltr'><strong>quum</strong></span> <span class='ocrx_word' id='word_1_425' title='bbox 2327 3239 2490 3283; x_wconf 90' lang='lat' dir='ltr'><strong>Domi-</strong></span> 
     </span>
     <span class='ocr_line' id='line_1_37' title="bbox 381 3313 2490 3380; baseline 0.001 -21"><span class='ocrx_word' id='word_1_426' title='bbox 381 3329 471 3360; x_wconf 91' lang='lat' dir='ltr'><strong>nus</strong></span> <span class='ocrx_word' id='word_1_427' title='bbox 486 3313 611 3360; x_wconf 90' lang='lat' dir='ltr'><strong>dicat</strong></span> <span class='ocrx_word' id='word_1_428' title='bbox 627 3314 640 3337; x_wconf 75' lang='lat'>⁸</span> <span class='ocrx_word' id='word_1_429' title='bbox 662 3332 671 3359; x_wconf 75' lang='grc' dir='ltr'>ε</span> <span class='ocrx_word' id='word_1_430' title='bbox 705 3333 728 3358; x_wconf 92' lang='lat'>«</span> <span class='ocrx_word' id='word_1_431' title='bbox 746 3314 972 3377; x_wconf 82' lang='lat' dir='ltr'><strong>Major&#39;em</strong></span> <span class='ocrx_word' id='word_1_432' title='bbox 996 3313 1086 3360; x_wconf 90' lang='lat' dir='ltr'><strong>hac</strong></span> <span class='ocrx_word' id='word_1_433' title='bbox 1106 3313 1410 3361; x_wconf 90' lang='lat' dir='ltr'><strong>dilectionem</strong></span> <span class='ocrx_word' id='word_1_434' title='bbox 1426 3330 1571 3361; x_wconf 91' lang='lat' dir='ltr'><strong>nemo</strong></span> <span class='ocrx_word' id='word_1_435' title='bbox 1590 3313 1750 3372; x_wconf 85' lang='lat' dir='ltr'><strong>habet,</strong></span> <span class='ocrx_word' id='word_1_436' title='bbox 1772 3323 1822 3360; x_wconf 89' lang='lat' dir='ltr'><strong>ut</strong></span> <span class='ocrx_word' id='word_1_437' title='bbox 1839 3314 2046 3361; x_wconf 90' lang='lat' dir='ltr'><strong>animam</strong></span> <span class='ocrx_word' id='word_1_438' title='bbox 2070 3331 2203 3362; x_wconf 89' lang='lat' dir='ltr'><strong>suam</strong></span> <span class='ocrx_word' id='word_1_439' title='bbox 2221 3326 2368 3380; x_wconf 89' lang='lat' dir='ltr'><strong>ponat</strong></span> <span class='ocrx_word' id='word_1_440' title='bbox 2386 3318 2490 3380; x_wconf 85' lang='lat' dir='ltr'><strong>quis</strong></span> 
     </span>
    </p>
   </div>
   <div class='ocr_carea' id='block_1_3' title="bbox 428 3495 2486 3540">
    <p class='ocr_par' dir='ltr' id='par_1_3' title="bbox 428 3495 2486 3540">
     <span class='ocr_line' id='line_1_38' title="bbox 428 3495 2486 3540; baseline 0 -11"><span class='ocrx_word' id='word_1_441' title='bbox 428 3497 436 3512; x_wconf 83' lang='lat'>¹</span> <span class='ocrx_word' id='word_1_442' title='bbox 463 3496 556 3536; x_wconf 62' lang='lat' dir='ltr'><strong>Luc„</strong></span> <span class='ocrx_word' id='word_1_443' title='bbox 573 3506 646 3539; x_wconf 87' lang='lat' dir='ltr'><strong>cap.</strong></span> <span class='ocrx_word' id='word_1_444' title='bbox 662 3507 694 3529; x_wconf 72' lang='lat' dir='ltr'><strong>xi</strong></span> <span class='ocrx_word' id='word_1_445' title='bbox 709 3521 718 3536; x_wconf 91' lang='lat'><strong>,</strong></span> <span class='ocrx_word' id='word_1_446' title='bbox 731 3507 761 3530; x_wconf 93' lang='lat' dir='ltr'><strong>v.</strong></span> <span class='ocrx_word' id='word_1_447' title='bbox 776 3498 832 3529; x_wconf 68' lang='lat'><strong>20.</strong></span> <span class='ocrx_word' id='word_1_448' title='bbox 849 3514 887 3520; x_wconf 84' lang='lat'>—</span> <span class='ocrx_word' id='word_1_449' title='bbox 907 3495 919 3512; x_wconf 73' lang='lat'>³</span> <span class='ocrx_word' id='word_1_450' title='bbox 936 3497 1005 3529; x_wconf 78' lang='lat' dir='ltr'><strong>Act.</strong></span> <span class='ocrx_word' id='word_1_451' title='bbox 1023 3499 1132 3538; x_wconf 64' lang='lat' dir='ltr'><strong>Apo-51.</strong></span> <span class='ocrx_word' id='word_1_452' title='bbox 1145 3521 1155 3535; x_wconf 94' lang='lat'><em>‚</em></span> <span class='ocrx_word' id='word_1_453' title='bbox 1172 3507 1246 3540; x_wconf 83' lang='lat' dir='ltr'><strong>cap.</strong></span> <span class='ocrx_word' id='word_1_454' title='bbox 1270 3508 1302 3531; x_wconf 86' lang='lat' dir='ltr'><strong>x.</strong></span> <span class='ocrx_word' id='word_1_455' title='bbox 1320 3515 1359 3521; x_wconf 95' lang='lat'>—</span> <span class='ocrx_word' id='word_1_456' title='bbox 1373 3497 1386 3514; x_wconf 76' lang='lat'><strong>³</strong></span> <span class='ocrx_word' id='word_1_457' title='bbox 1403 3497 1498 3530; x_wconf 86' lang='lat' dir='ltr'><strong>Joan.</strong></span> <span class='ocrx_word' id='word_1_458' title='bbox 1521 3498 1628 3538; x_wconf 71' lang='lat' dir='ltr'><strong>Epist.</strong></span> <span class='ocrx_word' id='word_1_459' title='bbox 1653 3498 1686 3535; x_wconf 88' lang='grc' dir='ltr'><strong>Ῑ,</strong></span> <span class='ocrx_word' id='word_1_460' title='bbox 1707 3508 1779 3540; x_wconf 84' lang='lat' dir='ltr'><strong>cap.</strong></span> <span class='ocrx_word' id='word_1_461' title='bbox 1804 3508 1835 3529; x_wconf 85' lang='lat' dir='ltr'><strong>m</strong></span> <span class='ocrx_word' id='word_1_462' title='bbox 1848 3522 1856 3537; x_wconf 90' lang='lat'><strong>,</strong></span> <span class='ocrx_word' id='word_1_463' title='bbox 1878 3509 1905 3530; x_wconf 90' lang='lat' dir='ltr'><strong>v.</strong></span> <span class='ocrx_word' id='word_1_464' title='bbox 1929 3499 1982 3530; x_wconf 81' lang='lat'><strong>21.</strong></span> <span class='ocrx_word' id='word_1_465' title='bbox 1998 3515 2042 3522; x_wconf 87' lang='lat'><strong>--</strong></span> <span class='ocrx_word' id='word_1_466' title='bbox 2057 3497 2069 3514; x_wconf 79' lang='lat'><strong>⁴</strong></span> <span class='ocrx_word' id='word_1_467' title='bbox 2087 3497 2181 3531; x_wconf 83' lang='lat' dir='ltr'><strong>Joan.</strong></span> <span class='ocrx_word' id='word_1_468' title='bbox 2196 3522 2204 3537; x_wconf 63' lang='lat'><em>7</em></span> <span class='ocrx_word' id='word_1_469' title='bbox 2222 3507 2293 3540; x_wconf 85' lang='lat' dir='ltr'><strong>cap.</strong></span> <span class='ocrx_word' id='word_1_470' title='bbox 2314 3508 2367 3537; x_wconf 82' lang='lat' dir='ltr'><strong>xv,</strong></span> <span class='ocrx_word' id='word_1_471' title='bbox 2384 3509 2413 3529; x_wconf 86' lang='lat' dir='ltr'><strong>v.</strong></span> <span class='ocrx_word' id='word_1_472' title='bbox 2441 3499 2486 3530; x_wconf 83' lang='grc'><strong>13.</strong></span> 
     </span>
    </p>
   </div>
   <div class='ocr_carea' id='block_1_4' title="bbox 543 3557 2332 3596">
    <p class='ocr_par' dir='ltr' id='par_1_4' title="bbox 543 3557 2332 3596">
     <span class='ocr_line' id='line_1_39' title="bbox 543 3557 2332 3596; baseline 0.001 -3"><span class='ocrx_word' id='word_1_473' title='bbox 543 3567 554 3593; x_wconf 91' lang='lat'>1</span> <span class='ocrx_word' id='word_1_474' title='bbox 2281 3557 2332 3596; x_wconf 87' lang='lat'><strong>33</strong></span> 
     </span>
    </p>
   </div>
  </div>
 </body>
</html>
