2970 4152
1137 510 1718 597 MAGISTRI

544 743 1128 882 PETRI
1261 733 2307 878 ABAELARDI

632 1022 1131 1102 SERMONES
1167 1022 1355 1097 PER
1393 1019 1721 1095 ANNUM
1757 1018 2201 1094 LEGENDI.

422 1562 711 1606 Monasterium
737 1564 785 1604 D.
806 1561 987 1614 Virginis
1011 1559 1064 1601 ad
1088 1559 1314 1601 Heremitas
1337 1557 1446 1613 apud
1479 1557 1707 1606 Helvetios,
1733 1555 1856 1610 vulgo
1885 1557 2142 1604 Einsiedeln,
2168 1555 2488 1610 manuscriptum

363 1633 550 1675 codicem
576 1632 743 1673 unicum
774 1631 980 1686 possidet,
1013 1641 1147 1684 neque
1176 1629 1281 1670 alius
1318 1628 1533 1683 quisquam
1570 1626 1620 1667 ad
1651 1632 1831 1667 nostram
1860 1626 2138 1679 cognitionem
2171 1625 2309 1675 venit,
2339 1626 2381 1666 in
2409 1639 2490 1680 quo

363 1702 565 1744 Abaelardi
593 1702 879 1743 contineantur
909 1700 1131 1743 Sermones.
1168 1699 1244 1739 Hic
1271 1704 1335 1739 est
1367 1697 1562 1747 in-folio‚
1595 1695 1736 1738 formae
1768 1696 1965 1746 minoris,
1998 1695 2353 1747 membranaceus,
2385 1702 2425 1736 et
2456 1698 2489 1737 si

363 1771 607 1825 scripturam
631 1770 875 1825 respexeris,
896 1769 949 1810 ad
967 1768 1162 1811 saeculum
1181 1780 1238 1809 111
1262 1766 1403 1808 referri
1430 1778 1552 1820 posse
1571 1764 1741 1806 videtur.
1768 1763 2088 1818 Comprehendit
2111 1764 2152 1804 τό
2171 1765 2240 1806 Sic
2258 1771 2298 1806 ec
2317 1767 2428 1812 Non,
2451 1772 2490 1806 et

363 1840 543 1895 quinque
562 1840 782 1881 Sermones
800 1856 811 1878 ε
835 1844 876 1880 1⁰
901 1842 946 1879 in
976 1840 1120 1879 Natali
1145 1839 1334 1886 Domini;
1366 1839 1407 1877 2⁰
1426 1836 1476 1876 de
1496 1836 1698 1889 Stephano
1709 1849 1721 1884 ;
1753 1837 1795 1876 3⁰
1814 1835 1864 1875 de
1884 1835 2034 1877 Sancto
2052 1834 2263 1882 labanum
2290 1835 2331 1875 4⁰
2350 1835 2400 1875 de
2416 1836 2489 1876 In-

364 1908 624 1958 nocentibus;
658 1909 700 1950 5⁰
726 1908 776 1949 de
801 1907 1048 1961 Epiphania.
1083 1907 1225 1948 Sermo
1248 1906 1298 1947 de
1321 1905 1607 1946 [nnec-entibus
1635 1910 1676 1944 et
1694 1903 1837 1944 ultima
1856 1915 1981 1944 sacrae
2001 1904 2051 1943 de
2070 1904 2275 1956 Stephano
2296 1904 2491 1946 orationis

363 1978 550 2019 nondum
565 1976 676 2019 edita
694 1976 878 2028 fuerunt,
900 1976 1057 2018 caeteris
1075 1983 1210 2017 tamen
1230 1974 1421 2017 omnibus
1435 1974 1520 2028 jam
1539 1979 1658 2014 antea
1675 1972 1863 2026 vulgatis.

416 2046 740 2089 Einsidelnensis
758 2046 915 2088 codicis
940 2046 1221 2087 recensionem
1248 2045 1390 2086 amicae
1414 2046 1457 2085 L.
1481 2043 1534 2085 de
1557 2043 1702 2085 Sinner
1730 2041 2008 2096 procurationi
2027 2047 2067 2082 et
2086 2040 2296 2083 reverendi
2322 2044 2363 2083 P.
2389 2044 2488 2084 Galli

362 2116 511 2167 Morel,
545 2115 805 2158 bibliothecae
839 2121 881 2156 et
913 2115 1069 2156 archivi
1104 2114 1365 2156 monacensis
1395 2112 1603 2164 custodis,
1635 2111 1858 2165 diligentiae
1887 2110 2107 2160 debemus;
2143 2112 2301 2166 utrique
2333 2113 2491 2167 publice

361 2184 513 2237 gratias
531 2184 704 2238 agimus.

414 2251 588 2294 Codices
605 2264 703 2294 vero
722 2252 816 2294 illos
834 2252 984 2307 quibus
1014 2265 1113 2294 usus
1136 2258 1199 2294 est
1224 2252 1490 2301 Amboesius‚
1512 2256 1552 2292 et
1571 2263 1746 2305 quorum
1772 2250 1873 2291 alter
1899 2249 2205 2302 Paraclitensis‚
2227 2250 2328 2291 alter
2347 2262 2370 2291 e
2389 2251 2489 2292 Sor-

360 2318 510 2361 bonico
523 2321 737 2374 gymnasio
753 2326 840 2362 erat
851 2352 860 2369 ‚
877 2320 1026 2362 frustra
1039 2321 1302 2374 quaesivimus
1319 2337 1327 2360 ;
1346 2333 1456 2361 nunc
1473 2319 1629 2368 amissi,
1643 2331 1727 2360 non
1740 2318 1821 2360 nisi
1842 2318 2003 2359 fortuna
2016 2317 2193 2373 quadam
2210 2318 2378 2373 reperiri
2399 2332 2494 2372 pos—

361 2394 483 2437 sunt;
513 2388 610 2429 illos
636 2395 772 2430 autem
797 2402 847 2430 eo
873 2391 1005 2443 magis
1029 2390 1372 2441 desideravimus,
1407 2403 1489 2443 quo
1515 2402 1563 2430 ea
1598 2402 1689 2443 quae
1714 2388 1766 2429 ab
1793 2387 2011 2429 Amboesio
2043 2387 2153 2428 edita
2182 2394 2301 2438 sunt,
2341 2389 2490 2442 saepius

362 2456 504 2496 mutila
515 2487 526 2507 ,
547 2456 698 2510 saepius
715 2456 961 2510 interpolata
979 2470 1069 2498 esse
1086 2458 1289 2499 videntur.

415 2523 653 2565 Abaelardus
678 2524 786 2565 enim
815 2524 859 2565 in
883 2524 953 2565 illa
978 2525 1153 2578 epistola
1180 2538 1259 2579 qua
1286 2528 1494 2567 Sermones
1521 2524 1572 2566 ad
1600 2525 1825 2566 Heloissam
1851 2524 1956 2565 mitti
1985 2523 2207 2577 significat,
2228 2536 2300 2565 eos
2326 2524 2377 2565 ab
2400 2526 2488 2578 ipso

363 2589 662 2646 redemptionis
692 2598 846 2633 nostrae
874 2593 1013 2645 initio,
1034 2593 1354 2634 Annuntiatione
1382 2593 1539 2634 scilicet
1567 2594 1611 2632 Β.
1642 2591 1821 2645 Virginis
1846 2592 1980 2633 Mariae
2006 2591 2213 2643 exordiri,
2239 2594 2488 2647 praecipuas-

363 2672 443 2714 que
471 2659 568 2701 inde
596 2660 692 2701 anni
721 2660 960 2702 festivitates
987 2661 1205 2715 complecti
1234 2673 1403 2702 monere
1432 2660 1608 2702 videtur.
1638 2661 1759 2715 Atqui
1786 2660 1830 2701 in
1861 2660 2005 2715 primis
2033 2660 2199 2715 quidem
2232 2660 2490 2702 sermonibus

362 2727 472 2768 hunc
488 2727 676 2769 ordinem
690 2734 801 2770 certa
819 2728 884 2770 via
898 2734 1030 2779 tenet;
1052 2728 1123 2770 ubi
1142 2741 1238 2770 vero
1257 2729 1299 2770 in
1318 2729 1537 2783 septimum
1557 2728 1741 2779 veneris,
1757 2729 1827 2783 qui
1846 2728 1890 2769 in
1909 2728 1976 2769 die
1994 2730 2216 2769 Ramorum
2237 2735 2297 2770 est
2309 2761 2319 2780 ‚
2341 2729 2490 2782 saepius

362 2795 436 2836 tibi
463 2797 642 2851 reperire
660 2797 739 2838 erit
757 2797 894 2851 plures
911 2798 964 2839 de
983 2797 1127 2840 eadem
1153 2797 1372 2839 festivitate
1398 2797 1609 2845 homilias,
1631 2797 1829 2852 quasdam
1856 2802 1992 2839 autem
2021 2797 2170 2839 frustra
2195 2798 2379 2852 requires
2401 2811 2490 2852 quae

361 2866 582 2920 quominus
604 2866 658 2908 ad
681 2867 909 2909 Heloissam
937 2868 1100 2922 scriptae
1130 2867 1297 2918 fuerint,
1326 2868 1396 2908 vix
1426 2874 1562 2922 potest
1590 2867 1781 2909 dubitari.
1804 2867 1919 2909 Adde
1936 2866 2048 2923 quod
2067 2867 2210 2908 harum
2231 2867 2489 2908 homiliarum

361 2935 569 2976 nonnullae
586 2935 639 2977 ad
657 2935 846 2990 Virgines
866 2936 1153 2990 paraclitenses
1176 2937 1347 2978 minime
1373 2936 1633 2991 spectabant,
1654 2947 1779 2991 quum
1799 2948 1882 2977 una
1900 2949 1951 2977 ex
1971 2935 2035 2977 his
2058 2936 2100 2977 in
2120 2935 2186 2976 die
2206 2936 2247 2977 S.
2270 2936 2490 2977 Marcellini

361 3003 484 3044 certis
519 3017 566 3045 ac
597 3005 776 3059 propriis
802 3004 941 3045 verbis
969 3004 1164 3046 habeatur
1187 3005 1242 3046 ad
1270 3004 1424 3055 fratres
1453 3005 1777 3059 rothomaqenses
1806 3007 2000 3057 reliquias
2030 3005 2242 3053 habentes,
2273 3011 2312 3046 et
2340 3006 2489 3059 saepius

361 3078 501 3113 noster
519 3074 575 3114 ad
594 3073 750 3124 fratres
776 3073 900 3114 verba
922 3073 1055 3114 saciat.
1078 3076 1241 3116 Forsan
1267 3073 1492 3129 putandum
1517 3081 1580 3115 est
1604 3073 1882 3122 Abaelardum,
1921 3085 2187 3127 quoscunque
2213 3077 2491 3129 composuerit

360 3154 571 3183 sermones
590 3142 677 3183 sive
695 3143 737 3183 in
758 3144 796 3184 S.
821 3142 987 3185 Gildasii
1008 3145 1276 3196 monasterio,
1297 3146 1380 3185 sive
1399 3143 1520 3193 alias,
1541 3155 1685 3185 omnes
1704 3142 1755 3183 ad
1781 3142 2009 3183 Heloissam
2033 3142 2208 3184 diversis
2236 3143 2489 3198 temporibus

361 3209 534 3250 misisse.
565 3210 682 3259 Quod
714 3210 878 3265 quidem
911 3212 945 3252 si
977 3211 1200 3252 verisimile
1235 3211 1502 3266 judicaveris,
1543 3211 1704 3252 facilius
1734 3210 1913 3265 reperies
1949 3223 2022 3251 cui·
2048 3210 2153 3252 adeo
2179 3212 2317 3253 mixtae
2347 3212 2489 3253 confu—

361 3288 496 3330 saeque
518 3278 602 3319 sint
624 3277 704 3319 illae
727 3279 779 3321 ab
803 3278 1024 3320 Amboesio
1048 3286 1217 3334 repertae
1243 3280 1434 3322 homiliae.
1468 3282 1680 3334 Utcunque
1705 3284 1786 3330 est,
1814 3283 2021 3333 oporteret
2043 3291 2140 3320 sane
2159 3286 2205 3321 ut
2225 3285 2350 3322 totam
2376 3281 2485 3322 illam

361 3348 496 3401 operis
516 3353 671 3402 partem
691 3354 927 3391 retractaret
943 3349 1091 3404 aliquis
1108 3362 1157 3391 ac
1174 3355 1373 3401 mutaret,
1400 3355 1441 3391 et
1454 3381 1465 3401 ,
1489 3348 1601 3403 quod
1622 3348 1847 3389 maximum
1867 3347 1989 3401 nobis
2012 3348 2187 3399 videtur,
2213 3349 2255 3390 in
2276 3349 2486 3391 meliorem

359 3414 498 3458 locum
518 3417 687 3460 referret
706 3431 939 3461 sermonem
960 3420 1009 3461 de
1027 3421 1071 3462 S.
1090 3420 1248 3462 Ioanne
1273 3421 1486 3473 Baptista,
1513 3418 1583 3472 qui
1606 3418 1713 3459 inter
1734 3417 2031 3472 pretiosissima
2050 3417 2250 3462 Abaelardi
2269 3432 2394 3474 opera
2411 3432 2486 3461 an-
