2970 4152
558 358 653 405 690
1359 357 1530 404 PETRI
1567 357 1882 405 ABAELARDI

556 451 729 511 tudini,
755 450 1035 516 pontificem
1059 449 1300 517 monacho
1323 450 1619 515 posthabuit,
1646 461 1693 498 et
1714 451 2060 516 perfectionem
2080 450 2187 497 vitae
2210 450 2474 516 praelationi
2495 468 2682 517 praepo·

556 532 649 579 suit
675 532 1017 579 ecclesiasticae.
1056 533 1127 578 De
1158 548 1256 595 quo
1292 541 1339 578 et
1370 532 1689 596 Hieronymus
1718 531 1785 578 ad
1810 533 2051 578 Rusticum
2082 532 2377 579 monachum
2407 533 2641 581 scribens¹
2668 554 2679 582 ε

560 631 584 656 «
609 611 781 673 Audio,
807 631 830 656 »
859 612 1032 677 inquit,
1067 612 1379 676 «religiosam
1402 623 1448 660 te
1466 611 1645 660 habere
1670 623 1892 672 matrem,
1919 612 2183 660 multorum
2205 629 2443 660 annorum
2465 613 2678 674 viduam,

555 710 660 757 quae
682 693 815 750 aluit,
841 710 946 759 quae
969 693 1176 740 erudivit
1197 693 1447 742 infantem.
1483 698 1542 742 Et
1563 698 1773 742 Joannes
1795 694 2006 759 Baptista
2026 704 2242 742 sanctam
2266 705 2468 742 matrem
2491 694 2677 755 habuit,

553 774 889 839 pontificisque
909 774 1034 822 filius
1054 785 1155 822 erat
1176 793 1185 821 :
1213 785 1260 822 et
1276 785 1438 822 tamen
1463 792 1552 823 nec
1578 775 1742 822 matris
1760 774 1952 835 affectu,
1977 793 2067 822 nec
2089 776 2237 841 patris
2259 775 2432 841 opibus
2453 775 2679 824 vinceba-

552 864 646 913 tur,
673 865 727 902 ut
754 855 804 901 in
835 855 985 902 domo
1007 865 1264 920 parentum
1292 872 1404 902 cum
1428 856 1642 921 periculo
1662 856 1845 903 viveret
1865 856 2110 904 castitatis.
2130 855 2332 904 Vivebat
2353 856 2403 903 in
2426 872 2608 915 eremo,
2634 867 2680 904 et

552 936 702 983 oculis
716 936 1100 984 desiderantibus
1116 937 1375 996 Christum,
1402 937 1523 984 nihil
1544 937 1675 984 aliud
1698 919 2000 1001 dignabatur*
2009 938 2272 1003 adspicere.
2293 937 2396 984 Filii
2418 936 2678 1002 propheta·

550 1033 677 1075 rum,
702 1034 825 1081 quos
847 1017 1116 1065 monachos
1142 1018 1191 1064 in
1220 1020 1383 1065 Veteri
1407 1021 1702 1064 Testamento
1724 1017 1948 1082 legimus,
1975 1017 2275 1065 aedificabant
2297 1017 2387 1064 sibi
2410 1034 2541 1065 casas
2562 1034 2678 1083 pro-

547 1109 654 1164 pter
676 1100 858 1147 fluenta
878 1100 1129 1148 Jordanis:
1157 1110 1204 1147 et
1232 1100 1384 1147 turbis
1409 1099 1602 1147 urbium
1634 1099 1895 1158 derelictis,
1927 1100 2123 1164 polenta
2148 1109 2194 1146 et
2226 1098 2388 1146 herbis
2416 1098 2678 1163 agrestibus

544 1179 843 1227 victitabant.
869 1199 892 1224 »
918 1184 990 1227 De
1012 1180 1186 1244 quibus
1209 1189 1257 1226 et
1278 1179 1391 1226 alibi
1411 1180 1682 1226 meminit²z
1710 1179 1897 1243 «Virgo
1922 1178 2063 1238 Elias,
2090 1178 2280 1225 Elisaeus
2302 1178 2455 1242 virgo,
2471 1179 2677 1243 virgines

543 1259 627 1306 filii
646 1258 1013 1326 prophetarum.
1034 1279 1057 1305 »
1085 1259 1214 1317 Quid
1233 1270 1321 1319 est,
1342 1259 1563 1319 obsecro,
1590 1259 1751 1318 frater,
1775 1258 1909 1324 quod
1926 1259 2162 1306 electurus
2179 1259 2424 1324 apostolos
2440 1260 2676 1308 Dominus

542 1356 850 1405 nequaquam
873 1340 934 1388 de
958 1357 1121 1387 eremo
1145 1340 1315 1387 accivit
1337 1329 1570 1386 joannem
1586 1376 1597 1398 ,
1624 1356 1714 1386 nec
1736 1339 1797 1386 ab
1821 1356 1879 1386 eo
1902 1338 2245 1404 baptizandus,
2278 1340 2437 1404 ipsum
2459 1356 2486 1387 a
2508 1339 2674 1387 solitu·

542 1421 677 1481 dine,
705 1421 780 1468 vel
809 1421 872 1469 ad
900 1421 1072 1468 horam
1103 1420 1349 1469 revocavit
1376 1439 1386 1467 :
1413 1420 1499 1467 sed
1521 1420 1643 1467 sicut
1666 1420 1822 1466 caeteri
1852 1419 2109 1467 hominum
2142 1420 2203 1467 ad
2238 1437 2350 1467 eum
2376 1421 2525 1480 venit,
2549 1421 2675 1468 inter

540 1511 735 1548 caeteros
752 1511 799 1548 et
820 1502 921 1567 ipse
943 1501 1260 1566 baptizandus
1283 1517 1310 1548 a
1328 1501 1590 1560 monacho,
1616 1501 1738 1548 sicut
1760 1501 1991 1566 scriptum
2014 1503 2137 1548 est⁸:
2169 1504 2406 1548 «Factum
2431 1511 2502 1548 est
2523 1517 2675 1565 quum

538 1581 862 1647 baptizaretur
882 1582 1040 1629 omnis
1061 1582 1293 1647 populus,
1320 1591 1367 1628 et
1388 1584 1498 1629 Jesu
1521 1581 1784 1647 baptizato,
1811 1592 1903 1629 etc.
1925 1600 1947 1626 υ
1986 1581 2139 1641 Quid,
2171 1582 2394 1646 inquam,
2426 1581 2518 1629 nisi
2539 1582 2669 1646 quia,

539 1674 590 1711 ut
624 1664 765 1724 dixit,
815 1674 1004 1729 partem
1044 1664 1203 1711 Mariae
1237 1663 1586 1729 praeferendam
1610 1665 1797 1711 censuit
1827 1665 1953 1729 parti
1986 1663 2210 1722 Marthae,
2243 1664 2454 1728 quietem
2495 1662 2673 1710 scilicet

535 1745 957 1811 contemplationis
989 1744 1301 1792 sollicitudini
1340 1755 1388 1792 et
1418 1745 1599 1792 crebris
1629 1745 2073 1810 perturbationibus
2114 1745 2304 1793 saeculi?
2340 1744 2526 1803 Quibus
2563 1745 2669 1810 qui-

535 1825 647 1872 dem
691 1825 1094 1873 sollicitudinibus
1144 1835 1406 1890 occupatus
1452 1825 1709 1891 Apostolus
1749 1825 2041 1889 ingemiscit,
2088 1825 2279 1872 dicens⁴
2300 1844 2310 1871 ε
2334 1844 2358 1870 «
2378 1828 2549 1871 Praeter
2590 1824 2670 1872 illa

532 1923 638 1970 quae
661 1907 952 1954 extrinsecus
982 1917 1116 1967 sunt,
1148 1907 1376 1955 instantia
1404 1923 1538 1966 mea,
1572 1907 1855 1971 quotidiana
1884 1907 2157 1954 sollicitudo
2188 1907 2407 1954 omnium
2435 1906 2669 1954 Ecclesia-

531 2002 657 2033 rum.
675 1988 793 2044 Quis
809 1987 1098 2046 infirmatur,
1116 1998 1164 2035 et
1182 2004 1272 2051 ego
1290 2004 1391 2035 non
1408 1987 1655 2035 infirmor?
1672 1988 1789 2045 Quis
1804 1987 2170 2047 scandalizatur,
2192 1997 2239 2035 et
2261 2005 2350 2052 ego
2370 2004 2471 2035 non
2487 1988 2665 2035 urorP»

530 2069 584 2112 In
617 2067 792 2130 quibus
815 2067 1014 2132 quidem
1050 2068 1450 2133 occupationibus
1485 2078 1629 2133 atque
1659 2069 1889 2116 molestiis
1920 2086 2067 2134 quam
2095 2068 2290 2116 difficile
2319 2069 2379 2116 sit
2411 2069 2668 2133 puritatem

529 2147 771 2195 custodire
808 2149 1007 2209 mentis,
1044 2159 1092 2196 et
1125 2160 1318 2197 terrena
1352 2150 1524 2197 itinera
1549 2150 1651 2196 sine
1674 2150 1835 2214 aliquo
1859 2150 2068 2214 pulveris
2093 2150 2318 2213 contagio
2341 2149 2663 2214 frequentare,

527 2227 629 2292 ipse
663 2228 901 2275 Dominus
935 2238 1156 2293 patenter
1191 2229 1417 2288 edocuit,
1458 2246 1610 2294 quum
1644 2229 1791 2294 pedes
1826 2229 2159 2294 apostolorum
2201 2229 2395 2279 abluere
2433 2229 2660 2278 decrevit.

527 2307 671 2365 Quod
704 2307 957 2371 diligenter
988 2311 1176 2373 Sponsa
1208 2310 1259 2355 in
1292 2310 1487 2356 Cantico
1522 2311 1826 2356 Canticorum
1861 2310 2138 2369 attendens,
2177 2311 2366 2374 Sponso
2396 2310 2457 2357 ad
2487 2311 2665 2357 ostium

525 2387 625 2451 ejus
647 2387 880 2452 pulsanti,
903 2398 974 2448 et,
1001 2398 1054 2435 ut
1077 2388 1138 2436 de
1160 2388 1336 2435 lectulo
1360 2405 1559 2453 surgens
1581 2389 1624 2436 ei
1648 2390 1830 2454 aperiat
1852 2390 2059 2453 roganti,
2091 2389 2294 2454 provide
2322 2389 2396 2436 his
2425 2389 2583 2438 verbis
2613 2407 2664 2438 se

524 2472 738 2516 excusat‘⁵
758 2488 767 2515 :
790 2489 812 2514 «
833 2469 1105 2534 Exspoliavi
1128 2487 1206 2517 me
1229 2471 1394 2518 tunica
1422 2487 1553 2531 mea,
1581 2471 1832 2536 quomodo
1856 2471 2030 2519 induar
2052 2471 2161 2518 illa?
2190 2472 2304 2519 Lavi
2332 2471 2479 2536 pedes
2506 2488 2659 2530 meos,

523 2548 774 2613 quomodo
809 2549 1078 2613 inquinabo
1110 2550 1244 2597 illos?
1263 2570 1286 2595 »
1321 2550 1451 2608 Quid
1482 2551 1613 2598 enim
1648 2551 1849 2599 lectulus
1873 2554 2093 2617 Sponsae,
2121 2552 2213 2598 nisi
2237 2552 2372 2616 quies
2399 2561 2469 2599 est
2492 2552 2662 2599 animae

522 2629 931 2694 contemplativae,
973 2640 1021 2677 et
1053 2646 1081 2677 a
1115 2630 1518 2679 sollicitudinibus
1553 2642 1601 2679 et
1633 2633 1759 2680 curis
1793 2633 1950 2680 saeculi
1983 2633 2206 2680 remotae?
2240 2635 2357 2690 Quae
2389 2632 2587 2697 quidem
2608 2633 2658 2679 in

521 2709 728 2756 claustro
749 2710 886 2774 quasi
909 2726 1088 2774 sponsa
1106 2711 1157 2757 in
1174 2711 1407 2771 thalamo,
1428 2722 1565 2760 tanto
1589 2713 1793 2778 amplius
1815 2716 1920 2760 Deo
1942 2722 2104 2773 vacat,
2119 2723 2166 2760 et
2189 2713 2364 2760 arctius
2388 2713 2431 2759 ei
2453 2723 2558 2760 toto
2581 2713 2661 2760 ad-

519 2790 766 2853 stringitur
792 2789 1051 2850 desiderio,
1072 2801 1256 2855 quanto
1280 2791 1470 2856 longius
1490 2792 1552 2839 ab
1575 2792 1975 2858 occupationibus
1997 2792 2155 2840 saeculi
2177 2802 2361 2840 remota
2385 2802 2473 2852 est,
2493 2802 2540 2840 et
2556 2793 2657 2857 jam

517 2870 568 2916 in
592 2880 776 2917 secreto
799 2870 1064 2917 coelestium
1087 2887 1390 2919 camerarum
1426 2890 1513 2938 per
1547 2873 2011 2939 contemplationem
2045 2875 2111 2921 ita
2133 2875 2177 2921 ei
2205 2874 2463 2938 conjuncta
2484 2884 2577 2934 est,
2603 2884 2657 2921 ut

518 2952 578 2999 sit
611 2969 734 2999 unus
758 2969 869 2999 cum
893 2955 996 2999 Deo
1021 2950 1233 3017 spiritus,
1260 2953 1394 3017 juxta
1413 2954 1549 3019 quod
1572 2955 1633 3002 de
1655 2954 1799 3002 beato
1824 2956 2029 3002 Martino
2048 2955 2249 3020 legitur:
2274 2974 2297 3000 «
2316 2959 2454 3003 Artus
2476 2955 2655 3021 quippe

516 3031 786 3079 fatiscentes
817 3032 1005 3097 spiritui
1038 3033 1218 3080 servire
1247 3034 1473 3098 cogebat,
1505 3045 1753 3100 stratuque
1775 3053 1864 3083 suo
1886 3035 2147 3096 recubans,
2173 3052 2263 3083 nec
2290 3045 2468 3083 terram
2492 3035 2654 3082 videre

515 3122 613 3159 tam
636 3112 857 3176 dignatus
875 3149 886 3171 ,
914 3112 1036 3160 coelo
1068 3123 1198 3160 totus
1213 3113 1462 3171 inhiabat.
1482 3133 1505 3160 »
1538 3114 1611 3162 Ad
1646 3114 1792 3162 talem
1814 3115 1976 3163 lectuli
2000 3116 2213 3181 quietem
2234 3114 2652 3180 contemplationis

514 3204 751 3241 secretum
783 3196 998 3259 Sponsus
1020 3195 1221 3243 veniens
1249 3195 1341 3243 sibi
1375 3197 1551 3262 aperiri
1582 3197 1818 3263 postulat,
1846 3215 1998 3263 quum
2032 3197 2167 3264 plebs
2197 3197 2456 3246 christiana
2480 3197 2650 3244 animae

557 3401 567 3417 ¹
594 3400 698 3443 Epist.
723 3410 799 3440 xcv,
822 3400 920 3441 opp„
936 3406 959 3432 t.
978 3400 1034 3441 IV,
1053 3407 1138 3444 part.
1155 3401 1204 3442 11,
1222 3402 1287 3436 col.
1302 3404 1381 3435 771.
1394 3420 1438 3428 —
1452 3402 1465 3420 ⁵
1480 3403 1585 3448 Epist.
1602 3415 1701 3446 xvm,
1725 3406 1823 3447 Opp„
1841 3412 1865 3439 t.
1886 3405 1941 3447 lv,
1961 3412 2046 3449 part.
2070 3405 2118 3444 11,
2143 3405 2207 3439 col.
2229 3405 2281 3437 36.
2300 3421 2340 3426 -
2356 3403 2369 3419 ³
2385 3403 2478 3441 Luc„
2496 3412 2571 3446 cap.
2591 3412 2643 3443 nt,

511 3470 542 3492 v.
560 3459 616 3491 21.
632 3476 668 3482 —
685 3457 699 3474 ⁴
716 3458 860 3492 Corinth.
878 3459 923 3498 11,
938 3468 1012 3502 cap.
1024 3471 1070 3500 xi,
1084 3470 1116 3494 v.
1134 3461 1189 3495 28.
1201 3461 1268 3487 —³
1283 3461 1424 3502 Cautio„
1438 3473 1513 3507 cap.
1529 3474 1561 3504 v,
1578 3474 1610 3497 v.
1627 3465 1662 3497 3.
