2970 4152
490 410 585 455 248
1185 404 1486 452 HELOISSAE
1519 404 1915 452 PROBLEMATA

486 512 732 561 mentum,
759 502 808 548 in
835 500 1024 547 hebraeo
1054 499 1256 547 habetur
1282 509 1491 565 pactum.
1521 501 1614 558 Qui
1640 501 1767 547 enim
1792 500 1944 563 legem
1965 499 2159 545 Domini
2182 500 2470 565 suscipiunt,
2495 518 2605 549 cum

485 601 543 631 eo
577 582 823 647 quoddam
850 582 1015 627 ineunt
1045 590 1237 645 pactum
1254 616 1266 640 ,
1293 581 1389 627 sive
1415 580 1492 627 ille
1517 597 1628 628 cum
1646 581 1766 646 ‚ipsis
1784 616 1796 640 ,
1829 597 1978 644 quum
2000 580 2088 645 ipsi
2114 579 2333 628 videlicet
2357 581 2471 645 legis
2490 581 2606 630 obe·

485 664 712 711 dientiam
731 698 743 721 ,
776 661 852 708 ille
874 661 1120 726 promittat
1145 652 1597 708 remunerationem.

1236 801 1479 831 PROBLEMA
1511 800 1732 831 HELOISSAE
1766 800 1830 830 VII
1838 820 1847 829 .

550 903 677 961 Quid
699 912 767 950 est
792 903 933 950 etiam
953 902 1085 966 quod
1108 902 1155 948 in
1186 905 1311 948 Luca
1337 902 1534 966 legimus
1557 901 1678 948 duos
1698 900 1865 966 calices
1882 937 1894 960 ,
1918 900 1991 947 vel
2015 899 2238 947 eumdem
2258 899 2332 947 bis
2347 901 2609 948 Dominum

487 983 671 1031 dedisse
714 982 991 1048 discipulis?
1019 982 1094 1029 Sic
1123 982 1302 1047 quippe
1331 983 1558 1046 scriptum
1585 980 1844 1028 habetur¹:
1880 1000 1902 1025 «
1925 983 1982 1027 Et
2011 997 2159 1044 quum
2184 979 2304 1027 facta
2322 990 2443 1028 esset
2471 980 2606 1042 hora,

487 1063 751 1123 discubuit,
780 1072 827 1110 et
842 1062 1098 1109 duodecim
1118 1062 1453 1127 apostolicum
1481 1079 1554 1108 eo.
1582 1065 1639 1107 Et
1668 1062 1731 1107 ait
1755 1061 1875 1107 illis:
1904 1061 2188 1108 «Desiderio
2217 1061 2479 1109 desideravi
2516 1062 2611 1110 hoc

492 1164 515 1189 «
538 1143 712 1208 pascha
734 1142 1024 1190 manducare
1046 1141 1296 1189 vobiscum
1320 1151 1574 1205 antequam
1605 1142 1772 1204 patiar.
1800 1141 1918 1188 Dico
1950 1142 2078 1188 enim
2106 1140 2240 1188 vobis
2257 1177 2269 1201 ,
2301 1141 2413 1205 quia
2438 1158 2495 1190 ex
2517 1141 2612 1190 hoc

492 1243 515 1267 «
539 1240 636 1270 non
649 1221 968 1270 'manducabo
986 1257 998 1282 ,
1019 1223 1175 1268 donec
1195 1220 1313 1267 illud
1331 1220 1584 1285 impleatur
1599 1221 1646 1266 in
1667 1237 1814 1284 regno
1838 1221 1941 1267 Dei.
1965 1239 1988 1264 υ
2010 1224 2066 1267 Et
2084 1230 2280 1285 accepto
2306 1221 2452 1269 calice
2467 1256 2480 1281 ‚
2513 1237 2614 1285 gra·

489 1304 574 1351 tias
597 1304 689 1367 egit
706 1339 718 1363 ,
751 1313 797 1350 et
825 1302 971 1349 dixit:
1013 1302 1258 1366 «Accipite
1290 1311 1335 1347 et
1360 1301 1554 1347 dividite
1581 1301 1704 1347 inter
1716 1317 1817 1347 vos.
1854 1302 1972 1347 Dico
2004 1301 2132 1349 enim
2163 1301 2296 1349 vobis
2315 1338 2328 1362 ,
2351 1301 2484 1367 quod
2513 1318 2611 1350 non

494 1403 516 1427 «
536 1383 695 1431 bibam
712 1382 772 1430 de
791 1383 1093 1447 generatione
1115 1382 1235 1440 vitis,
1257 1381 1412 1428 donec
1431 1397 1627 1444 regnum
1652 1382 1739 1427 Dei
1761 1381 1967 1428 veniat.»
1992 1384 2046 1428 Et
2070 1391 2265 1446 accepto
2283 1398 2424 1446 pane,
2444 1379 2614 1447 gratias

490 1466 610 1529 egit,
643 1475 689 1512 et
719 1465 883 1529 fregit,
914 1474 959 1511 et
990 1463 1122 1510 dedit
1152 1463 1248 1523 eis,
1281 1462 1445 1509 dicens
1470 1481 1479 1508 :
1515 1465 1659 1509 «Hoc
1691 1472 1760 1509 est
1787 1479 1961 1526 corpus
2001 1476 2162 1519 meum
2183 1449 2323 1526 'quod
2352 1480 2441 1528 pro
2474 1463 2612 1511 vobis

494 1566 515 1590 «
537 1547 691 1592 datur.
714 1548 815 1591 Hoc
841 1544 976 1591 facite
1003 1545 1050 1590 in
1071 1559 1225 1590 meam
1245 1543 1805 1589 commemorationem.»
1829 1542 2050 1589 Similiter
2074 1553 2120 1589 et
2145 1542 2340 1589 calicem
2359 1553 2614 1607 postquam

493 1625 696 1672 coenavit
719 1625 914 1671 dicens:
952 1643 973 1668 «
1001 1624 1086 1669 Hic
1110 1632 1178 1669 est
1207 1621 1326 1668 calix
1348 1637 1530 1668 novum
1555 1631 1892 1668 testamentum
1920 1622 1967 1668 in
1998 1622 2225 1685 sanguine
2257 1638 2383 1669 meo.
2409 1640 2432 1665 »

1309 1748 1343 1791 S
1344 1745 1488 1792 olatio
1522 1743 1786 1792 Aboelardc'.

557 1864 763 1924 Pascha,
798 1863 931 1929 quod
957 1863 1224 1911 secundum
1253 1863 1403 1928 legem
1432 1879 1600 1929 parare
1627 1863 1884 1929 discipulos
1907 1864 2124 1924 miserat,
2155 1873 2289 1911 vetus
2313 1874 2382 1911 est
2408 1863 2584 1928 pascha
2600 1899 2612 1923 ,

492 1944 540 1989 in
568 1960 648 1990 esu
681 1943 899 1991 videlicet
920 1944 1028 2008 agni
1056 1944 1130 1991 vel
1153 1944 1275 1991 haedi
1304 1960 1415 1990 cum
1444 1944 1640 1991 lactucis
1665 1943 1939 2008 agrestibus.
1964 1943 2107 2001 Quod
2131 1944 2273 1991 etiam
2300 1942 2478 2008 pascha
2502 1942 2617 1990 dicit

493 2040 542 2070 se
567 2023 858 2071 desiderasse
876 2060 888 2084 ‚
932 2035 980 2071 ut
1009 2024 1104 2071 hoc
1134 2041 1244 2071 cum
1271 2023 1512 2089 discipulis
1537 2024 1875 2083 manducaret,
1917 2034 2172 2088 antequam
2199 2033 2441 2088 pateretur
2468 2041 2477 2068 ε
2507 2022 2618 2086 quia

494 2114 603 2151 ante
631 2105 926 2169 passionem,
957 2121 1056 2152 non
1080 2114 1246 2169 postea
1274 2104 1424 2151 voluit
1447 2105 1494 2151 in
1520 2103 1680 2168 figuris
1705 2104 1932 2156 celebrari
1950 2114 2108 2151 vetera
2124 2140 2136 2163 ,
2163 2120 2267 2167 quae
2286 2102 2619 2168 supervenien-

495 2184 618 2231 tibus
642 2185 779 2231 novis
803 2195 957 2232 essent
980 2184 1290 2250 projicienda.
1323 2183 1467 2242 Quod
1493 2194 1538 2231 et
1564 2185 1664 2249 ipse
1689 2185 1925 2231 Dominus
1956 2194 2172 2248 patenter
2202 2183 2436 2241 insinuat,
2470 2198 2620 2246 quum

495 2264 554 2311 de
584 2281 710 2311 novo
731 2275 1028 2313 sacramento
1051 2275 1234 2311 tantum
1261 2265 1457 2312 dixerit:
1485 2268 1626 2312 «Hoc
1645 2265 1781 2312 facite
1798 2265 1846 2311 in
1867 2281 2023 2311 meam
2043 2263 2568 2322 commemorationem,
2594 2281 2618 2306 υ

495 2355 720 2409 tanquam
761 2355 894 2392 vetus
926 2345 1026 2409 jam
1069 2345 1266 2406 finiens,
1299 2356 1347 2392 et
1382 2345 1689 2392 solummodo
1716 2362 1897 2392 novum
1926 2344 2150 2408 deinceps
2197 2353 2421 2390 statuens.
2459 2345 2621 2401 Quum

495 2426 622 2472 enim
648 2425 838 2472 dixisset
864 2444 873 2471 :
908 2445 930 2470 «
954 2429 1056 2472 Hoc
1084 2435 1153 2472 est
1181 2442 1355 2491 corpus
1381 2442 1571 2485 meum,
1601 2424 1734 2489 quod
1757 2442 1846 2490 pro
1872 2425 2006 2473 vobis
2031 2423 2271 2483 tradetur,
2301 2442 2323 2467 »
2353 2423 2510 2470 statim
2541 2421 2622 2469 ad-

490 2503 646 2566 junxit
668 2523 678 2551 :
711 2524 734 2550 «
758 2509 860 2552 Hoc
885 2505 1020 2553 facite
1038 2506 1087 2552 in
1106 2522 1262 2552 meam
1285 2506 1810 2552 commemorationem.
1832 2524 1855 2549 »
1877 2504 2016 2552 Unde
2034 2514 2081 2551 et
2104 2503 2357 2569 Apostolus
2375 2506 2389 2528 ²
2410 2521 2420 2549 ε
2448 2522 2471 2547 «
2493 2504 2623 2560 Quo-

496 2586 772 2650 tiescunque
798 2586 926 2632 enim
953 2585 1298 2633 manducabitis
1322 2603 1498 2651 panem
1515 2585 1646 2633 hunc
1678 2595 1724 2632 et
1749 2585 1946 2632 calicem
1963 2584 2135 2632 bibetis
2155 2620 2167 2644 ,
2192 2593 2397 2632 mortem
2428 2583 2623 2630 Domini

496 2666 834 2714 annuntiabitis
871 2666 1026 2714 donec
1063 2667 1236 2714 veniat.
1269 2686 1291 2710 »
1326 2669 1408 2713 Est
1441 2666 1582 2731 igitur
1610 2667 1762 2713 missae
1793 2665 2076 2725 celebratio,
2117 2665 2368 2712 dominicae
2393 2663 2624 2729 passionis

497 2747 891 2794 commemoratio
914 2782 924 2806 ,
967 2746 1028 2793 ad
1059 2763 1204 2810 quam
1232 2746 1558 2810 unusquisque
1599 2745 1813 2793 fidelium
1845 2755 1974 2793 tanta
1997 2745 2342 2809 compassionis
2369 2743 2624 2791 devotione

498 2826 639 2873 debet
665 2826 889 2873 accedere
907 2862 919 2885 ,
954 2835 1132 2889 quanta
1158 2842 1268 2872 eum
1300 2842 1388 2891 pro
1414 2842 1463 2872 se
1489 2825 1767 2873 crucifixum
1795 2825 1938 2872 debet
1968 2825 2262 2889 conspicere.
2297 2827 2358 2870 Ut
2382 2839 2496 2887 ergo
2523 2821 2623 2869 haec

499 2905 747 2952 dominicae
766 2906 997 2971 passionis
1029 2906 1257 2952 memoria
1286 2906 1456 2952 nostris
1481 2905 1720 2966 mentibus
1736 2905 1983 2964 inhaereat,
2013 2914 2058 2952 et
2077 2905 2125 2951 in
2148 2904 2248 2968 ejus
2268 2920 2483 2952 amorem
2502 2901 2626 2949 >sem-

500 3001 584 3048 per
601 2985 844 3044 accendat‚
866 2984 1079 3049 quotidie
1099 2985 1145 3031 in
1167 2984 1268 3048 ejus
1288 2984 1421 3032 altari
1437 2984 1532 3032 hoc
1550 2985 1651 3049 ejus
1670 2984 1952 3032 sacrificium
1969 2984 2111 3032 debet
2131 2983 2386 3031 immolari.
2411 3002 2433 3028 ι(
2455 2985 2576 3042 Ηοο,
2598 3001 2621 3026 »

500 3064 673 3128 inquit,
715 3085 737 3110 «
762 3066 925 3125 facite,
958 3085 980 3109 >2
1015 3065 1111 3112 hoc
1137 3075 1206 3112 est
1231 3066 1386 3130 ipsum
1413 3082 1587 3131 corpus
1618 3082 1777 3112 meum
1796 3102 1808 3126 ,
1839 3082 1936 3112 non
1959 3066 2058 3129 jam
2085 3082 2174 3130 pro
2205 3063 2338 3111 vobis
2363 3060 2587 3110 traditum
2604 3099 2619 3120 ,

503 3143 583 3189 sed
609 3145 893 3191 tradendum
921 3146 969 3192 in
997 3145 1278 3192 memoriam
1308 3154 1447 3191 tantae
1481 3161 1598 3191 meae
1635 3144 1900 3192 dilectionis
1926 3145 2174 3204 conficite,
2213 3154 2265 3191 ut
2296 3143 2408 3190 inde
2433 3158 2626 3207 quoque

504 3232 642 3270 tantae
681 3224 945 3272 dilectionis
981 3226 1172 3273 flamma
1212 3226 1310 3273 sitis
1345 3226 1560 3284 accensi,
1599 3236 1652 3273 ut
1683 3228 2038 3274 communicare
2072 3226 2261 3291 possitis
2290 3224 2514 3289 passioni.
2552 3223 2626 3269 Bis

505 3302 728 3350 eumdem
748 3304 942 3351 calicem
968 3304 1081 3352 dare
1107 3305 1258 3352 voluit
1274 3342 1286 3365 ‚
1307 3316 1358 3353 ut
1381 3323 1468 3370 per
1489 3305 1584 3352 hoc
1609 3307 1893 3370 exprimeret
1910 3323 1998 3353 nos
2015 3306 2212 3352 calicem
2233 3304 2332 3368 ejus
2351 3319 2449 3350 non
2470 3302 2624 3349 solum

552 3484 560 3501 ⁶
588 3485 681 3528 Luc„
696 3496 769 3530 cap.
783 3498 851 3520 xxn
866 3513 873 3529 ,
890 3499 918 3521 v.
940 3488 974 3519 14
992 3495 1023 3521 et
1039 3486 1163 3532 squ—¹
1213 3492 1331 3523 orimh.
1347 3492 1382 3530 Ι,
1400 3500 1461 3535 cap
1490 3502 1542 3531 xi,
1559 3501 1589 3523 v.
1609 3491 1661 3522 24.
