2970 4152
409 489 470 524 Tu
487 488 527 524 in
543 487 647 524 luctu
666 499 747 524 mea
766 486 864 534 lyra,

412 549 474 584 Tu
490 547 655 584 lenimen
671 559 710 584 es
725 546 766 583 in
785 547 854 582 ira.

413 609 475 645 Tu
494 609 534 645 in
552 615 655 644 arcto
670 607 862 651 liberator,

411 670 472 706 Tu
489 669 530 706 in
543 668 649 717 lapsu
664 667 855 704 revelator.

411 730 532 767 Meam
553 735 701 778 praestas
718 728 757 764 in
775 733 973 775 provectu,

410 790 524 839 Spem
543 799 737 826 conservas
753 789 793 823 in
809 786 972 823 defectu.

411 850 452 888 si
470 851 554 899 quis
572 848 688 894 laedit,
709 855 751 883 tu
767 846 960 895 rependis3

413 911 453 948 si
471 911 649 954 minatur,
668 915 708 944 tu
730 906 910 943 defendis.

414 970 527 1018 Quod
543 976 600 1006 est
615 980 748 1016 anceps
759 995 770 1015 ‚
787 974 831 1004 tu
847 965 1015 1003 dissolvis
1029 994 1038 1010 ‚

414 1029 528 1078 Quod
544 1027 746 1078 tegendum
757 1056 768 1074 ‚
786 1034 831 1064 tu
845 1025 1015 1063 involvis.

415 1091 477 1127 Tu
495 1091 637 1127 intrare
653 1101 712 1126 me
729 1101 805 1125 non
822 1087 918 1124 sinas

415 1150 619 1187 lnfernales
635 1149 797 1187 officinas
807 1177 817 1194 ,

417 1211 492 1248 Ubi
510 1222 663 1257 moeror,
681 1210 747 1246 ubi
766 1217 909 1254 metus,

415 1273 490 1310 Ubi
511 1274 635 1318 foetor,
655 1270 720 1308 ubi
738 1271 867 1315 fletus,

412 1333 489 1370 Ubi
508 1333 644 1382 probra
661 1332 905 1379 deteguntur,

413 1394 489 1431 Ubi
508 1395 562 1430 rei
580 1392 877 1435 confunduntur,

415 1455 492 1492 Ubi
511 1461 634 1491 tortor
651 1463 798 1501 semper
814 1450 977 1494 caedens,

413 1515 489 1552 Ubi
508 1514 642 1551 vermis
660 1525 807 1562 semper
823 1511 958 1558 edens,

413 1575 490 1612 Ubi
507 1581 630 1612 totum
645 1574 720 1611 hoc
737 1584 901 1622 perenne
913 1599 924 1616 ‚

414 1636 514 1684 Quia
529 1647 663 1684 perpes
680 1646 780 1671 mors
799 1633 989 1682 gehennae.

414 1697 476 1733 Me
494 1702 660 1745 receptet
675 1695 766 1732 Sion
785 1694 866 1739 illa,

409 1757 503 1797 Sion
520 1755 639 1793 David
659 1755 750 1792 urbs
768 1753 968 1804 tranquilla
979 1782 988 1797 ‚

412 1820 530 1869 Cujus
550 1820 655 1857 faber
671 1826 803 1856 auctor
822 1818 936 1863 lucis,

411 1880 531 1928 Cujus
549 1887 664 1929 portae
678 1879 825 1928 lignum
843 1877 984 1921 crucis,

412 1940 532 1989 Cujus
550 1940 667 1977 claves
683 1939 811 1988 lingua
828 1939 951 1983 Petri,

412 2000 531 2048 Cujus
547 2001 644 2037 cives
659 2011 806 2049 semper
823 1998 916 2043 laeti,

408 2061 527 2109 Cujus
544 2062 642 2098 muri
658 2060 751 2109 lapis
767 2060 871 2097 vivus
882 2087 893 2106 ‚

1236 392 1523 441 CARMINA.

1497 486 1614 533 Cujus
1630 493 1754 522 custos
1771 497 1834 521 rex
1853 484 2016 520 festivus.

1499 546 1543 582 In
1562 546 1633 582 hac
1651 546 1745 582 urbe
1761 545 1824 581 lux
1844 542 2037 587 solemnis,

1499 607 1579 644 Ver
1594 614 1772 644 aeternum
1785 634 1795 650 ,
1814 617 1886 653 pax
1904 603 2093 653 perennis.

1500 669 1545 704 In
1564 667 1634 703 hac
1651 666 1746 702 odor
1766 664 1928 713 implens
1944 662 2073 708 coelos,

1500 728 1545 765 In
1561 728 1632 764 hac
1648 738 1795 775 semper
1814 724 1955 761 festum
1974 723 2102 760 melos.

1501 788 1586 824 Non
1603 795 1659 824 est
1676 786 1729 823 ibi
1751 783 1960 833 corruptela
1973 812 1985 831 ,

1502 850 1588 886 Non
1606 848 1791 892 defectus,
1811 859 1886 883 non
1904 845 2072 895 querela,

1502 910 1587 946 Non
1605 909 1764 953 minuti,
1784 920 1859 944 non
1877 906 2060 943 deformes
2075 922 2082 941 :

1503 970 1647 1007 Omnes
1664 968 1817 1006 Christo
1835 974 1924 1004 suut
1941 967 2161 1004 conformes.

1503 1030 1604 1067 Urbs
1621 1028 1797 1073 coelestis,
1818 1027 1908 1065 urbs
1925 1027 2049 1070 beata,

1504 1091 1626 1140 Super
1641 1091 1791 1127 Petram
1811 1088 1987 1126 collocata
1999 1117 2008 1132 ‚

1506 1152 1605 1188 Urbs
1622 1153 1660 1188 in
1680 1159 1792 1200 portu
1810 1151 1897 1187 satis
1915 1157 1999 1186 tuto
2011 1177 2020 1192 ‚

1505 1214 1558 1249 Ex
1576 1213 1782 1262 longinquo
1799 1219 1836 1248 te
1855 1211 1986 1247 saluto.

1506 1275 1562 1311 Te
1580 1275 1745 1322 suspiro,
1767 1281 1804 1310 te
1821 1273 1956 1316 saluto,

1506 1336 1562 1372 Te
1577 1334 1726 1379 affecto,
1747 1342 1784 1370 te
1802 1335 1964 1383 requiro.

1505 1399 1700 1445 Quantum
1715 1397 1771 1432 tui
1791 1394 2038 1444 gratulentur,

1503 1459 1626 1505 Quam
1645 1457 1773 1493 festive
1789 1456 2049 1498 conniventur‚

1504 1520 1599 1567 Quis
1615 1518 1765 1555 affectus
1780 1529 1843 1554 eos
1860 1517 2038 1565 stringat,

1503 1583 1582 1618 Aut
1596 1592 1676 1630 quae
1694 1591 1839 1628 gemma
1855 1589 1981 1614 muros
1997 1578 2144 1626 pingat,

1505 1642 1600 1690 Quis
1617 1639 1809 1685 calcedon,
1827 1639 1912 1688 quis
1925 1637 2132 1686 jacinthus.

1505 1703 1655 1739 Norunt
1671 1700 1725 1738 illi
1743 1699 1838 1750 quid
1854 1700 1903 1735 sit
1919 1699 2032 1735 intus.

1506 1765 1550 1800 In
1569 1762 1699 1811 plateis
1717 1760 1831 1808 hujus
1847 1759 1951 1796 urbis
1963 1788 1973 1804 ,

1504 1825 1671 1863 sociatus
1687 1823 1759 1871 piis
1775 1821 1895 1858 turbis

1502 1885 1599 1922 Cum
1616 1883 1733 1919 MoIse
1749 1890 1788 1919 et
1805 1882 1884 1919 Elia

1505 1947 1613 1983 Pium
1634 1956 1761 1982 canam
1779 1942 1938 1980 alleluia.

2066 2003 2184 2038 Auru.

846 2576 1199 2637 MAfflsTlu
1246 2574 1468 2635 PETRI
1520 2570 1915 2632 ABAELARm

965 2732 1455 2810 PLANGTUS
1505 2732 1791 2807 VARII.

2347 386 2441 434 333

375 3123 433 3164 Ea
456 3116 639 3163 carmina
653 3121 697 3162 in
721 3121 975 3163 Bibliotheca
990 3122 1181 3163 Vaticana
1201 3125 1362 3175 reperta
1386 3126 1495 3161 sunt.
1519 3104 1683 3161 Illorum
1703 3119 1864 3160 initium
1887 3125 2041 3159 tantum
2063 3118 2354 3172 transcripsere
2372 3131 2448 3159 au-

323 3195 458 3231 ctores
487 3191 680 3232 Historiae
704 3190 919 3232 litterariae
935 3189 966 3240 ¹3
1000 3189 1158 3243 integra
1185 3195 1320 3230 autem
1344 3187 1498 3243 publici
1522 3173 1627 3242 juris
1648 3181 1754 3228 facta
1777 3193 1914 3228 sunta
1930 3186 2033 3228 Carl.
2058 3186 2195 3229 Greith
2213 3188 2227 3210 ²
2251 3187 2321 3241 qui
2346 3186 2450 3227 male
2513 3183 2519 3191 ‘

323 3258 494 3298 omnino
519 3257 750 3312 suspicatur
765 3270 815 3299 ea
833 3267 924 3299 esse
942 3256 1234 3312 ἀλληγοροῦμενα
1246 3288 1256 3307 ,
1276 3264 1318 3298 et
1334 3256 1410 3298 sub
1427 3255 1534 3298 fictis
1552 3251 1788 3297 nominibus
1800 3255 2000 3298 Aboelardi
2015 3262 2056 3297 et
2074 3256 2270 3297 Heloissae
2293 3266 2453 3296 amores

323 3333 525 3380 spectare.
2360 3317 2363 3320 ’
2400 3331 2405 3339 ’

371 3489 379 3505 ⁴
407 3489 502 3523 'l’om-
520 3488 598 3530 xu,
617 3500 652 3534 p.
673 3491 749 3525 134.
764 3509 800 3514 -
820 3489 832 3508 ’
852 3490 927 3525 vid.
943 3491 1149 3534 Spicileqium
1162 3495 1365 3531 vaticanum,
1384 3501 1447 3525 von
1463 3490 1540 3525 Car-l
1557 3488 1680 3525 Greith.
1700 3490 1895 3526 Frauenfeld
1909 3516 1919 3533 ‚
1939 3493 2040 3536 1838,
2058 3491 2149 3531 ixx-8.
2169 3501 2203 3533 p.
2223 3492 2385 3524 123-131.
