2970 4152
1197 398 1524 447 SERMONES.
2334 402 2428 449 455

1139 670 1243 745 DE
1306 657 1590 744 cuncE.

1237 872 1385 902 smo
1420 872 1504 902 ΧΠ.

371 1014 563 1069 Quanta
577 1010 835 1058 devotione
863 1009 1117 1056 dominicae
1138 1008 1302 1055 Crucis
1323 1007 1684 1055 venerationem
1706 1008 1931 1071 prosequi
1954 1007 2214 1055 debeamus
2232 1046 2243 1067 ,
2266 1008 2433 1056 beatus

307 1091 562 1156 Apostolus
584 1091 647 1139 ad
669 1091 860 1138 Galatas
893 1089 1107 1137 scribens
1128 1088 1380 1153 diligenter
1402 1088 1632 1135 declarat¹
1655 1106 1664 1133 :
1695 1087 1852 1134 «Mihi
1875 1098 2035 1135 autem
2066 1088 2189 1136 absit
2217 1089 2431 1152 gloriari,

306 1171 399 1222 nisi
419 1171 470 1219 in
493 1174 645 1219 Cruce
673 1171 871 1219 Domini
898 1170 1051 1217 nostri
1080 1172 1189 1217 Jesu
1218 1169 1410 1216 Christi.
1432 1188 1455 1214 »
1486 1172 1638 1216 Tanto
1668 1169 1847 1234 quippe
1881 1169 2084 1234 amplius
2112 1171 2238 1216 Crux
2276 1170 2432 1217 domi·

305 1251 436 1310 nica,
462 1252 513 1298 in
535 1268 633 1317 qua
659 1269 824 1299 sumus
859 1250 1128 1315 redempti,
1163 1266 1191 1297 a
1218 1249 1360 1296 nobis
1395 1259 1465 1296 est
1493 1247 1827 1313 glorificanda,
1859 1259 2041 1313 quanto
2068 1250 2225 1296 verius
2254 1267 2309 1296 ex
2340 1250 2435 1296 hoc
2506 1264 2510 1275 ·

305 1346 478 1393 genere
507 1331 854 1397 redemptionis
881 1331 1032 1379 homo
1061 1330 1339 1395 redemptus
1370 1329 1561 1394 gloriari
1589 1329 1732 1377 valet.
1771 1329 1900 1387 Quid
1928 1340 1999 1377 est
2027 1340 2188 1377 autem
2216 1330 2431 1394 gloriari,

304 1411 395 1457 nisi
429 1428 768 1478 quemcunque
800 1429 851 1460 se
883 1411 1064 1476 aliquid
1098 1427 1330 1475 magnum
1366 1421 1413 1457 et
1442 1411 1706 1476 pretiosum
1734 1411 1997 1458 aestimare?
2028 1415 2080 1458 In
2114 1411 2248 1458 nullo
2277 1422 2435 1458 autem

304 1490 527 1554 quaelibet
553 1509 629 1540 res
657 1494 826 1558 quanti
859 1493 919 1540 sit
953 1493 1019 1539 ita
1051 1492 1278 1556 cognosci
1306 1501 1493 1557 potest,
1525 1492 1647 1538 sicut
1674 1492 1723 1538 in
1753 1492 1908 1556 pretio
1944 1492 2061 1555 ejus.
2100 1493 2177 1538 Sic
2206 1502 2253 1539 et
2286 1492 2435 1538 homo

303 1573 473 1635 quanti
507 1572 648 1620 fu'erit
677 1572 807 1638 apud
838 1576 994 1620 Deum
1013 1610 1024 1632 ,
1062 1582 1295 1638 quantam
1329 1588 1518 1637 semper
1557 1571 1928 1619 sollicitudinem
1959 1572 2123 1619 divina
2156 1589 2299 1637 super
2326 1589 2437 1619 eum

304 1652 498 1715 gesserit
525 1652 802 1712 clementia,
834 1663 1121 1718 quantaeque
1148 1653 1337 1718 pietatis
1364 1651 1626 1698 visceribus
1655 1669 1766 1698 eum
1795 1653 1855 1699 sit
1882 1653 2199 1716 amplexatus,
2231 1653 2437 1718 pretium

303 1732 462 1797 ipsum
501 1750 593 1797 pro
634 1733 971 1797 redemptione
1006 1732 1220 1778 hominis
1261 1730 1428 1777 datum
1467 1738 1687 1793 patenter
1730 1730 1956 1777 insinuat.
2004 1732 2148 1788 Quod
2188 1732 2438 1795 diligenter

303 1811 559 1878 Apostolus
579 1813 796 1871 intuens,
823 1821 871 1858 et
893 1811 954 1859 de
975 1811 1073 1858 hoc
1094 1810 1395 1873 singulariter
1418 1808 1649 1881 glorians,
1675 1810 1796 1855 sicut
1818 1827 1963 1874 supra
1985 1812 2290 1858 meminimus
2304 1850 2314 1869 ,
2338 1814 2402 1859 ait
2425 1832 2434 1858 z

307 1912 331 1937 «
347 1892 464 1939 Mihi
492 1903 654 1940 autem
689 1892 812 1940 absit
843 1891 1060 1956 gloriari,
1095 1896 1187 1938 etc.
1210 1909 1233 1934 »
1260 1893 1324 1936 Ac
1348 1890 1386 1936 si
1409 1898 1629 1954 patenter
1651 1889 1779 1936 dicat
1808 1909 1817 1935 :
1845 1890 2122 1938 Glorientur
2151 1892 2229 1939 alii
2252 1893 2300 1939 in
2325 1911 2440 1957 quo—

304 1988 496 2037 cunque
532 1972 801 2037 voluerint,
846 1973 1082 2038 pretiosos
1123 1987 1174 2018 se
1217 1970 1452 2017 aestiment
1493 1969 1860 2034 quibuscunque
1902 1971 2078 2018 divitiis
2112 1972 2187 2019 vel
2224 1972 2434 2028 honore;

306 2051 436 2100 mihi'
457 2063 618 2100 autem
653 2053 777 2100 absit
812 2052 1004 2117 gloriari
1039 2052 1130 2099 nisi
1164 2052 1212 2098 in
1248 2051 1344 2098 hoc
1378 2050 1725 2115 redemptionis
1764 2068 1880 2098 meae
1915 2069 2111 2115 genere,
2147 2053 2280 2118 quod
2311 2057 2439 2119 apud

304 2132 520 2180 infideles
548 2134 914 2197 ignominiosius
937 2132 1181 2196 judicatur
1209 2141 1256 2178 et
1290 2131 1444 2178 vilius.
1482 2134 1591 2189 Quo
1621 2133 1750 2178 enim
1779 2133 2016 2179 Dominus
2048 2132 2320 2196 indigniora
2349 2152 2438 2199 pro

304 2212 502 2261 homine
535 2214 782 2273 sustinuit,
815 2213 1085 2278 digniorem
1114 2212 1245 2278 apud
1267 2229 1317 2259 se
1346 2222 1394 2259 et
1430 2212 1687 2276 gratiorem
1717 2229 1827 2260 eum
1866 2212 2034 2260 haberi
2072 2213 2434 2262 demonstravit.

305 2293 498 2342 Nullum
525 2304 687 2342 autem
714 2294 985 2360 patibulum
1015 2292 1326 2341 execrabilius
1349 2309 1491 2340 cruce
1520 2294 1783 2358 antiquitus
1811 2293 2122 2353 censebatur,
2149 2294 2280 2342 nulla
2309 2313 2438 2342 mors

306 2372 428 2420 adeo
450 2374 603 2439 turpis
631 2384 679 2421 et
707 2373 1000 2422 detestabilis
1023 2373 1347 2441 judicabatur.
1381 2372 1521 2419 Unde
1550 2383 1597 2419 et
1625 2372 1721 2419 hoc
1745 2390 1893 2436 genus
1922 2373 2123 2438 patibuli
2151 2391 2250 2421 non
2281 2376 2438 2422 solum

306 2452 367 2499 ad
389 2470 586 2518 poenam
608 2453 807 2512 Christi,
833 2454 1149 2501 verumetiam
1173 2453 1234 2501 ad
1257 2453 1572 2516 ignominiam
1595 2453 1729 2518 impii
1752 2453 1924 2517 eligere
1947 2454 2291 2514 decreverunt,
2318 2456 2436 2503 sicut

306 2543 417 2581 ante
433 2551 520 2600 per
535 2522 830 2601 Sapientiam
851 2534 912 2581 de
934 2535 1048 2600 ipsis
1071 2534 1414 2599 prophetatum
1437 2534 1589 2580 fuerat
1612 2534 1930 2581 dicentibus&
1952 2537 2142 2582 «Morte
2164 2538 2438 2601 turpissima

306 2615 688 2663 condemnemus
710 2632 839 2663 eum.
862 2634 885 2661 »
912 2619 971 2662 Et
984 2614 1257 2680 ApostoluS,
1277 2631 1427 2679 quum
1451 2614 1663 2662 dixisset³
1683 2634 1693 2661 ε
1717 2619 1925 2662 «Factus
1948 2615 2179 2663 obediens
2202 2634 2353 2683 usque
2376 2620 2435 2666 ad

306 2707 514 2745 mortem
529 2735 548 2756 ,.
566 2717 589 2742 »
614 2698 751 2762 quasi
773 2713 946 2762 parum
968 2696 1063 2744 hoc
1085 2697 1352 2755 videretur,
1386 2697 1475 2743 nisi
1499 2697 1643 2744 etiam
1666 2698 1823 2762 ipsum
1847 2714 1995 2761 genus
2018 2699 2185 2746 mortis
2207 2710 2437 2765 tanquam

307 2777 630 2824 abominabile
652 2776 1021 2836 determinaret,
1046 2777 1208 2824 statim
1237 2776 1438 2840 adjecit:
1470 2795 1494 2821 «
1523 2786 1730 2824 mortem
1760 2787 1919 2824 autem
1949 2779 2118 2826 crucis.
2146 2799 2168 2823 υ
2201 2781 2344 2837 Quod
2368 2791 2435 2828 est

307 2856 489 2916 dicere,
510 2874 611 2904 non
634 2856 792 2904 solum
814 2873 966 2922 usque
988 2857 1050 2904 ad
1076 2867 1307 2915 mortem,
1328 2856 1412 2904 sed
1435 2874 1587 2921 usque
1610 2857 1671 2904 ad
1694 2868 1794 2905 tam
1817 2859 2186 2922 ignominiosam
2210 2871 2432 2921 mortem,

307 2954 403 3001 qua
430 2937 698 3002 specialiter
719 2936 1011 3003 blasphemi,
1037 2937 1133 2984 hoc
1161 2947 1232 2984 est
1261 2937 1343 3002 qui
1373 2938 1422 2984 in
1452 2937 1662 3003 aliquam
1691 2938 2041 3004 blasphemiam
2070 2941 2157 2987 Dei
2185 2957 2437 3005 praesume·

307 3016 449 3077 bant,
474 3017 817 3084 puniebantur.
846 3017 985 3065 Unde
1013 3028 1062 3066 et
1082 3019 1294 3065 Domino
1317 3018 1700 3084 improperantes
1731 3020 1864 3084 quod
1893 3037 1943 3067 se
1971 3020 2121 3068 filium
2150 3023 2237 3068 Dei
2260 3022 2438 3070 diceret

309 3098 520 3147 aiebant¹⁰
541 3117 551 3145 :
582 3118 605 3144 «
622 3098 990 3164 Blasphemavit.
1017 3098 1146 3157 Quid
1169 3098 1328 3147 adhuc
1350 3099 1677 3147 desideramus
1699 3102 1868 3148 testes?
1887 3120 1909 3144 »
1936 3105 1994 3148 Et
2016 3103 2150 3166 quasi
2171 3102 2266 3150 hoc
2289 3119 2437 3166 genus

309 3178 477 3225 mortis
511 3195 567 3226 ex
601 3178 902 3244 blasphemia
929 3179 1295 3244 promeruisset,
1332 3178 1682 3227 exclamabant¹⁵
1709 3199 1719 3227 :
1755 3200 1778 3225 «
1806 3180 2143 3245 Cruciflgatur!
2170 3201 2194 3226 »
2232 3185 2303 3229 De
2338 3201 2435 3247 quo

309 3259 453 3306 etiam
495 3261 669 3323 genere
712 3260 882 3309 mortis
899 3297 911 3319 ‚
964 3276 1111 3325 quam
1153 3259 1433 3308 detestabile
1483 3254 1747 3319 videretur,
1800 3271 1846 3308 et
1896 3262 2058 3310 divina
2101 3263 2436 3311 maledictione

357 3434 366 3451 ⁴
395 3435 520 3474 Gazae„
537 3445 610 3479 cap.
633 3446 684 3477 vi,
702 3446 732 3470 v.
757 3437 809 3470 14.
828 3452 873 3462 —
890 3435 902 3453 '
919 3436 1013 3478 Sap„
1034 3446 1110 3480 cap.
1131 3447 1172 3477 n,
1191 3447 1220 3469 v.
1241 3438 1297 3469 ΞΟ.
1313 3455 1352 3461 —
1371 3437 1383 3454 ³
1399 3437 1536 3479 Philip„
1561 3448 1634 3480 cap.
1657 3448 1698 3476 n.
1720 3449 1751 3470 v.
1773 3439 1805 3470 8.
1827 3457 1856 3460 --
1879 3439 1891 3455 ⁰
1908 3439 2037 3479 Matth.,
2058 3451 2132 3483 cap.
2161 3452 2236 3473 xxv·
2251 3467 2259 3482 ‚
2278 3453 2309 3473 v.
2326 3442 2377 3473 65.
2393 3459 2435 3466 —-

313 3492 327 3510 ⁸
344 3492 444 3534 lbid.‚
460 3503 534 3537 cap.
550 3504 659 3535 xxvn,
676 3505 709 3528 v.
724 3495 779 3527 23.
