2970 4152
561 401 658 448 682
1370 406 1541 454 PETRI
1577 408 1887 457 ABAELARDI

559 496 782 550 MaJestatis
798 499 1046 552 postulatus,
1061 504 1107 540 ut
1125 499 1214 553 ipse
1235 506 1368 541 narrat
1384 501 1428 542 in
1445 503 1633 545 Historia
1650 506 1935 546 calamitatum
1949 505 1977 556 ²,
1998 504 2134 558 fugam
2145 507 2362 560 capessivit
2373 508 2550 562 primum
2565 511 2684 554 Abae-

558 563 712 618 lardus,
727 580 777 608 ne
790 567 833 607 in
847 568 1001 623 majora
1015 569 1174 610 veniret
1189 569 1369 623 pericula
1384 585 1394 611 z
1411 570 1562 613 deinde
1572 572 1814 626 prudentius
1823 573 2072 615 existimavit
2086 574 2246 629 publice
2259 576 2433 618 inficiari
2446 579 2684 633 paradoxon

557 633 659 675 illud
681 635 919 678 historicum
939 651 1022 692 quo
1043 644 1195 680 tantam
1215 647 1493 682 commoverat
1511 642 1555 683 in
1574 655 1618 683 se
1635 647 1931 697 tempestatem.
1951 646 1994 684 ln
2015 645 2202 698 praesenti
2221 645 2346 699 igitur
2361 647 2534 702 epistola
2555 648 2687 691 diver-

557 701 614 742 sis
627 703 995 756 probatauctorum
1015 708 1260 748 testimoniis
1281 709 1536 764 Dionysium,
1557 711 1739 752 Corinthi
1756 712 1994 766 episcopum
2008 744 2018 761 ‚
2045 712 2121 754 sub
2142 714 2265 755 Marci
2285 714 2436 756 Aurelii
2453 715 2683 771 principatu

558 769 791 814 defunctum
805 807 814 825 ‚
838 788 921 816 non
948 776 1138 818 eumdem
1158 789 1251 818 esse
1269 790 1318 818 ac
1335 778 1575 834 Dionysium
1599 780 1884 834 Areopagitam
1897 812 1906 831 ,
1921 781 2009 822 Divi
2032 782 2143 823 Pauli
2163 781 2433 837 discipulum,
2453 783 2563 825 hunc
2582 792 2684 826 vero

556 851 725 891 prorsus
737 844 919 896 potuisse
932 846 1054 886 variis
1068 846 1321 900 temporibus
1343 847 1594 901 pontificiam
1625 848 1764 889 sedem
1791 849 1927 903 primo
1957 849 2148 901 Athenis,
2165 856 2211 892 ut
2234 844 2304 892 est'
2319 852 2460 906 opinio
2473 853 2657 894 omnium
2671 885 2681 904 ‚

555 907 706 952 deinde
727 912 911 954 Corinthi
931 914 1157 956 obtinuisse
1173 947 1183 965 ‚
1203 921 1244 956 et
1267 922 1407 970 postea
1425 917 1548 959 fidem
1569 918 1833 959 christianam
1853 919 1895 959 in
1912 919 2060 961 Gallias
2078 921 2274 962 attulisse.
2291 922 2424 970 Quam
2448 922 2681 976 epistolam,

555 984 599 1019 ut
628 980 777 1022 studiis
805 982 892 1024 suis
920 983 1102 1036 favebat,
1124 986 1172 1025 D.
1196 985 1379 1040 Dionysii
1399 987 1591 1027 monachi
1612 987 1828 1040 permultis
1849 988 2153 1042 exemplaribus
2170 990 2390 1043 vulgavere
2403 1008 2413 1039 ;
2436 990 2546 1032 unde
2571 990 2618 1033 fit
2638 998 2683 1033 ut

555 1035 826 1098 exffimnibus
840 1051 1043 1094 Abaelardi
1063 1053 1258 1108 operibus
1275 1055 1397 1096 unius
1420 1056 1540 1109 hujus
1560 1055 1726 1110 plurimi
1746 1061 1907 1098 exstent
1926 1057 2062 1098 adhuc
2088 1058 2252 1099 codices
2275 1046 2557 1113 manuscripti.
2580 1061 2681 1102 Per-

555 1117 756 1160 volvimus
774 1133 846 1162 eos
870 1122 939 1176 qui
964 1122 1007 1163 in
1032 1123 1294 1165 Bibliothecae
1315 1126 1437 1176 regiae
1454 1125 1641 1177 catalogo
1666 1126 1851 1179 inscripti
1876 1131 1973 1166 sunt
1999 1126 2182 1167 numeris
2209 1127 2350 1169 2445A
2375 1134 2414 1169 et
2443 1130 2549 1172 2447
2569 1143 2578 1170 :
2606 1129 2681 1171 sed

553 1185 755 1230 lectiones
778 1188 863 1231 sere
887 1190 1051 1231 inutiles
1073 1202 1149 1231 nec
1171 1191 1320 1232 multas
1341 1191 1461 1232 nobis
1481 1191 1693 1233 suffecere.

546 1611 682 1670 Adoe,
706 1611 1007 1659 dilectissimo
1017 1610 1156 1677 patri
1164 1629 1264 1669 suo,
1286 1611 1445 1659 abbati
1458 1613 1554 1659 Dei
1561 1613 1723 1677 gratia
1737 1610 1935 1659 eoenobii
1942 1612 2393 1678 gloriosissimorum
2410 1624 2678 1677 martyrum

608 1694 847 1755 Dionysii,
870 1694 1053 1740 Rustici
1072 1704 1120 1739 et
1141 1696 1184 1739 E
1187 1692 1415 1751 leutherii,
1442 1692 1611 1740 ibidem
1629 1710 1824 1757 corpore
1848 1695 2207 1758 quiescentium,
2238 1711 2425 1758 unaque
2435 1693 2679 1757 fratribus

609 1784 660 1819 et
677 1773 1024 1820 commonachis
1043 1775 1142 1820 suis
1159 1775 1433 1831 carissimis,
1459 1776 1632 1820 Petrus
1649 1773 1810 1820 habitu
1833 1774 2113 1832 monachus,
2145 1777 2237 1821 vitu
2252 1785 2490 1838 peccator,
2516 1776 2677 1840 gratia

612 1854 732 1902 vobis
753 1866 803 1901 et
812 1872 941 1919 pax,
971 1865 1026 1901 ut
1043 1857 1116 1901 ait
1135 1855 1414 1920 Apostolus,
1443 1872 1474 1901 u
1497 1859 1598 1902 Deo
1614 1865 1759 1920 patre
1783 1865 1944 1902 nostro
1965 1865 2014 1902 et
2033 1857 2238 1902 Domino
2257 1859 2369 1903 Jesu
2395 1855 2596 1903 Christo.

606 2009 738 2072 Saepe
766 2008 908 2055 unius
937 2024 1072 2055 error
1094 2007 1272 2055 multos
1294 2007 1518 2066 involvit,
1561 2017 1608 2054 et
1640 2007 1785 2072 proni
1814 2006 2037 2054 homines
2067 2007 2115 2053 in
2146 2006 2351 2066 malum,
2381 2006 2563 2054 facilius
2590 2023 2677 2072 per

540 2104 692 2134 unum
713 2088 762 2134 in
787 2087 1062 2147 falsitatem,
1091 2105 1238 2152 quam
1260 2105 1346 2152 per
1369 2087 1547 2134 multos
1568 2088 1618 2133 in
1640 2087 1891 2134 veritatem
1919 2087 2193 2134 trahuntur.
2219 2089 2323 2133 Hoc
2347 2096 2509 2133 autem
2529 2089 2544 2110 ²
2563 2085 2675 2133 ideo

540 2167 649 2214 dico
666 2205 677 2227 ,
704 2167 838 2232 quod
855 2167 993 2214 multi
1010 2168 1076 2227 ei,
1103 2184 1250 2232 quam
1267 2177 1511 2227 tenemus,
1536 2168 1726 2214 veritati
1749 2167 1809 2213 de
1823 2167 2056 2230 Dionysio
2073 2167 2359 2231 Areopagita
2377 2167 2518 2212 unius
2538 2165 2675 2213 Bedae

538 2248 873 2295 auctoritatem
906 2264 1155 2312 opponere
1186 2247 1394 2305 soleant,
1422 2235 1747 2310 gravioribus,
1774 2263 1879 2310 quae
1901 2248 1915 2270 Β
1936 2245 2076 2292 nobis
2106 2245 2289 2304 favent,
2317 2254 2399 2292 aut
2426 2262 2513 2310 per
2534 2245 2676 2292 mali-

537 2330 652 2376 tiam
665 2366 676 2387 ,
703 2339 785 2376 aut
806 2328 1018 2375 fortassis
1039 2345 1126 2393 per
1148 2329 1471 2392 ignorantiam
1486 2365 1497 2387 ,
1525 2326 1886 2374 auctoritatibus
1904 2329 1917 2351 ⁴
1939 2326 2235 2391 postpositis.
2258 2326 2345 2372 Hic
2368 2326 2547 2390 quippe
2564 2325 2676 2372 Dio-

535 2410 726 2474 nysium
748 2409 1083 2473 Areopagitam
1106 2408 1470 2455 Corinthiorum
1491 2408 1773 2472 episcopum
1797 2407 1939 2453 fuisse
1961 2406 2231 2471 profitetur,
2258 2423 2410 2470 quum
2434 2406 2530 2466 alii,
2547 2423 2670 2471 quo-

535 2507 645 2537 rum
668 2489 811 2554 longe
838 2489 1043 2537 validior
1072 2497 1143 2536 est
1177 2489 1435 2536 auctoritas
1454 2526 1465 2548 ,
1504 2505 1616 2535 eum
1650 2488 1813 2552 potius
1843 2487 1985 2534 fuisse
2015 2486 2378 2534 Atheniensium
2410 2487 2673 2534 antistitem

533 2572 808 2631 adstruant,
836 2581 883 2618 et
905 2572 1108 2618 omnino
1133 2570 1279 2618 alium
1311 2571 1453 2617 fuisse
1490 2569 1779 2634 Dionysium
1807 2569 2168 2634 Areopagitam,
2208 2567 2355 2615 alium
2387 2568 2673 2632 Dionysium

532 2652 896 2699 Corinthiorum
925 2653 1231 2717 episcopum,
1270 2652 1365 2699 suis
1397 2651 1692 2698 convincant
1719 2649 2079 2697 assertionibus.
2118 2653 2358 2696 Ponamus
2393 2649 2553 2713 itaque
2582 2649 2674 2695 sin-

532 2734 755 2797 gulorum
776 2733 947 2792 verba,
971 2750 1026 2780 ac
1049 2733 1226 2780 deinde
1248 2732 1611 2780 consideremus
1627 2769 1638 2791 ,
1663 2732 1703 2778 si
1726 2748 1827 2778 non
1851 2730 2009 2778 solum
2027 2730 2216 2777 diversa
2230 2766 2242 2789 ,
2267 2730 2583 2777 verumetiam
2605 2729 2673 2775 in·

529 2815 685 2862 vicem
707 2814 909 2861 adversa
930 2813 1020 2860 sibi
1041 2815 1160 2873 sint,
1186 2830 1241 2860 ac
1267 2813 1356 2860 sibi
1380 2813 1570 2878 penitus
1592 2812 1926 2881 repugnantia.
1954 2811 2099 2869 Quod
2121 2811 2161 2858 si
2183 2810 2444 2858 viderimus
2459 2848 2471 2870 ,
2498 2810 2672 2874 dijudi-

529 2912 692 2943 cemus
715 2895 1022 2942 auctoritates
1045 2894 1172 2959 ipsas
1187 2931 1198 2953 ,
1224 2903 1301 2952 ut,
1331 2910 1483 2957 quum
1506 2909 1676 2940 omnes
1704 2892 1876 2939 salvari
1898 2909 2000 2938 non
2029 2890 2221 2939 valeant
2236 2928 2247 2950 ,
2274 2890 2355 2938 illa
2376 2889 2671 2956 periclitetur

528 2993 632 3040 quae
656 2976 845 3023 minore
865 2975 1033 3022 nititur
1055 2974 1303 3038 dignitate.
1331 2974 1572 3038 Scriptum
1594 2982 1666 3020 est
1687 2973 1847 3037 itaque
1870 2972 1931 3019 de
1953 2971 2050 3019 hoc
2072 2971 2122 3018 in
2151 2968 2485 3018 Ecclesiasticci
2508 2971 2668 3017 Histo-

528 3059 623 3115 ria,
651 3056 777 3104 libro
800 3066 974 3121 quarto
989 3094 1000 3115 ,
1027 3054 1238 3120 capitulo
1263 3054 1493 3118 vigesimo
1525 3054 1695 3115 tertio,
1725 3053 1800 3100 his
1821 3052 1981 3100 verbis
2010 3070 2020 3098 :
2051 3071 2074 3097 «
2101 3045 2408 3099 Veniendum
2430 3050 2573 3098 nobis
2595 3059 2666 3101 est

526 3137 723 3185 tandem
747 3137 809 3184 ad
830 3136 959 3184 beati
981 3135 1199 3199 Dionysii
1236 3133 1751 3181 commemorationem
1786 3132 2151 3180 Corinthiorum
2188 3130 2396 3179 ecclesiae
2426 3130 2662 3196 episcopi,

522 3218 656 3282 cujus
687 3217 956 3264 eruditione
985 3226 1033 3263 et
1060 3215 1232 3280 gratia,
1261 3231 1409 3280 quam
1429 3213 1641 3261 habebat
1663 3214 1713 3260 in
1742 3213 1893 3261 verbo
1917 3214 2030 3272 Dei,
2057 3211 2342 3259 fruebantur
2365 3227 2467 3257 non
2487 3209 2538 3257 hi
2573 3226 2663 3275 po·

524 3300 625 3364 puli
646 3308 835 3347 tantum
848 3336 859 3358 ,
884 3315 1007 3363 quos
1028 3297 1265 3362 regendos
1288 3295 1560 3363 acceperat,
1586 3295 1671 3343 sed
1693 3305 1741 3343 et
1761 3295 1931 3361 procul
1954 3294 2122 3360 positi,
2147 3292 2320 3359 quibus
2333 3308 2420 3358 per
2440 3290 2665 3356 epistolas

568 3456 577 3472 ⁴
604 3454 687 3488 Vide
715 3460 741 3487 t.
762 3453 775 3487 1
797 3452 933 3496 hujusce
961 3452 1115 3486 editionis
1128 3477 1136 3493 ,
1162 3463 1196 3496 p.
1219 3454 1275 3486 23.
1300 3471 1342 3478 —
1362 3451 1375 3470 ²
1400 3452 1455 3486 Sic
1475 3451 1559 3486 eod.
1616 3450 1630 3468 ⁸
1644 3450 1698 3484 Sic
1711 3450 1794 3483 Cod.
1813 3450 1895 3493 Reg.
1912 3450 1999 3482 2445
2017 3448 2044 3483 Α
2061 3455 2094 3482 et
2109 3447 2304 3487 2447.-—Qu1·
2320 3445 2463 3480 Amb.-
2476 3445 2490 3463 ⁴
2504 3445 2558 3479 Sic
2573 3445 2658 3479 Cod.

526 3512 606 3555 Reg.
622 3511 708 3544 24⁴5
725 3510 751 3544 A
766 3516 799 3544 et
814 3510 959 3543 2447.—-
970 3510 1040 3543 Hoc
1055 3516 1162 3541 autem
1179 3509 1298 3543 desunt
1314 3509 1347 3542 in
1365 3508 1446 3542 edit.
1462 3508 1559 3542 Amb.
1615 3507 1696 3551 Reg.
1713 3506 1800 3540 24⁴5
1817 3506 1844 3540 A
1864 3513 1897 3540 et
1916 3506 2016 3540 2447.
2028 3522 2052 3530 -
2065 3506 2256 3539 Auctoribus
2272 3502 2372 3538 Amb.
