2970 4152
861 471 981 518 CUM
1014 469 1184 518 PETRI
1221 469 1529 517 ABAELARDI
1562 470 1995 520 SOLUTIONIBUS.
2389 471 2473 518 284

376 570 493 617 mini
512 583 632 634 puer
656 567 893 615 accinctus
918 565 1079 631 ephod
1098 565 1249 625 lineo,
1280 575 1328 612 et
1354 565 1563 629 tunjcam
1588 583 1783 631 parvam
1808 566 2008 614 faciebat
2031 573 2182 612 mater
2206 581 2315 625 sua,
2341 582 2485 629 quam

376 649 600 696 afferebat
628 648 809 696 statutis
832 645 1022 706 diebuS,
1051 644 1311 693 ascendens
1333 662 1444 692 cum
1470 647 1573 694 viro
1608 663 1719 706 suo,
1748 656 1801 693 ut
1832 646 2102 693 immolaret
2128 645 2333 692 hostiam
2366 646 2486 693 sole-

377 746 554 777 mnem.
578 748 601 773 »
629 730 736 777 Sive
752 727 880 774 enim
898 726 1056 786 levita,
1073 736 1126 772 ut
1143 725 1435 790 probabilius
1450 737 1536 787 est,
1556 727 1653 774 sive
1668 726 1889 774 sacerdos
1905 726 2096 773 Samuel
2112 726 2250 772 fuerit
2273 745 2282 771 z
2311 742 2486 790 nequa-

377 826 519 873 quam
564 819 673 856 aetas
705 807 929 872 <pueritiae
959 805 1220 863 ministerio
1256 806 1357 870 ejus
1394 807 1650 857 convenire
1687 806 1951 855 secundum
1991 806 2142 870 legem
2180 816 2390 871 poterat,
2435 816 2486 852 ut

379 880 611 938 videlicet
637 889 798 955 ephod
837 889 1075 946 accinctus
1115 898 1341 952 tanquam
1385 888 1553 948 levita,
1594 887 1669 935 vel
1708 887 1929 934 sacerdos
1970 888 2115 934 vitam
2157 898 2317 934 tenera
2353 897 2485 935 aetate

379 972 676 1025 ministraret.
709 968 974 1026 Quaerimus
1010 978 1057 1015 et
1082 985 1225 1032 quam
1254 968 1462 1016 tunicam
1491 968 1565 1015 vel
1595 967 1767 1032 quibus
1799 967 2093 1032 temporibus
2124 968 2302 1014 statutis
2339 977 2487 1014 mater

378 1067 529 1115 puero
548 1049 749 1096 afferret.

1196 1158 1375 1203 Salutio
1406 1156 1675 1224 Aboelfzrdz’.-

445 1279 707 1326 Ministrare
730 1295 851 1344 puer
873 1280 922 1325 in
957 1277 1192 1342 aliquibus
1217 1277 1383 1324 officiis
1411 1277 1676 1324 minoribus
1701 1287 1909 1342 poterat,
1939 1278 2101 1344 ephod
2137 1295 2328 1343 quoque
2361 1278 2486 1324 lineo

381 1361 633 1408 accinctus.
666 1359 802 1406 Unde
820 1368 867 1406 et
889 1358 1006 1405 illud
1024 1369 1093 1406 est
1112 1357 1291 1405 Rabani
1309 1358 1573 1406 secundum
1594 1358 1903 1422 Augustinum
1917 1361 1929 1383 ¹
1952 1377 1961 1404 ε
1995 1378 2019 1403 «
2046 1358 2234 1405 Samuel
2254 1359 2488 1405 accinctus

380 1439 542 1505 ephod
564 1439 667 1496 bar,
690 1439 783 1486 hoc
807 1449 876 1486 est
901 1437 1277 1504 superhumerali
1300 1437 1450 1497 lineo,
1475 1438 1607 1502 quod
1626 1438 1767 1485 distat
1789 1437 1849 1485 ab
1873 1437 1954 1484 illo
1980 1437 2165 1503 ephod,
2194 1454 2290 1502 quo
2316 1437 2486 1484 indue-

379 1519 519 1567 batur
550 1519 760 1584 pontifex
789 1537 799 1565 :
826 1519 937 1583 quia
961 1517 1084 1565 istud
1117 1518 1451 1566 tantummodo
1482 1517 1661 1565 lineum
1689 1518 1800 1579 fuit,
1840 1528 1886 1565 et
1917 1534 2195 1565 concessum
2226 1517 2489 1564 minoribus

380 1599 603 1664 gradibus
626 1598 688 1646 ad
706 1598 954 1646 utendum.
975 1598 1098 1645 lllud
1119 1598 1246 1645 enim
1262 1634 1275 1657 ,
1304 1597 1436 1662 quod
1463 1598 1690 1646 vestiebat
1714 1597 2012 1664 pontificem,
2050 1615 2106 1646 ex
2132 1608 2336 1663 quatuor
2362 1597 2489 1644 colo-

380 1680 528 1739 ribus,
557 1680 605 1727 id
621 1690 706 1740 est,
722 1679 964 1743 hyacinto,
992 1679 1137 1738 bisso,
1160 1695 1323 1738 cocco,
1342 1695 1572 1744 purpura,
1589 1689 1640 1731 ‚et
1656 1696 1712 1726 ex
1728 1696 1845 1726 auro
1860 1679 2125 1726 habebatur
2147 1688 2437 1726 contextum.
2464 1697 2486 1720 »

384 1763 591 1808 Statutos
614 1761 713 1808 dies
739 1771 865 1825 patet
899 1777 999 1808 esse
1023 1760 1319 1826 supradictos
1350 1761 1493 1807 trium
1526 1760 1827 1808 festivitatum
1855 1760 2118 1808 secundum
2150 1759 2328 1824 legem,
2355 1768 2408 1805 ut
2441 1759 2490 1804 in

382 1841 576 1906 singulis
610 1840 698 1888 illis
720 1841 968 1905 praecipuis
992 1840 1368 1887 solemnitatibus
1395 1840 1531 1900 anni,
1555 1851 1704 1888 mater
1727 1840 1924 1888 sollicita
1954 1839 2052 1887 filio
2083 1856 2258 1887 novam
2284 1840 2490 1886 tunicam

381 1920 584 1980 afferret,
604 1921 652 1967 in
678 1936 771 1984 qua
793 1921 893 1986 ipse
918 1920 1128 1966 Domino
1152 1920 1378 1967 mundius
1402 1920 1477 1968 vel
1494 1920 1739 1969 honestius
1770 1921 2078 1979 ministraret,
2108 1919 2492 1985 superhumerale

382 2000 560 2048 lineum
585 1999 791 2065 desuper
810 1999 1018 2058 habens,
1047 2016 1145 2063 quo
1165 2001 1427 2060 accinctus,
1456 2010 1502 2047 et
1529 2017 1628 2048 non
1657 2010 1903 2059 oneratus,
1936 1999 2199 2065 expeditius
2228 2001 2492 2047 ministrare

382 2091 557 2146 posset.
582 2082 754 2140 Quem,
774 2080 824 2126 ni
842 2079 995 2139 fallor,
1017 2079 1232 2128 habitum
1249 2081 1473 2128 monachi
1491 2097 1622 2128 nunc
1638 2082 1900 2140 imitantur,
1922 2098 2070 2146 quum
2091 2098 2238 2146 opera
2262 2097 2487 2128 manuum

383 2162 431 2208 in
458 2162 617 2208 tunica
634 2171 682 2209 et
699 2161 931 2227 scapulari
953 2161 1156 2227 desuper
1173 2163 1384 2209 accincto
1404 2161 1587 2209 soleant
1602 2179 1834 2210 exercere.
1852 2162 1979 2221 Quid
1999 2163 2126 2210 enim
2145 2162 2274 2210 aliud
2292 2161 2489 2227 scapulae

381 2258 527 2305 quam
552 2242 771 2289 humeri?
799 2245 888 2289 Aut
912 2241 1029 2306 quid
1053 2241 1296 2307 scapulare
1318 2243 1407 2289 nisi
1430 2242 1847 2307 superhumerale?
1868 2244 2107 2308 Denique,
2132 2244 2237 2308 quis
2256 2242 2490 2308 improbet

374 2323 674 2382 Samuelem,
702 2323 810 2370 licet
841 2339 1067 2388 puerum,
1093 2324 1142 2370 in
1169 2322 1326 2371 officio
1350 2323 1623 2384 levitarum,
1653 2341 1742 2390 pro
1775 2326 2051 2372 necessitate
2081 2325 2370 2383 ministrare,
2400 2323 2489 2370 hoc

383 2404 524 2450 etiam
543 2403 615 2450 Eli
634 2403 853 2466 jubente,
876 2421 1024 2468 quum
1051 2403 1208 2451 nullus
1225 2414 1338 2451 tunc
1356 2404 1404 2450 in
1430 2404 1578 2452 domo
1597 2405 1669 2452 Eli
1686 2406 1970 2471 reperiretur
1992 2405 2086 2452 hoc
2105 2404 2264 2453 officio
2290 2404 2486 2469 dignus?

385 2485 561 2529 Notum
585 2483 762 2548 quippe
781 2483 1086 2548 proverbium
1110 2494 1180 2531 est
1209 2503 1218 2530 :
1246 2504 1268 2528 «
1299 2485 1558 2532 Necessitas
1580 2502 1679 2533 non
1695 2485 1838 2533 habet
1860 2485 2027 2550 legem.
2054 2504 2076 2529 »

1093 2647 1334 2678 PROBLEMA
1366 2647 1587 2678 HELOISSAE
1622 2649 1766 2678 XXXVI
1772 2667 1782 2677 .

450 2760 685 2823 Rogamus
702 2758 880 2823 quippe
905 2768 950 2805 et
966 2759 1219 2822 quaerimus
1234 2794 1246 2818 ,
1275 2759 1380 2823 quis
1402 2758 1540 2806 fuerit
1565 2758 1642 2806 ille
1658 2759 1729 2806 vir
1746 2759 1834 2805 Dei
1851 2775 1879 2806 a
1897 2759 2107 2806 Domino
2126 2758 2291 2806 missus
2309 2756 2370 2803 ad
2390 2755 2485 2814 Eli,

385 2849 435 2884 ut
462 2855 571 2885 eum
590 2839 861 2902 corrigeret,
878 2848 925 2886 et
940 2838 1064 2885 mala
1082 2837 1246 2885 domui
1267 2839 1367 2902 ejus
1382 2849 1581 2886 ventura
1598 2839 1898 2904 praediceret?
1916 2839 2043 2898 Quid
2062 2849 2108 2886 et
2130 2837 2245 2885 illud
2262 2837 2336 2897 sit,
2360 2835 2490 2901 quod

384 2920 506 2966 inter
538 2928 705 2965 caetera
741 2918 911 2965 dicitur
927 2955 939 2978 ,
984 2918 1044 2966 de
1075 2918 1320 2966 sacerdote
1360 2919 1556 2966 meliore
1596 2936 1873 2967 successuro
1907 2919 1979 2966 Eli
1995 2921 2010 2943 ¹
2037 2937 2047 2965 :
2089 2939 2111 2963 «
2157 2916 2422 2975 Suscitabo,
2464 2935 2486 2959 »

384 2999 551 3064 inquit,
576 3018 599 3043 «
623 2998 741 3045 mihi
757 2998 1053 3045 sacerdotem
1078 2997 1287 3059 fidelem,
1314 3000 1395 3064 qui
1415 2999 1549 3063 juxta
1567 3016 1651 3046 cor
1670 3016 1832 3048 meum
1857 3009 1903 3047 et
1923 3000 2130 3047 animam
2150 3013 2305 3045 meam
2324 2996 2485 3044 faciat:

384 3090 430 3128 et
453 3078 698 3127 aedificabo
719 3079 762 3126 ei
780 3078 980 3126 domum
999 3078 1207 3140 fidelem,
1228 3090 1273 3127 et
1286 3080 1547 3128 ambulabit
1568 3097 1732 3128 coram
1757 3081 1944 3128 Christo
1970 3096 2078 3127 meo
2103 3079 2283 3126 cunctis
2305 3077 2487 3125 diebus.

384 3164 612 3207 Futurum
638 3169 707 3207 est
725 3169 902 3219 autem,
926 3169 978 3206 ut
996 3159 1270 3225 quicunque
1288 3161 1565 3209 remanserit
1584 3162 1633 3208 in
1658 3161 1823 3221 domo,
1852 3161 2025 3220 veniat,
2052 3169 2104 3207 ut
2128 3168 2290 3206 oretur
2309 3174 2398 3223 pro
2418 3173 2490 3215 ea,

385 3251 431 3287 et
455 3239 621 3288 offerat
636 3256 891 3287 nummum
910 3249 1203 3304 argenteum,
1226 3250 1273 3288 et
1290 3250 1466 3288 tortam
1491 3242 1643 3306 panis,
1666 3241 1909 3305 dicatque:
1934 3240 2130 3288 Dimitte
2149 3256 2243 3299 me,
2266 3237 2485 3297 obsecro,

386 3320 446 3367 ad
470 3335 616 3367 unam
642 3329 824 3384 partem
843 3319 1200 3380 sacerdotalem,
1233 3331 1286 3368 ut
1303 3320 1555 3368 comedam
1576 3321 1839 3368 buccellam
1861 3321 2012 3386 panis.
2048 3339 2071 3364 »
2094 3320 2276 3368 Scimus
2300 3318 2494 3384 quidem

386 3400 679 3461 Samuelem,
711 3401 793 3466 qui
820 3400 890 3446 Eli
914 3400 1193 3465 supervixit,
1227 3400 1552 3449 fidelissimum
1578 3402 1783 3450 extitisse
1809 3401 2035 3449 Domino.
2073 3400 2165 3448 Sed
2192 3399 2324 3465 quod
2352 3399 2492 3446 levita

432 3566 441 3583 ¹
471 3567 567 3608 Opp„
585 3573 608 3599 t.
626 3566 695 3608 111,
715 3577 749 3610 p.
769 3568 823 3601 50.
840 3584 884 3594 -
899 3566 912 3584 '
929 3568 1007 3610 Περ.
1028 3569 1061 3608 l,
1076 3579 1148 3612 cap.
1168 3579 1209 3609 u,
1229 3580 1259 3602 v.
1281 3569 1335 3601 35.

546 3637 559 3664 1
2287 3624 2339 3665 36
