2970 4152
490 456 551 503 90
1000 498 1002 501 ,
1067 454 1235 499 PETRI
1273 453 1582 499 ABAELARDI
1618 453 1691 499 ET
1725 452 2023 499 HELOlSSAE

488 550 725 596 invenitur
746 567 754 593 :
779 564 912 594 more
937 546 1131 609 quidem
1164 536 1422 592 fidelissimi
1449 546 1651 606 medici,
1675 547 1757 609 qui
1782 562 1879 591 non
1911 545 2060 609 parcit
2090 544 2275 603 dolori,
2308 557 2358 592 ut
2380 548 2595 594 consulat

487 629 639 674 saluti.
670 630 767 672 Hos
801 634 959 671 autem
987 625 1036 670 in
1068 641 1144 671 me
1177 625 1394 672 stimulos
1421 626 1575 672 carnis
1592 662 1604 685 ,
1633 626 1732 672 haec
1757 625 1993 671 incentiva
2024 623 2232 671 libidinis
2257 625 2357 689 ipse
2376 626 2597 688 juvenilis

487 709 641 754 fervor
658 707 802 753 aetatis
816 742 827 763 ‚
851 715 896 751 et
907 705 1357 768 jucundissimarum
1379 706 1666 770 experientia
1684 705 1983 768 voluptatum
1996 739 2009 763 ,
2029 704 2288 768 plurimum
2305 705 2592 765 accendunt,

486 797 530 833 et
550 795 681 831 tanto
701 784 902 849 amplius
927 800 1012 830 sua
1037 801 1114 831 me
1143 785 1502 848 impugnatione
1526 785 1830 849 opprimunt,
1860 792 2040 846 quanto
2075 782 2308 830 infirmior
2332 793 2402 830 est
2431 794 2598 830 natura

485 881 627 928 quam
648 873 943 928 oppugnant.
974 867 1160 910 Castam
1186 880 1262 911 me
1290 864 1575 929 praedicant,
1605 864 1687 926 qui
1713 879 1811 909 non
1836 861 2255 926 deprehenderunt
2278 863 2592 928 hypocritam.

485 944 762 990 Munditiam
797 944 950 990 carnis
981 944 1258 991 conferunt¹
1283 945 1331 990 in
1365 945 1796 1006 virtutem,''quum
1828 958 1926 988 non
1963 943 2023 988 sit
2056 944 2295 1007 corporis,
2336 943 2419 990 sed
2453 945 2598 990 animi

485 1024 646 1069 virtus.
688 1023 874 1086 Aliquid
907 1021 1060 1069 laudis
1097 1023 1224 1088 apud
1256 1023 1476 1070 homines
1509 1023 1717 1085 habens,
1755 1021 1871 1068 nihil
1905 1021 2034 1086 apud
2065 1024 2220 1068 Deum
2263 1039 2476 1082 mereor,
2515 1024 2598 1086 qui

484 1103 640 1149 cordis
662 1112 708 1149 et
732 1119 902 1150 renum
926 1102 1156 1167 probator
1187 1113 1281 1162 est,
1317 1113 1362 1150 et
1388 1104 1436 1150 in
1467 1102 1749 1149 abscondito
1780 1101 1925 1148 videt.
1963 1101 2191 1164 Religiosa
2229 1102 2323 1149 hoc
2356 1105 2602 1166 tempore²

479 1183 695 1244 judicor,
724 1183 773 1228 in
799 1199 897 1246 quo
916 1183 1016 1246 jam
1041 1199 1187 1247 parva
1210 1198 1319 1247 pars
1351 1182 1591 1246 religionis
1618 1199 1718 1229 non
1746 1192 1814 1228 est
1839 1181 2126 1246 hypocrisis3
2164 1181 2246 1227 ubi
2278 1181 2355 1228 ille
2386 1182 2601 1228 maximis

484 1263 749 1310 extollitur³
773 1263 1015 1323 laudibus,
1045 1264 1126 1327 qui
1155 1263 1423 1309 humanum
1456 1279 1555 1311 non
1589 1262 1788 1309 offendit
1808 1261 2059 1325 judicium.
2087 1264 2144 1307 Et
2168 1261 2262 1308 hoc
2289 1262 2497 1309 fortassis
2520 1261 2603 1309 ali-

484 1358 580 1405 quo
606 1342 754 1389 modo
777 1342 1038 1401 laudabile,
1067 1352 1114 1389 et
1138 1345 1240 1389 Deo
1270 1341 1557 1407 acceptabile
1576 1358 1773 1406 quoquo
1800 1341 1948 1387 modo
1967 1340 2172 1399 videtur,
2201 1342 2240 1387 si
2263 1342 2368 1406 quis
2384 1341 2602 1388 videlicet

484 1423 727 1470 exterioris
752 1424 909 1487 operis
933 1422 1151 1487 exemplo
1184 1438 1469 1485 quacunque
1494 1423 1758 1469 intentione
1785 1438 1885 1468 non
1912 1421 1970 1467 sit
2001 1421 2205 1467 ecclesiae
2230 1421 2454 1468 scandalo
2471 1457 2485 1478 ,
2513 1437 2603 1468 nec

480 1501 579 1562 jam
598 1519 684 1566 per
708 1503 863 1566 ipsum
889 1502 1018 1566 apud
1039 1501 1254 1548 infideles
1282 1518 1461 1548 nomen
1492 1501 1686 1547 Domini
1715 1500 2089 1564 blasphemetur,
2118 1516 2207 1546 nec
2234 1500 2363 1564 apud
2393 1500 2603 1547 carnales

484 1581 789 1644 professionis
808 1598 902 1628 suae
921 1581 1042 1627 ordo
1062 1581 1331 1627 infametur.
1357 1584 1508 1644 Atque
1525 1581 1619 1627 hoc
1644 1596 1837 1644 quoque
1857 1579 2144 1626 nonnullum
2164 1589 2235 1626 est
2258 1578 2429 1625 divinae
2447 1580 2604 1642 gratiae

485 1659 695 1719 donum,
725 1670 772 1707 et
798 1661 932 1723 cujus
957 1659 1175 1706 videlicet
1198 1676 1397 1706 munere
1424 1659 1580 1705 venit''
1599 1675 1699 1705 non
1727 1658 1883 1705 solum
1906 1658 2036 1705 bona
2067 1658 2248 1718 facere,
2287 1657 2370 1704 sed
2402 1658 2544 1705 etiam
2577 1674 2605 1704 a

486 1739 619 1785 malis
644 1740 897 1786 abstinere.
929 1739 1023 1785 Sed
1050 1739 1222 1785 frustra
1250 1738 1378 1785 istud
1404 1738 1649 1803 praecedit,
1680 1738 1763 1785 ubi
1792 1738 1911 1785 illud
1938 1755 2037 1785 non
2070 1737 2307 1797 succedit,
2341 1738 2460 1784 sicut
2495 1739 2605 1784 scri-

485 1830 619 1883 ptum
641 1822 735 1866 est⁵
755 1838 764 1865 :
792 1839 814 1864 «
832 1819 1029 1866 Declina
1047 1835 1075 1865 a
1095 1818 1246 1878 malo,
1272 1829 1318 1865 et
1335 1819 1407 1865 fac
1424 1818 1650 1865 hon11m⁶.
1677 1837 1700 1862 υ
1723 1821 1780 1864 Et
1803 1818 1974 1864 frustra
1999 1828 2255 1881 utrumque
2279 1819 2454 1881 geritur
2472 1818 2605 1881 quod

485 1915 648 1946 amore
665 1900 752 1946 Dei
773 1915 870 1945 non
886 1900 1054 1963 agitur.
1075 1902 1128 1944 In
1150 1899 1283 1945 omni
1300 1909 1461 1945 autem
1485 1898 1641 1962 (Deus
1661 1898 1772 1961 scit)
1792 1899 1895 1945 vitae
1913 1915 2029 1945 meae
2048 1908 2195 1957 statu,
2218 1885 2270 1946 te
2283 1899 2430 1962 magis
2447 1898 2605 1945 adhuc

486 1979 727 2026 offendere
753 1995 898 2042 quam
924 1982 1079 2026 Deum
1110 1995 1310 2026 vereor:
1338 1978 1423 2025 tibi
1439 1978 1627 2043 placere
1652 1978 1855 2043 amplius
1885 1994 2031 2042 quam
2062 1978 2153 2042 ipsi
2171 1987 2373 2043 appeto.
2407 1980 2507 2024 Tua
2528 1994 2606 2024 me

486 2059 547 2105 ad
572 2059 812 2122 religionis
836 2059 1051 2105 habitum
1071 2059 1220 2122 jussio
1234 2094 1246 2118 ,
1275 2075 1373 2105 non
1395 2058 1555 2105 divina
1578 2059 1717 2105 traxit
1741 2059 1949 2105 dilectio.
1970 2058 2091 2105 Vide
2116 2075 2260 2122 quam
2279 2058 2538 2116 infelicem,
2561 2067 2607 2104 et

487 2140 710 2187 omnibus
750 2140 1140 2188 miserabiliorem
1181 2140 1352 2187 duca-m
1391 2140 1534 2186 vitam
1549 2176 1561 2199 ,
1604 2141 1643 2186 si
1673 2150 1803 2187 tanta
1843 2140 1921 2186 hic
1957 2140 2127 2186 frustra
2169 2140 2378 2187 sustineo
2409 2149 2456 2186 et
2489 2138 2607 2185 nihil

486 2219 704 2266 habitura
729 2219 1126 2267 remunerationis
1151 2221 1198 2265 in
1224 2220 1400 2266 futuro.
1425 2220 1518 2265 Diu
1539 2221 1625 2277 te7,
1649 2220 1770 2266 sicut
1787 2219 1986 2278 multos,
2016 2218 2253 2266 simulatio
2276 2235 2387 2284 mea
2417 2217 2602 2277 fefellit,

488 2310 539 2345 ut
566 2299 782 2363 religioni
810 2300 1063 2363 deputares
1088 2299 1377 2363 hypocrisim
1402 2317 1411 2343 :
1435 2309 1481 2345 et
1499 2298 1609 2345 ideo
1629 2299 1803 2345 nostris
1824 2308 1868 2345 te
1894 2299 2098 2346 maxime
2125 2298 2472 2347 commendans
2503 2314 2607 2344 ora-

487 2379 720 2438 tionibus,
751 2378 885 2443 quod
902 2395 930 2424 a
947 2389 992 2424 te
1017 2388 1214 2442 expecto
1229 2414 1241 2436 ,
1263 2394 1291 2423 a
1309 2394 1388 2423 me
1411 2378 1640 2441 postulas.
1669 2377 1799 2435 Noli,
1827 2377 2027 2424 obsecro
2043 2413 2055 2437 ,
2083 2378 2144 2424 de
2167 2394 2246 2424 me
2269 2387 2400 2424 tanta
2423 2394 2607 2442 praesu-

453 2491 460 2494 -
488 2475 642 2519 mere,
672 2475 733 2505 ne
762 2458 880 2504 mihi
903 2473 1056 2504 cesses
1081 2457 1266 2503 orando
1292 2456 1559 2504 subvenire.
1591 2455 1698 2502 Noli
1723 2457 1953 2503 aestimare
1978 2473 2142 2503 sanam
2160 2492 2172 2516 ,
2194 2473 2256 2504 ne
2282 2456 2608 2505 medicaminis

488 2538 735 2585 subtrahas
761 2538 974 2601 gratiam.
1006 2536 1112 2583 Noli
1136 2552 1235 2582 non
1263 2545 1480 2599 egentem
1505 2535 1726 2594 credere,
1759 2552 1820 2582 ne
1846 2535 2035 2583 differas
2059 2537 2108 2582 in
2133 2537 2411 2584 necessitate
2433 2536 2609 2584 subve-

490 2620 607 2665 nire.
643 2618 749 2664 Noli
784 2617 1105 2664 valetudinem
1137 2627 1332 2680 putare,
1368 2632 1429 2663 ne
1455 2617 1588 2680 prius
1616 2632 1868 2675 corruam,
1898 2632 2043 2680 quam
2076 2626 2308 2664 sustentes
2345 2617 2601 2664 labentem.

491 2699 648 2745 Multis
675 2697 784 2744 ficta
808 2697 881 2744 sui
905 2697 1006 2744 laus
1032 2697 1219 2756 nocuit,
1250 2706 1298 2743 et
1322 2696 1595 2760 praesidium
1619 2712 1717 2760 quo
1743 2695 2048 2759 indigebant,
2077 2696 2285 2743 abstulit.
2321 2700 2411 2744 Per
2439 2698 2606 2744 Isaiam

490 2779 723 2824 Dominus
747 2777 946 2824 clamat⁸
966 2795 975 2822 ε
1003 2796 1027 2821 ι(
1045 2776 1225 2840 Popule
1248 2792 1418 2834 meus,
1449 2776 1532 2839 qui
1558 2786 1603 2822 te
1628 2775 1900 2822 beatificant
1923 2776 2014 2840 ipsi
2037 2786 2083 2822 te
2108 2775 2378 2840 decipiunt,
2413 2787 2460 2824 et
2482 2777 2607 2824 viam

490 2875 734 2921 gressuum
752 2868 947 2905 tuorum
966 2857 1210 2921 dissipant.
1229 2876 1251 2900 »
1278 2860 1334 2902 Et
1356 2874 1442 2921 per
1467 2856 1765 2903 Ezechielem
1779 2859 1792 2881 ⁹
1812 2875 1820 2902 :
1846 2875 1869 2901 «
1891 2859 1971 2903 Vae
1988 2858 2358 2920 quaeconsuitis,
2383 2877 2407 2901 »
2433 2859 2604 2922 inquit,

493 2957 515 2981 «
537 2938 755 3001 pulvillos
775 2937 868 2984 sub
893 2937 1028 2983 omui
1054 2936 1217 2983 cubitu
1251 2952 1445 2995 manus,
1475 2946 1522 2983 et
1543 2935 1791 2983 cervicalia
1816 2935 1904 2982 sub
1935 2937 2087 3001 capite
2111 2938 2256 2984 aetatis
2286 2938 2516 2985 universae
2548 2938 2609 2984 ad

491 3017 793 3081 decipiendas
811 3017 1044 3064 animas.»
1062 3018 1120 3063 Et
1143 3026 1310 3063 contra
1327 3026 1487 3062 autem
1506 3032 1592 3080 per
1609 3015 1914 3062 Salomonem
1936 3017 2110 3063 dicitur
2123 3020 2172 3063 ¹⁰:
2198 3017 2394 3064 «Verba
2416 3018 2610 3082 sapien-

492 3108 593 3143 tum
612 3097 748 3160 quasi
770 3097 969 3155 stimuli,
993 3107 1039 3143 et
1057 3097 1192 3160 quasi
1215 3096 1336 3143 clavi
1363 3096 1412 3142 in
1437 3095 1587 3142 altum
1615 3094 1782 3154 defixi,
1816 3096 1899 3159 qui
1923 3096 2142 3143 videlicet
2166 3097 2363 3144 vulnera
2393 3097 2610 3144 nesciunt

493 3177 706 3241 palpare,
736 3176 819 3222 sed
839 3193 1067 3241 pungere.
1092 3194 1116 3219 »
1138 3176 1340 3233 Quiesce
1354 3211 1366 3235 ,
1390 3175 1614 3233 obsecro,
1638 3174 1823 3222 alaude
1843 3192 1947 3223 mea
1961 3179 2001 3235 ¹¹,
2031 3193 2092 3222 ne
2118 3187 2306 3241 turpem
2324 3176 2609 3224 adulationis

494 3266 657 3304 notam
684 3267 728 3303 et
754 3256 989 3303 mendacii
1007 3256 1184 3303 crimen
1206 3257 1446 3315 incurras,
1468 3266 1549 3302 aut
1573 3256 1612 3302 si
1638 3255 1771 3319 quod
1795 3256 1844 3302 in
1866 3273 1941 3302 me
1960 3258 2210 3322 suspicaris
2226 3257 2430 3316 bonum,
2453 3258 2608 3321 ipsum

539 3409 547 3425 ¹
577 3383 818 3448 CMC.
835 3425 878 3430 —
893 3406 905 3423 ⁵
926 3408 1027 3440 Corde
1054 3407 1119 3440 MS.
1152 3394 1304 3441 Ambl'st—
1330 3407 1342 3424 ⁵
1367 3409 1523 3449 Exaqqe-
1570 3408 1684 3439 multos
1699 3406 1788 3439 Edit.
1803 3406 1896 3439 Amh.
1916 3425 1953 3430 —-
1973 3406 1985 3423 ⁸
2000 3408 2093 3446 lsai„
2110 3418 2182 3451 cap.
2200 3419 2253 3448 m,
2272 3419 2304 3440 v.
2321 3409 2373 3440 12.
2387 3425 2432 3433 -
2445 3406 2458 3425 ⁹
2473 3407 2607 3443 Ezech„

494 3473 584 3496 ratur
620 3463 713 3496 RMS.
740 3480 784 3489 -ι
813 3462 826 3479 ⁴
856 3464 941 3495 Fluit
980 3462 1074 3495 RMS.
1100 3481 1125 3487 -
1150 3457 1319 3496 Ardericius
1357 3463 1451 3497 RMS.
1486 3482 1523 3487 —
1571 3472 1644 3505 cap.
1662 3474 1741 3505 xm,
1758 3474 1788 3496 v.
1809 3465 1860 3495 18.
1876 3463 2183 3508 -¹⁰Eccles.,cap.
2201 3476 2262 3502 xu,
2284 3475 2315 3497 v.
2341 3467 2393 3497 11.
2409 3482 2449 3488 -—
2466 3464 2491 3482 ¹¹
2515 3465 2607 3497 Ces-w

495 3520 507 3536 ⁵
524 3520 639 3552 Psalm.
659 3530 777 3560 xxxvi,
799 3531 829 3552 v.
845 3521 897 3551 97.
918 3537 953 3541 —-
970 3519 982 3535 ⁰
1000 3506 1148 3551 ΒΜ.
1164 3537 1207 3543 —
1223 3519 1233 3536 ⁷
1251 3519 1306 3552 Sic
1323 3520 1425 3554 Cuoe-
1439 3520 1529 3552 Sicut
1573 3528 1680 3558 quaeso
1700 3530 1749 3552 me
1771 3522 1920 3552 laudibus
1944 3523 2005 3553 tuis
2033 3522 2079 3552 ad
2093 3528 2181 3553 asera
2192 3522 2282 3562 ferre
2296 3520 2390 3553 RMS.
