2970 4152
902 413 959 461 IN
995 412 1230 460 OCTAVA
1263 411 1636 459 ASCENSIONIS
1669 411 1885 457 SERMO.
2356 409 2451 455 477

331 507 461 553 stetit
482 508 531 554 in
556 508 725 555 ordine
758 525 863 555 suo.
886 527 909 552 »
940 511 1052 555 Post
1084 507 1414 555 ascensionem
1450 506 1628 571 quippe
1657 506 1853 552 Domini
1887 506 2058 552 missus
2087 503 2147 551 ab
2170 521 2228 550 eo
2252 504 2452 568 Spiritus

332 598 546 648 sanctus,
584 591 705 636 sicut
738 591 839 655 ipse
870 590 1177 655 promiserat,
1214 588 1397 634 dicens¹
1425 604 1435 633 ε
1472 587 1615 633 «Nisi
1647 604 1736 651 ego
1768 587 1955 646 abiero,
1988 596 2079 633 etc.
2105 605 2128 630 »
2167 584 2447 642 Ecclesiam,

332 686 437 733 quae
465 687 550 735 per
577 671 742 718 lunam
770 670 1084 735 significatur,
1110 670 1374 716 intantum
1397 668 1622 715 ordinare
1643 668 1847 727 studuit,
1873 678 1926 714 ut
1946 683 2195 733 perversos
2218 667 2267 712 in
2291 682 2346 712 ea
2370 682 2452 712 ne-

332 765 574 813 quaquam
606 750 858 809 toleraret,
893 749 977 796 sed
1014 750 1173 796 statim
1204 765 1232 795 a
1265 748 1403 814 palea
1433 764 1581 811 grana
1612 757 1837 812 purgaret
1864 766 1873 794 :
1909 748 2030 794 sicut
2058 763 2143 811 per
2169 750 2362 793 Petrum
2390 745 2451 792 de

332 830 515 876 Anania
537 840 583 876 et
605 830 804 895 Saphira
826 831 936 893 egit.
963 830 1107 887 Quod
1130 839 1176 876 et
1202 832 1366 875 Petrus
1388 829 1622 875 Ananiam
1649 829 1901 892 increpans
1923 827 2219 892 profitetur²:
2250 830 2403 886 «Cur,
2426 847 2448 871 »

331 908 487 972 inquit
504 946 516 968 ,
563 929 585 954 «
606 910 806 957 tentavit
843 911 1041 957 Satanas
1079 926 1163 956 cor
1207 919 1371 967 tuum,
1413 908 1606 954 mentiri
1650 918 1696 954 te
1732 907 1926 972 Spiritui
1967 907 2163 954 sancto?
2183 926 2205 950 »
2245 910 2302 953 Et
2343 918 2452 971 post

330 988 489 1053 aliqua
512 1009 522 1036 z
547 993 689 1037 «Non
714 1000 784 1037 est
806 990 1034 1036 mentitu's
1056 989 1354 1048 hominibus,
1380 989 1465 1036 sed
1487 992 1608 1035 Deo.
1629 1007 1652 1032 »
1685 991 1847 1046 Quum
1870 989 1999 1034 enim
2021 988 2203 1034 Veritas
2225 988 2452 1052 apostolis

330 1068 467 1116 dicit³
493 1089 504 1116 ε
535 1089 557 1115 «
578 1074 685 1117 Non
707 1071 838 1118 enim
860 1088 946 1118 vos
969 1071 1080 1117 estis
1102 1071 1186 1135 qui
1208 1070 1488 1135 loquimini,
1514 1070 1599 1116 sed
1621 1070 1813 1135 spiritus
1843 1070 1991 1134 patris
2018 1069 2161 1116 vestri
2183 1070 2266 1133 qui
2293 1069 2452 1134 loqui-

279 1160 281 1163 '
329 1159 407 1196 tur
440 1150 490 1197 in
523 1150 662 1197 vobis
680 1188 691 1210 ,
713 1170 736 1195 »
771 1151 993 1215 quotiens
1016 1151 1218 1216 Spiritus
1259 1149 1440 1215 aliquid
1484 1150 1727 1197 occultum
1767 1149 1945 1196 revelat
1978 1149 2221 1208 fidelibus,
2259 1149 2319 1196 de
2353 1167 2451 1214 quo

329 1232 650 1296 interrogant,
685 1233 786 1296 ipse
807 1232 967 1296 potius
1002 1249 1149 1296 quam
1182 1232 1273 1296 ipsi
1310 1231 1406 1278 hoc
1440 1247 1578 1294 agere
1613 1231 1809 1289 dicitur,
1848 1248 1999 1295 quum
2032 1231 2343 1295 inspiratione
2377 1231 2452 1278 vel

328 1314 627 1376 suggestione
670 1313 766 1359 hoc
810 1313 1006 1359 faciunt.
1054 1312 1252 1359 Sublato
1298 1313 1443 1360 etiam
1483 1312 1584 1359 Elia
1627 1313 1676 1359 in
1720 1312 1893 1359 coelum
1913 1350 1924 1371 ,
1970 1322 2017 1359 et
2059 1312 2226 1377 spiritu
2266 1313 2366 1376 ejus
2402 1314 2450 1359 in

329 1392 493 1440 Elisaeo
534 1393 812 1457 geminato,
862 1393 1160 1456 congregatis
1197 1392 1305 1439 filiis
1342 1392 1690 1457 prophetarum
1728 1393 1789 1439 ad
1834 1391 2079 1451 Elisaeum,
2126 1402 2261 1439 tanto
2304 1394 2452 1457 magis

327 1473 600 1520 ordinatam
622 1473 861 1519 duxerunt
881 1473 1046 1532 vitam,
1064 1483 1247 1537 quanto
1270 1473 1464 1536 majoris
1487 1473 1783 1520 abstinentiae
1804 1472 1879 1519 vel
1902 1473 2207 1519 continentiae
2228 1473 2452 1520 virtutem

327 1555 658 1619 arripuerunt,
696 1555 746 1600 in
774 1554 1033 1601 solitudine
1066 1555 1341 1601 monasticae
1369 1554 1476 1600 vitae
1509 1553 1854 1619 perfectionem
1885 1552 2196 1613 inchoantes,
2228 1571 2374 1618 quam
2406 1565 2452 1601 et

325 1634 530 1699 apostoli
563 1644 673 1700 post
706 1634 1036 1680 ascensionem
1070 1634 1265 1680 Domini
1298 1650 1385 1698 per
1415 1634 1616 1699 Spiritus
1655 1633 1806 1680 sancti
1841 1633 2119 1679 missionem
2153 1650 2253 1679 non
2292 1634 2451 1682 minus

324 1730 512 1761 servare
534 1714 835 1761 studuerunt.
875 1713 999 1761 Elias
1026 1712 1240 1760 sublatus
1262 1714 1312 1759 in
1335 1713 1536 1772 coelum,
1567 1713 1747 1760 dimisit
1775 1713 1824 1759 in
1858 1722 2034 1760 terram
2063 1712 2261 1777 pallium
2289 1729 2445 1760 suum.

323 1793 499 1842 Christi
520 1811 636 1842 vero
659 1794 882 1860 pallium,
918 1811 1094 1860 corpus
1125 1794 1259 1859 quod
1291 1811 1341 1841 se
1374 1793 1588 1841 Verbum
1620 1794 1776 1840 induit
1804 1793 2105 1857 intelligitur,
2144 1793 2204 1840 de
2239 1810 2337 1858 quo
2365 1811 2451 1860 per

323 1875 470 1923 Jacob
494 1876 774 1941 praedictum
798 1876 969 1924 fuerat⁴
991 1894 999 1921 :
1031 1895 1054 1921 «
1069 1875 1266 1924 Lavabit
1288 1875 1403 1923 vino
1426 1875 1600 1923 stolam
1621 1892 1782 1933 suam,
1808 1884 1855 1922 et
1876 1875 2107 1939 sanguine
2129 1892 2231 1922 uvae
2253 1875 2449 1942 pallium

321 1973 479 2003 suum.
502 1975 524 2001 »
549 1960 652 2004 Hoc
686 1957 847 2021 itaque
878 1956 1077 2022 pallium
1111 1956 1327 2004 Christus
1361 1956 1625 2004 ascendens
1659 1956 1721 2003 ad
1750 1956 1995 2003 dexteram
2023 1956 2172 2003 Patris
2200 1958 2250 2003 in
2286 1974 2450 2006 sacra-

322 2047 486 2085 mento
509 2037 787 2102 dereliquit,
822 2038 956 2101 cujus
986 2038 1352 2103 participatione
1384 2038 1599 2103 purgati,
1635 2047 1682 2084 et
1712 2038 1780 2084 sic
1808 2037 2174 2102 quodammodo
2206 2037 2449 2088 Christum

320 2118 504 2178 induti,
553 2118 925 2184 praecedentium
972 2128 1281 2184 peccatorum
1326 2119 1588 2173 foeditatem
1628 2118 1847 2182 tegimus.
1887 2117 2077 2165 Elisaeus
2095 2155 2106 2176 ,
2150 2117 2295 2183 pallio
2340 2119 2449 2168 Eliae

319 2208 588 2264 assumpto,
614 2199 796 2264 Deique
819 2199 966 2264 ipsius
988 2199 1187 2246 nomine
1210 2198 1434 2246 invocato
1451 2236 1462 2257 ,
1494 2215 1641 2262 aquas
1669 2198 1891 2245 Jordanis
1919 2215 1978 2245 eo
2000 2214 2247 2263 percussas
2269 2200 2443 2248 divisit.

318 2282 377 2326 Et
399 2295 488 2327 nos
509 2280 684 2327 virtute
706 2279 857 2327 divini
879 2278 1123 2338 sacrificii,
1155 2288 1202 2326 et
1233 2279 1541 2326 invocatione
1573 2279 1767 2343 superni
1796 2277 1957 2325 auxilii
1992 2294 2139 2342 aquas
2161 2278 2444 2340 dividimus,

318 2376 379 2406 ne
416 2361 466 2408 in
507 2377 562 2408 ea
599 2360 833 2407 submersi
871 2375 1148 2424 pereamus,
1186 2359 1305 2407 dum
1335 2359 1549 2407 carnales
1586 2359 1999 2424 concupiscentias
2034 2359 2171 2423 quasi
2209 2361 2446 2424 quosdam

318 2441 487 2487 noxios
508 2439 736 2486 humores
767 2440 816 2486 in
840 2438 981 2486 nobis
1003 2439 1308 2504 reprimimus
1330 2438 1406 2486 vel
1428 2439 1720 2486 exsiccamus
1741 2457 1751 2485 ε
1777 2449 1830 2485 ut
1852 2439 1989 2503 quasi
2011 2439 2138 2485 sicco
2161 2441 2360 2504 vestigio
2384 2442 2444 2488 ad

318 2536 479 2567 veram
501 2520 827 2585 permissionis
849 2530 1026 2567 terram
1055 2520 1415 2584 perveniamus,
1443 2519 1505 2566 ad
1527 2535 1674 2584 quam
1696 2529 1841 2584 caput
1863 2529 2083 2566 nostrum
2107 2522 2443 2570 conscendisse

316 2600 555 2647 novimus.
582 2599 727 2658 Quod
748 2600 861 2664 quia
883 2610 1157 2647 nostrarum
1178 2600 1481 2647 viriumnon
1506 2616 1608 2647 esse
1636 2600 1835 2658 scimus,
1869 2600 1970 2665 ipse
1998 2616 2089 2647 nos
2116 2600 2227 2647 illuc
2254 2612 2365 2667 post
2392 2620 2442 2650 se

313 2681 466 2745 gratia
498 2697 583 2729 sua
612 2679 792 2739 trahat,
831 2680 964 2743 cujus
999 2696 1199 2744 regnum
1234 2690 1281 2727 et
1316 2680 1572 2745 imperium
1602 2689 1852 2745 permanet
1880 2680 1928 2727 in
1958 2679 2117 2729 secula
2147 2681 2434 2731 seculorum.

315 2763 482 2808 Amen.

356 2920 369 2939 ¹
394 2921 505 2964 Joan.,
525 2932 599 2966 cap.
617 2932 691 2962 xvi,
708 2932 739 2955 v.
762 2923 794 2955 ¹1.
809 2940 849 2946 —
867 2921 879 2939 ’
897 2923 970 2955 Act.
991 2922 1117 2964 Apost„
1137 2932 1210 2965 cap.
1229 2933 1261 2963 v,
1280 2933 1312 2956 v.
1329 2924 1362 2956 3.
1378 2940 1421 2947 ·-—
1441 2922 1454 2940 ⁸
1473 2922 1603 2964 matth„
1622 2933 1696 2967 cap.
1717 2935 1759 2965 x,
1775 2934 1806 2956 v.
1826 2925 1879 2957 20.
1896 2941 1939 2948 —
1952 2923 1966 2941 ⁴
1982 2925 2111 2962 Genes„
2128 2933 2202 2968 cap.
2218 2935 2313 2964 nix.
2332 2936 2361 2958 v.
2384 2930 2437 2959 11,
