2970 4152
532 412 627 459 684
1222 371 1223 374 ¹
1328 408 1499 455 PETRI
1535 408 1847 456 ABAELARDI

531 516 727 554 centum
749 504 989 568 sexaginta
1013 518 1167 551 annos
1191 502 1533 550 chronicorum
1554 504 1830 569 supputatio
1859 503 2088 566 assignat,
2113 511 2167 548 ut
2188 517 2492 566 nequaquam
2513 511 2652 548 tanto

528 587 736 652 tempori
757 586 855 632 vita
876 580 1089 649 praedicti
1109 583 1199 630 viri
1221 583 1473 631 sufficeret.
1492 585 1731 649 Scriptum
1748 585 1927 648 quippe
1945 593 2017 630 est
2037 583 2087 629 in
2103 581 2311 630 Psalmis
2325 585 2360 629 ¹:
2386 601 2409 626 «
2428 581 2475 628 Si
2491 591 2650 628 autem

527 667 577 714 in
600 665 877 731 potentibus
899 664 1145 728 octoginta
1167 664 1305 723 anni,
1332 674 1380 711 et
1400 664 1603 729 amplius
1625 681 1794 711 eorum
1815 663 1955 711 labor
1976 673 2023 710 et
2044 662 2202 710 dolor.
2222 666 2331 709 »Ex
2352 679 2449 727 quo
2471 661 2653 726 liquide

527 746 765 809 colligitur
787 745 933 792 alium
966 745 1246 809 Dionysium
1277 745 1639 810 Areopagitam,
1673 745 1820 792 alium
1847 745 2131 809 Dionysium
2165 744 2526 792 Corinthiorum
2549 743 2650 807 epi·

526 843 728 892 scopum
759 826 1007 873 exstitisse.
1036 829 1187 890 Atque
1210 826 1275 872 ita
1297 825 1636 890 praedictorum
1667 836 1920 872 auctorum
1947 826 2191 872 sententiis
2226 825 2377 884 Bedae„
2394 823 2652 871 refellimus

527 907 833 972 opinionem,
871 906 1133 972 praesertim
1163 923 1314 971 quum
1336 916 1383 953 et
1405 906 1597 953 illorum
1626 906 1768 969 longe
1797 907 1986 970 gravior
2014 907 2269 953 auctoritas
2302 906 2386 965 sit,
2415 915 2463 951 et
2492 905 2541 951 in
2567 920 2652 951 ore

525 988 736 1035 duorum
770 988 931 1053 potius
953 1004 1100 1052 quam
1121 987 1262 1035 unius
1285 997 1410 1034 stare
1441 988 1643 1034 verbum
1674 988 1947 1034 conveniat.
1973 987 2045 1034 Ad
2079 986 2445 1034 ecclesiasticam
2472 985 2651 1050 quippe

522 1069 790 1128 historiam,
817 1069 952 1134 quasi
973 1070 1186 1134 primum
1208 1079 1255 1116 et
1276 1069 1537 1116 maximum
1555 1068 1982 1116 ecclesiasticorum
1999 1078 2240 1132 gestorum
2263 1068 2648 1124 fundamentum,

523 1158 623 1196 tam
656 1149 836 1197 Bedam
869 1165 1016 1213 quam
1046 1159 1240 1196 caeteros
1269 1150 1526 1214 scriptores
1559 1148 1902 1204 ecclesiasticos
1926 1165 2169 1195 recurrere
2197 1158 2381 1195 certum
2409 1156 2494 1194 est.
2523 1146 2651 1204 Quid

521 1230 683 1295 itaque
709 1229 900 1277 videtur
924 1229 1012 1276 tibi
1034 1229 1328 1294 respondere
1350 1246 1491 1294 posse
1514 1229 1664 1288 Beda,
1697 1230 1736 1276 si
1768 1229 1847 1276 illa
1869 1230 2045 1294 scripta
2066 1229 2109 1276 ei
2142 1228 2382 1276 adversari
2411 1236 2650 1274 monstra·

521 1311 670 1370 veris,
697 1327 907 1375 quorum
929 1327 979 1358 se
999 1310 1273 1375 frequenter
1296 1309 1658 1358 auctoritatibus
1680 1311 1914 1375 protegit?
1938 1310 2011 1357 Nil
2034 1310 2258 1375 equidem
2280 1309 2454 1357 rectius
2468 1346 2479 1368 ,
2506 1323 2652 1372 quam

520 1390 747 1455 sapientis
768 1389 904 1437 illum
925 1389 1213 1437 versiculum
1234 1391 1248 1414 ²
1266 1407 1277 1436 z

1033 1523 1258 1565 Conveniet
1278 1523 1402 1575 nulli,
1423 1523 1494 1578 qui
1515 1536 1653 1565 secum
1673 1522 1848 1565 dissidet
1866 1523 1967 1578 ipse.

520 1662 587 1708 Ne
601 1661 708 1725 quis
726 1670 887 1708 autem
910 1662 1114 1724 graviter
1139 1661 1281 1720 ferat,
1302 1678 1357 1709 ac
1378 1661 1689 1709 vehementer
1711 1661 1970 1709 abhorreat
1991 1654 2170 1708 Bedam
2192 1675 2546 1723 nonnunquam
2567 1656 2653 1705 de-

519 1740 636 1804 cipi,
665 1750 712 1787 et
735 1757 823 1788 suo
846 1741 1034 1806 spiritu,
1060 1758 1161 1788 non
1180 1741 1363 1801 divino,
1388 1742 1609 1807 quaedam
1631 1742 1909 1807 protulisse,
1935 1759 1993 1789 eo
2009 1741 2231 1788 videlicet
2247 1740 2379 1805 quod
2396 1739 2496 1803 ejus
2515 1754 2656 1803 expo-

518 1821 718 1869 sitiones
740 1822 1023 1869 Latinorum
1045 1823 1251 1894 maxime
1274 1823 1545 1888 frequentet
1566 1824 1765 1871 ecclesia
1792 1843 1801 1871 :
1830 1823 1892 1871 ad
1914 1824 2199 1871 memoriam
2220 1822 2425 1869 Natham
2447 1820 2655 1886 prophe-

518 1911 618 1949 tam
648 1902 847 1950 reducat
881 1903 942 1950 de
976 1903 1261 1951 aedificando
1295 1904 1478 1970 templo
1508 1904 1766 1970 deceptum
1783 1906 1812 1966 ³,
1840 1915 1983 1970 atque
2017 1905 2164 1970 ipsius
2199 1919 2394 1968 quoque
2426 1900 2655 1967 principis

517 1984 850 2048 apostolorum
867 1985 1189 2050 perniciosam
1205 1985 1562 2033 simulationem
1579 2002 1607 2033 a
1623 1986 1905 2050 coapostolo
1923 1985 2071 2032 Paulo
2086 1993 2353 2031 correctam
2369 1983 2400 2041 ⁴,
2425 2001 2448 2027 «
2469 1980 2611 2040 Quia,
2628 1998 2651 2024 n

517 2064 697 2129 inquit,
726 2084 751 2110 «
775 2065 1165 2130 reprehensibilis
1188 2075 1290 2113 erat
1318 2085 1328 2113 ε
1358 2085 1383 2111 »
1410 2084 1605 2114 necnon
1629 2077 1676 2114 et
1697 2066 2022 2114 venerabilem
2045 2051 2297 2112 doctorem
2318 2062 2652 2126 Augustinum‚

517 2146 601 2209 qui
623 2163 809 2194 errores
832 2148 1056 2211 proprios
1079 2157 1252 2211 sponte
1275 2148 1587 2211 corrigendo,
1628 2148 1794 2195 omnia
1819 2148 1915 2195 fere
1944 2148 2119 2211 scripta
2154 2163 2239 2193 sua
2269 2153 2526 2191 retractare
2553 2159 2654 2189 non

521 2225 728 2273 erubuit.
761 2228 1032 2291 Recogitet⁵
1053 2237 1101 2274 et
1134 2227 1253 2274 illud
1287 2227 1432 2274 Heliae
1463 2227 1796 2293 proverbium⁶
1820 2247 1829 2274 :
1864 2247 1889 2273 «
1917 2230 2025 2275 Non
2048 2228 2178 2274 enim
2206 2225 2427 2273 meliores
2464 2240 2652 2282 sumus,

517 2321 665 2369 quam
686 2316 847 2370 patres
870 2306 1041 2353 nostri,
1070 2326 1094 2351 n
1122 2310 1181 2353 Et
1203 2317 1320 2353 tunc
1346 2307 1590 2373 profecto,
1617 2325 1769 2372 quum
1799 2317 2046 2355 tantorum
2068 2307 2286 2353 virorum
2312 2321 2498 2352 errores
2521 2319 2656 2350 com·

517 2387 886 2445 memoraverit,
907 2387 1009 2450 Jam
1033 2387 1094 2433 de
1117 2403 1280 2433 errore
1303 2387 1441 2433 Bedae
1468 2388 1633 2435 mirari
1663 2389 1874 2435 desistet.
1903 2392 1965 2434 Ut
1987 2388 2118 2434 enim
2148 2387 2315 2433 beatus
2347 2385 2511 2433 asserit
2538 2385 2655 2430 Gre—

517 2465 678 2529 gorius
709 2465 759 2512 in
794 2465 952 2530 prima
984 2483 1129 2531 super
1159 2466 1460 2513 Ezechielem
1493 2467 1728 2527 Homilia,
1762 2483 2119 2532 nonnunquam
2143 2466 2345 2530 Spiritus
2373 2473 2565 2511 sanctus
2596 2462 2658 2510 ad

516 2545 799 2594 humilitatis
822 2547 1093 2594 custodiam
1117 2548 1359 2595 mentibus
1381 2548 1597 2595 fidelium
1626 2566 1728 2596 sese
1756 2549 2021 2608 subtrahit,
2063 2558 2110 2595 et
2138 2565 2221 2595 eos
2249 2548 2299 2594 in
2327 2563 2541 2594 errorem
2562 2544 2658 2592 labi

516 2628 772 2692 permittit,
805 2638 859 2674 ut
885 2628 1108 2675 videlicet
1136 2640 1514 2692 recognoscant,
1556 2647 1703 2694 quam
1737 2630 1928 2677 inutiles
1958 2630 2136 2694 Spiritu
2167 2639 2335 2676 sancto
2369 2627 2658 2675 abscedente

516 2718 798 2755 remaneant
827 2726 837 2755 :
864 2709 949 2772 qui
971 2701 1127 2755 etianf
1139 2726 1292 2775 quum
1325 2709 1569 2756 mentibus
1591 2709 1814 2774 praesidet
1848 2720 2151 2768 sanctorum,
2180 2709 2247 2756 sic
2269 2708 2448 2755 revelet
2478 2707 2655 2772 aliqua,

518 2797 571 2834 ut
593 2787 802 2834 occultet
824 2776 1076 2836 nonnulla.
1105 2791 1202 2835 Nec
1222 2791 1236 2814 ⁷
1257 2805 1552 2854 magnopere
1574 2790 1845 2837 curandum
1868 2800 1961 2849 est,
1987 2790 2027 2837 si
2051 2789 2102 2836 in
2124 2788 2358 2847 historiis,
2385 2797 2467 2834 aut
2487 2787 2537 2833 in
2562 2786 2655 2845 his,

517 2883 623 2931 quae
651 2867 713 2914 ad
742 2867 989 2915 catholicae
1020 2868 1134 2915 fidei
1162 2869 1432 2934 periculum
1466 2886 1567 2916 non
1607 2870 1834 2928 attinent,
1872 2886 2054 2917 errasse
2084 2879 2276 2916 sanctos
2305 2883 2659 2930 nonnunquam

518 2961 806 3006 annuamus,
832 2964 983 3011 quum
1005 2958 1168 3013 aperte
1190 2948 1482 3012 Augustinus
1499 2949 1560 2997 de
1575 2949 1776 2997 historia
1798 2950 1989 3015 septimi
2014 2949 2188 2996 Psalmi
2209 2951 2259 2996 in
2282 2948 2416 3011 cujus
2438 2946 2659 2994 videlicet

521 3026 694 3074 Psalmi
713 3028 853 3076 titulo
877 3028 1067 3092 legitur,
1098 3047 1123 3074 «
1146 3032 1238 3076 Pro
1261 3029 1420 3077 verbis
1443 3030 1590 3077 Chusi
1612 3029 1696 3076 filii
1719 3031 1916 3089 Jemini,
1941 3049 1964 3075 υ
1990 3046 2078 3095 per
2099 3030 2449 3092 Hieronymum
2479 3043 2658 3076 errasse

518 3109 743 3156 convinci
766 3110 940 3176 possit,
966 3120 1200 3176 tanquam
1221 3110 1466 3158 Hebraicae
1487 3112 1679 3176 penitus
1701 3128 1869 3177 expers
1885 3112 2115 3159 veritatis.
2143 3112 2191 3157 Si
2217 3110 2322 3175 quis
2345 3119 2506 3156 autem
2521 3106 2658 3155 Bedae

519 3205 714 3255 quoque
730 3193 1067 3240 auctoritatem
1085 3192 1291 3240 salvare⁸
1311 3193 1508 3252 nitatur,
1530 3203 1585 3242 ut
1603 3193 1830 3242 omnibus
1851 3193 2123 3253 satisfaciat,
2144 3192 2303 3240 dicere
2325 3191 2523 3239 fortasse
2543 3189 2658 3236 lice-

565 3372 576 3389 ⁸
603 3372 723 3406 Psalm.
743 3384 885 3416 mxxxix,
900 3386 932 3409 v.
952 3378 1005 3410 10.
1019 3393 1062 3401 —
1075 3376 1088 3395 ²
1104 3378 1187 3411 Dist.
1208 3379 1357 3418 Catonis,
1378 3379 1413 3421 1,
1428 3389 1459 3412 v.
1478 3379 1558 3412 4.-
1615 3379 1627 3397 '¹
1642 3380 1714 3413 Non
1734 3378 1831 3413 Amb.
1843 3397 1875 3404 --
1891 3378 1904 3397 ⁸
1922 3378 1976 3413 Sic
1991 3378 2075 3412 cod.
2090 3378 2175 3411 2445
2188 3377 2215 3410 Α
2231 3382 2264 3410 et
2277 3375 2445 3409 2447.-Si
2464 3377 2534 3417 quis
2552 3381 2657 3407 autem

520 3428 533 3445 ⁸
547 3429 628 3471 Περ.
645 3429 697 3471 ΙΙ,
715 3440 789 3476 cap.
809 3442 865 3466 vn.
884 3450 921 3455 —
936 3431 950 3449 ⁴
966 3434 1093 3473 Galat„
1113 3445 1189 3478 cap.
1214 3446 1236 3469 u
1248 3461 1258 3476 ‚
1274 3446 1307 3468 v.
1331 3438 1384 3469 11.
1400 3453 1441 3460 ——
1456 3435 1470 3453 ⁸
1490 3437 1566 3469 Re-.
1616 3437 1716 3470 Bedoe
1734 3446 1859 3478 quoque
1877 3439 2073 3469 auctoritate
2085 3437 2208 3469 »citatur
2225 3432 2321 3467 Amb.

521 3489 661 3528 cogitate
681 3487 767 3521 Cod.
785 3488 873 3522 244⁵
888 3488 929 3522 A.
946 3507 985 3514 -
1003 3489 1017 3508 ⁶
1033 3491 1112 3533 Περ.
1139 3492 1207 3532 m,
1230 3502 1307 3536 cap.
1324 3503 1401 3532 xxx,
1422 3503 1453 3526 v.
1471 3492 1503 3527 4.
1517 3503 1563 3517 ‘—
