2970 4152
933 398 994 446 IN
1026 397 1215 445 RAM‘lS·
1237 387 1562 443 PALMARUM
1593 395 1809 442 SERMo.
2332 394 2426 441 419

323 509 435 544 nem
455 507 622 539 verum
638 492 925 556 poenitentiae
945 492 1172 556 gemitum
1196 490 1433 548 immittat,
1455 506 1552 553 quo
1577 491 1810 555 poenitens
1829 488 2088 536 vivificat-us
2112 503 2139 534 a
2154 497 2315 534 ‘morte
2333 490 2431 534 ani-

324 589 412 620 mae
433 581 659 635 resurgat.
680 574 784 636 Ipse
806 571 1046 619 nos·omni
1063 570 1281 636 deposito
1294 569 1502 634 pudore,
1523 569 1586 616 ad
1599 569 1948 625 :confessionem
1959 577 2213 634 'promptos
2231 567 2401 614 efficiat
2414 605 2426 627 ‚

323 653 406 717 qui
429 651 700 701 hocwunum
726 651 1002 700 erubescere
1027 652 1279 710 debemus,
1306 650 1509 714 ‹ne-quid
1533 658 1682 715 turpe:
1702 652 1750 698 in
1771 649 1919 697 oculis
1935 650 2042 712 fejus
2052 649 2426 695 committamus.

323 736 429 798 Ipse
444 748 531 796 per
554 731 770 779 Ecclesiae
794 732 1034 779 ministros
1056 733 1126 779 ,ita
1149 747 1238 778 nos
1255 730 1501 793 absolvere
1526 729 1762 794 dignetur,
1788 739 1843 776 ut
1865 728 2005 775 nullis
2025 727 2252 793 *deinceps
2267 743 2433 792 pecca-

323 822 481 871 torum
498 811 697 858 vinculis
718 812 979 876 constringi
1000 827 1290 859 mereamur..
1303 814 1415 875 Jpse
1440 827 1529 857 nos
1551 810 1612 857 de
1629 811 1834 875 peccatis
1856 810 1918 855 ita
1940 809 2019 855 hic
2044 808 2304 855 satisfacere
2321 824 2433 853 con-

323 891 487 949 cedat,
510 890 697 954 utquid
719 891 769 937 in
794 890 952 938 futuro
978 891 1277 955 puniendum
1299 891 1388 950 sit,
1418 890 1565 954 judex
1582 891 1684 955 ipse
1701 889 1939 936 districtus
1961 903 2061 934 non
2070 888 2278 934 inveniat
2292 923 2304 945 ‚
2327 904 2434 952 spes

325 979 514 1029 nostra,
537 969 662 1016 salus
685 979 874 1030 nostra,
892 970 1027 1033 cujus
1050 970 1210 1018 honor
1233 980 1280 1017 et
1306 970 1559 1034 imperium
1588 979 1684 1016 tam
1713 967 1857 1015 finem
1890 968 2081 1030 ignorat.
2099 983 2243 1030 quam
2265 967 2436 1031 princi-

326 1049 475 1117 pium.
513 1051 682 1095 Amen.

1111 1474 1186 1531 IN
1230 1473 1484 1532 EADEM
1526 1473 1670 1531 DIE.
1713 1475 1725 1486 ”

1263 1648 1410 1679 SERMO
1445 1649 1508 1679 lx.

400 1770 424 1796 ι(
452 1750 701 1798 Ferculum
720 1750 828 1798 fecit
850 1749 939 1797 sibi
964 1766 1044 1797 rex
1064 1749 1292 1797 Salomon
1311 1750 1372 1797 de
1392 1750 1528 1814 lignis
1553 1750 1734 1798 Libani.
1755 1749 2014 1797 Columnas
2038 1749 2138 1812 ejus
2153 1749 2260 1796 fecit
2276 1765 2440 1813 argen-

331 1840 453 1889 teas,
493 1830 849 1877 reclinatorium
885 1846 1105 1888 aureum,
1138 1846 1394 1880 ,ascensum
1424 1846 1734 1895 purpureum.
1774 1829 1927 1876 Media
1960 1830 2151 1876 caritate
2186 1830 2445 1876 constravit

329 1919 526 1974 propter
550 1909 669 1956 filias
694 1909 990 1957 Jerusalem¹.
1013 1929 1036 1952 υ
1062 1909 1310 1956 Ferculum
1335 1909 1430 1956 hoc
1451 1909 1558 1956 loco
1583 1926 1610 1956 a
1632 1909 1852 1967 ferendo,
1881 1909 1930 1956 id
1949 1919 2019 1956 est
2037 1908 2297 1974 portando,
2319 1909 2444 1956 vehi-

330 1988 491 2047 culum
517 1989 704 2049 dicitur‚
727 1990 860 2054 quasi
883 1989 1050 2036 lectica
1067 1990 1335 2054 potentium
1361 1989 1435 2036 vel
1454 1988 1778 2048 infirmorum,
1804 2005 1899 2052 qua
1924 1988 2129 2035 molliter
2150 1988 2437 2035 deferantur.

331 2069 475 2132 Ligna
508 2068 695 2128 Libani,
723 2068 822 2116 duo
847 2068 972 2133 ligna
1002 2078 1112 2115 sunt
1137 2069 1306 2115 crucis.
1348 2068 1551 2117 Libanus
1578 2070 1756 2133 quippe
1793 2068 2063 2116 candidatio
2089 2068 2437 2132 interpretatur.

329 2148 475 2212 Ligna
501 2148 659 2212 itaque
684 2148 860 2207 crucis,
889 2147 1013 2212 ligna
1050 2157 1160 2194 sunt
1184 2147 1531 2196 candidationis
1559 2158 1607 2195 et
1636 2148 1988 2196 emundationis
2021 2156 2193 2194 nostrae
2219 2166 2228 2193 ε
2258 2148 2370 2212 quia
2394 2149 2440 2194 in

329 2225 418 2272 illis
450 2243 588 2281 verus
626 2227 898 2294 immolatus
934 2237 1005 2274 est
1048 2230 1232 2291 AgnuS,
1277 2228 1411 2292 cujus
1452 2229 1679 2292 sanguine
1710 2246 1735 2276 a
1773 2229 1976 2293 peccatis
2010 2228 2226 2275 mundati
2258 2244 2437 2275 sumus.

332 2308 468 2356 Unde
494 2319 539 2356 et
563 2309 876 2373 Apocalypsis
896 2309 960 2356 ita
986 2309 1226 2356 meminit²
1255 2327 1265 2355 :
1298 2329 1321 2354 «
1347 2310 1404 2356 Hi
1423 2320 1531 2357 sunt
1550 2310 1632 2373 qui
1658 2310 1872 2358 laverunt
1894 2310 2036 2357 stolas
2066 2325 2172 2356 suas
2190 2320 2236 2356 et
2254 2309 2444 2357 dealba-

332 2399 501 2436 verunt
522 2406 601 2437 eas
625 2391 674 2435 in
703 2390 931 2454 sanguine
965 2391 1097 2453 Agni.
1118 2409 1142 2434 n
1171 2393 1279 2437 Haec
1304 2390 1429 2454 ligna
1454 2390 1645 2450 Libani,
1669 2409 1725 2438 ex
1756 2391 1928 2455 quibus
1950 2391 2188 2438 dominica
2211 2407 2324 2438 crux
2358 2392 2442 2439 fuit

332 2462 597 2534 composita
622 2468 838 2528 cedrina3
868 2479 915 2516 et
938 2469 1002 2516 ob
1021 2470 1115 2516 hoc
1143 2470 1449 2534 imputribilia
1475 2471 1835 2518 essedicuntur.
1872 2470 2009 2517 Unde
2042 2472 2356 2534 Hieronymus
2391 2475 2441 2518 in

334 2550 527 2597 Cantico
561 2550 863 2595 Canticorum
889 2568 902 2595 ;
934 2569 956 2594 «
984 2550 1231 2597 Ferculum
1263 2551 1415 2598 crucis
1447 2551 1710 2598 secundum
1741 2551 1987 2598 histOriam
2021 2552 2081 2598 ‹le
2114 2552 2252 2615 lignis
2278 2553 2441 2600 Libani

331 2626 538 2674 cedrinis
557 2626 730 2674 factum
756 2638 841 2675 est.
869 2648 891 2672 η
915 2629 1042 2687 Quid
1059 2638 1219 2676 autem
1244 2646 1329 2694 per
1345 2630 1444 2677 haec
1466 2630 1773 2696 imputribilia
1796 2632 1943 2696 ligna,
1965 2632 2053 2678 nisi
2072 2632 2321 2679 dominicae
2337 2650 2443 2697 pas-

332 2709 478 2755 sionis
497 2725 667 2774 perpes
690 2710 920 2757 memoria
948 2710 996 2756 in
1023 2710 1248 2757 cordibus
1274 2709 1485 2758 fidelium
1510 2722 1579 2758 est
1602 2713 1850 2776 expressa?
1875 2712 2030 2770 Quam
2050 2713 2283 2778 praecipue
2303 2714 2442 2762 nobis

332 2788 566 2835 Dominus
591 2789 935 2837 commendans
949 2789 1038 2836 ait⁸
1055 2809 1068 2835 .·
1097 2809 1119 2834 «
1141 2792 1242 2836 Hoc
1260 2789 1396 2837 facite
1414 2791 1461 2837 in
1482 2807 1637 2838 meam
1660 2792 2183 2839 commemorationem.
2202 2795 2305 2849 »Et
2322 2796 2442 2858 Apo-

332 2867 525 2915 stolus⁴2
561 2888 584 2913 «
600 2871 1010 2934 Quotiescunque,
1032 2889 1055 2915 »
1077 2870 1253 2935 inquit,
1285 2870 1675 2919 «manducabitis
1698 2888 1871 2937 panem
1898 2872 2052 2931 hunc,
2081 2882 2128 2919 et
2160 2872 2354 2920 calicem
2379 2873 2444 2920 bi-

328 2945 473 3007 betis,
503 2958 707 2995 mortem
732 2950 926 2996 Domini
954 2949 1295 2997 annuntiabitis
1331 2950 1488 2998 donec
1521 2952 1694 2999 veniat.
1722 2971 1745 2996 υ
1781 2955 1887 3000 Haec
1916 2953 2109 2999 Domini
2144 2953 2299 3018 passio
2325 2953 2443 2999 dum

329 3042 416 3090 per
436 3027 770 3092 praedicatores
794 3028 1118 3089 annuntiatur,
1143 3030 1277 3094 quasi
1294 3030 1506 3094 quodam
1529 3030 1708 3078 ferculo
1733 3040 1874 3096 atque
1891 3031 2110 3079 vehiculo
2134 3033 2287 3079 crucis
2305 3048 2444 3079 verus

335 3105 561 3155 Salomon
576 3125 664 3174 per
688 3108 924 3156 mundum
945 3107 1173 3156 defertur.

395 3189 521 3235 Crux
542 3189 701 3253 itaque
720 3189 910 3237 duobus
927 3188 1064 3254 lignis
1087 3191 1374 3255 composita,
1398 3191 1671 3239 vehiculum
1697 3203 1766 3240 est
1782 3193 2064 3240 Salomonis.
2089 3194 2183 3251 Qui
2200 3193 2317 3240 dum
2333 3210 2445 3241 cru-

333 3267 501 3315 cifixus
520 3270 817 3334 praedicatur,
844 3271 892 3317 in
913 3271 1013 3335 ipsa
1030 3287 1170 3318 cruce
1185 3281 1410 3336 tanquam
1435 3272 1677 3332 vehiculo,
1708 3284 1758 3320 ut
1782 3274 1963 3321 dictum
1983 3285 2075 3333 est,
2105 3274 2317 3338 quodam
2339 3274 2443 3321 ubi-

378 3408 388 3426 ¹
415 3410 523 3449 sant„
538 3421 611 3455 cap.
633 3423 688 3453 ιιι,
706 3424 734 3445 v.
755 3414 774 3443 9
793 3421 826 3446 et
841 3424 890 3456 sq.
909 3430 945 3439 ·-—
965 3412 977 3430 ¹
994 3416 1109 3454 Apoc„
1125 3423 1200 3457 cap.
1217 3424 1260 3447 vn
1273 3439 1282 3454 ‚
1299 3425 1330 3447 v.
1350 3416 1400 3447 14.
1413 3432 1456 3440 —
1472 3415 1485 3432 ²
1503 3415 1598 3455 Luc.‚
1614 3426 1688 3459 cap.
1711 3426 1780 3449 xxn
1794 3442 1803 3456 ‚
1832 3428 1863 3450 v.
1894 3418 1943 3451 19.
1968 3435 2004 3440 -
2030 3417 2043 3433 ⁸
2067 3416 2209 3450 Corinth.
2226 3417 2259 3454 I,
2287 3425 2361 3459 cap.
2387 3426 2419 3448 11
2433 3441 2441 3455 ,
2482 3416 2486 3423 “

333 3476 367 3498 v.
381 3467 422 3498 24
436 3473 470 3499 et
483 3477 531 3510 sq.
