2970 4152
1228 368 1542 415 EPlSTOLAE.
2349 373 2366 416 t
2380 374 2440 418 05

336 462 578 515 potentem
608 457 656 502 in
689 456 836 504 domo
869 458 1098 505 Candacis
1128 460 1298 524 reginae
1324 460 1653 526 AEthiopum¹‚
1682 461 1764 524 qui
1794 470 1893 507 erat
1925 478 2068 526 super
2101 477 2269 508 omnes
2305 478 2439 526 gazas

336 533 457 595 ejus,
478 535 602 582 etde
628 528 721 583 tam
739 538 1001 603 longinquo
1020 549 1213 586 venerat
1236 540 1436 587 adorare
1454 541 1502 586 in
1522 539 1828 587 Hierusalem.
1853 540 1923 587 Ad
1952 558 2095 605 quem
2124 551 2437 589 revertentem

337 613 504 660 missus
529 626 598 661 est
621 616 681 663 ab
706 618 874 681 angelo
899 618 1139 684 Philippus
1159 620 1460 685 apostolusff,
1478 629 1665 671 rutseum
1691 631 1989 668 converteret
2015 621 2076 667 ad
2098 620 2243 668 fidem
2267 640 2277 667 :
2306 622 2439 686 quod

331 692 427 754 jam
447 694 525 742 ille
545 708 780 744 meruerat
799 715 884 762 per
903 701 1167 747 orationem
1194 700 1270 747 vel
1293 716 1435 747 sacrae
1457 700 1671 747 lectionis
1701 700 2036 747 assiduitatem.
2072 705 2106 748 A
2126 719 2221 766 qua
2245 702 2438 766 quidem

339 783 388 818 ut
406 790 495 820 nec
515 775 559 821 in
581 777 656 823 via
671 787 784 824 tunc
804 789 987 825 vacaret
1003 779 1111 826 licet
1129 779 1385 827 ditissimus
1403 790 1450 827 et
1468 780 1652 844 gentilis
1665 815 1678 836 ,
1696 797 1870 843 magno
1891 780 2060 828 divinae
2078 781 2440 846 dispensationis

336 862 493 899 actum
512 865 576 901 est
594 855 846 916 beneficio,
863 867 914 904 ut
932 857 1066 905 locus
1083 860 1126 906 ei
1138 860 1388 925 Scripturae
1407 870 1701 918 occurreret,
1731 860 1813 923 qui
1831 861 2280 924 opportunissimam
2295 863 2309 886 ³
2331 878 2440 908 con-

337 933 564 979 versionis
599 935 698 998 ejus
731 937 1028 985 occasionem
1063 939 1278 1003 apostolo
1312 939 1558 1004 praeberet.
1600 942 1667 986 Ne
1696 939 1812 1003 quid
1853 956 1966 986 vero
2000 939 2123 986 hanc
2161 941 2440 1005 petitionem

337 1022 545 1060 nostram
558 1014 807 1079 impediat,
830 1017 903 1064 vel
925 1018 1107 1082 impleri
1128 1019 1335 1079 differat,
1359 1020 1624 1066 orationem
1640 1036 1833 1083 quoque
1850 1020 2016 1083 ipsam,
2036 1036 2180 1084 quam
2196 1037 2284 1085 pro
2304 1021 2441 1068 nobis

337 1090 536 1158 domino
554 1095 787 1160 supplices
806 1097 972 1144 dicatis
993 1100 1007 1122 ¹⁹
1019 1134 1032 1158 ,
1055 1115 1346 1164 componere
1370 1110 1417 1147 et
1435 1100 1619 1146 mittere
1639 1099 1722 1146 tibi
1738 1100 1970 1146 maturavi
1993 1118 2001 1143 ε

351 1160 432 1215 A(
445 1175 600 1234 Deus,
628 1177 710 1240 qui
728 1176 910 1242 abipso
931 1177 1151 1226 humanae
1168 1181 1420 1228 creationis
1447 1179 1670 1240 exordio,
1694 1180 1866 1227 femina
1885 1179 1945 1226 de
1970 1189 2098 1226 costa
2115 1180 2202 1227 viri
2223 1181 2439 1241 formata,

336 1253 557 1316 nuptialis
575 1257 768 1320 copulae
794 1269 1142 1306 sacramentum
1170 1261 1430 1308 maximum
1459 1262 1676 1320 sanxisti,
1711 1262 1888 1325 quique
1915 1261 2158 1307 immensis
2182 1261 2445 1308 honoribus

337 1331 412 1379 vel
430 1332 490 1381 de
508 1333 793 1400 desponsata
808 1338 1048 1386 nascendo
1060 1376 1072 1399 ,
1095 1340 1169 1387 vel
1187 1340 1412 1388 miracula
1431 1341 1705 1388 inchoando
1730 1341 1920 1406 nuptias
1936 1339 2214 1401 sublimasti,
2235 1358 2444 1406 meaeque

337 1412 478 1460 etiam
498 1414 752 1480 fragilitatis
776 1418 1130 1467 incontinentiae
1162 1431 1403 1485 utcunque
1432 1421 1516 1468 tibi
1538 1421 1716 1485 placuit
1741 1421 1856 1468 olim
1882 1420 1976 1468 hoc
1998 1421 2261 1468 remedium
2288 1421 2444 1469 indul-

337 1492 436 1540 sisti
465 1512 474 1540 :
508 1511 570 1543 ne
605 1496 834 1562 despicias
871 1498 1100 1547 ancillulae
1133 1510 1223 1548 tuae
1257 1517 1447 1566 preces,
1488 1517 1606 1566 quas
1639 1518 1729 1567 pro
1766 1502 1881 1548 meis
1917 1501 2030 1566 ipsis
2061 1501 2286 1566 charique
2326 1503 2446 1549 mei¹⁵

337 1573 604 1622 excessibus
631 1577 678 1622 in
706 1590 963 1643 conspectu
994 1580 1249 1644 maJestatis
1282 1591 1372 1628 tuae
1402 1581 1601 1647 supplex
1627 1581 1838 1628 effundo.
1876 1584 2099 1645 Ignosce,
2141 1598 2171 1628 o
2206 1581 2448 1646 benignis-

338 1652 478 1713 sime,
507 1655 604 1702 imo
624 1655 888 1721 benignitas
906 1659 1034 1724 ipsa;
1060 1660 1252 1724 ignosce
1270 1670 1340 1708 tot
1354 1663 1367 1685 ⁶
1385 1670 1429 1707 et
1448 1661 1589 1707 tantis
1608 1660 1886 1707 criminibus
1909 1661 2104 1720 nostris,
2138 1672 2184 1708 et
2202 1661 2448 1709 ineffabilis

339 1731 668 1781 misericordiae
704 1746 792 1783 tuae
830 1737 1181 1785 multitudinem
1204 1775 1216 1797 ,
1259 1739 1507 1804 culparum
1538 1749 1808 1785 nostrarum
1839 1740 2129 1786 immensitas
2159 1741 2440 1805 experiatur.

340 1811 475 1870 Puni,
499 1811 715 1873 obsecro,
742 1816 790 1862 in
810 1818 1026 1880 praesenti
1045 1834 1168 1877 reos,
1189 1828 1240 1865 ut
1257 1834 1423 1883 parcas
1441 1819 1488 1864 in
1506 1818 1679 1865 futuro.
1706 1819 1823 1865 Puni
1839 1819 1899 1865 ad
1915 1818 2084 1866 horam
2100 1855 2112 1879 ,
2135 1837 2195 1867 ne
2214 1822 2382 1885 punias
2399 1822 2446 1868 in

337 1900 581 1939 aeternum.
622 1895 790 1959 Accipe
831 1896 879 1942 in
915 1912 1077 1943 servos
1114 1898 1292 1961 virgam
1332 1899 1661 1956 correctionis,
1701 1915 1798 1944 non
1834 1898 2043 1962 gladium
2072 1899 2257 1946 furoris.
2292 1900 2452 1965 Afflige

338 1986 529 2019 carnem
560 1983 609 2020 ut
636 1991 887 2022 conserves
910 1976 1109 2024 animas.
1136 1977 1269 2024 Adsis
1298 1988 1546 2042 purgator,
1576 1994 1673 2024 non
1701 1978 1853 2035 ultor;
1882 1977 2115 2042 benignus
2141 1980 2288 2043 magis
2311 1996 2454 2044 quam

310 2090 320 2103 .
335 2051 508 2111 justus;
535 2063 669 2118 pater
695 2055 987 2115 misericors,
1011 2073 1109 2103 non
1129 2067 1343 2104 austerus
1368 2058 1618 2104 Dominus.
1648 2057 1800 2104 Proba
1817 2074 1905 2103 nos
1926 2093 1936 2115 ,
1960 2058 2191 2116 Domine,
2221 2069 2268 2105 et
2295 2068 2422 2106 tenta
2440 2098 2451 2118 ,

340 2132 458 2179 sicut
482 2132 542 2179 de
559 2135 811 2198 semetipso
829 2145 963 2200 rogat
979 2136 1212 2201 propheta
1228 2139 1264 2196 ⁷,
1294 2153 1349 2183 ac
1368 2137 1406 2183 si
1432 2147 1592 2201 aperte
1617 2137 1795 2183 diceret
1818 2155 1827 2182 ε
1855 2138 1987 2183 Prius
2012 2137 2135 2184 vires
2164 2138 2370 2203 inspice,
2401 2156 2454 2185 ac

339 2212 601 2259 secundum
620 2230 699 2261 eas
716 2215 1033 2262 tentationum
1052 2232 1199 2263 onera
1224 2216 1489 2263 moderare.
1517 2216 1661 2274 Quod
1684 2226 1729 2262 et
1749 2216 1914 2263 beatus
1936 2216 2107 2264 Paulus
2126 2216 2346 2264 fidelibus
2362 2220 2453 2266 tuis

339 2293 619 2355 promittens
649 2294 711 2340 ait
726 2296 740 2319 ⁸
756 2313 771 2340 .-
805 2314 828 2339 «
850 2298 1022 2343 Potens
1050 2306 1120 2343 est
1145 2297 1272 2343 enim
1292 2299 1419 2344 Deus
1436 2333 1447 2355 ‚
1483 2297 1565 2360 qui
1589 2313 1688 2343 non
1709 2297 1913 2361 patietur
1936 2313 2021 2343 vos
2047 2298 2216 2344 tentari
2240 2315 2385 2365 supra
2406 2299 2453 2346 id

344 2392 366 2414 «
384 2371 516 2435 quod
534 2366 846 2438 potestisjsed
866 2375 999 2423 faciet
1021 2393 1132 2423 cum
1149 2378 1412 2424 tentatione
1431 2378 1573 2424 etiam
1592 2386 1880 2442 proventum
1900 2386 1952 2423 ut
1967 2377 2154 2442 possitis
2170 2379 2449 2426 sustinere.»

341 2452 634 2515 Conjuuxisti
650 2471 752 2515 nos,
777 2457 1005 2516 Domine,
1024 2466 1071 2505 et
1094 2457 1321 2517 divisisti,
1348 2457 1542 2522 quando
1567 2457 1744 2523 placuit
1762 2457 1872 2518 tibi,
1901 2467 1946 2504 et
1965 2475 2062 2521 quo
2083 2458 2230 2506 modo
2256 2459 2448 2523 placuit.

342 2516 503 2578 Nunc'
525 2533 657 2596 quod
671 2570 683 2593 ,
711 2536 940 2595 Domine,
969 2537 1336 2584 misericorditer
1352 2538 1555 2602 coepisti,
1580 2536 2014 2583 misericordissime
2030 2537 2243 2602 comple;
2266 2547 2313 2584 et
2331 2555 2452 2601 quos

341 2627 367 2658 a
384 2628 433 2659 se
458 2613 603 2660 semel
629 2613 824 2662 divisisti
853 2615 901 2662 in
929 2616 1139 2675 mundo,
1169 2618 1441 2682 perenniter
1465 2617 1551 2663 tibi
1576 2617 1837 2680 conjungas
1869 2617 1916 2662 iu
1946 2615 2094 2675 coelo,
2126 2633 2233 2681 spes
2261 2627 2448 2677 nostra,

341 2707 450 2755 pars
469 2702 652 2753 nostra,
676 2696 939 2760 expectatio
957 2705 1141 2755 nostra,
1175 2696 1439 2743 consolatio
1462 2705 1647 2755 nostra,
1679 2696 1883 2742 Domine
1910 2696 1992 2759 qui
2021 2713 2070 2742 es
2096 2695 2378 2744 benedictus
2402 2697 2451 2746 in

342 2771 514 2819 secula.
549 2776 714 2820 Amen.
741 2794 763 2818 »

408 2851 520 2899 Vale
538 2853 586 2899 in
606 2852 808 2914 Christo,
833 2871 1009 2921 sponsa
1033 2856 1227 2915 Christi,
1257 2857 1305 2903 in
1332 2855 1518 2903 Christo
1543 2855 1675 2915 vale,
1704 2865 1751 2902 et
1775 2855 1962 2902 Christo
1984 2856 2108 2902 vive.
2144 2859 2305 2903 Amen.

414 2948 420 2962 ²
470 2971 472 2974 .
547 2938 606 2981 1:¹2..

389 3004 398 3021 ⁸
439 3013 469 3037 tc
481 2956 563 3051 {3-
575 3006 765 3038 Eunuchum
783 3013 816 3039 et
828 3009 860 3039 in
876 3009 970 3040 domo
983 3006 1101 3041 desunt
1112 3008 1144 3040 in
1159 3007 1374 3046 editionibus,
1422 3019 1438 3037 α
1455 3008 1509 3051 qui
1533 3006 1630 3040 estoit
1643 3018 1698 3040 sus
1718 3013 1823 3040 tontes
1839 3006 1888 3040 les
1910 3006 2072 3040 richesses
2091 3006 2133 3039 de
2157 3006 2228 3040 cele
2245 3017 2360 3050 royne.
2378 3020 2392 3037 ι
2415 3025 2454 3031 —

342 3071 413 3105 quae
427 3060 623 3105 perobscura
638 3062 735 3095 lectio
748 3062 888 3102 videtur,
903 3070 936 3096 et
950 3071 1040 3097 certe
1055 3065 1166 3098 mutila
1176 3090 1185 3104 .
1199 3064 1375 3108 praesertim
1423 3063 1435 3080 ¹
1449 3065 1520 3096 Ace.
1532 3065 1658 3105 Apo-u„
1673 3073 1745 3107 cap.
1765 3074 1817 3096 viu
1831 3088 1839 3100 .
1856 3074 1887 3095 ν.
1901 3064 2007 3096 99.-
2019 3062 2032 3080 ³
2043 3063 2186 3100 Haxime
2197 3066 2346 3097 idoneam
2360 3063 2453 3099 RMS.

342 3118 368 3150 si
381 3118 606 3151 translatorem
622 3118 771 3162 gallicum
788 3119 909 3158 adeas,
925 3120 978 3164 qui
997 3120 1044 3153 sic
1059 3121 1153 3154 vertit
1167 3121 1253 3154 hunc
1269 3121 1375 3154 locum
1420 3138 1463 3144 —
1475 3118 1630 3171 {Dicam
1645 3119 1738 3152 deest
1757 3119 1782 3152 D
1797 3129 1984 3163 perperam.
2004 3136 2048 3168 -ς
2069 3119 2081 3137 ⁸
2109 3120 2273 3160 Tanquam
2292 3122 2369 3153 meis
2387 3118 2453 3151 MS.

342 3173 398 3206 fot.
417 3174 474 3206 tte
491 3186 500 3207 ι
517 3186 533 3203 ι
546 3174 594 3207 Ne
607 3174 768 3208 resemble
786 3174 869 3207 celui
886 3175 951 3208 tres
966 3174 1109 3210 beneure
1122 3176 1251 3211 chestre
1264 3202 1272 3217 ,
1287 3177 1377 3220 puis-
1421 3175 1516 3209 Amb.
1530 3175 1601 3202 42⁰
1614 3175 1670 3217 Sic
1686 3176 1724 3207 D.
1734 3192 1758 3200 -
1773 3176 1838 3217 Tot
1848 3175 1941 3208 deest
1955 3175 2126 3228 &ld-§xj
2136 3175 2263 3210 Dalm.
2279 3187 2358 3217 xxv,
2373 3186 2402 3208 v.
2420 3177 2452 3207 9.

346 3241 360 3258 ι
376 3236 449 3262 sant
465 3240 506 3263 en
527 3230 556 3264 la
575 3231 697 3264 maison
722 3231 893 3270 Candace,
913 3231 944 3265 la
961 3243 1063 3275 royne
1082 3233 1141 3266 des
1159 3227 1352 3277 ssthiopiens
1366 3258 1374 3274 ‚
1424 3251 1457 3256 -
1476 3231 1490 3250 ⁸
1507 3232 1650 3266 Corinth.
1671 3233 1703 3269 1,
1722 3242 1795 3275 cap.
1814 3243 1834 3265 x
1846 3256 1854 3272 ‚
1871 3242 1902 3266 v.
1924 3233 1975 3266 13.
1991 3249 2033 3256 —
2046 3231 2060 3249 ⁰
2079 3233 2146 3266 Hoc
2161 3232 2228 3266 MS.
2247 3232 2341 3265 Δηὼ.
