2970 4152
1263 374 1578 422 EPISTOLAE.
2409 377 2427 422 4
2442 377 2459 421 4

354 467 774 514 transcenderent¹.
807 467 933 524 Quid
960 467 1194 532 denique?
1223 468 1380 516 nullus
1404 485 1431 516 a
1451 469 1635 534 cupidis
1662 470 1954 517 intermissus
1977 480 2048 517 est
2072 470 2245 535 gradus
2271 472 2469 531 amoris,

351 552 397 591 et
432 546 471 590 si
501 546 618 609 quid
644 547 887 594 insolitum
921 563 1055 594 amor
1087 549 1351 612 excogitare
1378 549 1555 613 potuit,
1593 558 1662 595 est
1695 549 1927 596 additum.
1962 552 2019 597 Et
2049 566 2147 614 quo
2175 550 2333 597 minus
2352 552 2366 574 ²
2388 551 2473 598 ista

349 622 586 675 fueramus
602 627 782 691 experti
797 625 988 689 gaudia,
1009 627 1250 675 ardentius
1269 628 1356 674 illis
1373 627 1702 675 insistebamus
1715 664 1727 688 ,
1748 639 1795 676 et
1810 630 1966 676 minus
1985 630 2034 676 in
2055 629 2295 677 fastidium
2314 639 2474 677 verte-

349 702 538 752 bantur.
562 708 620 752 Et
643 723 740 770 quo
765 723 842 753 me
861 707 1064 772 amplius
1079 707 1181 754 haec
1196 708 1417 773 voluptas
1434 718 1751 780 opcupaverat
1765 744 1777 767 ,
1799 710 1956 755 minus
1974 708 2288 774 philosophiae
2304 725 2473 757 vacare

347 795 589 849 poteram,
622 796 669 832 et
693 785 866 833 scholis
895 804 1092 851 operam
1123 787 1252 835 dare.
1286 788 1551 835 Taediosum
1567 790 1581 813 ³
1602 788 1719 835 mihi
1750 787 2056 835 vehementer
2081 798 2180 836 erat
2203 789 2265 836 ad
2288 789 2473 837 scholas

343 865 621 928 procedere,
650 865 723 912 vel
740 867 788 912 in
808 867 876 913 eis
895 868 1071 914 morari
1084 868 1294 933 ,pariter
1316 878 1363 915 et
1378 867 1670 915 laboriosum
1682 869 1712 928 ⁸,
1735 884 1884 932 quum
1903 878 2162 915 nocturnas
2180 869 2334 915 amori
2360 870 2472 934 vigi-

342 943 447 1002 lias,
483 954 528 992 et
557 945 751 992 diurnas
785 945 943 993 studio
973 963 1304 995 conservarem
1321 951 1346 994 ⁵.
1377 951 1533 1006 Quem
1570 948 1713 995 etiam
1741 949 1805 995 ita
1834 947 2149 1012 negligentem
2182 957 2228 994 et
2257 948 2472 1013 tepidum

342 1023 480 1071 lectio
511 1031 624 1072 tunc
651 1025 883 1086 habebat,
908 1037 958 1073 ut
978 1027 1079 1090 jam
1106 1028 1224 1074 nihil
1251 1045 1308 1075 ex
1332 1028 1548 1092 ingenio,
1571 1028 1655 1075 sed
1680 1045 1736 1075 ex
1755 1044 1845 1074 usu
1873 1039 2044 1076 cuncta
2061 1028 2349 1094 proferrem3
2381 1046 2471 1077 nec

336 1105 434 1167 Jam
459 1105 546 1152 nisi
571 1106 791 1153 recitator
816 1107 1125 1171 pristinorum
1153 1125 1304 1156 essem
1330 1109 1658 1168 inventorum,
1688 1118 1734 1156 et
1759 1109 1798 1155 si
1822 1125 1917 1172 qua
1941 1109 2154 1156 invenire
2183 1108 2345 1156 liceret
2367 1127 2470 1158 ‚car-

339 1185 501 1248 mina,
534 1196 689 1233 essent
726 1188 983 1247 amatoria,
1024 1204 1125 1235 non
1158 1189 1471 1255 philosophiae
1503 1199 1682 1237 secreta
1706 1190 1733 1235 ⁸.
1773 1191 1991 1247 Quorum
2027 1190 2169 1236 etiam
2204 1190 2470 1237 carminum

340 1265 566 1330 pleraque
581 1266 739 1314 adhuc
757 1268 806 1314 in
827 1268 1010 1328 multis,
1031 1270 1152 1316 sicut
1175 1279 1223 1316 et
1240 1270 1339 1335 ipse
1358 1271 1513 1330 nosti,
1537 1270 1896 1334 frequentantur
1919 1279 1965 1316 et
1987 1269 2300 1317 decantantur
2319 1271 2468 1333 regio-

340 1346 502 1407 nibus,
522 1347 583 1395 ab
599 1348 674 1395 his
690 1349 894 1396 maxime
910 1366 1032 1414 quos
1047 1350 1143 1397 vita
1158 1351 1299 1398 simul
1315 1351 1559 1399 oblectat⁷.
1583 1354 1823 1409 Quantam
1847 1360 2007 1397 autem
2030 1350 2324 1410 moestitiam,
2347 1367 2468 1414 quos

339 1428 539 1489 gemitus
554 1463 566 1487 ,
588 1445 693 1493 quae
716 1428 924 1476 lamenta
946 1431 1096 1477 nostri
1111 1447 1253 1496 super
1268 1430 1362 1478 hoc
1380 1430 1619 1478 scholares
1638 1440 1932 1478 assumerent
1943 1431 1973 1489 ⁸,
1996 1429 2078 1476 ubi
2102 1429 2319 1477 videlicet
2343 1430 2467 1477 hanc

338 1507 483 1555 animi
509 1508 603 1555 mei
627 1509 1018 1575 occupationem,
1051 1510 1148 1557 imo
1176 1510 1587 1575 perturbationem
1619 1519 1986 1575 praesenserunt,
2013 1525 2113 1556 non
2139 1519 2209 1556 est
2232 1509 2365 1557 facile
2392 1510 2465 1556 vel

337 1589 559 1652 cogitare.
599 1592 780 1636 Paucos
809 1591 939 1637 enim
964 1591 1065 1653 jam
1103 1608 1178 1638 res
1211 1601 1308 1638 tam
1343 1591 1589 1638 manifesta
1621 1590 1842 1655 decipere
1876 1600 2093 1655 poterat,
2130 1607 2184 1637 ac
2223 1590 2465 1637 neminem

335 1669 536 1732 (credo)
557 1680 726 1733 praeter
751 1686 884 1728 eum,
907 1669 969 1716 ad
990 1670 1124 1733 cujus
1143 1670 1454 1734 ignominiam
1479 1670 1684 1717 maxime
1706 1669 1756 1716 id
1774 1669 2037 1734 spectabat,
2067 1670 2225 1734 ipsum
2248 1669 2467 1717 videlieet

334 1747 502 1815 puellae
525 1748 831 1795 avunculum.
862 1750 949 1795 Cui
973 1748 1170 1812 quidem
1194 1748 1290 1796 hoc
1313 1766 1465 1813 quum
1498 1765 1526 1795 a
1544 1747 1789 1795 nonnullis
1814 1765 2166 1812 nonnunquam
2195 1760 2464 1813 suggestum

335 1828 519 1886 fuisset,
548 1827 742 1875 credere
767 1844 867 1874 non
892 1837 1079 1892 poterat
1094 1863 1106 1887 ,
1130 1837 1257 1886 tum,
1282 1837 1333 1875 ut
1355 1844 1497 1892 supra
1523 1828 1736 1886 memini,
1766 1837 1964 1892 propter
1981 1827 2346 1875 immoderatam
2370 1846 2464 1876 suae

337 1908 490 1974 neptis
511 1908 765 1970 amicitiam
778 1943 790 1967 ,
818 1918 920 1955 tum
946 1908 1090 1955 etiam
1114 1917 1313 1973 propter
1330 1916 1556 1954 anteactae
1574 1907 1680 1954 vitae
1705 1923 1821 1954 meae
1839 1907 2182 1953 continentiam
2202 1909 2456 1971 cognitam.

336 1991 442 2036 Non
465 1989 594 2037 enim
613 1982 832 2036 facile'de
850 1988 941 2048 his,
965 2005 1087 2053 quos
1103 1987 1366 2053 plurimum
1384 1987 1640 2052 diligimus,
1665 1986 2011 2053 turpitudinem
2033 1987 2343 2052 suspicamur.
2366 1991 2478 2053 Nec!

335 2069 382 2116 in
408 2069 679 2117 vehementi
697 2068 951 2116 dilectione
980 2070 1129 2134 turpis
1149 2069 1430 2134 suspicionis
1455 2068 1584 2116 labes
1613 2077 1770 2133 potest
1798 2068 1965 2115 inesse.
2005 2066 2142 2115 Unde
2170 2077 2217 2115 et
2243 2068 2361 2116 illud
2391 2079 2459 2116 est

336 2150 459 2199 beati
478 2149 754 2212 Hieronymi
771 2149 820 2196 in
846 2149 1045 2214 epistola
1062 2148 1130 2196 ad
1144 2148 1478 2196 Sabinianum⁹
1496 2167 1505 2195 :
1534 2167 1558 2193 «
1577 2148 1796 2196 Solemus
1813 2146 1938 2195 mala
1960 2147 2133 2195 domus
2152 2158 2324 2195 nostrae
2343 2149 2460 2197 scire
2487 2147 2543 2164 ²*

334 2231 591 2289 novissimi,
611 2246 669 2277 ac
679 2229 939 2277 liberorum
950 2246 1005 2277 ac
1018 2229 1278 2293 conjugum
1291 2229 1420 2287 vitia,
1439 2229 1604 2276 vicinis
1616 2227 1913 2288 canentibus,
1932 2228 2167 2292 ignorare.
2183 2228 2316 2275 »Sed
2329 2229 2460 2293 quod

334 2313 587 2360 novissime
612 2312 780 2370 scitur,
820 2312 983 2376 utique
1013 2312 1122 2359 sciri
1148 2311 1439 2375 quandoque
1466 2310 1727 2374 contingit,
1759 2320 1806 2357 et
1836 2309 1969 2374 quod
2004 2326 2173 2356 omnes
2199 2309 2461 2374 deprehen-

333 2394 476 2453 dunt,
514 2410 612 2440 non
648 2403 717 2441 est
745 2393 878 2441 facile
912 2385 1062 2440 uinum
1091 2393 1252 2440 latere.
1286 2393 1360 2439 Sic
1386 2393 1544 2456 itaque
1567 2391 1785 2457 pluribus
1819 2390 2020 2438 evolutis
2049 2390 2291 2438 mensibus
2328 2400 2375 2437 et
2400 2390 2459 2437 de

334 2474 472 2522 nobis
485 2473 670 2521 accidit.
690 2476 734 2520 Ο
752 2484 959 2537 quantus
982 2474 1031 2521 in
1055 2473 1149 2521 hoc
1174 2472 1512 2537 cognoscendo
1538 2472 1678 2520 dolor
1702 2469 1949 2519 avunculi!
1977 2480 2184 2535 quantus
2205 2471 2254 2517 in
2274 2486 2459 2535 separa-

333 2558 463 2603 tione
502 2555 765 2602 amantium
801 2554 943 2601 dolor
980 2552 1221 2618 ipsorum!
1269 2563 1447 2617 quanta
1479 2570 1586 2600 sum
1624 2552 1948 2599 erubescentia
1991 2548 2241 2598 confusus!
2280 2560 2454 2614 quanta

333 2635 618 2683 contritione
649 2651 792 2699 super
814 2633 1068 2680 afflictione
1087 2632 1254 2698 puellae
1272 2648 1378 2679 sum
1403 2629 1628 2679 afflictus!
1657 2641 1862 2696 quantos
1879 2629 2096 2678 moeroris
2122 2630 2221 2694 ipsa
2244 2628 2304 2677 de
2321 2646 2453 2677 vere-

334 2714 510 2763 cundia
534 2730 640 2762 mea
662 2713 915 2761 substinuit
930 2712 1094 2760 aestusl
1136 2716 1309 2760 Neuter
1332 2712 1468 2777 quod
1496 2711 1606 2771 sibi,
1635 2710 1720 2759 sed
1742 2710 1875 2775 quod
1902 2710 2035 2758 alteri
2059 2710 2318 2773 contigerat
2337 2725 2453 2774 que-

331 2795 535 2842 rebatur.
576 2797 750 2842 Neuter
781 2811 890 2853 sua,
920 2792 1004 2841 sed
1031 2793 1222 2840 alterius
1247 2792 1498 2859 plangebat
1522 2791 1848 2840 incommoda.
1886 2791 2128 2856 Separatio
2160 2799 2319 2838 autem
2352 2789 2452 2837 haec

329 2891 585 2941 corporum
605 2875 808 2922 maxima
824 2884 923 2922 erat
937 2873 1177 2940 copulatio
1185 2876 1210 2899 ¹⁰
1225 2875 1514 2934 animorum,
1537 2884 1582 2921 et
1598 2883 1765 2937 negata
1781 2873 1853 2919 sui
1869 2873 2008 2937 copia
2023 2870 2224 2936 amplius
2236 2887 2448 2918 amorem

328 2954 643 3013 accendebat,
679 2964 725 3001 et
746 2954 1043 3002 verecundiae
1066 2964 1299 3001 transacta
1320 2954 1418 3018 jam
1438 2954 1593 3019 passio
1618 2951 2034 3000 inverecundiores
2063 2949 2318 3010 reddebat,
2350 2959 2451 2997 tan-

329 3045 473 3099 toque
497 3034 793 3082 verecundiae
813 3034 969 3080 minor
985 3034 1199 3081 extiterat
1217 3035 1371 3099 passio
1384 3071 1397 3091 ,
1423 3044 1604 3098 quanto
1624 3032 1987 3080 convenientior
2004 3030 2254 3078 videbatur
2273 3030 2443 3077 actio¹¹.
2479 3054 2495 3075 ν

330 3118 495 3162 Actum
526 3115 684 3179 itaque
707 3115 755 3161 in
788 3113 928 3161 nobis
953 3124 1023 3161 est
1047 3113 1179 3178 quod
1207 3114 1255 3160 in
1281 3117 1429 3162 Marte
1454 3125 1501 3163 et
1525 3117 1708 3161 Venere
1739 3111 2047 3175 deprehensis
2075 3110 2261 3176 poetica
2290 3120 2447 3157 narrat

370 3274 380 3291 ¹
396 3274 631 3315 Exuperabane
642 3274 737 3308 Rus.
754 3292 790 3298 —
807 3273 820 3291 '
833 3275 1066 3317 Infrequentius
1080 3272 1173 3307 Rus.
1185 3290 1228 3299 —
1241 3273 1253 3291 ³
1266 3274 1359 3307 Eheu
1407 3276 1547 3308 oblectat
1559 3273 1627 3307 MS.
1649 3272 1744 3306 Δηὼ.
1758 3288 1803 3296 -
1818 3270 1830 3288 ⁸
1855 3272 1937 3311 Quot
1954 3273 2091 3312 suspiria
2104 3294 2115 3308 ,
2133 3270 2219 3303 hanc
2235 3270 2275 3302 ob
2294 3278 2425 3302 causam
2435 3294 2445 3306 ,

325 3333 446 3370 quoties
473 3341 522 3363 me
552 3332 716 3364 toedebat!
745 3330 840 3363 RMS.
865 3348 903 3354 —-
926 3330 939 3347 ⁴
957 3331 986 3363 Ε
990 3338 1001 3363 ι
1033 3333 1168 3372 primum
1200 3333 1361 3372 displicuit
1408 3333 1508 3362 nostri
1545 3337 1670 3369 tyrones
1703 3338 1744 3361 ex
1776 3329 1846 3360 imis
1877 3327 2060 3368 pectoribus
2091 3327 2243 3358 ducerem
2277 3323 2371 3357 RMS.
2404 3341 2445 3347 —

326 3386 420 3420 RMS.
437 3404 479 3411 —
495 3386 507 3403 ³
529 3387 752 3421 Consecrarem
770 3387 863 3420 RMS.
883 3403 926 3411 —
946 3386 959 3404 ⁰
979 3387 1073 3420 Dumi
1097 3394 1127 3420 et
1149 3390 1250 3430 apinoe
1266 3387 1359 3421 RMS.
1410 3385 1423 3403 ⁹
1443 3386 1547 3429 Epist.
1568 3396 1663 3424 xcm,
1687 3384 1768 3425 Opp.
1788 3394 1829 3416 ex
1850 3382 1939 3416 Edit.
1957 3382 2057 3415 Paris.
2083 3382 2296 3421 1695-1706,
2316 3379 2443 3420 in-l‘ol„

326 3460 367 3466 —
386 3443 397 3460 ⁷
420 3443 467 3477 lta
493 3443 587 3476 Aen.
605 3462 628 3469 -
655 3445 844 3478 oblectabat
872 3443 957 3493 Edit.
987 3444 1082 3478 Amb.
1106 3461 1128 3469 -·
1157 3444 1228 3477 Vita
1253 3446 1362 3477 similis
1410 3442 1499 3482 mv,
1514 3448 1595 3485 part.
1612 3441 1654 3482 ll,
1671 3440 1735 3474 col.
1748 3439 2094 3481 760.—¹⁰Gonjunctio
2108 3437 2280 3472 Rus-‘¹
2294 3437 2391 3470 Actus
2403 3436 2444 3469 D.
