2970 4152
627 447 720 501 190
1202 446 1373 493 PETRI
1412 447 1722 494 ABAELARD!
1757 449 1831 494 ET
1864 449 2165 495 HELOlSSAE

623 554 723 590 tum
750 543 798 588 in
820 542 914 588 hoc
934 551 1147 605 tempore
1165 540 1448 587 clericorum
1464 542 1699 606 praecipue
1719 542 1792 596 vel
1808 543 2158 590 monachorum
2182 543 2394 590 studium
2411 545 2537 591 circa
2552 544 2738 591 cellaria

621 633 849 681 versetur,
881 632 932 668 ut
965 637 1018 667 ea
1046 619 1222 667 scilicet
1245 619 1441 667 diversis
1466 621 1716 684 generibus
1741 622 1839 668 vini
1864 622 2105 687 repleant3
2127 623 2287 670 herbis
2311 623 2457 683 illud,
2489 624 2629 672 melle
2646 659 2658 678 ‚
2691 635 2738 671 et

621 701 867 767 speciebus
883 700 1138 759 condiant3
1161 710 1211 746 ut
1230 709 1362 746 tanto
1381 699 1558 747 facilius
1574 692 1874 748 seinebriant
1887 737 1898 758 ‚
1924 713 2104 766 quanto
2124 702 2447 750 delectabilius
2476 713 2643 769 potent
2659 723 2672 763 3
2691 715 2739 752 et

621 792 753 829 tanto
778 798 828 827 se
847 781 994 845 magis
1011 780 1071 827 ad
1087 779 1334 826 libidinem
1352 780 1550 827 incitent
1566 817 1577 839 ,
1601 791 1780 844 quanto
1800 781 2002 845 amplius
2018 782 2131 829 vino
2149 783 2379 830 aestuent?
2405 783 2523 840 Quis
2539 783 2620 830 hic
2636 801 2735 831 non

619 872 714 908 tam
734 878 868 908 error
891 878 1035 925 quarn
1055 860 1214 919 furor,
1246 870 1296 907 ut
1317 860 1400 924 qui
1424 877 1473 906 se
1499 860 1702 906 maxime
1721 877 1806 924 per
1823 861 2166 925 professionem
2186 863 2487 910 continentiae
2507 863 2735 927 obligant,

620 943 776 988 minus
801 941 863 987 ad
887 940 1270 988 conservandum
1287 950 1454 987 votum
1472 957 1521 988 se
1540 940 1833 1005 praeparent?
1853 941 1951 988 imo
1972 951 2024 988 ut
2042 943 2237 989 minime
2256 943 2485 990 custodiri
2502 945 2651 1009 possit
2663 944 2736 991 »ef-

618 1022 811 1070 ficiant?
836 1025 1056 1079 Quorum
1079 1021 1293 1085 profecto
1325 1021 1364 1067 si
1397 1020 1610 1067 claustris
1644 1021 1907 1068 retinentur
1934 1038 2165 1087 corpora,
2195 1023 2343 1070 corda
2374 1023 2570 1072 libidine
2587 1024 2738 1089 plena

618 1113 744 1164 sunt,
770 1113 816 1149 et
837 1103 886 1148 in
906 1101 1267 1148 fornicationem
1291 1100 1543 1147 inardescit
1563 1101 1766 1147 animus.
1791 1100 2012 1148 Scribens
2030 1102 2091 1148 ad
2109 1102 2411 1150 Timotheum
2433 1103 2699 1168 Apostolus¹
2721 1123 2732 1150 z

621 1203 643 1227 «
668 1182 796 1241 Noli,
822 1201 846 1227 »
866 1182 1056 1245 2inquit,
1088 1200 1112 1226 «
1133 1180 1289 1227 adhuc
1311 1196 1483 1243 aquam
1509 1179 1671 1227 bibere
1688 1216 1699 1238 ,
1731 1181 1815 1228 sed
1838 1181 1951 1228 vino
1971 1182 2163 1229 modico
2182 1192 2316 1230 utere
2344 1193 2540 1248 propter
2565 1193 2738 1231 stoma-

617 1264 762 1310 chum
781 1273 915 1309 tuum
935 1270 981 1308 et
999 1261 1266 1325 frequentes
1283 1258 1577 1306 infirmitates
1595 1269 1715 1306 tuas.
1737 1279 1760 1304 n
1790 1261 1879 1307 Cui
1901 1271 2098 1325 propter
2118 1261 2441 1309 infirmitatem
2459 1263 2739 1311 conceditur

618 1344 782 1391 vinum
800 1341 1054 1388 modicum
1071 1376 1083 1399 ,
1103 1349 1288 1387 constat
1310 1339 1473 1403 utique
1490 1339 1599 1403 quia
1617 1356 1760 1386 sanus
1778 1351 1986 1387 sumeret
2006 1341 2207 1388 nullum.
2231 1343 2280 1388 Si
2296 1343 2442 1388 vitam
2458 1342 2739 1407 profitemur

615 1423 922 1488 apostolicam
940 1457 952 1480 ‚
976 1431 1021 1468 et
1039 1420 1274 1486 praecipue
1293 1419 1496 1465 formam
1516 1435 1744 1466 vovemus
1762 1421 2067 1485 poenitentiae,
2091 1431 2138 1468 et
2153 1421 2314 1486 fugere
2335 1422 2549 1469 seculum
2562 1439 2738 1488 propo—

614 1504 773 1550 nimus
791 1518 913 1561 ;÷cur
931 1518 989 1548 eo
1010 1500 1213 1547 maxime
1233 1498 1540 1558 delectamur,
1563 1499 1696 1563 quod
1717 1501 1964 1565 proposito
1988 1511 2154 1548 nostro
2181 1503 2385 1549 maxime
2410 1502 2739 1550 adversari·vi—

614 1585 784 1632 demus
801 1619 813 1642 ,
843 1593 888 1629 et
923 1582 1151 1629 universis
1185 1587 1256 1627 est
1280 1579 1514 1626 alimentis
1538 1579 1894 1627 delectabilius?
1920 1581 2130 1644 Diligens
2154 1582 2442 1647 poenitentiae
2474 1583 2739 1650 descriptor

613 1666 779 1712 beatus
799 1663 1073 1711 Ambrosius
1092 1661 1211 1707 nihil
1229 1661 1276 1707 in
1299 1661 1424 1706 victu
1441 1661 1774 1725 poenitentium
1794 1671 1962 1725 praeter
1978 1662 2142 1709 vinum
2159 1673 2365 1721 accusat,
2389 1663 2550 1711 dicens
2563 1668 2604 1711 ²:
2631 1669 2736 1715 «An

614 1746 866 1810 quisquam
902 1752 1038 1808 putat
1065 1741 1194 1788 illam
1228 1740 1555 1806 poenitentiam
1585 1740 1666 1787 ubi
1693 1741 1992 1805 acquirendae
2015 1741 2211 1789 ambitio
2243 1742 2504 1807 dignitatis,
2535 1744 2618 1791 ubi
2638 1746 2737 1792 vini

613 1826 778 1873 effusio
795 1860 808 1884 ‚
838 1824 920 1871 ubi
947 1823 1094 1888 ipsius
1123 1821 1306 1887 copulae
1332 1820 1774 1884 conjugalisusus?
1804 1822 2193 1868 Renuntiandum
2224 1823 2386 1870 seculo
2414 1834 2506 1870 est.
2540 1825 2737 1872 Facilius

611 1906 772 1953 inveni
796 1905 879 1969 qui
902 1902 1226 1950 innocentiam
1252 1900 1541 1948 servaverint
1557 1937 1569 1960 ,
1609 1917 1753 1965 quam
1781 1902 1864 1965 qui
1888 1918 2098 1966 congrue
2125 1902 2455 1966 poenitentiam
2486 1906 2681 1968 egerint.
2702 1925 2734 1950 7ι)

612 1989 729 2034 Item
757 1987 806 2032 in
831 1984 954 2031 libro
981 1983 1039 2030 de
1061 1986 1195 2047 Fuga
1218 1981 1432 2028 Secali³z
1462 2001 1488 2026 «
1508 1985 1662 2041 Bene,
1691 2000 1714 2025 »
1747 1982 1928 2046 inquit,
1961 2002 1984 2027 «
2006 1982 2152 2046 fugis,
2184 1983 2224 2029 si
2256 1983 2424 2030 oculus
2452 1994 2562 2031 tuus
2593 1986 2736 2050 fugiat

613 2066 796 2125 calices,
818 2075 865 2112 et
881 2063 1079 2129 phialas,
1099 2079 1161 2128 ne
1183 2061 1265 2108 fiat
1287 2060 1587 2122 libidinosuS,
1611 2061 1729 2108 dum
1750 2071 1963 2108 moratur
1984 2062 2032 2108 in
2052 2063 2181 2110 vino.
2203 2081 2228 2107 »
2247 2063 2413 2110 Solum
2433 2064 2500 2111 de>
2513 2065 2737 2113 omnibus

612 2146 847 2194 alimentis
873 2146 922 2192 in
942 2148 1076 2209 Fuga
1094 2142 1252 2189 Seculi
1273 2141 1438 2189 vinum
1461 2151 1810 2188 commemorat
1825 2177 1837 2200 ‚
1867 2152 1914 2189 et
1930 2141 2026 2189 hoc
2058 2143 2226 2190 vinum
2251 2143 2290 2190 si
2315 2144 2548 2207 fugiamus
2565 2181 2577 2205 ,
2612 2145 2736 2194 bene

612 2243 700 2273 nos
725 2225 938 2273 seculum
957 2224 1117 2287 fugere
1137 2222 1300 2269 asserit
1320 2257 1332 2280 ,
1355 2221 1490 2285 quasi
1509 2238 1678 2268 omnes
1696 2221 1843 2268 seculi
1852 2221 2127 2287 :voluptates
2142 2239 2204 2270 exv
2215 2223 2311 2269 hoc
2326 2241 2425 2270 uno
2441 2226 2455 2249 ⁴
2473 2225 2730 2289 pendeant.

614 2310 709 2354 Nec
745 2307 887 2353 etiam
920 2304 1059 2363 dicit,
1114 2303 1152 2350 si
1189 2302 1297 2367 gula
1332 2302 1477 2365 fugiat
1511 2302 1612 2365 ejus
1645 2312 1862 2366 gustum,
1900 2304 2210 2350 verumetiam
2248 2304 2416 2351 oculus
2449 2305 2635 2366 visum,
2666 2324 2737 2355 sne

613 2387 809 2434 libidine
835 2396 882 2433 et
916 2384 1159 2449 voluptate
1183 2383 1328 2447 ipsius
1352 2383 1593 2446 capiatur,
1633 2382 1766 2447 quod
1797 2382 2067 2447 frequenter
2083 2384 2315 2431 intuetur.
2364 2384 2502 2432 Unde
2521 2397 2583 2433 set
2617 2386 2735 2434 illud

613 2478 683 2515 est
701 2466 968 2514 Salomonis
987 2463 1120 2528 quod
1139 2469 1281 2528 s‘upra
1299 2463 1605 2509 meminimus
1622 2465 1636 2487 ³⁵
1657 2481 1667 2508 ε
1691 2481 1714 2507 «
1739 2465 1807 2509 Ne
1826 2464 2097 2510 intueamur
2114 2464 2277 2511 vinum
2296 2465 2492 2529 quando
2509 2466 2733 2528 flavescit,

613 2567 763 2614 quum
777 2547 1070 2614 splenduerit
1088 2547 1137 2593 in
1156 2546 1278 2594 vitro
1299 2545 1434 2592 color
1458 2545 1574 2608 ejus.
1603 2564 1626 2590 »
1655 2546 1747 2592 Sed
1768 2546 1884 2610 quid
1910 2556 1956 2593 et
1979 2546 2076 2606 hic,
2106 2564 2284 2611 quaeso,
2306 2548 2519 2596 dicemus
2539 2585 2551 2609 ,
2578 2553 2661 2615 qui
2685 2564 2738 2601 ut

610 2642 708 2679 tam
732 2639 868 2694 gustu
894 2628 995 2692 ejus
1019 2618 1164 2692 quam
1183 2627 1284 2673 visu
1312 2626 1635 2686 oblectemur,
1664 2643 1815 2690 quum
1840 2627 1958 2673 illud
1977 2627 2118 2674 melle
2137 2664 2148 2686 ,
2179 2628 2338 2675 herbis
2355 2665 2368 2688 ,
2398 2629 2473 2676 vel
2491 2632 2738 2695 speciebus

612 2710 807 2757 diversis
823 2707 1163 2766 condierimus,
1184 2705 1353 2771 phialis
1369 2706 1510 2752 etiam
1530 2706 1688 2770 ipsum
1703 2707 1949 2771 propinari
1974 2706 2198 2754 volumus
2216 2708 2236 2753 Ξ)
2262 2711 2430 2755 Beatus
2456 2711 2737 2760 Benedictus

613 2791 710 2837 vini
733 2799 926 2836 coactus
944 2786 1288 2851 indulgentiam
1311 2785 1486 2832 faciens
1503 2787 1517 2810 ⁶
1537 2803 1547 2831 t
1582 2805 1606 2830 «
1622 2785 1798 2833 Saltem
1817 2786 1892 2833 vel
1915 2786 2011 2833 hoc
2027 2823 2039 2847 ,
2064 2806 2087 2830 »
2115 2788 2295 2852 inquit,
2319 2808 2342 2833 «
2362 2791 2731 2854 consentiamus,

612 2887 709 2917 non
752 2885 901 2933 usque
941 2867 999 2915 ad
1028 2867 1288 2913 satietatem
1317 2865 1566 2925 bibamUS,
1607 2866 1687 2913 sed
1723 2866 1910 2929 parcius
1945 2884 1956 2912 ι
1992 2867 2103 2930 quia
2133 2868 2296 2914 vinum
2332 2880 2599 2934 apostatare
2629 2872 2737 2920 facit

611 2951 752 2997 etiam
787 2949 1020 3014 sapientes
1036 2947 1065 2993 ⁷.
1095 2964 1117 2989 υ
1151 2947 1194 2991 Ο
1219 2945 1399 2991 utinam
1427 2961 1578 3008 usque
1602 2945 1664 2991 ad
1689 2945 1949 2992 satietatem
1973 2945 2137 2993 bibere
2162 2947 2398 2995 sufficeret
2415 2984 2427 3008 ‚
2457 2950 2734 3014 ne-majoris

611 3031 677 3076 rei
702 3027 1084 3093 transgressionis
1102 3025 1164 3072 ad
1183 3024 1554 3090 superfluitatem
1581 3023 1881 3078 efferremur!
1910 3028 2074 3073 Beatus
2099 3027 2239 3080 etiam
2266 3029 2551 3092 Augustinus
2569 3046 2733 3078 mona·

610 3110 749 3156 steria
785 3108 1012 3155 ordinans
1046 3106 1352 3162 clericorum,
1375 3113 1421 3150 ct
1441 3104 1507 3150 eis
1532 3103 1745 3167 regulam
1772 3103 2010 3151 scribens⁸
2031 3124 2041 3152 ι
2075 3125 2097 3150 «
2119 3106 2326 3154 Sabbato
2351 3118 2537 3155 tantum
2563 3119 2609 3156 et
2640 3109 2733 3158 do-

610 3190 783 3235 minica
803 3224 814 3246 ,
844 3188 963 3234 sicut
987 3184 1287 3233 consuetudo
1314 3193 1406 3242 est,
1427 3183 1510 3247 qui
1535 3183 1703 3230 volunt
1718 3220 1729 3242 ,
1751 3184 1916 3231 vinum
1941 3186 2197 3250 accipiant3
2221 3205 2245 3231 υ
2274 3196 2377 3234 tum
2399 3187 2618 3235 videlicet
2639 3206 2731 3254 pro

610 3269 869 3317 reverentia
895 3267 1145 3313 dominicae
1169 3265 1263 3312 diei
1289 3275 1334 3312 et
1361 3264 1509 3328 ipsius
1535 3263 1729 3327 vigiliae,
1759 3281 1864 3328 quae
1897 3275 1966 3313 est
1993 3266 2243 3314 sabbatum
2259 3303 2272 3327 ,
2312 3268 2432 3333 tum]
2450 3269 2594 3325 etiam
2618 3271 2731 3335 quia

651 3425 659 3440 ¹
693 3425 825 3456 Timoth.
850 3422 885 3460 I,
910 3432 985 3464 cap.
1004 3432 1036 3459 v,
1062 3431 1093 3453 v,
1122 3422 1175 3453 23.
1192 3438 1233 3443 ——
1249 3419 1261 3436 ⁸
1275 3420 1323 3452 De
1343 3420 1478 3456 Poenit.,
1502 3419 1561 3451 lib.
1594 3418 1644 3458 11,
1689 3429 1764 3462 cap.
1782 3430 1882 3459 xxm,
1897 3431 1927 3453 v.
1945 3419 2199 3463 31.—⁰Regul.,
2215 3431 2288 3463 cap.
2304 3421 2557 3461 xL.—''Eccli.‚
2572 3433 2647 3466 cap.
2662 3434 2730 3460 xix.

601 3491 673 3522 cap.
692 3491 726 3518 x,
744 3479 826 3520 Opp.
844 3484 867 3511 t.
884 3477 912 3510 11
926 3502 934 3518 ‚
949 3476 1012 3509 col.
1030 3478 1152 3509 436.—
1165 3476 1178 3493 ³
1192 3476 1239 3508 De
1253 3476 1346 3518 naqa
1363 3475 1492 3514 Seculi,
1507 3485 1582 3519 cap.
1597 3486 1644 3513 tx.
1691 3486 1720 3508 v.
1748 3477 1780 3508 9.
1796 3493 1840 3501 -
1853 3475 1866 3493 ⁸
1884 3475 1995 3519 Regni*
2022 3487 2104 3516 sec„
2126 3487 2199 3520 cap.
2219 3488 2239 3510 n
2257 3503 2265 3517 ,
2287 3478 2366 3519 Opp.
2387 3485 2409 3510 t.
2430 3479 2466 3518 1,
2483 3489 2575 3522 app..
2593 3478 2656 3512 col.
2674 3480 2727 3512 ⁴2.

606 3538 686 3578 Opp.
718 3544 740 3568 t.
770 3535 803 3573 1,
836 3533 900 3568 col.
932 3533 1008 3565 439.
1027 3550 1064 3556 —
1083 3532 1095 3549 ⁴
1120 3533 1198 3565 Vino
1224 3532 1290 3565 MS.
1313 3530 1405 3564 Amb.
1431 3548 1471 3554 —-
1494 3531 1506 3547 ⁵
1532 3532 1647 3570 Prov.‚
