2970 4152
531 409 625 458 478
1334 411 1504 458 PETRI
1542 412 1850 460 ABAELARDI

533 719 611 775 IN
658 716 890 775 SEXTA
931 717 1159 776 FERIA
1201 718 1383 777 POST
1424 692 1757 780 OCTAVAS
1798 720 2283 780 ASCENSIONIS
2320 712 2648 787 DOM1N1¹.

1446 903 1594 934 SERMO
1629 905 1727 934 XVII
1734 924 1742 931 .

594 1024 704 1071 Tres
736 1021 1060 1069 solemnitates
1090 1023 1140 1068 in
1175 1022 1277 1086 lege
1315 1034 1501 1070 sanctas
1530 1023 1779 1082 novimus,
1816 1009 2005 1069 Pascliae
2040 1023 2116 1069 vel
2152 1026 2475 1082 Pentecostes,
2513 1033 2656 1088 atque

529 1100 989 1161 Tabernaculorum,
1023 1102 1083 1148 de
1106 1102 1281 1166 quibus
1308 1104 1358 1149 in
1381 1102 1547 1149 Exodo
1570 1103 1803 1167 scriptum
1832 1106 1923 1149 est²
1949 1122 1958 1149 :
1993 1103 2203 1149 «Tribus
2234 1103 2419 1149 vicibus
2446 1120 2532 1167 per
2558 1103 2656 1149 sin-

530 1181 664 1245 gulos
693 1199 846 1229 annos
876 1183 995 1229 mihi
1018 1183 1136 1230 festa
1167 1183 1466 1230 celebrabitis
1489 1203 1498 1230 :
1525 1184 1878 1230 solemnitatem
1908 1200 2210 1247 azymorum,
2236 1193 2453 1248 tempore
2481 1182 2657 1230 mensis

530 1279 794 1322 novorum,
829 1263 1180 1310 solemnitatem
1217 1281 1411 1328 quoque
1442 1264 1492 1310 in
1522 1264 1648 1310 exitu
1684 1265 1823 1322 anni,
1862 1263 2059 1327 quando
2092 1263 2454 1326 congregaveris
2488 1279 2657 1309 omnes

529 1344 685 1407 fruges
719 1354 823 1391 tuas
861 1344 921 1391 de
956 1361 1088 1407 agro.
1126 1347 1213 1390 Ter
1250 1346 1299 1391 in
1339 1361 1468 1391 anno
1503 1344 1755 1409 apparebit
1789 1361 1934 1391 omne
1969 1343 2288 1391 masculinum
2322 1353 2460 1390 tuum
2493 1358 2657 1390 coram

529 1426 739 1472 Domino
765 1428 886 1471 Deo.
908 1444 930 1469 »
957 1411 1079 1472 Hinc
1102 1435 1148 1472 et
1175 1426 1224 1471 in
1247 1428 1612 1472 Deuteronomio
1631 1426 1863 1490 scriptum
1885 1425 2103 1488 legimus8
2123 1443 2132 1471 :
2155 1444 2177 1468 «
2198 1424 2410 1471 Observa
2442 1439 2657 1470 mensem

529 1522 766 1553 novarum
789 1505 1002 1568 frugum,
1029 1515 1075 1573 et
1096 1506 1231 1551 verni
1254 1506 1466 1570 primum
1494 1506 1724 1570 temporis
1740 1542 1751 1564 ‚
1784 1515 1837 1551 ut
1866 1505 2009 1551 facias
2031 1504 2180 1569 phase
2202 1504 2437 1561 Domino,
2463 1512 2510 1549 et
2531 1501 2659 1548 cele-

528 1585 690 1633 brabis
725 1587 854 1633 diem
890 1587 1062 1632 festum
1092 1586 1512 1634 hebdomadarum
1546 1588 1757 1633 Domino
1787 1604 1796 1631 :
1824 1586 2178 1632 solemnitatem
2201 1601 2395 1649 quoque
2422 1583 2659 1631 Taberna-

527 1667 748 1713 culorum
782 1667 1044 1714 celebrabis
1081 1685 1167 1732 per
1200 1678 1384 1732 septem
1419 1668 1544 1726 dies,
1589 1668 1786 1732 quando
1822 1667 2066 1731 collegeris
2101 1667 2162 1714 de
2202 1682 2312 1714 area
2348 1676 2395 1713 et
2433 1664 2660 1712 torculari

528 1746 684 1810 fruges
707 1757 829 1794 tuas.
862 1766 884 1791 »
910 1750 1004 1793 Has
1026 1757 1122 1794 tres
1144 1747 1470 1794 solemnitates
1498 1747 1604 1794 illos
1627 1748 1728 1794 dies
1760 1747 2067 1811 intelligimus
2083 1785 2094 1806 ,
2134 1746 2200 1793 de-
2223 1746 2397 1811 quibus
2425 1746 2476 1792 in
2495 1746 2660 1809 primo

529 1830 704 1892 Regum
727 1827 788 1874 de
821 1827 1067 1875 Helchana
1101 1827 1302 1874 dicitur'*
1329 1846 1339 1874 :
1371 1832 1471 1875 «Et
1505 1827 1794 1875 ascendebat
1826 1828 1900 1874 vir
1934 1828 2011 1874 ille
2040 1827 2101 1874 de
2124 1828 2314 1874 civitate
2336 1843 2448 1885 sua,
2474 1826 2660 1873 statutis

528 1908 721 1968 diebus,
754 1919 807 1956 ut
836 1909 1060 1956 adoraret
1091 1920 1138 1956 et
1172 1908 1460 1956 sacrificaret
1488 1910 1699 1956 Domino
1723 1910 1773 1955 in
1797 1909 1912 1956 Silo.
1934 1928 1957 1954 »
1984 1913 2052 1955 Ex
2073 1908 2148 1955 his
2178 1918 2338 1955 autem
2360 1907 2514 1954 tribus
2542 1905 2659 1953 sole-

528 1988 808 2035 mnitatibus
831 1989 921 2035 sub
944 1989 1223 2036 nominibus
1246 1990 1456 2053 pristinis
1470 2027 1481 2049 ‚
1501 1990 1720 2054 quamvis
1742 1989 1792 2035 in
1817 1989 2005 2035 diversa
2027 1987 2392 2051 significatione,
2419 1986 2548 2051 apud
2570 2002 2660 2032 nos

529 2085 723 2133 quoque
752 2069 858 2115 duae
888 2079 1190 2133 permanent.
1229 2069 1377 2115 Judaei
1412 2069 1591 2134 quippe
1624 2068 1804 2116 Pascha
1838 2069 1887 2115 in
1919 2068 2250 2114 immolatione
2285 2067 2395 2130 agni
2426 2064 2662 2128 figurativi
2720 2122 2727 2128 ·

529 2148 757 2212 agebant,
784 2165 873 2194 nos
895 2149 945 2194 in
968 2149 1316 2195 resurrectione
1338 2149 1438 2194 veri
1461 2149 1571 2211 agni
1594 2148 1777 2195 Pascha
1799 2147 2113 2194 celebramus.
2141 2147 2212 2192 Illi
2242 2163 2270 2193 a
2292 2146 2369 2192 die
2399 2144 2589 2192 Paschae
2610 2145 2660 2191 in
2734 2208 2739 2214 ⁸

530 2231 733 2292 AEgypto
756 2226 1005 2286 celebrati,
1030 2229 1189 2292 primo
1213 2228 1290 2273 die
1312 2227 1414 2290 lege
1443 2238 1685 2292 suscepta,
1723 2227 2076 2274 solemnitatem
2107 2230 2409 2273 Pentecostes
2437 2227 2487 2272 in
2515 2242 2662 2272 vene-

530 2309 716 2356 ratione
738 2308 852 2371 legis
875 2318 1103 2372 susceptae
1127 2307 1389 2354 secundam
1410 2307 1702 2354 habuerunt.
1731 2311 1827 2354 Nos
1840 2325 1956 2355 vero
1971 2308 2021 2353 in
2034 2307 2244 2354 adventu
2267 2307 2468 2372 Spiritus
2490 2306 2668 2365 sancti,'

530 2404 628 2452 quo
659 2398 892 2452 tanquam
922 2388 1070 2451 digito
1100 2388 1188 2435 Dei
1215 2388 1290 2434 lex
1322 2388 1499 2452 scripta
1526 2397 1614 2446 est,
1641 2398 1687 2434 et
1715 2398 1815 2434 tam
1846 2388 1961 2451 legis
1989 2387 2300 2450 intelligentia
2323 2403 2470 2451 quam
2490 2385 2663 2432 verbo-

530 2486 639 2516 rum
661 2469 834 2516 Christi
856 2486 943 2534 per
965 2469 1192 2515 eumdem
1215 2469 1445 2533 Spiritum
1470 2469 1698 2534 apostolis
1722 2469 2005 2528 ministrata,
2033 2471 2365 2515 Pentecostem
2386 2466 2658 2514 recolimus.

532 2549 853 2596 Festivitatem
877 2559 1038 2596 autem
1058 2549 1521 2607 Tabernaculorum,
1548 2565 1696 2613 quam
1730 2548 1804 2595 his
1833 2548 1946 2595 solis
1959 2539 1975 2607 ‚A
1997 2547 2080 2612 qui
2103 2548 2164 2595 de
2188 2564 2360 2611 genere
2383 2545 2525 2593 Israel
2551 2556 2663 2593 sunt

531 2640 819 2695 praeceptam
826 2630 958 2694 legis,
973 2629 1183 2677 Ecclesia
1191 2617 1405 2693 gentium
1418 2647 1519 2677 non
1528 2630 1751 2694 suscepit.
1765 2632 1923 2687 Quam
1937 2630 2133 2694 quidem
2141 2629 2377 2675 Dominus
2390 2628 2659 2686 instituens,

533 2720 579 2757 et
619 2712 871 2758 israelitico
912 2711 1095 2776 populo
1134 2711 1476 2758 celebrandam
1516 2711 1888 2770 commendans,
1935 2712 1985 2757 in
2033 2712 2231 2757 Levitico
2275 2710 2366 2756 ait⁵
2393 2727 2402 2755 :
2445 2728 2468 2752 «
2494 2708 2662 2755 Omnis

533 2793 615 2855 qui
638 2792 699 2838 de
723 2808 894 2855 genere
917 2791 1059 2838 Israel
1082 2801 1169 2850 est,
1196 2791 1411 2838 manebit
1436 2792 1485 2837 in
1509 2791 1852 2850 tabernaculis,
1879 2800 1932 2837 ut
1955 2790 2141 2837 discant
2163 2789 2340 2854 posteri
2362 2788 2508 2835 vestri
2529 2786 2663 2851 quod

533 2873 582 2918 in
606 2871 926 2919 tabernaculis
948 2872 1166 2919 habitare
1190 2872 1384 2918 fecerim
1408 2871 1530 2918 filios
1557 2872 1717 2918 Israel.
1742 2890 1764 2915 »
1799 2871 1937 2918 Nulla
1959 2881 2119 2918 autem
2136 2871 2330 2917 'occasio
2353 2887 2402 2917 se
2431 2869 2572 2916 nobis
2594 2868 2664 2915 os-

535 2951 646 3010 fert‚
684 2969 779 3016 qua
821 2952 1125 2999 festivitatem
1157 2951 1599 2998 Tabernaculorum
1633 2951 1843 2998 Ecclesia
1879 2952 2093 3015 gentium
2121 2951 2371 3009 retineret,
2403 2949 2663 3014 praesertim

535 3049 686 3096 quum
722 3032 1032 3080 tabernacula
1065 3032 1476 3097 peregrinantium
1505 3032 1624 3090 sint,
1657 3048 1758 3078 non
1782 3032 1831 3077 in
1855 3031 2082 3078 domibus
2116 3031 2212 3077 suis
2235 3031 2658 3077 commorantium.

537 3114 652 3168 Quae
675 3122 744 3158 est
767 3123 926 3159 autem
950 3112 1123 3159 domus
1145 3112 1221 3159 vel
1243 3113 1398 3176 patria
1425 3122 1590 3158 nostra
1624 3112 1715 3158 nisi
1745 3111 1947 3159 coelestis
1976 3112 2078 3171 illa,
2113 3112 2173 3158 de
2202 3127 2299 3175 qua
2326 3110 2442 3157 dicit
2462 3112 2664 3174 Aposto-

537 3191 634 3237 lus⁶
661 3210 670 3237 ε
701 3212 724 3236 «
751 3193 798 3238 Si
821 3193 1108 3240 dissolvatur
1131 3193 1305 3239 domus
1328 3193 1417 3240 ista
1439 3193 1672 3239 terrestris
1691 3230 1701 3250 ‚
1727 3192 1963 3239 habemus
1986 3194 2034 3239 in
2059 3193 2190 3240 coelis
2213 3193 2414 3239 domum
2438 3207 2537 3237 non
2562 3205 2663 3237 ma-

541 3271 798 3319 nufactam.
821 3291 843 3316 »
873 3275 1004 3320 Prior
1018 3275 1178 3338 itaque
1198 3274 1405 3339 populus
1427 3273 1504 3320 ille
1528 3274 1791 3320 adventum
1813 3275 2009 3321 Domini
2030 3272 2321 3339 praecedens,
2345 3273 2421 3319 cui
2443 3271 2664 3319 nondum

587 3436 599 3455 ⁴
611 3437 692 3471 Cod.
708 3438 802 3471 Amb.
814 3440 1010 3477 Nativitatis,
1025 3440 1123 3479 male,
1136 3446 1172 3472 ut
1184 3439 1283 3483 ipsius
1293 3439 1451 3472 sermonis
1463 3439 1580 3472 lectio-
1636 3450 1710 3482 cap.
1737 3451 1809 3477 xvi,
1839 3450 1871 3471 v.
1896 3441 1948 3472 10.
1966 3457 2002 3462 —-
2021 3438 2035 3456 ⁴
2052 3440 2134 3481 Περ.
2158 3440 2193 3478 Ι,
2209 3449 2283 3481 cap.
2303 3449 2335 3478 1,
2360 3449 2390 3470 v.
2415 3439 2445 3470 3.
2462 3455 2506 3461 -
2522 3436 2535 3454 “
2552 3437 2666 3474 Levia,

544 3505 583 3527 ne
603 3501 705 3537 patet.
724 3513 767 3519 —
784 3493 796 3511 ¹
823 3496 950 3534 Exod„
975 3506 1050 3539 cap.
1073 3507 1173 3536 xxm,
1206 3507 1238 3529 v.
1270 3497 1320 3530 14.
1341 3515 1385 3521 —
1399 3496 1412 3514 ⁸
1435 3497 1581 3535 Deuter„
1637 3507 1711 3540 cap.
1732 3507 1833 3540 xxm,
1857 3508 1889 3530 v.
1905 3497 1958 3529 49.
1979 3515 2014 3520 -
2036 3495 2049 3514 ⁶
2063 3496 2205 3529 Corinth.
2227 3497 2277 3533 ll,
2292 3505 2365 3538 cap.
2381 3505 2414 3534 v,
2431 3505 2463 3527 v.
2483 3496 2512 3528 1.
