2970 4152
590 421 683 468 530
1386 415 1558 462 PETRI
1595 414 1905 463 ABAELARDI

579 512 905 574 juramentum
922 517 1287 566 commemorat,
1304 507 1393 554 sed·
1411 508 1545 571 quasi
1567 508 1826 558 levioribus
1840 508 1993 572 culpis
2010 508 2249 571 graviores
2271 517 2529 555 annectens
2545 506 2703 573 primo

586 592 703 638 dixit
725 595 915 637 Petrum
937 605 1149 651 negasse,
1175 598 1342 653 postea
1364 605 1476 634 cum
1492 589 1785 659 juramento,
1807 589 2004 635 tandem
2029 605 2139 634 cum
2163 588 2476 635 detestatione
2494 589 2635 636 simul
2657 600 2705 636 et

580 673 870 734 juramento.
902 668 1162 716 Marcellini
1183 684 1299 715 vero
1316 668 1644 731 juramentum
1665 669 1741 716 vel
1763 668 2130 715 detestationem
2151 668 2249 715 sive
2273 667 2706 715 anathematizatio·

586 769 697 798 nem
716 767 815 796 non
839 749 1062 796 novimus
1076 785 1087 807 ,
1115 765 1204 794 nec
1228 748 1372 795 etiam
1390 747 1539 795 verba
1563 749 1828 812 negationis
1850 748 1996 812 ipsius
2014 747 2240 811 legimus;
2266 748 2350 794 sed
2372 749 2506 812 quasi
2532 748 2704 795 timore

586 831 752 877 mortis
775 839 905 876 extra
926 846 976 876 se
996 828 1197 887 factum,
1225 844 1314 874 nec
1340 827 1604 875 deliberare
1633 827 1813 892 aliquid
1839 828 2142 892 permissum.
2169 827 2447 874 Audivimus
2469 827 2627 891 ipsum
2653 828 2703 874 in

585 909 815 957 sacrificio
849 908 967 955 idoli
998 908 1247 954 incensum
1272 907 1580 954 solummodo
1605 907 1842 971 posuisse,
1869 923 1958 953 nec
1986 907 2125 953 istam
2147 906 2572 970 transgressionem
2593 922 2704 953 eum

585 990 835 1047 tolerasse,
875 987 959 1035 sed
990 988 1150 1034 statim
1178 986 1456 1034 convocatis
1485 986 1721 1050 episcopis
1750 986 1797 1032 in
1828 986 2037 1050 seipsum
2071 987 2356 1033 sententiam
2392 985 2704 1050 depositionis

587 1068 795 1126 dedisse3
822 1084 972 1131 quum
1001 1066 1307 1130 nequaquam
1329 1069 1493 1112 Petrus
1515 1065 1576 1111 de
1598 1065 1723 1111 trina
1744 1080 1830 1112 sua
1853 1066 2106 1128 negatione
2130 1075 2315 1112 tantam
2341 1066 2486 1128 egerit
2521 1064 2702 1112 satisfa-

584 1149 819 1206 ctionem,
843 1163 933 1193 nec
955 1147 1107 1193 etiam
1120 1145 1182 1193 ad
1201 1145 1553 1193 confessionem
1575 1145 1759 1191 venisse
1776 1144 1982 1208 legatur,
2009 1155 2090 1192 aut
2110 1144 2480 1192 satis-factionem
2495 1145 2704 1208 aliquam

585 1228 699 1275 inde
721 1227 998 1292 suscepisse.

652 1308 797 1365 Quod
819 1308 858 1354 si
877 1317 987 1372 post
1012 1310 1221 1365 Petrum,
1250 1305 1449 1352 Paulum
1473 1321 1668 1369 quoque
1690 1321 1934 1352 summum
1955 1305 2289 1369 coapostolum
2311 1304 2411 1367 ejus
2430 1302 2703 1351 Marcellino

586 1388 912 1446 conferamus,
943 1387 1232 1434 levissimam
1261 1386 1522 1433 Marcellini
1551 1385 1744 1450 culpam
1769 1387 1819 1432 in
1849 1385 1940 1432 hac
1972 1386 2347 1449 transgressione
2383 1384 2701 1432 censebimus.

585 1468 803 1530 Legimus
837 1467 1015 1530 quippe
1041 1465 1240 1513 Paulum
1267 1465 1535 1511 secundum
1563 1465 1709 1511 ritum
1738 1465 1852 1528 legis
1869 1502 1880 1523 ,
1910 1465 2045 1528 cujus
2073 1465 2348 1530 corporales
2377 1464 2704 1511 observantias

585 1547 789 1594 maxime
814 1544 1144 1610 impugnabat,
1161 1545 1465 1609 compulsum
1484 1561 1511 1591 a
1530 1545 1702 1591 Judaeis
1714 1581 1725 1603 ,
1756 1555 1809 1591 ut
1835 1561 1970 1591 more
1999 1547 2320 1592 Nazareorum
2340 1547 2445 1591 Deo
2463 1561 2514 1591 se
2534 1560 2703 1591 conse-

583 1635 754 1684 craret,
771 1641 962 1671 necnon
978 1634 1025 1670 et
1046 1623 1350 1670 Timotheum
1366 1623 1654 1688 discipulum
1672 1641 1814 1671 suum
1836 1624 1898 1671 ad
1911 1624 2355 1672 circumcidendum
2376 1625 2444 1672 eis
2461 1623 2699 1671 traderet:

582 1706 778 1771 quando
798 1716 960 1752 tamen
982 1705 1398 1751 circumcisionem
1420 1705 1470 1750 in
1493 1714 1683 1751 tantum
1698 1704 1991 1769 superfluam
2006 1705 2082 1753 vel
2103 1705 2423 1770 periculosam
2436 1703 2700 1769 judicabat,

582 1797 634 1833 ut
656 1786 857 1833 diceret¹
881 1802 891 1830 ε
924 1804 946 1829 «
970 1785 1018 1830 Si
1045 1784 1479 1843 circumcidamini,
1510 1784 1726 1832 Christus
1741 1785 1880 1832 vobis
1899 1785 2019 1832 nihil
2044 1786 2283 1851 proderit;
2304 1804 2328 1830 »
2352 1796 2400 1833 et
2423 1783 2704 1848 generaliter

581 1868 641 1915 de
683 1866 996 1914 observantiis
1030 1865 1168 1929 legis’
1195 1884 1204 1911 :
1235 1885 1257 1910 «
1279 1866 1373 1923 Qui
1407 1865 1457 1911 in
1493 1865 1615 1929 lege,
1636 1884 1658 1910 »
1693 1866 1849 1931 inquit
1866 1904 1877 1926 ,
1916 1885 1939 1911 α
1951 1866 2277 1930 justificamini
2293 1903 2305 1926 ,
2335 1883 2363 1914 a
2396 1866 2544 1929 gratia
2577 1865 2701 1912 exci-

579 1947 732 1994 distis.
762 1965 787 1991 »
1261 1947 1264 1950 ’

647 2031 884 2091 Negaturo
902 2029 1040 2073 Petro
1063 2027 1300 2073 Dominus
1318 2026 1600 2091 praedixerat
1615 2027 1750 2092 quod
1768 2037 1980 2091 negaret,
2001 2038 2048 2075 et
2069 2028 2147 2075 ille
2166 2027 2489 2075 constantiam
2505 2027 2578 2073 sui
2596 2042 2704 2091 pro-

581 2109 772 2154 mittens
786 2123 812 2152 e
824 2107 1066 2152 contrario
1083 2106 1266 2169 majora
1278 2107 1606 2171 promittebat,
1625 2118 1673 2155 et
1685 2125 1736 2154 se
1751 2108 1977 2155 omnibus
1990 2125 2276 2173 praeponens
2297 2107 2512 2154 dicebat³
2531 2125 2542 2153 ε
2564 2126 2586 2151 «
2604 2108 2702 2156 Etsi

581 2203 749 2233 omnes
771 2185 1075 2233 scandalizati
1092 2185 1285 2244 fuerint,
1312 2186 1396 2233 sed
1414 2203 1514 2233 non
1538 2204 1644 2250 ego.
1667 2207 1690 2231 »
1721 2190 1780 2234 Et
1801 2189 2017 2235 rursum⁴
2043 2206 2053 2234 ε
2086 2207 2108 2232 «
2129 2191 2304 2234 Tecum
2319 2196 2512 2252 paratus
2533 2203 2642 2233 sum
2655 2197 2702 2235 et

580 2265 628 2311 in
644 2275 850 2311 mortem
863 2275 910 2311 et
923 2265 971 2310 in
986 2281 1227 2311 carcerem
1245 2265 1331 2312 ire.
1351 2284 1373 2309 »
1399 2268 1593 2323 Quanto
1607 2268 1915 2332 praesumptio
1932 2268 2266 2332 promissionis
2287 2268 2441 2331 major
2463 2267 2696 2326 extiterat,

582 2354 715 2391 tanto
749 2344 1170 2408 reprehensibilior
1208 2346 1331 2391 Petri
1365 2346 1528 2405 ruina,
1560 2357 1607 2393 et
1638 2347 1797 2411 lapsus
1827 2357 1898 2394 est
1925 2348 2150 2410 gravior,
2169 2357 2352 2410 quanto
2377 2356 2547 2393 contra
2570 2346 2702 2394 hunc

579 2423 810 2487 professio
834 2423 986 2470 fuerat
1008 2424 1177 2487 major.
1205 2427 1356 2471 Nemo
1375 2426 1705 2473 Marcellinum
1722 2427 1783 2474 de
1798 2428 2193 2491 transgressione,
2212 2444 2318 2491 quae
2333 2427 2456 2474 facta
2472 2436 2558 2486 est,
2580 2443 2700 2492 prae-

580 2503 817 2550 munierat
837 2521 847 2549 :
866 2502 1041 2550 nullius
1062 2504 1394 2551 exhortatione
1410 2522 1471 2552 ne
1488 2506 1538 2552 id
1554 2517 1860 2571 praesumeret
1875 2518 2143 2572 praeventus
2160 2517 2277 2554 erat.
2303 2506 2506 2553 Mendax
2522 2507 2573 2552 in
2590 2523 2702 2571 pro·

580 2584 805 2631 missione
826 2587 1008 2643 Petrus,
1028 2585 1149 2631 sicut
1163 2595 1209 2632 et
1230 2586 1279 2631 in
1302 2587 1556 2649 negatione
1574 2599 1790 2653 repertus
1812 2598 1899 2635 est.
1927 2592 2023 2635 Nec
2044 2589 2094 2635 in
2116 2604 2214 2635 una
2229 2597 2434 2646 tantum,
2449 2597 2503 2634 ut
2518 2588 2701 2635 dictum

580 2673 667 2722 est,
687 2664 958 2726 negatione,
984 2663 1068 2710 sed
1087 2665 1230 2723 trina,
1256 2682 1346 2712 nec
1368 2666 1589 2731 simplici,
1615 2667 1700 2714 sed
1721 2684 1833 2714 cum
1849 2667 2343 2715 anathematizationis
2365 2666 2696 2713 detestatione.

580 2743 690 2800 Qui,
717 2743 934 2806 quamvis
955 2743 1253 2806 poenituerit,
1274 2744 1426 2791 multo
1446 2755 1609 2792 tamen
1632 2757 1851 2810 tempore
1871 2748 2147 2811 passionem
2165 2762 2301 2792 suam
2324 2744 2521 2792 distulit.
2542 2747 2700 2802 Quam

580 2823 786 2887 denique
810 2823 1010 2885 fugienS,
1037 2824 1158 2869 sicut
1180 2825 1412 2888 scriptum
1441 2836 1537 2885 est,
1566 2843 1595 2873 a
1613 2828 1825 2874 Domino
1854 2827 1920 2874 illi
1946 2827 2173 2875 obviante
2196 2827 2331 2891 quasi
2356 2826 2526 2873 nolens
2543 2826 2699 2874 redire

579 2901 853 2966 compulsus
888 2912 980 2960 est,
1015 2902 1149 2964 juxta
1182 2904 1316 2966 quod
1351 2905 1394 2950 ei
1423 2905 1659 2952 Dominus
1680 2906 1988 2970 praedixerat⁵
2015 2924 2026 2952 :
2056 2926 2079 2951 κ
2105 2909 2267 2963 Quum
2289 2915 2448 2953 autem
2466 2905 2695 2964 senueris,

580 2981 803 3028 extendes
825 2998 996 3028 manus
1017 2991 1140 3040 tuas,
1157 2992 1204 3029 et
1226 2982 1344 3029 alius
1366 2994 1412 3030 te
1435 2984 1609 3048 cinget,
1635 2995 1683 3032 et
1702 2985 1845 3033 ducet
1866 3003 1965 3050 quo
1987 2996 2040 3033 tu
2062 3003 2163 3033 non
2190 2986 2278 3032 vis.
2298 3004 2324 3030 »
2348 2985 2588 3049 Scriptum
2612 2984 2696 3032 de—

580 3062 724 3124 nique
757 3079 858 3108 esse
890 3071 1047 3109 vestra
1073 3062 1209 3108 novit
1231 3062 1523 3111 fraternitas⁶
1549 3083 1558 3110 :
1584 3084 1608 3110 «
1633 3066 1814 3130 Septies
1836 3067 1964 3113 cadit
1986 3067 2141 3130 justus
2159 3102 2171 3125 ,
2202 3076 2250 3113 et
2281 3065 2498 3128 resurgit,
2518 3082 2542 3108 υ
2568 3079 2624 3112 ac
2659 3066 2699 3112 si

580 3151 740 3204 aperte
764 3141 891 3188 dicat
918 3159 927 3188 :
954 3144 1243 3206 Quanquam
1267 3142 1418 3190 fidelis
1446 3144 1625 3192 crebris
1647 3146 1992 3194 tentationibus
2014 3146 2227 3212 pulsatus
2252 3155 2435 3210 septem
2455 3145 2696 3210 principa-

579 3218 702 3265 libus
729 3221 852 3267 vitiis
880 3222 1160 3270 succumbat
1180 3223 1356 3282 victus,
1386 3224 1552 3272 divino
1577 3235 1738 3273 tamen
1773 3243 1873 3274 non
1903 3227 2157 3275 destitutus
2178 3225 2376 3284 auxilio,
2403 3241 2431 3272 a
2452 3224 2697 3289 profundo

625 3415 635 3432 ⁴
659 3416 782 3455 Galat„
800 3428 873 3461 cap.
893 3429 925 3459 v,
945 3429 976 3450 v.
996 3421 1028 3452 2.
1053 3437 1081 3442 -
1104 3419 1117 3436 ⁵
1134 3419 1232 3461 ibid„
1249 3431 1281 3453 v.
1302 3421 1332 3453 4.
1351 3438 1396 3447 -
1410 3421 1422 3439 ³
1441 3422 1570 3466 Matth„
1591 3433 1665 3467 cap.
1693 3434 1789 3464 xxvi,
1815 3435 1845 3457 v.
1868 3426 1923 3458 33,
1938 3442 1981 3448 -
1996 3423 2009 3441 ⁴
2029 3424 2123 3464 Luc„
2155 3433 2230 3466 cap.
2252 3432 2340 3461 xxu,
2366 3432 2398 3454 v.
2426 3422 2479 3454 33.
2500 3439 2535 3444 —
2552 3420 2566 3438 ⁸
2584 3419 2695 3460 Joan..

580 3485 653 3517 cap.
670 3485 746 3517 xxi,
762 3486 794 3508 v.
814 3477 865 3509 18.
885 3495 922 3500 —
937 3476 949 3493 ⁰
965 3478 1079 3516 Prov„
1094 3489 1168 3521 cap.
1183 3490 1272 3520 xxiv,
1290 3491 1320 3513 v.
1342 3483 1394 3513 16.
