2970 4152
533 387 626 433 532
1330 388 1502 435 PETRI
1537 389 1848 438 ABAELARDl

530 479 702 525 timore
721 479 905 537 mortis,
931 478 1014 525 sed
1037 479 1423 543 concupiscentia
1451 482 1546 545 egit
1569 483 1795 531 mulieris.
1825 487 1896 531 De
1919 484 2051 547 cujus
2074 494 2233 531 tamen
2249 481 2560 545 indulgentia,
2580 496 2641 528 ne

531 558 854 624 desperemus,
880 560 980 623 ipse
1002 576 1194 623 quoque
1210 577 1299 607 nos
1314 562 1550 610 Dominus
1563 565 1854 612 consolatur.
1876 568 2037 622 Quum
2053 565 2182 611 enim
2194 564 2493 628 praemisisset
2509 562 2643 626 quod

531 639 713 686 dictum
747 650 817 686 est
853 658 863 685 :
893 659 916 684 «
942 643 1042 702 Ego
1077 657 1159 687 ero
1195 641 1261 687 illi
1295 642 1345 688 in
1373 640 1583 707 patrem,
1616 655 1663 691 et
1689 645 1767 692 ille
1796 646 1883 692 erit
1910 645 2028 692 mihi
2053 647 2102 692 in
2131 645 2299 704 filium,
2319 663 2344 688 »
2375 645 2535 697 statim
2565 659 2644 691 an-

533 719 711 776 nexuit,
738 718 924 765 dicens¹
953 736 964 764 z
995 738 1019 763 «
1040 720 1133 776 Qui
1155 720 1194 766 si
1216 721 1379 785 inique
1401 722 1582 787 aliquid
1604 725 1813 787 gesserit,
1839 740 2037 787 arguam
2059 741 2170 771 eum
2191 725 2240 770 in
2259 724 2391 788 virga
2407 724 2640 780 virorum,

531 807 577 843 et
599 798 649 842 in
672 797 821 861 plagis
846 797 1054 844 filiorum
1071 798 1343 847 hominum.
1367 804 1706 850 Verumtamen
1730 803 2107 851 misericordiam
2135 820 2292 850 meam
2314 820 2414 850 non
2433 802 2644 850 auferam

532 878 592 924 ab
616 895 691 935 eo,
718 879 839 934 sicut
856 878 1028 925 abstuli
1051 895 1078 926 a
1100 881 1228 939 Saul,
1248 899 1393 945 quem
1415 884 1574 930 amovi
1598 900 1627 930 a
1648 884 1765 931 facIe
1789 900 1911 930 mea.
1930 902 1953 928 »
1974 884 2102 942 Quid
2120 885 2249 931 enim
2265 884 2409 931 facies
2421 884 2535 942 Dei,
2554 882 2646 930 nisi

532 958 702 1004 notitia
716 957 880 1021 ipsius,
898 975 1049 1022 quum
1070 961 1396 1025 unusquisque
1412 962 1562 1008 homo
1580 980 1635 1009 ex
1653 963 1770 1009 facie
1788 980 1873 1010 sua
1885 965 2227 1027 cognoscatur?
2250 963 2379 1021 Quid
2394 973 2464 1010 est
2485 964 2645 1026 itaque

530 1039 685 1082 Deum
704 1038 770 1084 sic
787 1037 928 1084 alicui
950 1039 1326 1087 misericordiam
1349 1041 1644 1106 impendere,
1672 1052 1725 1088 ut
1747 1059 1847 1089 non
1865 1053 2084 1089 amoveat
2102 1060 2212 1089 eum
2235 1059 2263 1089 a
2283 1042 2401 1089 facie
2422 1058 2529 1100 sua,
2554 1042 2646 1089 nisi

530 1115 656 1162 hanc
678 1117 721 1162 ei
743 1117 942 1180 gratiam
963 1134 1227 1178 reservare,
1253 1130 1305 1166 ut
1327 1137 1478 1184 quum
1498 1121 1576 1167 ille
1598 1122 1846 1185 peccando
1869 1123 2003 1186 quasi
2028 1122 2203 1169 oblitus
2224 1122 2449 1168 creatoris
2468 1123 2540 1168 sui
2561 1138 2646 1186 per

531 1197 867 1261 negligentiam
890 1198 1045 1258 suerit,
1071 1201 1406 1264 postmodum,
1435 1219 1520 1266 per
1539 1203 2080 1266 poenitentiam‘rediens
2102 1220 2213 1250 eum
2240 1211 2574 1265 recognoscat,
2600 1212 2646 1248 et

531 1287 630 1324 tam
657 1278 830 1324 timore
855 1277 1053 1325 districti
1076 1279 1273 1342 judicis,
1300 1298 1446 1344 quam
1472 1298 1635 1329 amore
1659 1284 1855 1330 Domini
1877 1300 1988 1330 eum
2011 1283 2300 1347 expectantis
2322 1291 2518 1346 peccata
2538 1297 2643 1328 cor-

531 1357 678 1419 rigat?
2118 1408 2121 1410 .

595 1438 722 1481 Bene
743 1452 855 1499 ergo
874 1435 1016 1484 binos
1038 1448 1137 1484 tam
1154 1440 1203 1485 in
1222 1440 1403 1486 clericis
1417 1457 1563 1504 quam
1585 1442 1636 1488 in
1653 1442 1783 1489 laicis
1802 1442 1862 1488 de
1883 1441 2149 1488 rectoribus
2170 1442 2403 1506 ipsorum,
2420 1440 2504 1498 ibi,
2520 1439 2648 1486 vide-

530 1514 639 1560 licet
667 1518 858 1561 Petrum
880 1527 926 1562 et
947 1518 1300 1578 Marcellinum,
1331 1519 1410 1566 hic
1437 1521 1592 1568 David
1621 1532 1668 1567 et
1692 1522 2023 1579 Salomonem,
2054 1531 2223 1568 contra
2251 1536 2490 1567 summam
2516 1519 2647 1566 illam

531 1594 874 1658 desperationis
896 1598 1085 1644 ruinam
1106 1600 1354 1662 praemisit,
1380 1617 1441 1647 ne
1455 1602 1560 1664 quis
1577 1611 1677 1648 tam
1698 1602 1748 1647 in
1770 1601 1899 1648 clero
1916 1618 2062 1665 quam
2083 1601 2131 1647 in
2149 1600 2350 1665 populo,
2366 1610 2477 1667 post
2493 1606 2646 1664 quan-

531 1683 768 1738 tacunque
792 1675 967 1738 flagitia
989 1676 1176 1724 diffidat
1197 1694 1226 1724 a
1242 1679 1400 1737 venia,
1421 1679 1689 1727 dummodo
1709 1681 1966 1745 praevideat
1988 1680 2047 1727 de
2069 1680 2366 1744 poenitentia.
2392 1682 2518 1725 Bene
2532 1716 2544 1738 ‚
2572 1679 2645 1725 in·

530 1768 699 1815 quam,
733 1753 875 1800 binos
902 1765 1002 1802 tam
1029 1756 1108 1802 hic
1130 1774 1277 1821 quam
1304 1758 1372 1804 ibi
1400 1760 1535 1822 quasi
1556 1769 1698 1806 testes
1726 1760 1973 1824 sperandae
1995 1759 2396 1806 reconciliationis
2418 1768 2466 1805 et
2495 1757 2650 1805 indul·

530 1833 696 1894 gentiae
725 1834 1053 1898 impetrandae.
1095 1840 1155 1882 Ut
1191 1838 1321 1884 enlm
1355 1839 1585 1903 scriptum
1622 1850 1692 1886 est
1709 1877 1722 1899 ,
1758 1850 2185 1904 quantumcunque
2221 1838 2471 1903 splendida
2490 1838 2648 1905 ‚fuerit

529 1930 760 1977 persona,
798 1917 939 1963 unius
971 1917 1298 1965 testimonium
1327 1936 1428 1966 non
1455 1919 1651 1979 sufficit,
1678 1920 1763 1967 sed
1785 1921 1920 1984 juxta
1951 1920 2165 1967 divinam
2192 1919 2367 1982 legem²
2393 1937 2403 1964 :
2435 1938 2457 1963 «
2476 1921 2647 1986 Inore

530 1993 737 2040 duorum
755 1995 831 2042 vel
851 1997 997 2043 trium
1014 1999 1206 2045 testium
1232 1999 1375 2046 stabit
1397 2017 1542 2047 omne
1561 2000 1781 2047 verbum.
1803 2019 1825 2044 »
1848 2002 1897 2047 Si
1919 2011 2080 2049 autem
2101 2001 2151 2046 in
2177 2016 2278 2059 ore,
2296 2009 2478 2063 quanto
2499 1999 2648 2062 magis

529 2074 579 2119 in
605 2076 776 2139 opere?
805 2079 867 2122 Ut
892 2087 1074 2136 autem,
1103 2078 1293 2139 fratres,
1325 2079 1472 2126 finem
1499 2082 1652 2128 nostri
1680 2066 1914 2128 sermonis
1942 2081 2004 2128 ad
2032 2081 2246 2127 divinam
2273 2078 2648 2129 misericordiam

532 2154 659 2200 circa
686 2170 775 2200 nos
802 2154 1018 2202 habitam
1049 2157 1367 2219 deducamus,
1399 2161 1704 2224 perpendite,
1737 2177 1922 2224 quaeso,
1959 2170 2195 2224 quantum
2219 2159 2280 2205 de
2307 2159 2457 2205 salute
2484 2168 2649 2204 nostra

531 2234 765 2280 Dominus
781 2236 1062 2298 providerit,
1082 2248 1318 2301 quantum
1337 2240 1552 2286 Salvator
1573 2251 1736 2287 noster
1758 2241 1985 2287 sollicitus
2009 2241 2069 2286 sit
2084 2240 2253 2298 nostri,
2279 2256 2334 2286 ex
2355 2239 2488 2301 cujus
2504 2239 2648 2285 etiam
2707 2264 2710 2267 v

531 2315 727 2361 nomine
753 2315 1003 2379 insignitus
1025 2328 1096 2365 est
1117 2319 1250 2366 locus
1272 2321 1375 2367 iste.
1409 2325 1463 2367 In
1486 2322 1665 2380 multis,
1692 2322 1882 2380 fratres,
1909 2321 2248 2385 delinquimuS,
2268 2319 2515 2366 inssmultos
2535 2319 2649 2365 inci-

531 2394 686 2441 dimus
707 2395 884 2459 lapsuS,
906 2398 990 2443 sed
1014 2416 1074 2445 ne
1097 2399 1423 2464 desperemus,
1444 2419 1505 2448 ne
1527 2403 1883 2467 correptionem
1906 2402 2204 2461 differamUS‚
2230 2417 2432 2464 magnus
2452 2400 2648 2447 Domini

530 2483 708 2537 martyr
732 2485 778 2521 et
804 2486 1036 2540 patronus
1065 2489 1228 2526 noster
1256 2480 1397 2527 nobis
1422 2498 1450 2528 a
1470 2483 1682 2528 Domino
1710 2483 1880 2529 missus
1904 2492 1999 2540 est,
2032 2482 2082 2527 in
2112 2480 2330 2545 exemplo
2352 2480 2645 2546 propositus,

529 2570 670 2615 quem
691 2556 819 2619 apud
843 2559 997 2603 Deum
1013 2557 1247 2606 habemus
1270 2561 1576 2619 advocatum,
1598 2572 1645 2609 et
1661 2562 1722 2609 de
1738 2580 1835 2626 quo
1859 2563 2096 2626 praecipue
2118 2562 2157 2607 si
2173 2561 2395 2607 volumus
2416 2559 2557 2606 nobis
2578 2569 2649 2605 est

529 2634 888 2684 confidendum.
915 2639 1139 2704 Princeps
1164 2642 1251 2687 iste
1274 2652 1345 2688 est
1371 2642 1621 2690 ordinatus
1650 2660 1678 2690 a
1704 2643 1941 2701 Domino,
1967 2652 2020 2688 ut
2045 2641 2228 2688 dictum
2253 2650 2344 2698 est,
2373 2639 2572 2706 tentari,
2601 2648 2648 2684 et

530 2716 732 2776 graviter
756 2716 876 2776 labi,
907 2729 961 2764 ut
989 2719 1049 2766 de
1081 2730 1315 2784 potestate
1345 2732 1479 2769 tanta
1506 2739 1653 2786 quarn
1678 2724 1884 2787 accepit,
1917 2722 2120 2786 amplius
2142 2721 2314 2785 possit,
2343 2719 2481 2768 etde
2511 2718 2647 2783 lapsu

529 2807 672 2855 quem
698 2796 892 2859 pertulit
925 2797 986 2844 ad
1020 2799 1367 2863 indulgentiam
1390 2801 1637 2866 lapsorum
1659 2812 1706 2849 et
1727 2802 1919 2849 veniam
1949 2799 2291 2866 postulandam
2322 2798 2523 2863 pronior
2543 2797 2643 2855 fiat,

530 2874 608 2935 qui
641 2874 762 2921 sicut
786 2875 846 2922 de
877 2879 1013 2924 Patre
1038 2878 1235 2936 dicitur,
1262 2880 1311 2925 in
1335 2882 1491 2945 seipso
1515 2882 1683 2928 didicit
1700 2882 1902 2946 qualiter
1924 2881 2129 2928 aliorum
2150 2875 2647 2942 infirmitati'compati

531 2951 719 3012 debeat,
743 2965 885 3019 atque
908 2957 1136 3004 misereri.
1163 2961 1354 3006 Festum
1376 2960 1518 3023 igitur
1540 2962 1640 3024 ejus
1660 2971 1795 3008 tanta
1816 2961 2076 3008 devotione
2096 2959 2415 3016 celebremus,
2439 2967 2493 3003 ut
2514 2957 2646 3020 quod

530 3034 702 3080 nostris
721 3036 942 3099 precibus
958 3054 1058 3085 non
1075 3039 1287 3086 valemus
1300 3078 1311 3098 ,
1327 3040 1426 3103 ejus
1443 3042 1622 3088 meritis
1641 3059 1966 3106 assequamur,
1983 3039 2463 3107 praestanteDomino
2479 3046 2645 3084 nostro

531 3113 637 3157 Jesu
660 3113 866 3174 Christo,
892 3118 968 3163 cui
988 3128 1075 3177 est,
1104 3128 1194 3166 ete.

578 3251 587 3268 ¹
610 3252 690 3294 Περ.
708 3254 756 3293 ΙΙ,
772 3265 844 3298 cap.
862 3267 903 3289 vn
915 3282 923 3298 ,
942 3269 974 3290 v.
996 3260 1046 3292 14.
1062 3259 1129 3284 —'
1142 3261 1252 3300 Dent„
1269 3271 1340 3305 cap.
1356 3274 1412 3295 xix
1425 3288 1433 3303 ‚
1448 3273 1477 3295 v.
1500 3264 1551 3295 ¹5.
