2970 4152
911 405 970 453 ΙΝ
1002 403 1323 452 ΕΡΙΡΗΑΝΙΑ
1357 402 1566 451 DOMINI
1601 403 1816 449 SERMO.
2326 398 2419 446 387

307 518 329 544 «
351 497 662 546 antecedebat
684 514 768 546 eos
790 498 949 560 stella,
978 516 1129 564 usque
1154 498 1273 546 dum
1299 498 1494 545 veniens
1516 507 1660 545 staret
1695 513 1838 563 supra
1862 496 1943 544 ubi
1970 506 2070 544 erat
2091 511 2227 561 puer,
2251 514 2274 539 υ
2296 505 2424 560 patet

213 617 235 637 ,
300 578 516 644 profecto
543 594 626 625 eos
651 596 678 626 a
703 588 827 627 terra
858 595 943 627 sua
966 596 1119 644 usque
1145 577 1547 641 Hierosolymam,
1580 586 1628 624 et
1652 593 1843 624 rursum
1868 593 1894 624 a
1920 575 2251 639 Hierosolyma
2276 591 2424 639 usque

304 659 598 721 Bethlehem,
618 660 927 727 praecedentis
944 661 1088 709 stellae
1106 660 1335 708 ducatum
1345 658 1585 721 habuisse.
1604 658 1749 716 Quod
1769 675 1882 723 ergo
1900 659 1991 706 illis
2008 659 2068 706 ab
2086 657 2276 705 Herode
2294 673 2423 704 rece-

304 739 527 788 dentibus
544 741 872 806 scriptumest1
893 759 904 788 1
926 744 1020 788 «Et
1032 758 1142 789 ecce
1152 739 1284 788 stella
1294 756 1441 804 quam
1452 738 1671 787 viderant
1687 739 1736 785 in
1757 739 1939 786 oriente
1953 737 2262 787 antecedebat
2275 754 2372 786 eos.
2395 756 2419 781 »

303 823 362 867 Et
382 820 606 867 iterum²:
629 839 652 865 «
675 821 900 868 Videntes
925 830 1085 869 autem
1109 820 1318 881 stellam,
1345 820 1491 885 gavisi
1516 830 1626 867 sunt
1656 819 1829 884 gaudio
1860 836 2034 884 magno
2063 819 2227 878 valde,
2255 837 2278 863 >›
2315 819 2425 866 satis

303 902 518 949 innuitur
550 902 685 966 quod
719 919 777 949 ex
811 904 1054 950 consortio
1098 902 1327 963 Herodis,
1374 901 1451 949 vel
1480 902 1637 967 impiae
1676 901 1806 949 urbis
1840 902 1901 949 ad
1935 918 2079 967 quam
2125 901 2418 948 diverterunt

303 980 446 1029 stellae
478 982 827 1047 apparitionem
843 1018 856 1044 ‚
885 983 1100 1048 quandiu
1125 983 1191 1030 ibi
1215 983 1432 1042 fuerunt,
1457 982 1734 1030 amiserunt.
1769 982 1915 1040 Quod
1939 999 1996 1030 eo
2022 982 2225 1029 maxime
2250 982 2424 1028 factum

304 1077 406 1110 esse
428 1062 690 1124 credimus,
718 1075 772 1112 ut
794 1081 882 1130 per
904 1064 1000 1112 hoc
1025 1065 1092 1112 eis
1113 1066 1350 1113 Dominus
1367 1064 1632 1124 intimaret,
1666 1080 1970 1129 nequaquam
2004 1082 2053 1112 se
2080 1064 2141 1112 ab
2168 1064 2357 1112 Herode
2383 1074 2429 1111 et

305 1143 541 1192 sceleratis
565 1145 656 1193 illis
673 1145 950 1193 hominibus
968 1148 1195 1211 cognosci
1217 1146 1439 1195 voluisse.

369 1226 596 1274 Nonnulli
608 1226 697 1275 hos
711 1244 875 1293 magos
891 1245 1025 1293 reges
1038 1228 1327 1276 arbitrantur
1339 1228 1497 1289 fuisse,
1514 1228 1646 1292 juxta
1662 1226 1791 1274 illam
1805 1228 2107 1293 prophetiam
2120 1228 2374 1275 Psalmistae
2384 1230 2396 1251 ³
2414 1246 2422 1273 :

308 1310 494 1372 «Reges
508 1307 715 1356 Arabum
728 1319 775 1357 et
790 1309 912 1357 Saba
925 1309 1054 1358 dona
1068 1309 1360 1358 adducent.»
1384 1309 1523 1357 Unde
1536 1319 1583 1357 et
1600 1309 1810 1357 Isidorus
1827 1321 1994 1357 contra
2008 1309 2198 1357 Judoeos
2218 1325 2322 1374 cap.
2346 1324 2426 1354 xm

304 1389 369 1437 ita
384 1390 625 1440 1001011111ι
645 1409 655 1438 :
690 1410 713 1437 «
735 1392 858 1450 Quia
875 1393 919 1440 ei
934 1393 1060 1457 magi
1079 1408 1281 1440 munera
1300 1391 1600 1453 obtulerunt3
1620 1410 1644 1436 »
1670 1391 1810 1438 Isaias
1835 1391 1924 1439 ait¹⁵
1946 1410 1955 1438 :
1987 1410 2009 1438 «
2034 1395 2086 1439 In
2110 1402 2326 1458 tempore
2348 1389 2428 1436 illo

304 1469 543 1520 deferetur
567 1488 743 1520 munus
762 1475 973 1521 Domino
992 1489 1019 1521 a
1036 1473 1220 1539 populo
1240 1473 1487 1521 terribilia>
1508 1475 1612 1520 Hoc
1630 1483 1790 1520 autem
1810 1472 1948 1521 dicit⁶
1965 1484 2162 1539 propter
2182 1476 2430 1520 Persarum

238 1559 254 1574 ⁸
305 1559 495 1614 gentem
514 1552 792 1613 terribilem,
815 1564 862 1601 et
879 1553 1014 1617 cujus
1037 1555 1262 1619 potentiae
1279 1553 1439 1602 nullus
1456 1553 1666 1620 populus
1684 1554 2066 1620 comparabatur.
2082 1557 2154 1602 De
2170 1554 2244 1602 his
2261 1569 2431 1600 mune-

306 1629 437 1678 ribus
449 1641 496 1679 et
507 1631 660 1679 David
673 1635 709 1679 ⁷:
736 1635 920 1698 «Reges
931 1633 1116 1694 Tharsis
1133 1644 1180 1682 et
1195 1633 1375 1695 insulae,
1399 1644 1488 1682 etc.
1500 1654 1523 1680 n
1543 1637 1662 1681 Nam
1679 1644 1726 1681 et
1741 1650 1905 1699 magos
1919 1651 2051 1698 reges
2063 1634 2231 1682 habuit
2243 1634 2427 1681 Oriens.

307 1712 438 1768 Quot
467 1730 582 1761 vero
607 1715 682 1762 isti
705 1716 830 1780 magi
858 1715 1054 1776 fuerint,
1078 1733 1135 1764 ex
1153 1733 1356 1764 numero
1376 1717 1510 1764 trinae
1529 1716 1783 1764 oblationis
1805 1726 1899 1763 tres
1922 1733 2005 1764 eos
2027 1717 2169 1765 fuisse
2197 1716 2334 1765 multi
2359 1731 2434 1762 su-

307 1792 577 1858 spicantur3
607 1812 757 1860 quum
780 1796 875 1844 hoc
898 1806 1057 1844 tamen
1083 1797 1213 1844 nulla
1234 1797 1512 1845 auctoritate
1537 1798 1787 1863 Scripturae
1812 1795 2103 1858 definiatur⁸,
2128 1808 2172 1845 et
2187 1798 2320 1862 juxta
2341 1797 2435 1843 hoc

308 1873 441 1936 quod
468 1873 835 1939 Chrysostomus
859 1876 1075 1941 superius
1098 1876 1256 1924 retulit
1282 1876 1540 1924 duodecim
1566 1877 1739 1941 magis⁹
1762 1876 1902 1923 fuisse
1922 1887 2272 1937 memorentur;
2313 1893 2368 1924 ac
2399 1877 2436 1922 si

305 1953 405 2017 Jam
430 1954 480 2001 in
508 1955 620 2020 ipsis
647 1956 859 2020 gentium
890 1957 1130 2022 primitiis,
1152 1958 1295 2023 primi
1318 1957 1663 2023 discipulorum
1690 1957 1859 2005 Christi
1888 1959 2284 2022 praesignarentur
2320 1974 2435 2023 apo-

310 2034 434 2082 stoli.
457 2038 618 2097 Quum
639 2047 799 2085 autem
819 2055 1025 2103 praesens
1042 2039 1339 2100 solemnitas,
1359 2050 1412 2087 ut
1431 2056 1573 2105 supra
1589 2040 1911 2099 meminimuS,
1929 2056 2027 2087 non
2048 2040 2204 2087 solum
2221 2056 2276 2088 ex
2293 2056 2438 2105 appa-

308 2114 481 2163 ritione
502 2116 644 2164 stellae
672 2117 925 2176 mirabilis,
952 2120 1263 2167 verumetiam
1290 2136 1347 2167 ex
1372 2119 1618 2167 dominico
1648 2119 1913 2185 baptismO,
1941 2120 2016 2167 vel
2041 2121 2316 2186 nuptiarum
2350 2121 2437 2167 mi-

308 2194 470 2243 raculo
492 2195 725 2244 habeatur
748 2198 967 2263 insignis,
985 2199 1120 2263 juvat
1146 2209 1192 2247 et
1215 2199 1276 2248 de
1297 2200 1396 2247 istis
1413 2216 1566 2265 pauca
1588 2215 1856 2247 memorare
1882 2199 1929 2247 in
1955 2199 2097 2264 hujus
2122 2200 2326 2247 maxima
2348 2199 2439 2247 diei

309 2274 469 2324 laude.

378 2360 617 2405 «Factum
648 2369 744 2419 est,
765 2378 789 2403 »
819 2359 975 2424 inquit
1000 2360 1346 2425 evangelistam,
1377 2381 1400 2406 t<
1425 2378 1576 2426 quum
1605 2360 1925 2426 baptizaretur
1952 2339 2109 2409 (110015
2136 2361 2368 2428 populus,
2396 2373 2440 2410 et

311 2438 419 2483 Jesu
437 2435 676 2502 baptizato
695 2447 743 2485 et
760 2448 952 2497 orante,
973 2449 1191 2504 apertum
1211 2450 1282 2487 est
1299 2439 1496 2500 coelum,
1518 2450 1565 2488 et
1577 2440 1824 2488 descendit
1842 2442 2043 2507 Spiritus
2061 2450 2251 2489 sanctus
2272 2458 2441 2506 corpo-

312 2515 398 2563 rali
431 2517 589 2581 specie
621 2517 743 2565 sicut
771 2518 994 2566 columba
1027 2520 1076 2566 in
1102 2520 1276 2584 ipsum.
1308 2523 1364 2567 Et
1395 2538 1486 2567 vox
1519 2521 1581 2568 de
1611 2521 1733 2569 coelo
1762 2521 1882 2569 facta
1910 2532 2004 2582 est,
2035 2521 2225 2570 dicens:
2253 2542 2275 2568 «
2299 2527 2365 2571 Tu
2393 2541 2442 2571 es

316 2614 339 2639 «
368 2594 493 2643 filius
524 2614 657 2645 meus
693 2598 916 2659 dilectus,
945 2600 995 2646 in
1024 2609 1070 2647 te
1097 2599 1382 2665 complacui.
1412 2620 1435 2644 »
1470 2601 1615 2659 Quod
1642 2603 1878 2649 Dominus
1911 2619 2022 2650 cum
2049 2601 2231 2667 populo
2267 2603 2327 2650 ad
2361 2603 2442 2651 ba-

313 2675 543 2739 ptismum
564 2678 769 2739 venerit,
797 2678 872 2726 vel
898 2679 1022 2727 inter
1052 2678 1214 2727 turbas
1233 2681 1452 2744 dignatus
1478 2682 1535 2729 sit
1557 2681 1812 2747 baptizari,
1836 2699 2063 2746 magnum
2084 2691 2153 2729 est
2169 2681 2443 2732 humilitatis

314 2755 568 2819 indicium,
592 2769 734 2824 atque
753 2775 1021 2825 congruum
1047 2762 1257 2825 mysterii
1281 2762 1485 2827 signum.
1507 2763 1772 2829 Baptizatus
1795 2764 1973 2829 quippe
1997 2780 2108 2811 cum
2131 2764 2330 2824 caeteris,
2360 2781 2443 2812 ne-

315 2852 557 2901 quaquam
580 2840 887 2888 circumcisus
916 2840 1059 2888 fuisse
1081 2840 1251 2906 legitur
1273 2859 1385 2889 cum
1418 2841 1536 2890 aliis.
1567 2846 1635 2890 Ex
1662 2860 1760 2908 quo
1787 2860 1885 2891 non
1912 2843 2175 2891 absurdum
2199 2854 2267 2891 est
2291 2846 2447 2909 praesi-

315 2932 483 2981 gnare,
523 2935 621 2966 non
649 2920 749 2984 jam
784 2919 968 2987 populo
999 2922 1088 2969 Dei
1119 2923 1531 2970 circumcisionem
1562 2925 1874 2972 necessariam
1909 2941 2036 2985 esse,
2074 2925 2193 2972 sicut
2222 2923 2444 2990 baptismi

315 3011 687 3063 sacramentum,
722 3002 855 3067 quod
888 3013 1075 3051 constat
1107 3004 1387 3069 generaliter
1421 3005 1603 3053 cunctis
1627 3005 1688 3054 ab
1720 3007 1824 3071 ipso
1855 3006 2122 3054 institutum
2154 3022 2271 3053 esse.
2302 3008 2445 3064 Quod

315 3079 578 3145 baptizatus
608 3083 672 3134 ad
695 3085 962 3132 orationem
995 3102 1044 3133 se
1077 3086 1341 3147 convertit,
1371 3087 1529 3134 innuit
1553 3097 1771 3152 patenter
1799 3087 1874 3134 his
1905 3097 2046 3134 etiam
2059 3090 2083 3112 ¹¹
2114 3087 2197 3152 qui
2222 3086 2444 3153 baptizati

316 3170 427 3208 sunt
447 3178 636 3229 semper
658 3166 977 3213 necessarium
1003 3182 1105 3214 esse
1134 3183 1278 3233 opem
1303 3122 1523 3243 divinam
1559 3167 1822 3233 postulare,
1859 3177 1910 3214 ut
1941 3168 1989 3214 in
2023 3184 2078 3215 ea
2108 3184 2253 3232 quam
2280 3184 2445 3233 perce-

317 3253 491 3305 perunt
527 3244 900 3294 sanctificatione
934 3247 1123 3295 valeant
1156 3232 1465 3313 permanere,
1507 3259 1553 3297 et
1590 3250 1656 3296 sic
1693 3248 1782 3296 sibi
1816 3249 1987 3315 aperiri
2018 3249 2215 3312 januam
2247 3248 2447 3296 coelestis

363 3393 374 3411 ⁸
391 3393 518 3434 nauh..
535 3405 607 3440 cap.
627 3408 649 3430 n
661 3422 669 3437 ‚
686 3408 717 3431 v.
732 3398 808 3430 9.-
819 3397 832 3415 ²
845 3397 944 3439 thid..
958 3409 988 3432 v.
1007 3399 1120 3432 10.—³
1132 3399 1251 3434 Psalm.
1265 3411 1354 3441 mxxi,
1408 3411 1439 3435 v.
1459 3403 1511 3435 10.
1522 3418 1560 3424 —
1571 3400 1583 3418 ⁸
1598 3401 1670 3434 Dici
1680 3403 1782 3442 possit
1793 3400 1857 3434 MS.
1875 3401 2019 3434 Eius.—
2032 3399 2045 3418 ⁹
2062 3401 2127 3434 MS.
2150 3402 2239 3435 Eius.
2251 3418 2273 3426 -
2287 3412 2344 3435 xm
2361 3405 2447 3444 mayi

321 3461 351 3483 v.
373 3451 423 3484 10.
439 3469 483 3476 -—
496 3452 510 3470 ⁴
525 3453 606 3495 Opp.
623 3460 648 3487 t.
668 3454 710 3487 Vl
723 3480 732 3494 ‚
746 3466 781 3499 p.
797 3456 851 3488 28.
866 3474 905 3480 —
922 3455 935 3472 ⁶
949 3455 1040 3489 lsaiae
1055 3467 1129 3501 cap.
1150 3467 1248 3498 xvm,
1267 3468 1296 3491 v.
1320 3459 1353 3490 Ἶ.
1410 3458 1497 3492 Edit.
1520 3456 1617 3491 Amb.
1631 3475 1672 3481 —
1688 3456 1718 3474 ¹⁰
1737 3457 1832 3497 Luc„
1850 3468 1923 3501 cap.
1948 3469 2000 3499 111,
2020 3469 2050 3492 v.
2067 3460 2121 3491 21.
2136 3476 2180 3483 —
2198 3458 2224 3476 ⁴¹
2244 3459 2309 3492 MS.
2325 3458 2414 3492 Eius.
2426 3476 2447 3483 -

322 3523 363 3530 —
376 3506 388 3524 ⁶
405 3507 470 3541 MS.
487 3508 608 3543 Ε1115.-
619 3510 705 3544 Dicit
720 3511 812 3545 deest
827 3511 914 3546 Edit.
933 3512 1029 3547 Amb.
1044 3532 1084 3538 —
1101 3513 1113 3531 '¹
1128 3514 1247 3549 Psalm.
1265 3525 1355 3556 uxr,
1411 3515 1520 3548 Etiam
1538 3513 1631 3548 deest
1648 3512 1734 3546 Edit.
1747 3512 1842 3548 Amb.
