2970 4152
481 380 574 427 698
1280 378 1452 426 PETRI
1482 378 1817 429 -ABAELARDr
1841 415 1843 417 ψ

480 473 740 521 factionem
783 473 918 521 omni
956 472 1180 537 poscenti
1219 488 1309 520 nos
1355 472 1595 523 rationem
1631 473 1694 521 de
1733 489 1812 531 ea,
1857 488 1964 536 quae
1994 471 2053 517 in
2098 470 2241 519 nobis
2274 481 2366 530 est,
2410 488 2494 535 spe
2530 471 2607 519 vel

480 553 593 600 fide.
627 557 682 600 In
720 569 816 618 qua
852 553 1073 618 profecto
1104 552 1456 618 disputatione,
1485 569 1637 618 quum
1675 553 1781 600 illos
1818 552 2059 618 sophistas
2099 552 2474 610 convicerimus,
2517 568 2609 599 nos

483 633 756 681 dialecticos
793 633 1125 682 exhibebimus
1159 643 1206 680 et
1237 643 1373 683 tanto
1402 633 1608 693 Christi,
1641 634 1724 698 qui
1752 634 1924 680 veritas
1966 643 2037 681 est
2057 669 2070 692 ,
2109 631 2332 697 discipuli
2370 647 2611 683 memores

483 713 683 772 erimus,
715 722 900 777 quanto
935 713 1133 760 veritate
1171 714 1416 761 rationum
1451 713 1655 779 amplius
1693 713 1999 778 pollebimus.
2036 713 2153 771 Quis
2183 712 2393 776 denique
2430 711 2611 759 nesciat

481 793 635 857 ipsam
665 802 817 840 artem
858 792 1161 857 disputandi,
1211 810 1310 858 qua·
1349 793 1681 841 indifferenter
1721 793 1812 840 hos
1847 810 1995 858 quam
2032 792 2383 840 illosssconstet
2418 807 2613 839 nuncu-

482 883 620 937 patos
657 874 791 920 esse?
822 875 984 937 Ipsum
1022 874 1201 939 quippe
1240 874 1329 922 Dei
1370 873 1552 933 filium,
1600 890 1746 939 quem
1786 890 1877 922 nos
1922 875 2138 925 Verbum
2184 873 2419 931 dicimus,
2461 871 2611 919 Graeci

482 959 600 1019 λόγον
643 953 912 1019 appellant,
965 954 1062 1002 hoc
1109 965 1179 1002 est
1223 955 1395 1002 divinae
1441 955 1614 1002 mentis
1654 965 1976 1020 conceptum,
2028 973 2111 1004 seu
2158 955 2248 1002 Dei
2297 952 2610 1018 sapientiam,

485 1034 559 1080 vel
603 1034 859 1081 rationem.
918 1034 1057 1082 Unde
1104 1045 1151 1082 et
1197 1036 1486 1100 Augustinus
1532 1035 1583 1081 in
1627 1034 1753 1082 libro
1803 1037 2128 1095 Quaestionum
2182 1035 2419 1099 octoginta
2470 1034 2614 1080 trium

484 1115 639 1179 capite
674 1113 1042 1179 quadragesimo
1076 1125 1249 1179 quarto
1273 1118 1287 1139 ²
1313 1133 1323 1162 :
1356 1134 1379 1159 «
1405 1118 1459 1160 In
1491 1115 1749 1179 principio,
1773 1133 1797 1159 »
1835 1115 2015 1179 inquit,
2046 1134 2069 1160 «
2093 1124 2195 1162 erat
2217 1113 2458 1172 Verbum,
2481 1111 2616 1177 quod

484 1214 632 1261 graece
664 1203 786 1263 λόγος
813 1198 1007 1245 dicitur.
1034 1215 1056 1239 >1
1088 1195 1223 1243 Idem
1263 1196 1313 1242 in
1346 1195 1469 1242 libro
1505 1197 1682 1242 Contra
1717 1197 1922 1260 quinque
1953 1199 2170 1242 lIoereses
2197 1213 2207 1242 ε
2241 1213 2264 1239 «
2291 1197 2345 1241 In
2377 1194 2615 1259 principio

485 1289 586 1326 erat
637 1279 869 1327 Verbum.
927 1277 1092 1325 Melius
1142 1277 1293 1323 Graeci
1338 1281 1458 1341 λόγος
1503 1276 1700 1335 dabunt,
1741 1280 1862 1341 λόγος
1905 1276 2084 1340 quippe
2125 1275 2338 1323 Verbum
2385 1273 2619 1339 significat

487 1370 532 1407 et
568 1360 824 1407 rationem.
846 1378 869 1403 n
898 1362 954 1405 Et
988 1359 1307 1421 Hieronymus
1342 1356 1410 1402 ad
1438 1356 1698 1403 Paulinum
1721 1356 1782 1403 de
1804 1357 1978 1404 divinis
2001 1357 2248 1422 scripturis
2265 1359 2279 1382 ³
2308 1375 2318 1403 :
2356 1376 2378 1401 «
2403 1359 2458 1403 In
2486 1357 2619 1422 prin·-

487 1440 613 1504 cipio
654 1450 757 1488 erat
797 1439 1012 1487 Verbum
1031 1476 1043 1498 ,
1084 1443 1205 1502 λόγος
1248 1453 1397 1500 graece
1437 1436 1590 1484 multa
1627 1435 1878 1501 significat.
1926 1439 2047 1486 Nam
2097 1448 2146 1484 et
2181 1437 2387 1485 verbum
2429 1446 2523 1496 est,
2571 1447 2618 1485 et

487 1521 634 1579 ratio,
677 1530 724 1568 et
763 1511 1067 1585 supputatio,
1113 1527 1159 1565 et
1204 1534 1348 1564 causa
1387 1518 1762 1582 uniuscujusque
1803 1518 1895 1577 rei,
1933 1534 2019 1582 per
2064 1534 2211 1582 quam
2247 1527 2360 1564 sunt
2402 1516 2614 1581 singula,

485 1619 590 1666 quae
631 1601 911 1649 subsistunt.
940 1603 1056 1658 Quae
1087 1599 1312 1646 universa
1338 1608 1467 1645 recte
1489 1598 1796 1662 intelligimus
1820 1598 1871 1645 in
1895 1598 2101 1646 Christo.
2127 1617 2151 1643 »
2179 1601 2341 1656 Quum
2365 1614 2479 1661 ergo
2503 1600 2620 1645 Ver-

486 1683 603 1730 bum
638 1683 788 1749 patris
818 1682 1056 1729 Dominus
1090 1683 1224 1727 Jesus
1250 1680 1465 1732 Christus
1499 1685 1620 1745 λόγος
1656 1697 1805 1744 graece
1844 1679 2047 1740 dicatur,
2075 1681 2198 1727 sicut
2236 1689 2282 1727 et
2320 1685 2444 1745 σοφία
2464 1679 2622 1741 ‘Patris

490 1764 757 1831 appellatur
788 1783 798 1811 :
825 1763 1088 1829 plurimum
1112 1762 1174 1809 ad
1210 1779 1322 1809 eum
1363 1762 1605 1827 pertinere
1636 1761 1825 1809 videtur
1850 1778 1906 1809 ea
1928 1762 2128 1810 scientia
2149 1778 2254 1826 quae
2277 1762 2476 1808 nomine
2499 1776 2618 1826 quo·

484 1863 578 1911 que
615 1845 682 1892 illi
722 1845 782 1892 sit
820 1844 1103 1908 conjuncta,
1142 1852 1190 1889 et
1222 1859 1308 1907 per
1348 1842 1699 1890 derivationem
1739 1842 2003 1907 quamdam
2035 1858 2063 1889 a
2091 1846 2210 1908 λόγος
2254 1841 2408 1905 logica
2448 1842 2509 1888 sit
2542 1857 2623 1906 ap—

487 1927 663 1993 pellata
691 1945 700 1974 :
730 1936 776 1973 et
815 1926 937 1973 sicut
974 1942 1001 1973 a
1036 1925 1223 1972 Christo
1257 1924 1537 1985 Christiani,
1572 1925 1640 1972 ita
1662 1941 1691 1972 a
1714 1929 1831 1990 λόγος
1854 1924 2009 1988 logica
2036 1924 2231 1989 proprie
2262 1922 2618 1991 dici-videatur.

485 2009 630 2073 Cujus
671 2008 816 2055 etiam
852 2016 1091 2054 amatores
1131 2015 1265 2053 tanto
1301 2006 1460 2053 verius
1500 2005 1803 2072 appellantur
1843 2005 2146 2071 philosophi,
2184 2014 2367 2070 quanto
2412 2003 2626 2051 veriores

485 2089 579 2134 sint
613 2087 738 2134 illius
777 2086 960 2151 sophiae
1001 2086 1259 2150 superioris
1297 2096 1551 2133 amatores.
1592 2089 1709 2144 Quae
1747 2086 1966 2151 profecto
2016 2086 2192 2134 summi
2234 2086 2383 2133 Patris
2429 2100 2621 2132 summa

485 2167 678 2232 sophia,
713 2183 865 2231 quum
906 2175 1124 2212 nostram
1164 2165 1387 2212 indueret
1423 2175 1673 2225 naturam,
1711 2176 1765 2213 ut
1793 2183 1883 2212 nos
1923 2182 2046 2213 verae
2085 2165 2328 2230 sapientiae
2369 2163 2625 2211 illustraret

468 2247 695 2306 lumine,
733 2257 783 2293 et
821 2263 911 2293 nos
941 2245 1003 2292 ab
1038 2262 1203 2292 amore
1243 2245 1416 2292 mundi
1446 2246 1496 2292 in
1534 2263 1751 2294 amorem
1786 2255 2091 2294 converteret
2124 2246 2221 2304 sui;
2267 2244 2486 2310 profecto
2532 2259 2624 2291 nos

488 2329 665 2392 pariter
692 2326 1002 2385 christianos,
1045 2335 1092 2372 et
1121 2341 1262 2372 veros
1298 2325 1455 2372 effecit
1497 2326 1832 2391 philosophos.
1879 2327 1973 2384 Qui
2019 2343 2171 2391 quum
2210 2325 2341 2372 illam
2382 2325 2625 2390 sapientiae

488 2408 713 2454 virtutem
761 2405 1008 2471 discipulis
1040 2406 1369 2470 promitteret,
1419 2423 1514 2471 qua
1561 2406 1775 2454 refellere
1816 2407 2004 2471 possint
2043 2405 2480 2453 contradicentium
2526 2403 2625 2454 dis-

490 2489 792 2554 putationes,
839 2486 1033 2534 dicens⁶
1078 2504 1088 2532 ε
1141 2488 1291 2550 «Ego
1333 2487 1462 2533 enim
1508 2486 1636 2534 dabo
1676 2487 1816 2535 vobis
1857 2504 1912 2534 os
1959 2497 2007 2534 et
2043 2486 2355 2552 sapientiam,
2394 2485 2471 2532 cui
2523 2501 2625 2532 non

491 2579 722 2636 poterunt
755 2569 973 2615 resistere
1008 2567 1268 2621 adversarii
1302 2568 1481 2637 vestri-t
1513 2587 1536 2612 >³
1563 2568 1781 2634 profecto
1818 2578 1928 2634 post
1965 2584 2183 2615 amorem
2217 2567 2316 2625 sui,
2363 2565 2494 2612 unde
2525 2565 2626 2613 veri

495 2651 690 2699 dicendi
718 2659 830 2698 sunt
865 2648 1168 2714 philosophi,
1195 2659 1416 2714 patenter
1441 2660 1488 2696 et
1514 2650 1647 2698 illam
1669 2651 1914 2698 rationum
1944 2659 2237 2698 armaturam
2268 2649 2335 2695 eis
2353 2647 2622 2713 pollicetur,

493 2749 589 2797 qua
619 2733 669 2778 in
696 2730 989 2796 disputando
1016 2731 1192 2777 summi
1227 2730 1497 2778 efficiantur
1521 2731 1680 2795 logici.
1710 2734 1826 2789 Quae
1864 2731 1963 2778 duo
1989 2730 2050 2777 de
2073 2730 2169 2777 hoc
2186 2729 2408 2776 videlicet
2440 2744 2624 2788 amore,

493 2824 539 2862 et
582 2813 805 2860 doctrina
845 2811 968 2875 erS,
1013 2811 1187 2875 quibus
1221 2822 1322 2859 tam
1358 2813 1664 2878 philosophi,
1710 2830 1858 2878 quam
1901 2813 2076 2861 summi
2108 2811 2409 2859 efficerentur
2448 2811 2623 2875 logici,

492 2896 703 2960 hymnus
734 2893 812 2941 ille
847 2896 1153 2940 Pentecostes
1178 2913 1202 2939 «
1229 2896 1373 2942 Beata
1403 2894 1544 2942 nobis
1583 2894 1756 2958 gaudia
1774 2932 1786 2954 ,
1818 2913 1841 2940 »
1873 2894 2126 2959 diligenter
2160 2893 2436 2957 distinguit,
2474 2909 2625 2958 quum

495 2977 669 3024 dicitur
697 2994 708 3022 ε

1199 3069 1345 3110 Verbis
1365 3075 1409 3110 ut
1427 3077 1564 3112 essent
1581 3071 1753 3125 proflui,

1193 3140 1243 3179 Et
1265 3139 1432 3180 caritate
1451 3138 1610 3182 fervidi.

562 3255 671 3299 Haec
696 3253 826 3300 enim
852 3253 951 3300 duo
976 3253 1180 3300 maxime
1198 3252 1277 3300 ille
1302 3252 1502 3319 superni
1533 3254 1733 3319 Spiritus
1762 3253 1997 3301 adventus
2029 3254 2079 3300 in
2118 3253 2268 3317 igneis
2293 3250 2465 3315 linguis
2490 3265 2626 3296 reve-

546 3422 556 3439 ¹
582 3422 686 3455 Locus
716 3426 901 3464 corruptus.
921 3435 964 3448 ·-
981 3419 992 3437 ²
1014 3420 1097 3465 cap.
1125 3431 1223 3463 inn,
1258 3422 1355 3464 Opp„
1381 3428 1404 3454 t.
1437 3421 1503 3463 vl,
1528 3421 1592 3455 col.
1618 3422 1672 3454 38.
1692 3439 1733 3446 -
1752 3422 1764 3439 ³
1786 3422 1883 3472 Opp„
1910 3428 1935 3455 t.
1964 3420 2027 3462 IV,
2056 3426 2142 3464 part.
2172 3419 2220 3458 11,
2252 3418 2319 3453 eol.
2345 3419 2483 3451 570.—
2499 3417 2512 3434 ⁸
2530 3417 2630 3456 Luc..

500 3489 573 3523 cap.
590 3491 646 3513 xxi
658 3505 669 3521 ‚
685 3489 720 3512 v.
738 3478 790 3512 15.
