2970 4152
461 453 555 498 ‘2⁶20
1037 452 1205 497 PETRI
1247 452 1556 499 ABAELARDI
1592 453 1664 499 ET
1699 454 1998 500 HELOISSAE

460 546 638 592 tissimo
676 561 729 590 ac
757 544 1051 591 sanctissimo
1086 545 1311 592 confratri
1335 555 1500 593 nostro
1530 547 1796 594 Adaberino
1836 557 2009 594 sanctae
2043 547 2326 594 vivacensis¹
2359 548 2574 595 Ecclesiae

460 624 831 688 archiepiscop0.
863 623 1003 680 Quod
1031 625 1414 691 interrogastide
1440 626 1612 673 femina
1628 632 1652 687 ,‘
1669 644 1773 691 quae
1797 637 1905 692 post
1929 626 2115 673 obitum
2138 627 2225 673 viri
2255 627 2327 673 sui
2361 627 2574 674 velamen

459 723 643 752 sacrum
672 722 815 770 super
840 715 983 770 caput
1009 723 1147 753 suum
1174 707 1428 772 imposuit,
1459 717 1504 754 et
1523 707 1655 755 finxit
1680 725 1729 755 se
1753 707 1841 754 sub
1870 707 2042 754 eodem
2067 706 2298 754 velamine
2316 709 2578 756 sanctimo—

460 785 632 835 nialem
658 801 789 845 esse,
818 795 983 850 postea
1012 803 1125 833 vero
1155 786 1215 833 ad
1240 788 1429 852 nuptias
1453 788 1618 847 rediit,
1658 787 1843 834 bonum
1875 787 1991 833 mihi
2014 787 2223 847 videtur,
2247 787 2359 851 quia
2383 805 2468 852 per
2490 787 2577 851 hy-

458 864 684 928 pocrisim
708 864 1069 912 ecclesiasticam
1093 865 1303 930 regulam
1328 866 1614 913 conturbare
1643 867 1817 925 voluit,
1851 876 1897 914 et
1921 883 2019 913 non
2047 855 2252 930 legitime
2275 867 2325 913 in
2353 877 2467 914 voto
2491 885 2579 914 suo

460 945 745 1008 permansit,
777 955 827 992 ut
853 945 1182 1009 poenitentiam
1209 956 1315 1010 agat
1338 946 1400 993 de
1426 946 1645 993 illusione
1671 946 1897 1006 nefanda,
1929 956 1975 994 et
2002 956 2264 993 revertatur
2289 946 2350 993 ad
2378 946 2427 993 id
2448 947 2580 1011 quod

459 1023 744 1088 spopondit,
775 1034 820 1071 et
846 1025 893 1070 in
922 1042 1057 1072 sacro
1084 1026 1344 1073 ministerio
1363 1026 1620 1072 inchoavit.
1642 1029 1761 1073 Nam
1780 1027 1819 1072 si
1839 1027 2246 1086 consenserimus,
2267 1026 2400 1091 quod
2420 1027 2581 1074 omnia

460 1103 769 1150 ecclesiastica
804 1115 1097 1152 sacramenta
1129 1106 1329 1170 quisque
1362 1116 1503 1171 prout
1538 1106 1638 1153 vult
1668 1106 1843 1170 fingat,
1876 1117 1922 1154 et
1962 1123 2060 1153 non
2090 1124 2201 1154 vere
2228 1107 2391 1167 faciat,
2426 1109 2583 1154 omnis

461 1184 581 1231 ordo
608 1185 947 1233 ecclesiasticus
975 1186 1267 1246 turbabitur,
1297 1203 1386 1234 nec
1412 1186 1653 1234 catholicae
1678 1186 1787 1234 fidei
1806 1187 1915 1250 jura
1936 1188 2222 1247 consistunt,
2252 1204 2342 1235 nec
2376 1204 2585 1235 canones

461 1265 579 1311 sacri
606 1266 693 1312 rite
729 1266 1056 1313 observantur.
1099 1267 1227 1324 Quid
1267 1268 1394 1315 enim
1419 1268 1597 1332 profuit
1620 1268 1803 1314 Simoni
1827 1270 1964 1331 Mago
1990 1268 2224 1333 baptisma
2255 1285 2443 1315 sacrum
2475 1267 2583 1315 ficte

462 1345 724 1410 suscipere,
758 1356 803 1393 et
838 1347 884 1393 in
918 1347 1255 1395 christianitate
1293 1365 1342 1395 se
1370 1365 1736 1413 permansurum
1763 1348 1974 1409 finxisse,
2010 1365 2160 1413 quum
2193 1366 2279 1413 per
2304 1348 2583 1414 Apostolum

464 1424 627 1472 fraude
650 1427 750 1489 ejus
775 1427 965 1474 detecta»
985 1427 1117 1491 quod
1145 1428 1234 1474 sibi
1252 1428 1463 1475 futurum
1483 1439 1603 1475 esset
1620 1430 1982 1493 pronuntiatum
2001 1429 2118 1476 fuit?
2139 1430 2212 1476 Ait
2235 1430 2366 1476 enim
2386 1448 2396 1475 ε
2435 1449 2458 1474 «
2480 1433 2586 1476 Poe·

466 1505 660 1551 nitentia
680 1516 759 1553 tua
785 1517 942 1553 tecum
967 1508 1025 1553 sit
1050 1508 1098 1554 in
1122 1508 1406 1572 perditione.
1436 1510 1530 1554 Cor
1554 1509 1680 1554 enim
1709 1517 1846 1554 tuum
1870 1525 1971 1555 non
1990 1519 2060 1555 est
2078 1519 2260 1555 rectum
2279 1525 2442 1555 coram
2460 1511 2566 1556 Deo

468 1588 794 1634 Poenitentiam
822 1589 981 1652 itaque
1004 1604 1089 1651 age
1114 1588 1174 1634 de
1200 1588 1291 1634 hac
1316 1588 1528 1651 nequitia
1553 1598 1632 1634 tua
1649 1624 1661 1648 ,
1695 1598 1740 1634 et
1782 1604 1895 1652 roga
1918 1591 2074 1635 Deum
2099 1599 2150 1635 ut
2174 1588 2294 1635 forte
2323 1589 2588 1636 remittatur

466 1665 549 1712 tibi
574 1668 795 1731 cogitatio
822 1668 979 1715 cordis
1001 1668 1085 1714 tui.
1110 1671 1162 1713 In
1182 1667 1288 1714 felle
1307 1668 1435 1714 enim
1456 1667 1782 1714 amaritudinis
1801 1679 1847 1715 et
1866 1667 2154 1732 obligatione
2171 1669 2429 1733 iniquitatis
2448 1669 2589 1717 video

468 1755 512 1791 te
537 1762 652 1792 esse.
679 1765 701 1789 >›
730 1746 844 1794 ldeo
869 1747 1012 1806 tales,
1040 1747 1130 1793 nisi
1157 1747 1453 1812 resipiscant,
1485 1746 1714 1811 spirituali
1745 1746 1901 1811 gladio
1927 1758 2174 1812 percutere
2193 1765 2457 1796 censemus.
2482 1751 2587 1796 Non

468 1827 596 1872 enim
635 1827 701 1874 fas
729 1838 798 1874 est
823 1828 1016 1892 Spiritui
1038 1838 1202 1875 sancto
1226 1829 1443 1887 mentiri,
1481 1828 1616 1875 sicuti
1644 1829 1846 1875 Ananias
1869 1839 1915 1877 et
1941 1829 2139 1894 Saphira
2168 1830 2351 1877 mentiti
2373 1839 2512 1889 sunt,
2545 1841 2589 1877 et

467 1908 622 1954 statim
650 1908 908 1972 perierunt.

534 1991 611 2034 Ex
638 1988 833 2035 concilio
858 1988 1141 2049 arelatensi,
1172 2006 1275 2053 cap.
1306 2006 1388 2036 vn.
1408 2018 1471 2024 -
1489 1989 1748 2037 Sciendum
1774 1999 1844 2037 est
1879 1989 2128 2050 omnibus,
2158 1991 2292 2055 quod
2311 1994 2412 2039 Deo
2439 2009 2592 2039 sacra-

472 2079 624 2115 tarum
657 2069 938 2116 feminarum
979 2086 1181 2135 corpora
1221 2087 1307 2135 per
1346 2080 1512 2117 votum
1551 2071 1755 2136 propriae
1782 2071 2052 2135 sponsionis
2081 2081 2128 2118 et
2164 2071 2308 2118 verba
2336 2071 2596 2120 sacerdotis

472 2153 574 2196 Deo
591 2161 864 2197 consecrata
883 2151 1058 2217 templa
1077 2168 1178 2198 esse
1197 2152 1544 2217 Scripturarurn
1562 2152 1845 2199 testimoniis
1865 2152 2267 2218 comprobantur;
2297 2163 2343 2200 et
2360 2153 2470 2200 ideo
2489 2154 2591 2201 vio·

471 2229 644 2276 latores
668 2246 831 2276 earum
857 2231 1093 2295 sacrilegi,
1122 2248 1176 2277 ac
1199 2231 1332 2294 juxta
1358 2232 1637 2296 Apostolum
1664 2231 1747 2278 filii
1772 2232 2053 2296 perditionis
2082 2249 2183 2279 esse
2210 2231 2488 2280 noscuntur.

539 2312 725 2356 Dictum
753 2313 982 2374 Apostoli.
997 2337 1063 2348 -—-
1081 2331 1100 2355 «
1129 2312 1330 2376 Praecipe
1346 2348 1357 2368 ,
1383 2331 1404 2355 »
1434 2313 1610 2375 inquit,
1638 2332 1660 2356 «
1684 2322 1734 2359 ut
1759 2312 1912 2359 viduae
1930 2313 2365 2377 irreprehensibiles
2382 2314 2490 2361 sint.
2516 2315 2594 2360 Vi-

472 2389 566 2435 dua
585 2389 782 2453 eligatur
803 2406 901 2436 non
929 2391 1085 2437 minus
1109 2391 1420 2455 quadraginta
1437 2408 1675 2438 annorum
1693 2393 1741 2438 in
1761 2391 1984 2456 operibus
2005 2391 2146 2439 bonis
2167 2393 2493 2441 testimonium
2513 2394 2595 2440 ha-

472 2468 607 2529 bens,
619 2470 656 2516 si
670 2469 792 2516 filios
807 2469 1074 2517 educavit.»
1091 2474 1146 2516 Et
1166 2489 1175 2517 :
1199 2490 1222 2515 «
1237 2471 1644 2519 Adolescentiores
1658 2472 1826 2518 viduas
1839 2472 2011 2530 devita.
2032 2475 2193 2530 Quum
2211 2473 2339 2520 enim
2354 2473 2596 2521 luxuriatae

474 2550 668 2610 fuerint,
697 2551 743 2596 in
775 2550 962 2597 Christo
990 2551 1174 2598 nubere
1195 2551 1390 2610 volunt,
1419 2551 1650 2599 habentes
1676 2552 2061 2612 damnationem,
2090 2553 2202 2616 quia
2221 2554 2427 2617 primam
2452 2553 2596 2602 fidem

475 2632 654 2678 irritam
675 2631 912 2691 fecerunt,
946 2632 1087 2679 simul
1113 2642 1159 2679 et
1183 2633 1335 2679 otiose
1358 2633 1609 2697 loquentes
1634 2633 1767 2697 quod
1791 2650 1890 2680 non
1920 2643 2126 2698 oportet.
2162 2634 2283 2681 Volo
2310 2652 2422 2697 ergo
2439 2636 2598 2698 junio-

475 2730 548 2759 res
595 2713 805 2773 nubere,
852 2712 975 2759 filios
1010 2729 1263 2778 procreare
1287 2749 1297 2772 ,
1344 2714 1716 2761 matresfamilias
1754 2730 1879 2772 esse,
1929 2713 2108 2760 nullam
2148 2715 2449 2762 occasionem
2485 2715 2601 2762 dare

476 2794 744 2840 adversario
770 2793 1010 2840 maledicti
1040 2794 1201 2857 gratia.
1241 2797 1344 2840 Jam
1370 2795 1497 2840 enim
1517 2794 1736 2858 quaedam
1763 2810 2002 2841 conversae
2027 2803 2136 2840 sunt
2163 2804 2291 2841 retro
2316 2797 2554 2843 Satanam.
2573 2815 2595 2839 »

544 2877 617 2919 Em
644 2873 841 2919 concilio
882 2875 1253 2938 maguntinensi,
1283 2890 1386 2938 cap.
1421 2891 1520 2920 xm.
1550 2902 1617 2909 —
1635 2873 1901 2920 Abbatissas
1936 2883 2094 2920 autem
2123 2890 2235 2920 cum
2264 2875 2600 2922 sanctimonia-

478 2951 600 3000 libus
630 2954 829 3000 omnino
861 2963 987 3000 recte
1016 2963 1062 3000 et
1083 2953 1208 3016 juste
1232 2954 1392 3000 vivere
1413 2970 1675 3000 censemus.
1705 2956 1821 3010 Quae
1838 2970 1952 3000 vero
1973 2953 2317 3018 professionem
2336 2956 2599 3003 secundum

480 3034 687 3097 regulam
715 3034 863 3081 sancti
891 3030 1134 3081 Benedicti
1159 3034 1398 3093 fecerunt,
1439 3034 1737 3098 singulariter
1760 3034 1937 3080 vivant.
1979 3034 2058 3080 Sin
2085 3044 2244 3081 autem
2277 3035 2507 3082 canonice
2536 3037 2602 3082 vi—

484 3125 619 3174 vant,
646 3115 846 3178 pleniter
875 3125 922 3162 et
950 3115 1039 3162 sub
1063 3114 1275 3179 diligenti
1302 3131 1416 3162 cura
1448 3114 1715 3161 custodiam
1734 3114 1967 3173 habeant,
2001 3124 2048 3161 et
2073 3115 2123 3160 in
2148 3114 2361 3161 claustris
2378 3115 2473 3161 suis
2497 3132 2602 3180 per-

486 3206 737 3253 maneant,
782 3213 870 3243 nec
911 3196 1035 3244 foras
1069 3197 1250 3244 exitum
1274 3195 1498 3243 habeant.
1527 3194 1620 3242 Sed
1648 3204 1695 3241 et
1725 3195 1835 3260 ipsae
1861 3194 2103 3241 abbatissae
2129 3194 2178 3245 in
2202 3195 2502 3242 monasteriis
2538 3212 2604 3242 se—

487 3276 631 3323 deant
647 3312 658 3334 ,
692 3293 779 3322 nec
808 3277 931 3323 foras
958 3277 1133 3324 vadant
1159 3277 1260 3324 sine
1294 3276 1484 3324 licentia
1509 3285 1555 3323 et
1583 3275 1783 3322 consilio
1810 3276 2021 3341 episcopi
2044 3275 2132 3322 sui.

534 3431 542 3446 ¹
565 3431 658 3462 Forte
673 3431 783 3462 Alvino
803 3437 925 3463 sanctae
938 3433 1116 3471 januensis.
1133 3432 1182 3464 Ad
1195 3443 1291 3476 quem
1308 3432 1382 3465 dist.
1405 3442 1517 3470 xxxiv,
1564 3430 1708 3473 reperire
1728 3429 1830 3473 potui.
1851 3430 1946 3472 (Not.
1974 3429 2066 3461 Δηώ.
2079 3429 2089 3469 >
2104 3444 2128 3452 ·-
2149 3427 2336 3470 tegendum
2365 3428 2472 3471 potius
2490 3429 2603 3462 Albino

508 3498 563 3531 ap.
586 3498 608 3519 1.
634 3505 656 3510 -
677 3486 847 3518 Adaberini
871 3486 955 3519 enim
986 3488 1016 3519 in
1048 3488 1195 3521 omnibus
1220 3489 1341 3521 Nicolai
1374 3488 1518 3531 epistolis
1565 3493 1688 3519 sanctae
1702 3489 1878 3519 viennensis
1890 3487 2060 3525 Ecclesiae,
2075 3483 2140 3518 vid.
2156 3485 2297 3524 Decret„
2309 3495 2343 3529 p.
2360 3485 2392 3524 1,
2409 3485 2485 3518 dist.
2500 3495 2603 3524 xxvii,

490 3544 577 3576 nulla
593 3541 626 3574 tit
641 3542 777 3581 mentio,
797 3551 900 3584 neque
922 3542 1097 3575 vivacensis
1114 3543 1250 3577 ecclesia
1266 3555 1337 3587 quae
1352 3543 1392 3577 sit
1412 3543 1517 3576 adhuc
1562 3554 1636 3586 cap.
1651 3554 1693 3576 vi.
1712 3543 1805 3585 (Not.
1821 3553 1893 3575 nov.
1914 3541 2022 3583 Edit.)
