2970 4152
1007 397 1066 445 IN
1098 394 1542 443 SEPTUAGESIMA
1575 395 1790 442 SERMO.
2103 428 2106 429 γ
2361 397 2455 443 4Ο3

347 486 491 543 Quod
512 503 598 552 per
616 489 914 553 semetipsam
934 491 1138 538 Veritas¹
1159 509 1168 537 ε
1195 509 1219 535 «
1238 490 1365 537 Beati
1382 490 1464 553 qui
1483 506 1612 536 nunc
1632 490 1773 550 fletis,
1794 490 1904 554 quia
1930 489 2154 537 ridebitis.
2178 489 2306 545 Beati
2333 491 2459 537 eritis

345 581 495 629 quum
521 583 607 614 vos
633 568 822 615 oderint
842 569 1084 631 homines,
1110 580 1153 617 et
1179 569 1569 634 exprobraverint
1596 580 1793 633 propter
1822 569 1975 617 filium
1999 569 2207 616 hominis
2229 588 2238 615 ε
2260 571 2459 633 gaudete

345 647 393 692 in
418 646 495 693 illa
514 647 613 706 die,
636 658 682 695 et
701 649 918 703 exultate.
956 653 1075 698 Ecce
1102 651 1229 698 enim
1258 667 1439 697 merces
1457 659 1611 696 vestra
1635 650 1783 696 multa
1802 660 1871 697 est
1889 651 1938 696 in
1954 648 2093 696 coelo.
2127 653 2458 699 Verumtamen

346 744 414 774 vae
436 727 571 774 vobis
594 728 837 788 divitibus,
869 732 951 794 qui
978 731 1162 778 habetis
1186 730 1563 778 consolationem
1590 739 1809 776 vestram.
1844 733 1924 777 Vae
1950 730 2083 777 vobis
2108 732 2321 791 saturati,
2350 733 2462 796 quia

347 808 573 854 esurietis.
597 811 676 855 Vae
693 808 830 856 vobis
848 811 931 874 qui
949 810 1110 858 ridetis
1128 828 1279 870 nunc,
1296 810 1526 875 quoniam
1544 809 1761 873 lugebitis
1776 820 1823 857 et
1839 810 2021 857 flebitis.
2043 813 2122 857 Vae
2140 811 2291 871 vobis,
2312 831 2461 876 quum

346 885 674 935 benedixerint
704 888 839 935 vobis
872 905 1039 936 omnes
1070 890 1349 938 homines.»
1387 892 1446 936 Et
1477 889 1588 936 alibi
1619 889 1744 936 hanc
1776 889 2090 954 reproborum
2124 901 2170 937 et
2202 891 2461 939 electorum

345 977 526 1019 sortem
555 967 903 1032 disfinguens’:
939 989 962 1014 «
994 969 1222 1029 Mundus,
1243 989 1267 1014 n
1292 969 1480 1034 ¹inquit,
1517 989 1539 1014 (ι
1567 968 1820 1033 gaudebit,
1854 986 1939 1016 vos
1974 980 2131 1017 autem
2165 973 2460 1019 contristabi-

348 1047 491 1107 mini,
518 1047 602 1094 sed
630 1048 810 1094 tristitia
832 1058 987 1095 vestra
1011 1059 1220 1096 vertetur
1249 1051 1298 1096 in
1330 1049 1572 1114 gaudium.
1593 1069 1616 1093 »
1648 1052 1803 1107 Quam
1830 1066 1940 1096 mox
1965 1051 2197 1097 tristitiam
2228 1062 2272 1098 et
2303 1052 2463 1100 subse-

348 1137 568 1174 cuturum
594 1127 820 1191 gaudium
848 1129 897 1174 in
923 1130 1330 1193 comparationem
1352 1129 1561 1176 mulieris
1579 1129 1803 1194 parientis
1821 1129 2087 1189 conferens,
2108 1131 2195 1177 ait³
2218 1150 2227 1177 :
2256 1151 2278 1175 «
2299 1133 2465 1180 Mulier

348 1224 499 1271 quum
520 1209 659 1273 parit,
689 1209 922 1255 tristitiam
948 1209 1108 1256 habet.
1130 1212 1291 1267 Quum
1318 1220 1476 1256 autem
1495 1210 1731 1275 pepererit
1753 1226 1977 1274 puerum,
1998 1211 2098 1273 jam
2121 1228 2219 1258 non
2252 1214 2466 1261 meminit

347 1303 577 1351 pressurae
601 1299 797 1353 propter
820 1288 1107 1352 gaudium.»
1144 1289 1272 1347 Quid
1302 1290 1431 1336 enim
1461 1300 1622 1354 partus
1643 1289 1852 1337 mulieris
1881 1307 1989 1337 cum
2021 1291 2188 1338 dolore
2211 1293 2459 1356 parientis,

349 1368 439 1414 nisi
461 1383 607 1432 opera
630 1369 766 1414 fortia
791 1379 902 1415 sunt
922 1370 1091 1416 animae
1110 1369 1284 1428 fidelis,
1313 1386 1417 1433 quae
1444 1386 1530 1434 per
1548 1369 1698 1416 filium
1726 1371 1874 1434 magis
1898 1387 2043 1434 quam
2070 1388 2156 1435 per
2182 1370 2324 1419 filiam
2346 1373 2466 1421 desi-

350 1448 584 1512 guantur?
611 1452 719 1495 Haec
741 1448 819 1495 illa
842 1460 952 1496 sunt
967 1449 1177 1497 fidelium
1205 1450 1407 1508 semina,
1431 1450 1491 1496 de
1510 1449 1683 1514 quibus
1709 1467 1853 1515 snpra
1880 1452 2183 1499 meminimus
2204 1471 2213 1499 :
2238 1473 2260 1498 «
2286 1456 2379 1511 Qui
2398 1472 2466 1502 se-

350 1529 534 1575 minant
557 1529 606 1574 in
632 1528 871 1592 lacrymis,
893 1529 915 1574 >3
935 1529 1029 1576 hoc
1058 1539 1127 1576 est
1157 1531 1206 1576 in
1230 1529 1370 1593 hujus
1394 1530 1500 1576 vitae
1523 1531 1753 1596 pressuris
1777 1540 2004 1595 tanquam
2028 1531 2185 1579 hieme
2212 1550 2316 1597 quae
2339 1535 2468 1581 colli—

351 1617 463 1674 gant
486 1610 534 1655 in
559 1618 732 1655 aestate.
771 1609 1068 1656 Seminemus
1101 1619 1148 1656 et
1178 1626 1292 1669 nos,
1326 1609 1579 1668 carissimi,
1614 1610 1805 1670 flentes,
1838 1628 1943 1675 quae
1974 1621 2207 1660 metamus
2239 1613 2462 1662 ridentes.

352 1690 422 1738 Ad
440 1680 572 1754 quod
596 1705 684 1735 nos
707 1689 943 1753 praecipue
967 1690 1069 1754 ipsa
1090 1706 1283 1754 quoque
1298 1690 1539 1754 praesentis
1562 1691 1788 1755 temporis
1809 1691 2039 1738 institutio
2062 1691 2312 1753 admonet,
2336 1694 2468 1758 quod

350 1772 399 1818 in
430 1770 648 1819 lamentis
681 1770 967 1834 poenitentiae
1000 1771 1225 1835 praevenit
1256 1770 1463 1818 laetitiam
1486 1773 1841 1819 resurrectionis
1875 1771 2142 1821 dominicae.
2183 1775 2272 1821 Ubi
2304 1786 2351 1824 et
2380 1776 2468 1823 illae

350 1849 575 1916 speciales
597 1849 754 1912 gaudii
778 1865 947 1896 voces:
975 1869 998 1894 «
1017 1849 1234 1910 Alleluia,
1257 1860 1369 1909 etc.,
1396 1850 1558 1898 Gloria
1580 1852 1627 1898 in
1652 1851 1845 1899 excelsis
1870 1855 1994 1911 Deo,
2017 1872 2039 1897 »
2062 1853 2332 1915 subtractae,
2354 1874 2468 1903 moe-

350 1931 472 1979 roris
502 1929 661 1995 potius
687 1945 830 1992 quam
860 1928 1026 1975 laetitiae
1057 1940 1243 1995 tempus
1266 1930 1391 1977 istud
1415 1931 1657 1978 insinuant
1688 1949 1808 1990 esse,
1843 1942 1890 1979 et
1911 1932 2131 1997 planctus·
2153 1936 2300 1998 magis
2323 1952 2467 2000 quam

351 2010 537 2058 cantici.
570 2011 624 2055 In
655 2025 752 2073 quo
783 2008 845 2055 ad
878 2008 1078 2056 modum
1104 2010 1427 2075 captivorum,
1461 2026 1584 2074 quos
1613 2010 1839 2070 diximus,
1872 2028 2049 2076 organa
2077 2023 2238 2060 nostra
2268 2031 2469 2079 suspen-

351 2092 541 2149 dentes,
568 2100 615 2138 et
642 2107 666 2135 a
694 2090 887 2136 canticis
910 2100 1166 2148 cessantes,
1198 2092 1390 2138 moerori
1414 2092 1561 2156 magis
1586 2108 1728 2156 quam
1753 2091 2026 2140 exultationi
2050 2111 2214 2141 vacare
2240 2111 2329 2142 nos
2353 2113 2469 2143 con-

350 2171 505 2229 venit,
532 2185 720 2234 semper
742 2169 1039 2216 attendentes
1063 2169 1252 2217 exilium
1279 2170 1411 2235 quod
1436 2171 1746 2230 sustinemus,
1773 2181 1820 2218 et
1845 2171 1906 2219 ad
1932 2172 2132 2236 patriam
2155 2175 2466 2239 suspirantes,

351 2250 413 2298 ad
445 2264 591 2314 quam
624 2249 769 2295 creati
800 2265 981 2295 sumus.
1023 2249 1167 2313 Cujus
1198 2250 1393 2314 quidem
1426 2251 1588 2315 patriae
1622 2250 1814 2297 felicitas
1850 2251 1898 2297 in
1934 2253 2277 2300 resurrectione
2307 2256 2471 2320 capitis

352 2329 579 2379 membris
606 2340 676 2377 est
699 2329 926 2388 exhibita,
953 2328 1038 2376 sed
1059 2330 1279 2377 nondum
1302 2331 1349 2378 in
1374 2331 1484 2396 ipsis
1515 2331 1767 2397 completa.
1796 2331 1933 2379 Unde
1960 2342 2089 2379 tanto
2116 2333 2358 2382 ardentius
2382 2353 2470 2382 nos

353 2409 576 2458 convenit
606 2409 668 2455 ad
693 2408 821 2455 illam
843 2409 1101 2474 suspirare,
1129 2419 1310 2473 quanto
1333 2411 1508 2457 certius
1530 2411 1579 2456 in
1604 2411 1756 2475 capite
1788 2412 2009 2458 novimus
2031 2412 2156 2459 hanc
2183 2414 2470 2478 completam

354 2507 482 2549 esse;
510 2499 561 2536 ut
586 2506 675 2536 nec
703 2499 812 2554 post
839 2489 1021 2536 luctum
1051 2491 1339 2554 poenitentiae
1358 2491 1576 2556 perfectis
1605 2491 1761 2538 desint
1785 2491 2023 2539 dilationis
2041 2493 2258 2556 lacrymae
2281 2495 2472 2544 dissolvi

354 2569 675 2636 cupientibus,
698 2580 746 2616 et
767 2586 877 2616 cum
900 2569 1087 2616 Christo
1119 2587 1235 2617 esse.
1258 2573 1430 2617 Totum
1458 2572 1617 2635 itaque
1644 2581 1830 2636 tempus
1850 2574 1954 2619 vitae
1976 2575 2216 2638 praesentis
2242 2576 2290 2622 in
2315 2577 2472 2642 lacry-

354 2651 444 2698 mis
477 2650 770 2698 deducendis
800 2649 875 2696 vel
906 2651 1194 2714 poenitentiae
1222 2651 1296 2698 vel
1329 2651 1592 2711 dilationis,
1629 2652 1750 2713 sicut
1779 2662 1847 2700 est
1881 2653 2182 2719 praedictum,
2221 2656 2315 2704 hoc
2349 2669 2473 2706 tem-

354 2732 484 2795 poris
513 2730 843 2795 intercapedo,
870 2747 898 2777 a
920 2731 1138 2796 praesenti
1170 2731 1343 2779 scilicet
1377 2732 1456 2779 die
1485 2749 1635 2797 usque
1659 2733 1721 2780 ad
1749 2744 1939 2781 octavas
1968 2735 2180 2796 Paschae,
2213 2739 2341 2787 unde
2371 2741 2472 2806 ipsa

355 2812 481 2860 dicta
504 2822 574 2860 est
596 2812 961 2878 septuagesima,
988 2812 1128 2859 nobis
1152 2811 1336 2877 figurat.
1368 2813 1496 2871 Quid
1518 2814 1646 2861 enim
1666 2814 1766 2862 dies
1789 2825 1983 2863 octavus
2008 2816 2297 2866 dominicam
2321 2838 2474 2869 resur-

354 2892 617 2940 rectionem
641 2892 956 2956 subsequens,
983 2893 1073 2940 nisi
1098 2909 1407 2941 communem
1432 2893 1644 2942 fidelium
1668 2896 1886 2960 exprimit
1909 2899 2336 2947 resurrectionem?
2358 2905 2473 2960 Quae

355 2981 487 3019 tanto
523 2973 732 3020 securius
766 2983 1039 3038 expectatur
1073 2989 1102 3020 a
1131 2973 1380 3034 membris,
1418 2985 1599 3039 quanto
1633 2975 1714 3023 illa
1746 2978 1919 3024 certius
1952 2978 2000 3024 in
2033 2980 2185 3044 capite
2221 2984 2469 3045 praecessit.

355 3052 499 3115 Cujus
531 3051 819 3100 desiderium
857 3053 959 3118 ipse
992 3053 1059 3100 sic
1090 3054 1140 3101 in
1173 3053 1313 3102 nobis
1343 3071 1533 3122 semper
1561 3066 1758 3120 augeat,
1796 3067 1850 3104 ut
1887 3057 1948 3105 de
1979 3057 2069 3106 hac
2095 3062 2474 3126 peregrinatione

355 3131 417 3178 ad
451 3132 649 3196 patriam
667 3168 679 3191 ,
708 3132 770 3179 de
803 3131 893 3180 hac
924 3131 1045 3180 valle
1081 3132 1397 3198 lacrymarum
1432 3135 1493 3182 ad
1529 3153 1744 3202 supernae
1777 3136 2005 3185 felicitatis
2040 3139 2192 3188 trahat
2227 3143 2469 3207 gaudium.

356 3214 522 3260 Amen.

404 3355 413 3371 ¹
442 3355 535 3396 Luc„
554 3367 694 3400 cap.v1,
716 3368 745 3390 v.
760 3359 814 3390 91.
827 3375 871 3383 -
888 3357 899 3375 ¹
912 3358 1022 3400 Joan.,
1036 3369 1111 3402 cap.
1127 3370 1201 3399 xvi,
1218 3370 1247 3392 v.
1264 3361 1318 3393 20.
1334 3377 1374 3383 -·
1394 3360 1521 3401 ³1b'rd.‚
1536 3372 1565 3393 v.
1585 3363 1638 3394 21.
