2970 4152
543 409 639 456 496
1342 410 1513 459 PETRI
1547 412 1861 460 ABAELARDI

499 531 504 535 ·
543 502 720 550 scilicet
735 505 939 568 peccati,
959 504 1168 551 liberasti
1191 521 1276 569 per
1297 505 1516 570 spiritum
1537 506 1758 555 videlicet
1780 507 1948 555 datum
1969 526 1979 554 :
2003 507 2063 554 de
2086 523 2184 572 quo
2207 507 2322 554 dicit
2344 508 2622 573 Apostolus¹
2645 527 2655 554 ε

546 602 568 627 κ
590 583 682 630 Ubi
703 585 893 649 spiritus
915 586 1134 644 Domini,
1159 585 1226 633 ibi
1253 585 1463 634 libertaS.
1484 606 1515 645 ι),
1534 589 1758 654 Quisquis
1786 589 1916 635 enim
1945 605 2001 635 ex
2029 589 2248 647 caritate,
2274 605 2378 652 quae
2405 605 2492 653 per
2517 588 2661 653 Spiri-

543 662 644 710 tum
663 675 882 712 sanctum
904 666 1187 726 infunditur,
1209 667 1369 732 potius
1388 685 1534 733 quam
1551 685 1607 716 ex
1625 669 1798 716 timore
1816 671 1918 716 Deo
1940 669 2107 727 servit,
2134 669 2314 716 amicus
2334 668 2495 733 potius
2514 684 2660 733 quam

540 762 703 792 servus
724 746 957 793 dicendus
980 758 1072 807 est,
1098 758 1146 796 et
1167 748 1395 809 liberum,
1421 767 1523 797 non
1545 742 1767 798 coactum
1789 749 2026 815 impendit
2047 749 2350 815 obsequium.
2379 770 2401 795 «
2419 750 2562 798 Filios
2582 754 2658 802 Ja—

539 827 631 873 cob
654 838 701 874 et
722 828 915 894 loseph.
939 848 962 874 >›
981 832 1143 887 Quum
1159 831 1376 896 superius
1398 830 1591 879 dixisset
1612 831 1819 896 populos
1841 831 2109 878 secundum
2130 831 2490 879 multitudinem
2508 832 2661 879 homi-

540 922 655 953 num
668 945 679 965 ‚
705 907 781 955 vel
803 908 1127 957 diversitatem
1147 919 1406 970 terrarum,
1432 921 1514 958 aut
1534 912 1809 974 regionu1n3
1835 920 1882 958 et
1904 927 2035 957 nunc
2060 910 2308 975 adjecisset
2327 911 2564 977 populum
2585 927 2658 958 se-

539 988 753 1036 cundum
771 990 1003 1038 unitatem
1022 990 1253 1052 fidei,‚vel
1271 992 1543 1040 dilectionis
1560 991 1807 1038 vinculum
1819 1029 1830 1050 ,
1854 991 2104 1055 quomodo
2127 1002 2175 1039 et
2195 991 2406 1040 diversas
2427 992 2659 1040 Ecclesiae

537 1078 584 1113 et
606 1085 753 1125 unam
775 1070 1002 1131 diximus,
1028 1088 1089 1120 ne
1110 1071 1353 1120 videretur
1379 1071 1547 1137 populi
1569 1072 1767 1119 nomine
1795 1081 1876 1119 aut
1898 1071 2146 1135 judaicum
2173 1081 2387 1131 tantum,
2426 1083 2508 1120 aut
2542 1089 2657 1136 gen-

537 1147 668 1195 tilem
690 1150 928 1215 accipere,
953 1151 1118 1199 addit:
1156 1151 1340 1199 «Filios
1369 1152 1517 1198 Jacob
1549 1161 1596 1198 et
1626 1150 1827 1216 Joseph,
1855 1170 1878 1195 »
1905 1151 1956 1198 id
1990 1161 2061 1198 est
2093 1162 2312 1217 posteros
2347 1163 2447 1199 tam
2479 1153 2657 1216 judaici

536 1245 682 1293 quam
704 1231 890 1295 gentilis
912 1233 1102 1298 populi,
1125 1243 1178 1280 ut
1198 1232 1419 1280 videlicet
1440 1234 1490 1279 in
1515 1231 1723 1282 Ecclesia
1745 1232 1844 1280 duo
1866 1233 2094 1298 parietes,
2121 1233 2183 1280 ad
2205 1247 2358 1280 unum
2380 1234 2656 1298 angularem

535 1312 761 1376 lapidem,
780 1313 831 1360 id
850 1324 920 1362 est
936 1313 1176 1362 Christum
1193 1315 1523 1378 jungerentur.
1547 1313 1695 1361 Jacob
1717 1314 1897 1379 quippe
1918 1314 2252 1379 supplantator
2270 1318 2416 1374 Esan,
2441 1315 2531 1380 qui.
2546 1332 2657 1363 eum

536 1391 810 1441 haereditate
837 1410 923 1441 sua
943 1394 1171 1460 privavit,
1192 1393 1411 1457 judaicus
1440 1403 1512 1440 est
1537 1393 1745 1458 populus
1762 1431 1774 1454 ,
1803 1394 1892 1458 ‘qui
1923 1394 2120 1459 expulso
2155 1394 2318 1457 gentili
2338 1404 2518 1442 terram
2551 1412 2659 1460 pro-

535 1474 772 1522 missionis
794 1474 1019 1522 obtinuit.
1050 1474 1228 1540 Joseph
1254 1492 1370 1522 vero
1384 1513 1396 1534 ,
1428 1475 1510 1539 qui
1536 1486 1838 1540 augmentum
1866 1475 2224 1540 interpretatur,
2255 1475 2442 1539 gentilis
2469 1486 2539 1523 est
2566 1493 2655 1541 po-

534 1556 694 1621 pulus,
732 1557 815 1621 qui
846 1557 968 1603 sicut
1004 1556 1309 1604 multitudine
1344 1556 1601 1604 hominum
1633 1555 1930 1604 transcendit
1957 1556 2206 1620 judaicum
2225 1594 2236 1616 ,
2274 1558 2340 1605 ita
2372 1567 2421 1605 et
2453 1574 2655 1606 numero

534 1654 879 1686 conversorum
912 1637 1127 1686 fidelium
1159 1654 1390 1702 magnum
1411 1638 1630 1685 Ecclesiae
1657 1638 1791 1686 dedit
1813 1649 2141 1702 augmentum.
2169 1641 2353 1686 Paucos
2379 1641 2559 1706 quippe
2579 1640 2655 1688 vel

533 1717 689 1765 nullos
718 1735 773 1766 ex
800 1719 972 1766 Judaeis
993 1719 1355 1784 comparatione
1380 1718 1628 1783 gentilium
1651 1718 1860 1767 Ecclesia
1881 1719 2114 1766 continet.
2142 1719 2287 1777 Quod
2315 1721 2512 1785 quidem
2539 1738 2654 1786 aug-

531 1808 748 1846 mentum
771 1799 989 1847 Ecclesiae
1010 1799 1072 1847 de
1093 1799 1335 1847 conversis
1365 1799 1585 1864 gentibus
1612 1801 1772 1848 statim
1799 1801 2124 1866 prosequitur,
2149 1799 2314 1848 dicens
2337 1819 2347 1846 ε
2378 1820 2401 1845 «
2421 1801 2656 1849 Viderunt

531 1888 577 1925 te
600 1896 757 1944 aquae,
784 1882 934 1939 Deus,
958 1899 980 1925 ι)
1004 1879 1100 1928 hoc
1122 1890 1210 1940 est,
1236 1880 1480 1928 credendo
1504 1891 1551 1928 te
1573 1880 1907 1928 intellexerunt
1927 1880 2095 1946 populi
2117 1881 2370 1928 nationum
2384 1918 2395 1940 ,
2418 1882 2500 1945 qui
2521 1883 2653 1946 prius

530 1960 665 2024 quasi
693 1976 818 2024 aqua
844 1961 979 2008 omni
1004 1971 1152 2008 vento
1181 1960 1412 2008 doctrinae
1440 1960 1916 2020 circumferebantur,
1944 1977 2033 2008 nec
2067 1960 2336 2025 quidquam
2357 1961 2654 2008 certitudinis

530 2039 647 2104 quid
667 2041 801 2105 sequi
823 2041 1056 2088 deberent
1076 2059 1132 2089 ex
1154 2041 1257 2106 lege
1278 2040 1562 2089 didicerant.
1588 2045 1659 2089 De
1687 2041 1861 2106 quibus
1889 2041 1939 2087 in
1967 2041 2262 2106 Apocalypsi
2291 2041 2522 2108 scriptum
2543 2051 2613 2089 est
2639 2061 2649 2089 :

533 2140 555 2164 «
579 2123 721 2185 Aquae
736 2121 903 2186 populi
926 2122 1081 2169 multi.
1102 2141 1125 2166 »
1145 2124 1217 2169 De
1238 2120 1412 2186 quibus
1434 2121 1592 2169 adhuc
1613 2121 1852 2181 subditur,
1874 2122 1987 2186 quia
2002 2121 2106 2168 viso
2123 2124 2226 2168 Deo
2244 2121 2529 2180 timuerunt,
2552 2137 2653 2168 non

529 2213 629 2248 tam
650 2201 872 2249 videlicet
892 2202 1051 2249 servili
1071 2203 1268 2262 timore,
1294 2219 1442 2267 quam
1462 2219 1552 2268 pro
1576 2202 2015 2250 communicatione
2043 2218 2322 2267 poenarum,
2348 2219 2495 2267 quam
2521 2213 2652 2250 casto

529 2282 605 2329 vel
626 2281 756 2330 filiali
778 2283 877 2347 ejus
899 2299 1045 2348 quem
1066 2282 1270 2348 diligunt
1291 2283 1527 2331 offensam
1547 2293 1885 2349 praecaventes.
1928 2302 1950 2328 «
1977 2286 2035 2330 Et
2057 2282 2258 2331 turbatae
2277 2293 2390 2330 sunt
2411 2283 2567 2347 abyssi
2585 2321 2597 2342 ,
2626 2304 2649 2328 »

529 2365 622 2412 hoc
645 2376 717 2413 est
736 2365 1086 2431 profunditates
1108 2365 1342 2413 saecularis
1360 2364 1699 2431 philosophiae,
1722 2382 1827 2430 quae
1845 2366 1977 2431 prius
1999 2365 2136 2429 quasi
2157 2365 2498 2430 limpidissimae
2520 2381 2653 2430 aquae

527 2446 832 2506 videbantur,
858 2457 906 2494 et
928 2448 1247 2510 gratissimum
1267 2445 1516 2494 habebant
1535 2446 1786 2505 haustum,
1814 2447 1950 2510 quasi
1972 2445 2174 2492 turbatae
2210 2461 2266 2493 ac
2287 2446 2568 2493 coenulentae
2592 2447 2655 2493 vi-

527 2527 719 2575 luerunt
733 2564 744 2586 ,
768 2529 1131 2593 comparatione
1152 2527 1466 2594 simplicitatis
1489 2526 1787 2591 evangelicae.

595 2608 892 2656 «Multitudo
908 2610 1093 2657 sonitus
1106 2625 1364 2674 aquarum,
1387 2626 1409 2653 »
1431 2607 1636 2656 subaudi
1653 2624 1827 2655 vocem
1848 2626 1858 2653 :
1873 2606 2024 2654 dedit.
2041 2609 2101 2654 Et
2116 2607 2292 2671 quare?
2312 2608 2426 2671 quia
2444 2623 2654 2654 «vocem

526 2689 764 2737 dederunt
786 2689 955 2738 nubes.
980 2708 1004 2734 ›>
1029 2690 1205 2738 Multus
1227 2690 1406 2756 quippe
1427 2705 1575 2736 sonus
1597 2687 1770 2736 divinae
1799 2687 1954 2736 laudis
1981 2698 2176 2736 resonat
2202 2688 2253 2734 in
2287 2688 2530 2735 conversis
2562 2703 2651 2752 po-

526 2770 673 2834 pulis,
698 2786 818 2817 voce
840 2770 1067 2830 nubium,
1093 2770 1144 2818 id
1166 2781 1237 2818 est
1257 2769 1598 2836 praedicatione
1620 2769 1953 2835 apostolorum
1974 2768 2174 2816 edoctis.
2212 2787 2237 2812 «
2257 2767 2447 2815 Etenim
2475 2767 2652 2831 sagittae

527 2853 658 2910 tuae²,
690 2869 712 2894 »
738 2868 768 2898 o
790 2854 937 2911 Deus,
956 2867 1045 2916 per
1064 2850 1152 2898 has
1173 2850 1327 2898 nubes
1349 2850 1410 2898 de
1424 2851 1587 2898 Judaea
1607 2849 1960 2898 transferuntur
1982 2849 2043 2897 ad
2065 2858 2245 2914 gentes.
2269 2849 2456 2913 Sagittae
2474 2838 2652 2913 quippe

525 2943 635 2979 sunt
656 2931 805 2979 verba
819 2932 1101 2996 evangelicae
1119 2931 1472 2996 praedicationis
1489 2969 1500 2990 ,
1526 2947 1631 2996 quae
1652 2930 2098 2997 quasiquibusdam
2118 2929 2271 2977 divini
2291 2929 2468 2977 amoris
2483 2927 2651 2992 jaculis

526 3012 672 3060 corda
694 3013 950 3060 vulnerant
971 3012 1270 3072 auditorum,
1296 3012 1418 3059 sicut
1438 3011 1488 3058 in
1515 3012 1708 3058 Cantz'co
1730 3027 1907 3076 sponsa
1928 3009 2068 3058 dicit⁸
2094 3029 2104 3057 :
2132 3030 2155 3055 «
2176 3009 2435 3058 Vulnerata
2455 3008 2650 3056 caritate

527 3111 614 3156 ego
636 3111 760 3141 sum.
788 3113 810 3139 »
838 3096 897 3142 Et
919 3093 994 3141 hae
1015 3093 1214 3158 quidem
1235 3093 1413 3157 sagittae
1435 3092 1567 3157 prius
1588 3092 1639 3138 in
1661 3091 1824 3140 Judaea
1844 3101 2077 3156 tanquam
2099 3091 2149 3138 in
2171 3090 2395 3156 pharetra
2418 3088 2649 3136 teneban-

529 3183 604 3218 tur
617 3174 868 3232 conclusae,
886 3173 1061 3234 donec,
1080 3172 1251 3220 Judaeis
1264 3171 1576 3236 Evangelium
1595 3170 1954 3236 repellentibus,
1970 3171 2261 3218 transierunt
2278 3169 2340 3218 ad
2358 3179 2520 3233 gentes
2539 3184 2668 3234 apo-.

532 3253 663 3311 stoli,
695 3254 814 3301 sicut
849 3272 971 3302 unus
1007 3271 1176 3302 eorum
1208 3253 1271 3302 ad
1304 3254 1433 3319 ipsos
1469 3253 1561 3300 ait‘·
1587 3271 1597 3299 :
1627 3251 1821 3299 «Vobis
1855 3251 2110 3317 oportebat
2144 3252 2364 3317 primum·
2390 3249 2650 3315 praedicare

573 3400 579 3414 ¹
610 3399 752 3432 Corinth.
770 3400 820 3438 ll,
839 3410 911 3443 cap.
931 3412 983 3439 ιιι,
999 3411 1029 3433 ν.
1050 3401 1168 3432 17.-²‘
1184 3401 1302 3435 Psalm.
1320 3412 1417 3434 mxxvi
1429 3426 1438 3442 ‚
1457 3412 1486 3433 v.
1506 3402 1556 3433 18.
1613 3410 1670 3447 ‘³9¹'
1682 3410 1803 3439 meum,
1817 3409 1992 3432 sororlnea
2008 3396 2327 3441 sponsa,vulnerasti
2340 3406 2399 3429 cor
2413 3406 2520 3429 meum
2536 3396 2568 3428 in
2585 3406 2650 3428 uno

527 3456 583 3479 —³
595 3455 628 3487 ln
641 3457 773 3489 Cantico
789 3458 991 3489 Canticorum
1007 3457 1076 3490 haec
1093 3464 1215 3491 tantum
1230 3459 1392 3501 leguntur,
1411 3469 1430 3490 a
1448 3464 1558 3490 nostro
1613 3457 1781 3490 oculorum
1797 3463 1960 3489 tuorum.»
1973 3455 2072 3498 (Cap.
2091 3465 2135 3495 ιν,
2152 3464 2183 3487 v.
2199 3452 2314 3496 9.)—⁴
2327 3466 2343 3483 ιι
2363 3453 2461 3487 Vobis
2478 3452 2650 3496 oportebat

463 3515 466 3518 ⁴
526 3513 696 3546 abaelardo
710 3524 773 3546 non
793 3514 836 3546 ita
856 3512 953 3553 bene,
970 3520 1004 3545 ut
1023 3513 1161 3553 videtur,
1174 3514 1300 3548 detorta
1315 3528 1323 3547 ε
1346 3527 1360 3544 α
1377 3513 1558 3547 vulnerasti
1614 3514 1753 3558 primum
1765 3513 1853 3557 loqui
1867 3512 2007 3546 Verbum
2021 3511 2078 3545 Dei
2089 3536 2097 3552 ,
2114 3510 2171 3544 sed
2188 3511 2340 3554 quoniam
2351 3510 2507 3554 repellitis
2524 3509 2603 3543 illud
2617 3517 2648 3543 et
