2970 4152
570 358 663 404 562
1159 370 1163 371 ⁷
1360 355 1531 400 PETRI
1571 354 1877 401 ABAELARDI

567 449 1123 509 vestimento,dominico
1151 448 1212 494 sit
1237 447 1694 507 connumerandus¹,
1726 464 1871 512 quam
1899 447 1948 493 in
1977 443 2209 509 superiori
2241 452 2401 507 parte,
2428 441 2564 506 quasi
2590 457 2677 507 co3

567 548 709 590 rona,
742 530 1068 578 collocandus.
1101 528 1239 574 Unde
1269 538 1315 575 et
1345 529 1657 576 immaculatae
1684 545 1779 576 suae
1806 528 1961 575 carnis
1991 525 2148 572 hostia
2176 524 2353 570 caeteris
2387 522 2677 587 martyribus

563 611 801 675 praeponi,
823 620 868 656 et
890 610 940 655 in
962 608 1178 671 catalogo
1201 618 1385 673 septem
1406 605 1723 656 diaconorum
1738 619 1968 671 tanquam
1991 622 2160 653 eorum
2177 603 2558 663 archidiaconus,
2577 614 2676 651 tam

566 691 632 737 rei
661 707 805 754 quam
834 689 1016 736 ordinis
1044 689 1241 736 nomine
1264 690 1437 736 meruit
1459 691 1704 755 anteponi.
1738 688 1951 750 Decebat
1980 688 2158 751 quippe
2185 696 2239 732 ut
2262 686 2417 733 caeteri
2438 702 2550 732 cum
2570 686 2675 750 ipso

566 769 737 828 vobis²‚
763 779 816 816 ut
837 769 1065 828 diximus,
1092 768 1330 834 deputati,
1356 770 1456 833 ejus
1486 770 1721 835 praecipue
1744 778 2020 832 regerentur
2042 767 2257 825 arbitrio,
2283 766 2366 830 qui
2386 764 2677 812 castimoniae

565 848 875 913 praeminebat
895 849 1087 896 virtute.
1113 852 1240 896 Bene
1260 850 1421 914 itaque
1443 850 1605 897 divina
1627 848 1981 914 dispensatione
2003 857 2164 895 actum
2186 856 2255 894 est
2269 883 2280 905 ‚
2306 855 2360 892 ut
2380 846 2430 892 in
2459 843 2676 910 exemplo

566 928 852 992 martyribus
870 928 947 976 ille
966 929 1148 994 primus
1170 929 1489 990 exhiberetur,
1517 930 1599 994 qui
1621 930 1851 975 virtutum
1874 928 2022 992 gratia
2045 925 2345 992 praecedens,
2370 942 2453 972 eos
2475 924 2678 990 amplius

566 1009 851 1068 roboraret³,
876 1019 923 1056 et
941 1009 1003 1057 ad
1026 1026 1258 1057 coronam
1279 1020 1580 1099 provocaret.
1600 1013 1659 1055 Et
1680 1026 1871 1056 sursum
1895 1009 2092 1055 intuitus
2114 1011 2296 1066 Jesum,
2323 1016 2422 1053 tam
2443 1005 2493 1052 in
2516 1021 2679 1053 occur·

565 1105 693 1147 sum,
726 1105 872 1152 quam
899 1089 949 1135 in
979 1089 1206 1136 auxilium
1229 1090 1302 1136 sui
1329 1090 1506 1153 pariter
1536 1099 1764 1147 stantem,
1797 1088 1924 1134 hanc
1954 1086 2296 1134 revelationem
2325 1085 2415 1132 sibi
2442 1085 2547 1132 fieri
2576 1100 2677 1132 non

566 1168 746 1215 distulit
767 1168 1012 1233 profiteri:
1039 1186 1135 1233 qua
1155 1169 1376 1216 videlicet
1404 1185 1629 1233 sequaces
1657 1185 1769 1215 suos
1798 1168 1860 1215 ad
1887 1167 2281 1232 compatiendum
2309 1165 2512 1241 amplius
2538 1164 2680 1214 robo-

564 1259 714 1307 raret,
740 1259 787 1296 et
805 1249 1135 1296 adversarios'
1122 1267 1172 1296 ιιι
1189 1267 1240 1297 se
1256 1250 1414 1314 ipsum
1435 1248 1764 1295 vehementius
1789 1249 2149 1295 commoveret&
2177 1247 2479 1304 Meminerat,
2508 1246 2560 1292 ni
2586 1244 2680 1294 fal-

565 1330 656 1390 lor,
697 1330 866 1377 Isaiam
894 1346 922 1376 a
951 1329 1122 1377 Judaeis
1150 1331 1385 1388 occisum,
1418 1347 1476 1376 eo
1505 1329 1638 1393 quod
1662 1346 1711 1376 se
1739 1330 1828 1376 Dei
1859 1329 2177 1394 majestatem³
2205 1328 2378 1375 vidisse
2405 1329 2673 1392 scripserat.

568 1409 706 1456 Unde
729 1419 776 1456 et
796 1410 897 1473 ipse
921 1409 1123 1473 amplius
1151 1410 1266 1456 istos
1293 1409 1673 1456 commovendos
1696 1426 1752 1455 ex
1772 1408 2028 1456 his.verbis
2058 1409 2155 1455 suis
2181 1408 2450 1473 Stephanus
2477 1408 2679 1455 aestima·

566 1488 674 1547 bat,
701 1489 820 1535 sicut
854 1498 901 1534 et
934 1489 1094 1535 statim
1125 1505 1362 1535 annexum
1407 1499 1477 1535 est
1510 1506 1661 1553 quum
1695 1489 1889 1535 dicitur⁶
1912 1506 1923 1534 :
1953 1507 1976 1533 «
2000 1488 2327 1535 Exclamantes
2368 1497 2529 1553 autem
2560 1503 2680 1536 voce

567 1584 767 1630 magna,
799 1567 1141 1613 continuerunt
1170 1583 1307 1614 aures
1331 1584 1468 1626 suas,
1495 1578 1542 1614 et
1572 1569 1806 1632 impetum
1841 1567 2055 1614 fecerunt
2075 1568 2367 1615 unanimiter
2386 1567 2439 1614 in
2462 1583 2591 1614 eum.
2622 1568 2682 1615 Et

567 1648 804 1710 ejicientes
823 1664 934 1694 eum
956 1657 1086 1694 extra
1104 1648 1362 1705 civitatem,
1378 1647 1674 1711 lapidabant.
1702 1666 1726 1691 »
1746 1650 1881 1693 Hanc
1903 1647 2123 1694 eamdem
2145 1657 2337 1712 portam
2358 1648 2558 1706 aestimo,
2586 1662 2683 1711 qua

567 1738 613 1774 et
635 1728 848 1775 Christus
870 1727 932 1774 ad
953 1720 1330 1790 crucifigendum
1352 1743 1565 1790 egressus
1589 1737 1660 1774 est
1678 1746 1688 1773 :
1714 1737 1769 1773 ut
1790 1738 1837 1774 et
1858 1728 1958 1791 regi
1979 1738 2026 1774 et
2047 1727 2184 1774 militi
2206 1727 2337 1774 idem
2359 1727 2594 1792 passionis
2615 1726 2683 1776 lo-

568 1825 650 1854 cus
674 1818 795 1854 esset
822 1807 1109 1854 communis.
1136 1807 1440 1871 Completum
1462 1817 1533 1853 est
1554 1807 1604 1853 in
1628 1823 1686 1853 eo
1703 1807 1838 1871 juxta
1859 1808 2013 1872 ipsam
2035 1824 2228 1873 quoque
2248 1807 2521 1867 historiam,
2547 1805 2682 1872 quod

568 1888 629 1934 ad
659 1888 893 1934 Haebraeos
922 1887 1135 1934 scribens
1152 1887 1428 1951 Apostolus,
1461 1887 1571 1934 ait⁷:
1602 1890 1862 1944 «Quorum
1889 1888 2166 1935 animalium
2191 1887 2392 1934 infertur
2415 1889 2606 1951 sanguis
2629 1889 2683 1938 in

568 1977 730 2014 sancta
752 1983 837 2031 per
858 1966 1137 2031 pontificem
1151 2004 1163 2026 ,
1182 1967 1360 2014 horum
1378 1984 1584 2032 corpora
1605 1978 1879 2015 cremantur
1908 1978 2039 2015 extra
2063 1978 2235 2016 castra.
2260 1971 2458 2033 Propter
2480 1968 2614 2032 quod
2635 1977 2683 2016 et

570 2050 724 2105 Jesus,
755 2056 808 2092 ut
840 2045 1178 2106 sanctificaret,
1210 2063 1295 2111 per
1326 2064 1467 2094 suum
1499 2047 1804 2110 sanguinem,
1839 2048 2098 2113 populum,
2129 2057 2260 2095 extra
2291 2057 2482 2113 portam
2517 2064 2683 2113 passus

571 2138 657 2174 est.
678 2130 909 2175 Exeamus
930 2127 1071 2190 igitur
1087 2127 1149 2174 ad
1172 2144 1283 2174 eum
1305 2138 1435 2174 extra
1456 2139 1632 2187 castra,
1653 2129 1999 2193 improperium
2020 2130 2121 2192 ejus
2135 2139 2398 2194 portantes.
2423 2133 2531 2176 Non
2554 2129 2683 2176 enim

571 2206 803 2254 habemus
829 2206 908 2253 hic
935 2216 1211 2253 manentem
1233 2207 1497 2266 civitatem,
1530 2208 1615 2254 sed
1646 2208 1855 2255 futuram
1880 2208 2182 2272 inquirimus.
2211 2226 2234 2252 »
2261 2209 2310 2255 Si
2337 2225 2451 2272 ergo
2476 2209 2575 2268 his,
2601 2210 2705 2274 qui*

571 2288 781 2334 futuram
803 2287 1053 2350 inquirunt
1068 2324 1079 2346 ,
1107 2297 1242 2333 tanto
1265 2286 1503 2334 desiderio
1525 2288 1886 2353 properandum
1914 2298 2008 2348 est,
2036 2298 2219 2352 quanto
2243 2289 2393 2352 magis
2417 2289 2679 2354 Stephano,

572 2368 654 2432 qui
670 2368 771 2431 jam
795 2383 902 2413 eam
922 2368 972 2413 in
999 2367 1128 2414 coelis
1151 2378 1434 2432 praesentem
1462 2368 1689 2415 cernebat
1703 2405 1715 2427 ,
1738 2369 1822 2432 qui
1843 2368 1934 2415 sibi
1960 2380 2309 2433 assurgentem,
2334 2386 2418 2417 seu
2440 2371 2491 2417 in
2519 2387 2684 2419 occur—

572 2465 676 2495 sum
699 2448 798 2510 ejus
819 2457 1023 2494 stantem
1046 2463 1101 2494 ac
1123 2457 1344 2512 paratum
1375 2448 1568 2495 videbat
1595 2448 1863 2495 Christum?

637 2532 827 2586 Quanta
847 2538 1007 2574 autem
1028 2527 1337 2591 promotione
1353 2528 1402 2574 in
1423 2545 1534 2575 eum
1554 2528 1981 2588 debaccharentur,
2007 2530 2109 2594 ipsa
2127 2530 2516 2595 persequentium
2528 2531 2683 2596 impa-

573 2610 736 2657 tientia
757 2619 972 2668 testatur,
991 2626 1141 2673 quum
1157 2609 1331 2655 dicitur
1349 2626 1358 2654 :
1384 2628 1408 2653 «
1431 2613 1491 2656 Et
1513 2609 1753 2673 ejicientes
1775 2627 1885 2658 eum
1903 2620 2033 2658 extra
2049 2611 2311 2671 civitatem,
2337 2610 2633 2676 lapidabant.
2656 2630 2681 2657 »

574 2693 611 2737 N
615 2691 700 2736 οιι8
723 2690 853 2737 enim
869 2689 984 2736 dicit
990 2689 1091 2752 jam
1105 2689 1308 2752 ejectum
1317 2686 1520 2754 lapidari
1537 2727 1548 2749 ,
1569 2690 1653 2737 sed
1670 2707 1820 2754 quum
1833 2690 1992 2738 adhuc
2005 2691 2252 2754 ejiceretur
2267 2691 2501 2739 inchoari.
2519 2693 2683 2756 Ejecto

576 2779 735 2816 autem
751 2769 850 2827 illo,
877 2778 1055 2832 quanta
1071 2767 1372 2815 festinatione
1390 2768 1451 2816 ad
1466 2770 1565 2831 ejus
1583 2769 1829 2816 interitum
1847 2781 2195 2830 convocarent,
2219 2770 2457 2835 depositio
2478 2773 2684 2836 vestium

575 2866 742 2895 eorum
767 2849 924 2895 innuit
947 2865 1043 2912 qua
1075 2847 1248 2896 auferri
1282 2848 1534 2896 videbatur
1562 2849 1743 2914 aliquid
1777 2851 2126 2916 impedimenti.
2153 2854 2343 2910 Quanta
2366 2869 2481 2900 vero
2504 2853 2564 2900 sit
2585 2853 2685 2917 ejus

575 2930 743 2977 caritas
761 2922 866 2993 quae
892 2948 902 2975 :
932 2948 955 2973 α
974 2929 1148 2974 Omnia
1161 2927 1343 2987 suffert,
1359 2929 1522 2975 omnia
1536 2940 1695 2994 sperat
1707 2968 1718 2990 ,
1739 2931 1903 2979 omnia
1917 2932 2118 2978 sustinet
2129 2933 2157 2992 ⁹,
2177 2951 2201 2977 »
2221 2934 2371 2980 exitus
2393 2932 2680 2982 manifestat.

579 3009 784 3055 «Positis
813 3008 991 3072 quippe
1019 3006 1218 3070 genibus
1246 3006 1526 3054 exclamavit
1552 3025 1672 3056 voce
1695 3026 1868 3074 magna
1890 3011 2053 3058 dicens
2080 3030 2090 3057 :
2121 3012 2385 3072 «Domine,
2416 3028 2478 3058 ne
2507 3021 2684 3066 statuas

581 3107 602 3131 «
627 3088 715 3134 illis
730 3087 824 3135 hoc
839 3097 1106 3152 peccatum;
1127 3097 1213 3133 »et
1228 3103 1380 3151 quum
1391 3086 1486 3134 hoc
1499 3087 1691 3135 dixisset
1713 3089 2008 3138 obdormivit
2021 3091 2070 3138 in
2090 3092 2318 3139 Domino.
2335 3094 2360 3117 ¹⁰
2371 3110 2396 3136 υ
2414 3093 2682 3139 Monstrant

622 3246 630 3262 ⁴
662 3247 899 3280 Conversandus
923 3248 989 3281 MS.
1007 3247 1099 3280 Eius.
1119 3265 1160 3271 —
1173 3246 1186 3264 ¹
1202 3247 1268 3280 MS.
1284 3247 1373 3281 Eius.
1391 3265 1412 3272 -
1427 3248 1526 3281 Nobis
1544 3248 1598 3281 ed.
1653 3259 1683 3281 v,
1704 3252 1756 3282 11.
1777 3268 1818 3274 -
1833 3250 1846 3268 ⁸
1862 3251 1907 3284 Ea
1922 3263 1993 3295 quae
2005 3258 2183 3296 sequuntur
2201 3252 2234 3284 in
2252 3252 2374 3285 Codice
2392 3252 2528 3286 Einsidl.
2553 3262 2684 3299 reperta

578 3302 670 3335 Amb.
686 3321 727 3326 -
746 3302 758 3319 ⁸
771 3303 976 3336 Proecederet
988 3312 1019 3336 et
1032 3315 1084 3337 eos
1097 3306 1232 3345 amplius
1245 3306 1412 3337 coroboret
1423 3304 1491 3337 MS.
1509 3305 1598 3337 Eins.
1653 3315 1740 3337 nunc
1752 3306 1889 3349 primum
1904 3307 1935 3339 in
1950 3308 2056 3341 lucem
2069 3308 2206 3341 edimus.
2215 3324 2258 3334 —-
2276 3307 2289 3324 ⁰
2310 3309 2457 3343 Corinth.
2470 3310 2504 3350 1,
2522 3321 2597 3354 cap.
2612 3322 2682 3351 xm,

562 3377 615 3383 ‹-
627 3358 845 3391 ‘Accenderat
859 3359 925 3391 MS.
942 3360 1178 3392 Eins.—-⁶MS.
1194 3360 1309 3393 Eius.-
1318 3361 1418 3393 Deum
1435 3360 1488 3394 ed.
1504 3360 1597 3394 Amb.
1624 3382 1626 3384 v
1654 3372 1685 3395 v.
1704 3363 1733 3393 7.
1751 3380 1788 3386 -
1807 3362 1837 3379 ¹⁰
1853 3364 1925 3396 Act.
1942 3365 2066 3405 Apost„
2083 3374 2157 3407 cap.
2177 3374 2239 3403 vn,
2253 3374 2285 3396 v.
2302 3364 2356 3403 59.

576 3432 618 3438 --
632 3414 645 3431 ⁶
660 3415 730 3447 Act.
749 3416 873 3455 Apost„
895 3425 967 3458 cap.
992 3426 1034 3447 vn
1048 3441 1056 3455 ,
1081 3427 1112 3448 v.
1135 3416 1245 3449 56.—
1259 3416 1271 3434 '⁸
1286 3418 1398 3456 Helm,
1420 3427 1494 3460 cap.
1520 3428 1576 3450 xm
1592 3443 1600 3458 ,
