2970 4152
839 372 898 419 ΙΝ
931 370 1406 420 ANNUNTIATIONE
1441 370 1696 417 VlRGlNlS
1729 370 1945 417 SERMO.
2356 373 2450 421 353

331 476 404 513 rat
432 467 565 531 virgo
602 467 835 532 virginem
866 467 1066 532 Joseph,
1093 483 1238 531 quem
1262 482 1320 512 ex
1344 466 1633 512 castimoniae
1653 466 1839 524 amore,
1871 475 1919 512 et
1945 466 2238 529 cognationis
2259 468 2454 531 propin-

331 549 509 611 quitate
536 548 814 597 familiarem
836 548 1058 596 habebat.
1089 551 1227 596 Hunc
1252 548 1394 612 igitur
1423 546 1563 611 elegit
1587 547 1636 592 in
1662 550 1916 611 sponsum,
1948 564 2093 611 quem
2119 548 2169 594 in
2195 565 2335 594 suum
2365 558 2454 594 tra—

330 626 448 675 here
478 629 751 677 confidebat
785 646 1096 688 consensum,
1137 644 1200 676 ne
1246 629 1285 675 si
1334 627 1477 675 alium
1516 637 1766 691 cogeretur
1801 629 2013 692 accipere
2028 665 2040 687 ,
2092 628 2226 693 quod
2263 641 2454 676 voverat.

331 710 434 755 Deo
460 725 560 755 non
585 719 746 774 posset
771 709 1026 756 custodire.
1057 712 1128 756 De
1153 725 1248 773 qua
1278 709 1420 755 etiam
1458 724 1607 772 quum
1643 707 1841 754 dicitur¹
1865 728 1875 754 :
1909 727 1932 752 κ
1955 711 2014 755 Et
2039 709 2275 773 ingressus
2299 720 2368 756 est
2392 710 2449 756 ad

333 805 438 835 eam
477 789 701 854 angelus,
729 807 752 834 »
787 789 1034 854 diligenter
1071 799 1289 836 sanctum
1323 789 1423 852 ejus
1459 788 1761 853 propositum
1797 787 2103 848 describitur,
2138 807 2242 854 quae
2274 806 2371 836 non
2404 791 2450 836 in

331 867 498 932 plateis
519 870 723 917 exterius
747 886 857 916 cum
882 869 1172 917 secularibus
1194 869 1381 916 feminis
1407 868 1662 933 reperitur,
1689 867 1774 914 sed
1796 867 1961 915 clauso
1987 869 2192 916 cubiculi
2216 871 2288 916 sui
2311 870 2450 928 ostio,

332 951 435 996 Deo
461 949 633 997 devote
657 950 929 1015 supplicans
966 960 1014 997 et
1055 967 1226 1009 orans;
1263 960 1316 997 ut
1346 949 1650 996 continentiae
1683 948 1816 1012 quod
1840 949 2011 1005 fecerat
2038 961 2202 997 votum
2238 961 2334 997 tam
2368 951 2455 997 sibi

332 1045 477 1092 quam
507 1046 686 1094 sponso
711 1047 799 1077 suo
824 1030 1062 1078 custodiat
1090 1029 1387 1078 inviolatum.
1426 1030 1565 1076 Unde
1597 1039 1643 1076 et
1673 1029 1721 1075 in
1757 1030 1869 1094 ipsis
1902 1030 1998 1076 suis
2028 1031 2248 1095 precibus
2278 1031 2338 1079 de
2372 1049 2455 1079 sua

332 1109 562 1173 petitione
586 1111 744 1158 statim
763 1111 1144 1158 consolationem
1169 1111 1344 1158 meruit
1367 1111 1607 1175 accipere,
1630 1120 1677 1157 et
1694 1111 1993 1158 securitatem
2013 1111 2243 1160 obtinere.
2271 1116 2342 1160 De
2362 1113 2454 1160 hoc

332 1200 491 1238 autem
526 1191 732 1238 cubiculi
760 1193 832 1239 sui
859 1202 1041 1239 secreto
1069 1202 1296 1256 tanquam
1331 1191 1526 1239 oraculo
1562 1191 1750 1251 divino,
1780 1209 1925 1256 quam
1950 1203 2114 1240 sancto
2137 1193 2202 1240 ibi
2227 1205 2457 1259 occupata

333 1281 452 1318 esset
494 1272 653 1319 studio
671 1309 684 1332 ,
723 1272 890 1320 beatus
929 1272 1206 1320 Ambrosius
1242 1272 1366 1319 libro
1407 1272 1466 1320 de
1505 1276 1553 1319 V
1549 1275 1789 1338 irginitate
1828 1276 1867 1319 ΙΙ
1904 1273 1979 1320 his
2022 1274 2184 1321 scribit
2229 1275 2383 1322 verbis
2403 1279 2416 1300 ²
2442 1295 2450 1321 :

336 1371 358 1396 «
383 1355 493 1400 Haec
518 1353 576 1401 ad
604 1355 733 1419 ipsos
752 1355 990 1418 ingressus
1013 1353 1202 1418 Angeli,
1229 1354 1423 1401 inventa
1448 1354 1579 1401 domi
1612 1355 1658 1400 in
1691 1354 2014 1419 penetralibus
2047 1356 2147 1402 sine
2171 1357 2367 1415 comite,
2397 1373 2456 1402 ne

334 1434 439 1498 quis
455 1435 771 1482 intentionem
788 1435 1128 1501 abrumperefi‘,
1158 1452 1219 1483 ne
1238 1436 1344 1500 quis
1361 1435 1670 1501 obstreperet.
1693 1438 1855 1500 Neque
1878 1436 2006 1484 enim
2037 1438 2235 1484 comites
2261 1437 2456 1485 feminas

334 1513 656 1574 desiderabat,
678 1533 783 1580 quae
802 1515 955 1562 bonas
979 1517 1290 1581 cogitationes
1311 1515 1535 1563 habebat.
1578 1517 1704 1574 Quin
1737 1516 1877 1563 etiam
1903 1526 2018 1564 tunc
2043 1516 2132 1564 sibi
2164 1518 2320 1564 minus
2357 1518 2455 1564 sola

333 1593 606 1652 videbatur,
632 1612 782 1660 quum
807 1595 907 1642 sola
932 1606 1069 1643 esset.
1099 1599 1216 1642 Nam
1242 1596 1653 1660 quemadmodum
1670 1595 1794 1656 sola,
1815 1597 1892 1644 cui
1908 1607 1979 1644 tot
1994 1596 2103 1644 libri
2124 1597 2360 1657 adessent,
2387 1607 2459 1643 tot

334 1674 623 1738 archangeli,
654 1685 724 1722 tot
746 1675 1025 1740 prophetae?
1054 1677 1272 1740 Denique
1297 1687 1344 1723 et
1374 1677 1565 1724 Gabriel
1584 1694 1689 1724 eam
1706 1678 1938 1741 virginem
1957 1678 2037 1724 ubi
2058 1664 2259 1726 rexiisere
2278 1678 2459 1725 solebat

334 1755 536 1814 invenit,
564 1765 611 1802 et
629 1755 850 1820 angelum
873 1757 1018 1802 Maria
1039 1757 1174 1820 quasi
1195 1757 1348 1803 virum
1369 1758 1524 1821 specie
1556 1767 1734 1805 mutata
1755 1757 2028 1822 trepidavit,
2048 1743 2190 1823 'quasi
2212 1776 2311 1806 non
2332 1760 2460 1806 inco-

333 1835 516 1898 gnitum
543 1835 707 1883 audito
730 1836 927 1883 nomine
948 1837 1240 1900 recognovit.
1271 1839 1336 1883 Ita
1358 1837 1653 1902 peregrinata
1673 1847 1742 1884 est
1760 1838 1807 1884 in
1830 1838 1932 1885 viro
1944 1875 1960 1898 ³,
1987 1856 2092 1903 quae
2115 1857 2214 1887 non
2234 1851 2305 1888 est
2322 1857 2456 1905 pere·
2498 1838 2500 1840 ’

334 1916 515 1980 grinata
551 1917 600 1964 in
634 1917 827 1982 angelo,
867 1928 919 1965 ut
950 1934 1179 1982 agnoscas
1214 1935 1352 1966 aures
1387 1918 1653 1983 religiosas,
1691 1919 1858 1967 oculos
1891 1920 2203 1967 verecundos.
2244 1922 2460 1985 Denique

334 1995 532 2044 salutata
570 1997 834 2058 obmutuit,
864 2009 911 2046 et
939 1998 1174 2064 appellata
1200 1999 1467 2064 respondit.
1501 2000 1594 2047 Sed
1622 2018 1727 2064 qvae
1751 2001 1907 2066 primo
1941 2000 2224 2049 titubaverat
2246 2001 2414 2048 affectu
2431 1998 2461 2059 ⁴,

334 2087 499 2142 postea
516 2079 734 2143 promisit
752 2079 1054 2144 obsequium.
1080 2098 1103 2123 »
1139 2081 1260 2127 Ecce
1282 2080 1492 2127 studium
1513 2098 1611 2128 non
1633 2091 1727 2128 tam
1753 2081 2048 2147 desponsatae
2070 2100 2215 2147 quam
2234 2084 2452 2149 virginis,

334 2174 433 2205 non
458 2174 508 2205 se
530 2158 591 2206 ad
614 2160 803 2224 nuptias
828 2161 1157 2226 praeparantis,
1187 2160 1271 2208 sed
1298 2164 1402 2209 Deo
1430 2162 1619 2226 penitus
1648 2163 1884 2223 vacantis;
1913 2180 2012 2210 non
2038 2165 2163 2211 curis
2183 2164 2349 2223 seculi,
2373 2165 2456 2212 sed

334 2254 476 2285 sacrae
504 2255 700 2303 prorsus
727 2240 918 2287 intentae
946 2239 1160 2300 lectioni,
1202 2258 1299 2289 non
1336 2243 1499 2307 sponsi
1533 2245 1784 2307 quaerentis
1818 2243 2061 2304 solatium,
2091 2254 2142 2292 ut
2164 2244 2458 2310 colloquium

336 2330 597 2370 mereretur
626 2320 907 2384 angelicum.
945 2321 1199 2381 Attendite,
1235 2323 1466 2387 virgines,
1495 2341 1599 2388 quae
1624 2341 1723 2371 non
1750 2325 1930 2384 virum,
1962 2325 2045 2373 sed
2071 2329 2224 2373 Deum
2258 2326 2459 2391 elegistis

336 2414 567 2462 sponsum
582 2437 592 2457 ‚
616 2409 663 2446 et
675 2415 817 2446 sacrae
840 2400 1044 2447 formam
1063 2401 1371 2464 professionis
1388 2420 1414 2450 a
1432 2404 1578 2450 Maria
1596 2405 1874 2469 sumpsistis.
1904 2408 2199 2470 Desponsata
2217 2405 2295 2452 illa
2310 2406 2461 2453 homi-

337 2477 409 2536 ni,
441 2494 539 2524 non
568 2478 815 2526 hominem
835 2480 883 2525 in
903 2479 1120 2544 publice,
1150 2481 1234 2528 sed
1259 2485 1416 2529 Deum
1439 2483 1679 2547 quaerebat
1697 2485 1745 2531 in
1765 2494 1962 2532 secreto.
1993 2488 2098 2532 Non
2123 2485 2288 2533 oculos
2313 2497 2460 2533 retor-

337 2557 511 2621 quebat
527 2558 585 2605 ad
605 2559 859 2616 mundum,
883 2560 965 2607 sed
982 2560 1192 2624 erigebat
1210 2561 1270 2608 ad
1293 2562 1482 2610 coelum.
1507 2567 1612 2610 Non
1631 2565 1824 2612 canticis
1843 2566 2116 2630 nuptiarum
2135 2583 2272 2614 aures
2289 2566 2461 2633 praebe-

338 2638 443 2699 bat,
478 2638 562 2685 sed
592 2656 732 2686 sacrae
762 2639 979 2687 lectionis
1010 2640 1188 2705 pabulo
1221 2630 1431 2690 men⁰tem
1458 2643 1713 2692 reficiebat.
1750 2647 1819 2692 Ex
1843 2663 1941 2710 quo
1966 2646 2200 2711 liquidum
2224 2658 2294 2695 est
2316 2664 2459 2712 quam

338 2721 397 2767 sit
431 2719 618 2779 verum,
655 2720 788 2784 quod
822 2720 1049 2779 diximus,
1086 2738 1333 2787 nunquam
1360 2725 1461 2787 ejus
1485 2725 1700 2773 animum
1726 2726 1787 2773 ad
1812 2728 2001 2792 nuptias
2030 2728 2311 2788 declinasse,
2352 2730 2460 2793 quia

339 2799 519 2847 nullam
537 2810 719 2847 certum
742 2811 810 2847 est
829 2817 993 2848 curam
1012 2818 1115 2849 eam
1140 2804 1415 2869 suscepisse.
1451 2805 1590 2853 Unde
1615 2816 1661 2853 et
1681 2806 1742 2853 ab
1764 2807 1935 2871 angelo
1960 2808 2183 2868 salutata,
2211 2809 2346 2872 cujus
2370 2811 2462 2857 vita

338 2897 436 2927 non
476 2880 676 2928 carnalis
709 2892 836 2941 erat,
876 2882 959 2930 sed
991 2883 1227 2946 angelica,
1268 2884 1433 2932 audire
1469 2887 1693 2934 meruit‘:
1731 2907 1754 2932 «
1780 2891 1900 2948 Ave,
1935 2890 2081 2953 gratia
2105 2889 2262 2954 plena.
2290 2909 2312 2935 »
2348 2893 2463 2938 Gra·

339 2962 453 3008 tiam
476 2961 678 3009 dicimus
703 2963 845 3026 gratis
871 2962 1057 3023 datam,
1079 2964 1175 3012 hoc
1194 2975 1264 3012 est
1292 2965 1579 3013 beneficium
1607 2967 1824 3016 divinum
1850 2986 1994 3034 supra
2024 2970 2191 3017 merita
2216 2970 2457 3018 collatum.

342 3040 479 3088 Unde
505 3051 551 3088 et
577 3042 855 3107 Apostolus‘⁵
880 3061 889 3088 :
924 3062 947 3087 «
970 3044 1017 3089 Si
1039 3053 1196 3091 autem
1220 3061 1279 3092 ex
1304 3046 1553 3111 operibus,
1580 3047 1680 3111 jam
1705 3065 1804 3096 non
1830 3067 1888 3096 ex
1914 3051 2076 3114 gratia.
2114 3049 2333 3114 Alioquin
2362 3069 2464 3115 gra-

340 3120 403 3167 tia
420 3120 518 3184 jam
544 3138 642 3168 non
663 3132 784 3169 esset
808 3123 971 3186 gratia.
997 3141 1020 3166 υ
1042 3125 1239 3172 Constat
1267 3142 1382 3172 vero
1410 3143 1803 3193 unumquemque
1830 3127 2041 3176 fidelium
2067 3130 2285 3177 nonnihil
2308 3135 2463 3196 gratiae

340 3211 509 3266 praeter
542 3202 707 3250 merita
737 3219 830 3249 sua
866 3201 1092 3252 collatum
1125 3203 1317 3252 habere.
1358 3207 1513 3256 Mariae
1547 3224 1659 3255 vero
1691 3225 1790 3255 non
1822 3209 2119 3275 participatio
2156 3211 2313 3275 gratiae
2330 3249 2341 3271 ,
2380 3213 2464 3260 sed

389 3400 397 3416 ⁴
425 3400 519 3441 Luc„
548 3411 620 3446 cap.
649 3414 676 3439 ι.
706 3414 736 3435 v.
769 3404 823 3437 28.
844 3421 886 3428 —
903 3403 915 3420 '
932 3404 1099 3446 Ambros„
1131 3408 1170 3439 de
1209 3407 1376 3450 Virqinib„
1437 3427 1468 3432 -
1488 3408 1501 3426 ⁴
1520 3409 1606 3443 Edit.
1620 3408 1725 3443 Amb.
1754 3411 1951 3445 Turbaverat
1969 3412 2130 3454 affectum.
2145 3413 2324 3453 —⁸Luc.,
2339 3422 2412 3457 cap.
2436 3425 2464 3451 ι,

340 3455 396 3488 lib.
411 3456 458 3489 11.
478 3474 506 3480 —
524 3456 628 3491 ³Male
642 3459 705 3493 fert
721 3459 820 3493 editio
836 3460 928 3494 Δηὼ.
948 3475 955 3493 :
973 3462 1150 3498 [mentione
1168 3473 1377 3506 ‹irrumperet-
1433 3477 1468 3503 v.
1485 3466 1540 3499 28.
1556 3485 1598 3491 -
1612 3465 1626 3483 ⁵
1642 3467 1751 3506 Rom„
1770 3477 1842 3511 cap.
1864 3479 1914 3508 xi,
1933 3479 1963 3502 v.
1985 3470 2017 3501 6.

503 3527 517 3555 1
2255 3528 2307 3569 45
