2970 4152
552 405 647 452 >174
1134 407 1308 453 PETRI
1343 407 1656 455 ABAELARDI
1690 409 1764 456 ΕΤ
1797 410 2098 457 HELOlSSAE

548 510 659 547 sunt
682 517 899 565 personae
922 501 1278 565 propinquitate
1303 501 1460 567 aliqua
1483 502 1558 551 vel
1583 502 1810 551 affinitate
1828 504 2031 570 amplius
2056 514 2166 552 sunt
2185 506 2465 570 conjunctae.
2488 511 2675 574 Praepo-

548 581 691 627 situm
727 591 887 628 autem
921 581 1301 641 monacho-rum,
1342 600 1486 646 quem
1518 583 1739 631 abbatem
1776 586 2054 644 nominant,
2095 586 2162 632 sic
2203 587 2343 634 etiam
2386 589 2672 636 monialibus

548 678 746 725 praeesse
770 661 1020 722 volumus3
1052 673 1104 710 ut
1129 680 1233 723 eas,
1261 680 1366 728 quae
1389 665 1583 711 Domini
1597 681 1793 729 „sponsae
1817 676 1927 711 sunt
1942 701 1955 724 ,
1984 666 2118 728 cujus
2142 666 2243 731 ipse
2267 684 2429 714 servus
2446 679 2536 727 est,
2564 687 2672 734 pro-

548 743 672 806 prias
701 753 1010 806 recognoscat
1047 744 1267 792 dominas
1283 781 1296 804 ,
1337 762 1426 792 nec
1451 746 1516 793 eis
1540 763 1738 811 praeesse
1755 782 1767 806 ,
1796 746 1879 793 sed
1904 746 2131 811 prodesse
2156 747 2374 811 gaudeat.
2408 751 2466 795 Et
2487 749 2547 796 sit
2568 760 2672 797 tan·

548 840 692 887 quam
720 824 1020 889 dispensator
1044 826 1092 872 in
1119 825 1267 873 domo
1294 827 1420 890 regia
1438 863 1449 885 ,
1488 828 1569 890 qui
1596 843 1694 873 non
1726 827 1927 892 imperio
1951 827 2198 874 dominam
2219 829 2421 894 premit,
2450 829 2534 876 sed
2557 846 2672 895 pro-

549 904 807 950 videntiam
834 921 944 968 erga
968 921 1075 952 eam
1100 906 1243 970 gerit3
1273 916 1325 953 ut
1350 906 1392 953 ei
1417 907 1478 953 de
1504 907 1776 953 necessariis
1797 908 1955 953 statim
1982 907 2176 954 obediat
2191 944 2203 967 ,
2245 919 2291 955 et
2315 909 2364 955 in
2386 909 2539 956 noxiis
2566 926 2673 956 eam

549 1000 647 1030 non
686 983 874 1044 audiat,
905 995 952 1032 et
985 986 1052 1033 sic
1077 986 1282 1033 exterius
1310 996 1481 1032 cuncta
1506 975 1773 1045 ministret,
1811 997 1862 1033 ut
1887 986 2083 1034 thalami
2107 998 2286 1034 secreta
2309 1005 2557 1052 nunquam
2583 989 2673 1036 nisi

544 1065 701 1125 jussus
726 1066 946 1113 introeat.
978 1066 1048 1113 Ad
1071 1066 1203 1114 hunc
1227 1067 1368 1130 igitur
1392 1066 1594 1113 modum
1623 1083 1814 1114 servum
1837 1067 2007 1114 Christi
2029 1069 2214 1132 sponsis
2230 1068 2404 1115 Christi
2421 1069 2674 1133 providere

551 1146 798 1206 volumus,
844 1157 890 1194 et
914 1164 1079 1195 earum
1105 1165 1193 1213 pro
1233 1148 1421 1195 Christo
1458 1147 1661 1195 fideliter
1698 1165 1862 1195 curam
1900 1165 2092 1213 gerere,
2133 1159 2180 1196 et
2206 1149 2268 1197 de
2304 1149 2528 1197 omnibus
2548 1166 2675 1215 ·quae

550 1238 739 1292 oportet
757 1246 866 1275 cum
887 1230 1154 1277 diaconissa
1170 1239 1394 1288 tractare,
1417 1247 1506 1277 nec
1526 1247 1581 1277 ea
1602 1216 1869 1278 inconsulta
1884 1266 1896 1290 ‚
1920 1231 2185 1295 quidquam
2203 1230 2264 1278 de
2283 1231 2463 1278 ancillis
2482 1231 2670 1291 Christi,

548 1309 620 1356 vel
639 1309 699 1356 de
723 1311 777 1356 iis
803 1328 906 1374 quae
931 1311 993 1357 ad
1017 1328 1095 1358 eas
1120 1311 1362 1376 pertinent
1386 1328 1496 1358 eum
1522 1321 1744 1371 statuere,
1767 1328 1856 1359 nec
1875 1313 2032 1377 ipsum
2052 1313 2277 1376 cuiquam
2295 1329 2460 1359 earum
2479 1313 2568 1359 nisi
2587 1329 2674 1377 per

549 1407 655 1438 eam
687 1391 950 1455 quidquam
975 1392 1231 1457 praecipere
1249 1427 1261 1451 ,
1290 1392 1364 1438 vel
1388 1391 1520 1456 loqui
1546 1409 1849 1456 praesumere.
1879 1393 2111 1450 Quotiens
2135 1409 2250 1439 vero
2275 1409 2387 1439 eum
2411 1392 2674 1440 diaconissa

548 1474 786 1518 vocaverit
802 1508 813 1528 ,
839 1489 900 1518 ne
927 1471 1081 1519 tardet
1106 1473 1269 1519 venire
1286 1509 1298 1532 ,
1326 1482 1371 1519 et
1398 1489 1503 1536 quas
1525 1473 1626 1537 ipsa
1653 1473 1695 1519 ei
1714 1472 2007 1519 consuluerit
2031 1473 2092 1519 de
2116 1473 2172 1518 iis
2188 1509 2199 1531 ‚
2224 1472 2398 1536 quibus
2415 1473 2518 1537 ipsa
2538 1472 2614 1520 vel
2631 1475 2675 1520 ei

547 1552 766 1614 subjectae
783 1569 905 1617 opus
921 1552 1101 1599 habent
1116 1590 1127 1612 ,
1157 1569 1258 1599 non
1278 1563 1494 1599 moretur
1512 1553 1682 1617 exequi
1700 1563 1933 1616 quantum
1958 1552 2099 1600 valet.
2116 1555 2325 1599 Vocatus
2349 1563 2511 1599 autem
2528 1569 2556 1600 a
2573 1553 2674 1600 dia-

548 1634 735 1679 conissa
757 1650 1007 1696 nunquam
1027 1634 1118 1679 nisi
1137 1634 1185 1679 in
1203 1634 1454 1680 manifesto
1469 1670 1480 1692 ,
1508 1644 1555 1680 et
1568 1633 1657 1680 sub
1676 1634 1950 1680 testimonio
1970 1633 2280 1698 probatarum
2299 1649 2614 1698 personarum
2631 1635 2675 1681 ei

547 1713 787 1776 loquatur,
808 1729 899 1760 nec
920 1714 964 1760 ei
982 1714 1227 1778 proximus
1244 1713 1528 1778 adjungatur
1541 1750 1553 1774 ,
1576 1731 1666 1761 nec
1682 1714 1870 1779 prolixo
1890 1731 2110 1761 sermone
2132 1730 2237 1760 eam
2256 1713 2481 1761 detineat.
2501 1714 2674 1762 Omnia

547 1809 661 1839 vero
681 1810 786 1857 quae
804 1794 866 1840 ad
881 1794 1061 1841 victum
1079 1805 1161 1841 aut
1172 1795 1395 1842 vestitum
1411 1795 1668 1860 pertinent,
1691 1806 1738 1842 et
1750 1796 1788 1842 si
1804 1812 1909 1860 quae
1929 1795 2071 1842 etiam
2093 1795 2307 1859 pecuniae
2325 1794 2514 1854 fuerint,
2545 1795 2676 1859 apud

547 1875 740 1923 ancillas
767 1876 942 1923 Christi
968 1877 1386 1942 congregabuntur
1417 1877 1493 1924 vel
1519 1878 1913 1943 reservabuntur,
1948 1886 1994 1923 et
2027 1876 2140 1923 inde
2167 1875 2387 1923 fratribus
2412 1877 2676 1923 necessaria

490 2000 497 2002 ,
548 1957 797 2020 tradentur
821 1958 881 2004 de
907 1959 962 2005 iis
986 1976 1091 2022 quae
1125 1959 1370 2006 sororibus
1398 1970 1698 2024 supererunt.
1727 1959 1901 2006 Omnia
1928 1959 2088 2023 itaque
2111 1958 2276 2005 fratres
2301 1957 2535 2004 exteriora
2564 1973 2676 2022 pro-

547 2037 807 2097 curabunt,
839 2048 884 2085 et
910 2055 1098 2085 sorores
1124 2055 1179 2105 ea
1205 2049 1389 2086 tantum
1418 2056 1522 2103 quae
1550 2040 1679 2086 intus
1709 2056 1735 2085 a
1767 2038 2045 2085 mulieribus
2084 2038 2158 2102 agi
2191 2037 2444 2096 convenit,
2479 2052 2678 2101 compo-

548 2118 711 2165 nendo
740 2118 916 2165 scilicet
941 2130 1095 2166 vestes
1123 2120 1263 2166 etiam
1290 2120 1489 2167 fratrum
1506 2156 1518 2178 ,
1558 2120 1633 2166 vel
1660 2120 1929 2179 abluendo,
1970 2135 2146 2184 panem
2171 2119 2312 2165 etiam
2341 2117 2673 2177 conficiendo,

549 2208 595 2246 et
621 2199 683 2246 ad
709 2199 1020 2263 coquendum
1044 2200 1278 2247 tradendo
1296 2236 1308 2259 ,
1338 2211 1385 2247 et
1411 2211 1603 2247 coctum
1632 2200 1952 2265 suscipiendo.
1985 2200 2055 2247 Ad
2074 2200 2198 2264 ipsas
2222 2200 2366 2246 etiam
2384 2215 2499 2245 cura
2522 2198 2673 2258 lactis,

549 2289 596 2325 et
621 2296 790 2326 eorum
815 2297 919 2344 quae
942 2280 1056 2328 inde
1081 2280 1229 2341 fiunt,
1269 2280 1557 2346 pertinebit,
1584 2291 1631 2328 et
1659 2281 1939 2345 gallinarum
1975 2280 2051 2327 vel
2088 2296 2309 2327 anserum
2334 2280 2569 2325 nutritura
2585 2315 2597 2338 ,
2630 2290 2678 2326 et

550 2377 847 2425 quaecunque
865 2361 1227 2408 convenientius
1244 2362 1466 2408 mulieres
1483 2378 1621 2426 agere
1639 2378 1784 2425 quam
1803 2362 1891 2408 viri
1910 2371 2125 2426 possunt.
2147 2365 2253 2425 Ipse
2270 2376 2385 2407 vero
2401 2360 2680 2424 praepositus

549 2440 745 2503 quando
774 2442 1059 2488 constitutus
1087 2442 1252 2501 fuerit,
1285 2444 1334 2488 in
1363 2443 1613 2508 praesentia
1639 2443 1852 2508 episcopi
1882 2452 1930 2488 et
1957 2457 2178 2488 sororum
2207 2440 2416 2503 jurabit,
2450 2439 2582 2505 quod
2613 2440 2680 2487 eis

550 2520 701 2568 fidelis
727 2521 774 2568 in
803 2523 1015 2569 Domino
1045 2522 1346 2588 dispensator
1370 2524 1485 2582 erit⁷
1515 2533 1560 2570 et
1586 2540 1751 2570 earum
1775 2515 1980 2587 corpora
1999 2539 2026 2568 a
2051 2521 2227 2568 carnali
2243 2522 2465 2585 contagio
2482 2520 2680 2568 sollicite

550 2601 834 2651 observabit.
863 2606 919 2650 In
940 2619 1037 2667 quo
1064 2604 1102 2650 si
1126 2604 1271 2663 forte,
1307 2603 1443 2668 quod
1465 2603 1610 2663 absit,
1650 2604 1904 2668 episcopus
1926 2619 2037 2649 eum
2067 2601 2383 2666 negligentem
2413 2600 2680 2665 deprehen-

550 2683 703 2743 derit,
742 2684 899 2731 statim
931 2701 1040 2731 eum
1081 2694 1310 2748 tanquam
1343 2684 1540 2750 perjurii
1565 2701 1700 2732 reum
1735 2683 1962 2748 deponat.
1994 2685 2176 2729 Omnes
2212 2697 2407 2746 quoque
2442 2680 2608 2727 fratres
2630 2681 2679 2727 in

550 2763 925 2827 professionibus
957 2765 1052 2812 suis
1082 2764 1176 2810 hoc
1204 2781 1254 2811 se
1285 2764 1531 2811 sororibus
1573 2773 1871 2811 sacramento
1909 2763 2194 2826 astringent,
2239 2761 2375 2826 quod
2408 2759 2681 2807 nullatenus

552 2861 635 2893 eas.
653 2845 837 2908 gravari
858 2844 1159 2892 consentient
1176 2881 1188 2904 ,
1217 2854 1266 2891 et
1285 2861 1450 2892 earum
1473 2844 1650 2891 carnali
1674 2843 1920 2891 munditiae
1942 2860 2032 2908 pro
2054 2859 2194 2908 posse
2227 2859 2315 2889 suo
2337 2839 2676 2907 providebunt.

553 2924 723 2971 Nullus
741 2925 882 2988 igitur
903 2925 1117 2971 virorum
1135 2961 1153 2983 ,Α
1173 2925 1264 2971 nisi
1284 2924 1473 2971 licentia
1495 2924 1732 2990 praepositi
1748 2960 1760 2980 ‚
1789 2923 1850 2970 ad
1871 2939 2060 2970 sorores
2081 2939 2324 2970 accessum
2341 2920 2536 2968 habebit
2550 2956 2563 2980 ,
2590 2936 2679 2967 nec

553 3004 729 3068 aliquid
755 3006 820 3052 eis
845 3006 1042 3053 missum
1064 3042 1076 3065 ,
1104 3006 1196 3052 nisi
1218 3022 1245 3052 a
1266 3005 1522 3070 praeposito
1558 3005 1914 3063 transmissum,
1957 3004 2253 3068 suscipietur.
2295 3001 2431 3049 Nulla
2467 3017 2680 3065 unquam

553 3101 775 3133 sororum
795 3097 927 3152 septa
950 3087 1228 3135 monasterii
1250 3085 1546 3150 egredietur,
1573 3085 1658 3133 sed
1683 3086 1845 3132 omnia
1867 3085 2087 3143 exterius,
2115 3085 2236 3130 sicut
2258 3082 2560 3140 dictumest,
2592 3080 2681 3127 fra·-

553 3175 646 3214 tres
670 3167 998 3231 procurabunt
1016 3204 1030 3227 ,
1060 3178 1106 3214 et
1130 3169 1178 3214 in
1202 3166 1404 3214 fortibus
1439 3168 1583 3213 fortes
1617 3165 1857 3213 sudabunt
1888 3164 2129 3230 operibus.
2157 3163 2323 3211 Nullus
2350 3178 2562 3226 unquam
2591 3161 2681 3207 fra-

553 3256 677 3292 trum
706 3257 839 3312 septa
868 3248 968 3295 haec
990 3249 1305 3313 ingredietur,
1331 3249 1422 3295 nisi
1450 3247 1646 3295 obtenta
1668 3247 1908 3311 praepositi
1933 3256 1980 3293 et
2001 3245 2275 3292 diaconissae
2293 3243 2505 3302 licentia,
2527 3257 2679 3306 quum

555 3327 712 3391 aliqua
734 3327 830 3375 hoc
854 3330 1116 3376 necessaria
1138 3329 1215 3376 vel
1243 3329 1445 3376 honesta
1470 3327 1675 3391 exegerit
1699 3343 1855 3373 causa.
1896 3327 1944 3372 Si
1977 3326 2083 3390 quis
2106 3325 2227 3371 forte
2249 3333 2414 3370 contra
2439 3322 2534 3369 hoc
2567 3337 2683 3386 prae·

558 3411 839 3474 sumpserit,
875 3410 1054 3474 absque
1080 3410 1308 3457 dilatione
1334 3410 1394 3457 de
1424 3408 1713 3456 monasterio
1744 3407 2036 3472 projiciatur.
2067 3409 2134 3452 Ne
2164 3415 2322 3451 tamen
2353 3404 2441 3449 viri
2467 3402 2685 3448 fortiores

561 3492 745 3538 seminis
771 3493 819 3538 in
846 3492 1005 3556 aliquo
1035 3508 1113 3538 eas
1139 3508 1332 3554 gravare
1353 3499 1668 3557 praesumant,
1696 3489 1944 3536 statuimus
1960 3505 2041 3535 eos
2056 3502 2249 3551 quoque
2262 3484 2379 3532 nihil
2398 3499 2682 3552 praesumere
