2970 4152
532 407 627 454 498
1333 409 1504 455 PETRI
1541 409 1853 457 ABAELARDI

948 685 1024 743 IN
1072 684 1303 746 FERlA
1347 643 1660 758 QUARrA
1704 640 2237 746 PENTECOSTEs.

1394 854 1418 899 Ι·
1448 878 1598 908 SERMO
1631 879 1730 908 XXI.

595 1005 723 1063 Quid
747 1007 890 1053 etiam
915 1010 1056 1054 Amos
1078 1007 1338 1072 propheta,
1365 1008 1463 1055 imo
1486 1008 1587 1073 ipse
1614 1008 1816 1073 Spiritus
1838 965 1924 1073 per
1946 1024 2056 1055 eum
2084 1008 2133 1054 in
2162 1007 2304 1071 hujus
2332 1006 2644 1055 solemnitatis

524 1101 618 1131 suae
639 1087 880 1150 praeconio
904 1086 1072 1133 dixerit
1095 1087 1372 1134 audiamus¹
1392 1106 1401 1134 :
1433 1107 1455 1132 «
1476 1088 1737 1147 Dominus,
1766 1107 1788 1131 »
1813 1088 1992 1152 inquit,
2021 1107 2043 1132 «
2065 1090 2192 1135 Deus
2220 1087 2535 1147 exercituum,
2561 1090 2641 1152 qui

524 1167 672 1230 tangit
695 1177 894 1227 terram,
915 1178 962 1214 et
984 1168 1217 1227 tabescet;
1238 1179 1284 1215 et
1300 1167 1531 1232 lugebunt
1546 1184 1714 1216 omnes
1730 1168 2002 1216 habitantes
2024 1169 2072 1215 in
2097 1185 2169 1216 ea.
2196 1171 2254 1215 Et
2276 1167 2502 1216 ascendet
2521 1169 2643 1216 sicut

522 1248 651 1295 rivus
673 1249 850 1308 amnis,
877 1259 924 1295 et
952 1248 1130 1296 defluet
1157 1244 1278 1296 sicut
1305 1249 1478 1296 fluvius
1499 1250 1706 1315 AEgypti.
1734 1251 1828 1307 Qui
1849 1249 2051 1297 aedificat
2083 1250 2134 1296 in
2162 1249 2284 1296 coelo
2313 1249 2642 1297 ascensionem

522 1344 680 1387 suam,
707 1338 754 1374 et
776 1328 1053 1376 fasciculum
1075 1345 1216 1376 suum
1237 1346 1380 1394 super
1401 1339 1578 1376 terram
1600 1329 1838 1377 fundabit.
1865 1329 1958 1387 Qui
1980 1338 2122 1376 vocat
2143 1344 2291 1392 aquas
2313 1329 2480 1388 maris,
2505 1338 2553 1375 et
2573 1328 2641 1375 ef-

522 1406 690 1454 fundet
723 1423 803 1454 eas
835 1425 977 1474 super
1012 1408 1182 1455 faciem
1214 1418 1366 1455 terrae.
1394 1409 1630 1456 Dominus
1662 1426 1843 1457 nomen
1873 1409 1989 1472 ejus.
2018 1427 2040 1453 >›
2067 1409 2309 1456 Exercitus
2331 1409 2442 1467 Dei,
2468 1407 2642 1472 quibus

520 1489 619 1551 ipse
642 1489 885 1553 praesidet,
911 1499 1142 1554 tanquam
1164 1490 1428 1555 principes,
1455 1500 1502 1538 et
1524 1491 1674 1538 aerias
1696 1490 1905 1537 debellat
1931 1499 2216 1555 potestates,
2243 1499 2396 1537 castra
2424 1489 2504 1537 illa
2529 1500 2642 1537 sunt

519 1569 798 1632 angelorum
820 1570 896 1617 vel
920 1570 1134 1617 fidelium
1155 1570 1411 1617 hominum
1426 1609 1437 1630 ,
1457 1588 1562 1635 quae
1584 1571 1868 1636 plerumque
1891 1571 2135 1635 Scriptura
2156 1580 2522 1617 commemorat.
2550 1572 2639 1616 Re—

519 1650 607 1696 fert
632 1653 852 1698 Genea-w
873 1651 1005 1715 quod
1028 1651 1089 1698 de
1111 1652 1459 1717 Mesopotamia
1479 1651 1628 1699 Jacob
1660 1652 1710 1698 in
1743 1661 1870 1698 terra
1903 1651 2131 1698 Chanaan
2167 1650 2229 1698 ad
2259 1661 2446 1715 patrem
2479 1665 2639 1698 rever-

518 1731 658 1789 tenti,
686 1730 878 1778 fuerunt
901 1731 1095 1778 obviam
1117 1731 1272 1795 angeli
1293 1732 1405 1790 Dei,
1424 1741 1657 1795 tanquam
1679 1732 1728 1778 in
1752 1732 2105 1796 protectionem
2127 1731 2274 1796 ipsius
2295 1731 2468 1778 milites
2489 1731 2636 1779 missi.

516 1815 648 1869 Quos
682 1829 832 1876 quum
870 1812 1086 1873 vidisset,
1119 1813 1185 1860 ait
1211 1830 1221 1858 :
1253 1833 1276 1857 «
1298 1815 1459 1859 Castra
1490 1812 1578 1859 Dei
1612 1822 1724 1859 sunt
1755 1812 1874 1859 haec.
1902 1831 1926 1856 »
1952 1815 2011 1859 Et
2045 1812 2301 1877 appellavit
2334 1829 2514 1859 nomen
2545 1813 2640 1861 loci

515 1893 638 1941 illius
661 1895 928 1954 Manciam,
951 1895 1002 1941 id
1021 1905 1091 1941 est
1113 1905 1283 1941 castra.
1311 1893 1572 1941 Ecclesiam
1592 1910 1788 1959 quoque
1809 1893 1859 1940 in
1882 1903 2151 1941 castrorum
2172 1894 2324 1941 aciem
2346 1894 2636 1955 ordinatam,

516 1985 745 2039 tanquam
761 1976 809 2022 in
827 1976 1084 2040 praecinctu
1102 1974 1217 2021 belli
1238 1974 1583 2039 procedentem
1594 2011 1605 2033 ,
1632 1975 1876 2021 Canticum
1898 1976 2202 2029 canticoram
2218 1973 2465 2021 describit⁸
2483 1993 2494 2021 ε
2520 1994 2544 2019 «
2561 1975 2641 2022 Mi-

515 2054 613 2102 litia
637 2067 707 2103 est
727 2057 826 2103 vita
846 2056 1057 2103 hominis
1080 2072 1222 2120 super
1243 2065 1438 2102 terram.
1467 2073 1490 2100 »
1514 2057 1762 2119 Tanquam
1795 2056 1845 2101 in
1879 2055 2044 2102 castris
2077 2071 2266 2119 semper
2295 2054 2524 2114 militant,
2556 2055 2639 2119 qui

516 2137 713 2183 minime
735 2154 904 2202 pacem
925 2137 1004 2183 hic
1025 2136 1259 2183 habentes
1287 2146 1458 2183 contra
1485 2135 1747 2183 diabolicas
1781 2137 2070 2183 tentationes
2101 2135 2178 2183 vel
2211 2136 2417 2201 impetus
2455 2137 2635 2195 carnis,

517 2227 598 2263 aut
618 2217 1002 2282 impugnationes
1024 2217 1301 2281 iniquorum
1322 2216 1600 2275 hominum,
1621 2216 1785 2280 jugem
1805 2233 1977 2281 pugnae
1999 2216 2233 2263 sustinent
2255 2215 2534 2263 conflictum
2556 2235 2566 2262 ε
2587 2217 2636 2264 in

516 2313 669 2359 agone
691 2297 773 2344 illo
794 2297 869 2345 vel
890 2314 1053 2362 pugna
1074 2296 1343 2355 constituti,
1370 2296 1431 2343 de
1460 2313 1558 2361 quo
1589 2296 1843 2362 Apostolus
1874 2296 1964 2343 ait*
1990 2315 2000 2343 ε
2032 2314 2055 2341 «
2083 2296 2251 2343 Omnis
2278 2296 2362 2360 qui
2395 2296 2445 2343 in
2484 2313 2638 2360 agone

516 2377 788 2436 contendit,
809 2377 870 2424 ab
890 2377 1115 2424 omnibus
1137 2394 1187 2423 se
1211 2376 1433 2423 abstinet.
1455 2395 1477 2421 »
1504 2379 1562 2423 Et
1578 2379 1792 2423 rursum⁸
1817 2395 1826 2422 ι
1851 2395 1874 2421 (ι
1895 2377 1970 2423 Sic
1991 2393 2155 2441 pugno
2168 2413 2180 2435 ‚
2202 2393 2304 2423 non
2323 2377 2460 2440 quasi
2478 2394 2639 2425 aerem

515 2456 788 2504 verberans.
817 2475 840 2501 υ
866 2460 924 2503 Et
946 2457 1120 2504 iterum
1142 2457 1191 2503 in
1215 2456 1307 2504 alia
1328 2457 1428 2520 ejus
1450 2455 1678 2521 epistola‘3
1703 2475 1713 2503 ε
1745 2476 1768 2501 «
1790 2458 1896 2503 Non
1921 2465 1992 2502 est
2013 2455 2155 2502 nobis
2177 2455 2451 2503 colluctatio
2476 2455 2639 2504 adver-

514 2555 592 2584 sus
614 2555 809 2586 carnem
831 2550 877 2586 et
900 2540 1203 2603 sanguinem,
1225 2538 1309 2585 sed
1333 2537 1559 2585 adversus
1582 2537 1822 2602 principes
1846 2547 1893 2584 et
1914 2547 2197 2602 potestates,
2220 2537 2447 2585 adversus
2463 2538 2633 2586 mundi

514 2629 744 2677 rectores,
770 2630 939 2667 contra
961 2618 1226 2684 spiritualia
1247 2619 1468 2683 nequitiae
1490 2619 1540 2664 in
1563 2617 1849 2665 coelestibus.
1875 2637 1898 2662 »
1921 2618 2014 2664 Sed
2036 2627 2089 2664 ut
2109 2617 2286 2664 horum
2308 2620 2436 2665 Deus
2458 2619 2634 2665 exerci-

514 2708 650 2745 tuum
671 2701 869 2765 proprio
893 2699 1110 2764 exemplo
1134 2716 1223 2746 nos
1245 2716 1460 2764 pugnare
1488 2698 1707 2757 doceret,
1739 2708 1786 2745 et
1814 2699 2005 2745 vincere
2040 2698 2198 2759 daret,
2229 2699 2352 2745 sicut
2384 2699 2486 2763 ipse
2517 2715 2633 2763 pro-

515 2780 706 2827 mittens
735 2781 828 2828 ait⁷
854 2800 864 2827 :
895 2801 916 2826 «
938 2780 1201 2839 Confidite,
1234 2797 1322 2844 ego
1351 2780 1443 2827 vici
1466 2779 1720 2826 mundum.
1746 2798 1769 2823 »
1793 2782 1987 2826 Terram
2009 2779 2183 2842 tetigit,
2210 2779 2332 2826 sicut
2353 2778 2634 2844 prophetica

513 2859 653 2906 lectio
676 2878 806 2908 nunc
829 2862 915 2920 ait,
943 2861 1061 2907 dum
1089 2871 1287 2907 terrenae
1315 2860 1590 2908 substantiae
1624 2869 1798 2906 nostrae
1834 2869 2057 2906 naturam
2091 2859 2141 2906 in
2175 2876 2323 2906 unam
2358 2859 2448 2906 sibi
2481 2859 2635 2918 univit

513 2958 769 3003 personam
791 2942 949 3006 primo
973 2941 1033 2987 de
1056 2941 1233 3005 Spiritu
1262 2950 1430 2986 sancto
1459 2940 1509 2985 in
1538 2939 1731 3002 Virgine
1760 2949 2045 3003 conceptus,
2078 2950 2125 2986 et
2152 2938 2466 3004 postmodum
2494 2955 2550 2985 ex
2578 2955 2632 2985 ea

514 3031 668 3068 natus.
695 3022 833 3068 Unde
856 3032 903 3068 et
925 3022 986 3068 ad
1009 3022 1209 3086 Spiritus
1231 3020 1383 3067 sancti
1406 3020 1606 3083 gratiam
1634 3019 2096 3079 commendandam,
2122 3037 2209 3085 per
2230 3036 2374 3084 quem
2402 3019 2480 3066 ille
2509 3035 2631 3082 quo·

513 3116 605 3162 que
629 3100 778 3147 factus
802 3111 872 3148 est
900 3111 1162 3166 conceptus
1190 3101 1238 3146 in
1269 3110 1444 3146 nostrae
1472 3099 1817 3163 redemptionis
1847 3099 2119 3159 exordium,
2154 3099 2279 3146 bene
2305 3098 2383 3145 hic
2414 3097 2632 3145 videmus

513 3181 799 3245 prophetam
822 3200 1069 3241 exorsum,
1096 3192 1142 3229 et
1164 3181 1490 3228 narrationem
1513 3197 1649 3227 suam
1671 3180 1719 3226 in
1744 3179 1988 3227 beneflciis
2011 3180 2183 3227 divinis
2206 3179 2431 3243 deinceps
2453 3177 2630 3243 perdu-

513 3277 642 3318 cere,
668 3278 817 3324 usque
840 3262 901 3308 ad
924 3263 1201 3309 missionem
1223 3261 1437 3325 ejusdem
1459 3261 1659 3325 Spiritus
1683 3260 1857 3306 saetam
1879 3261 1928 3307 in
1951 3261 2172 3326 praesenti
2193 3270 2428 3323 tempore.
2456 3257 2526 3304 Ab
2548 3257 2628 3304 illo

556 3436 565 3452 ¹
586 3436 697 3476 Amos,
712 3447 786 3479 cap.
801 3448 851 3478 ix,
867 3448 898 3469 v.
915 3439 945 3469 5.
962 3437 1019 3462 ——²
1036 3439 1163 3477 Genes.,
1178 3450 1251 3482 cap.
1266 3450 1372 3479 xxxn,
1392 3449 1421 3470 v.
1443 3440 1471 3470 l.
1493 3455 1518 3460 -
1536 3437 1549 3454 ³
1563 3437 1638 3475 Job,
1651 3447 1723 3481 cap.
1736 3448 1798 3479 vn,
1813 3449 1842 3470 v.
1861 3436 1967 3471 1.—‘
1983 3437 2126 3471 Corinth.
2140 3437 2174 3476 I,
2189 3446 2263 3479 cap.
2279 3447 2312 3468 ix
2324 3461 2333 3477 ‚
2349 3447 2380 3469 v.
2396 3434 2628 3474 95.—-⁵1bid.,

510 3505 539 3526 v.
559 3496 613 3527 26.
627 3513 663 3517 ---
682 3494 694 3512 ⁶
707 3496 842 3537 Ephes„
858 3505 932 3540 cap.
949 3507 992 3537 νι,
1010 3508 1039 3530 v.
1062 3499 1114 3529 12.
1135 3516 1167 3520 —
1181 3496 1192 3513 ⁷
1207 3497 1317 3535 Joan„
1332 3507 1406 3539 cap.
1421 3507 1474 3529 xvn
1487 3521 1495 3537 ,
1511 3506 1540 3528 v.
1563 3497 1616 3528 33.
