2970 4152
1225 391 1544 440 EPISTOLAE.
2347 398 2365 442 4
2378 395 2429 441 81

320 484 495 531 rimum
522 484 778 532 exhortans
794 522 806 544 ,
833 486 1059 534 annexuit
1083 485 1247 534 dicens
1269 504 1279 532 :
1313 506 1336 531 «
1360 490 1530 533 Fateor
1554 503 1719 535 coram
1748 490 1876 548 Deo,
1912 504 1967 535 ex
1998 504 2096 552 quo
2129 490 2232 535 Deo
2267 490 2443 537 servire

320 566 442 631 coepi
461 601 472 623 ‚
501 566 749 629 quomodo
774 566 964 614 difficile
989 584 1093 613 sum
1120 576 1341 632 expertus
1365 567 1586 614 meliores
1610 584 1756 631 quam
1785 569 1868 631 qui
1896 569 1945 615 in
1970 569 2269 615 monasteriis
2287 569 2444 633 profe-

319 655 513 705 cerunt,
545 646 609 693 ita
634 664 732 693 non
753 664 860 694 sum
884 657 1104 713 expertus
1130 648 1316 712 pej0res
1335 661 1480 712 quam
1506 647 1588 712 qui
1612 648 1661 693 in
1682 649 1979 695 monasteriis
2006 649 2300 697 ceciderunt.
2329 668 2352 693 »
2374 652 2443 696 Ita

321 735 371 772 ut
395 725 508 773 hinc
524 763 536 786 ‚
571 727 777 774 arbitror
791 726 807 787 ’,
841 729 889 774 in
915 728 1211 792 Αροσαζγρεί
1232 728 1462 793 scriptum
1481 730 1492 752 ¹
1520 745 1531 774 :
1569 747 1593 772 «
1616 730 1773 774 Justus
1792 728 1965 791 justior
1995 728 2076 776 fiat
2092 766 2104 787 ‚
2143 739 2190 776 et
2222 728 2444 776 sordidus

318 806 560 854 sordescat
584 807 757 854 adhuc.
786 827 809 851 »
836 811 983 855 Tanta
1002 809 1143 872 igitur
1160 808 1470 855 correctionis
1489 805 1721 854 districtio
1741 809 1800 855 sit
1813 844 1825 867 ‚
1849 819 1898 855 ut
1918 826 2214 874 quaecunque
2230 810 2277 856 in
2299 810 2445 857 altera

320 887 488 935 viderit
513 888 646 952 quod
673 889 1009 953 corrigendum
1029 890 1087 936 sit
1108 926 1120 949 ‚
1148 900 1195 936 et
1218 889 1440 936 celaverit
1457 925 1469 949 ,
1502 890 1705 953 graviori
1729 884 1969 953 subjaceat
1993 890 2251 955 disciplinae
2265 927 2277 949 ‚
2299 907 2444 955 quam

321 966 395 1014 illa
420 985 524 1032 quae
549 969 642 1015 hoc
661 970 914 1015 commisit.
949 969 1086 1016 Nulla
1109 970 1251 1034 igitur
1274 969 1350 1017 vel
1378 987 1520 1016 suum
1538 969 1613 1016 vel
1638 969 1828 1016 alterius
1859 969 2085 1017 delictum
2111 987 2331 1018 accusare
2359 971 2446 1018 dif-

320 1046 450 1094 ferat.
470 1051 776 1113 Quaecunque
802 1066 916 1096 vero
941 1066 992 1096 se
1008 1066 1236 1096 accusans
1254 1050 1367 1097 alias
1382 1050 1680 1114 praevenerit,
1709 1050 1830 1097 sicut
1845 1051 2073 1115 scriptum
2091 1061 2159 1097 est
2173 1054 2186 1075 ²
2205 1069 2215 1097 :
2243 1070 2265 1095 «
2289 1054 2446 1098 Justus

321 1128 451 1191 prior
469 1139 539 1176 est
555 1133 799 1176 accusator
814 1131 914 1189 sui,
942 1149 979 1173 »-
994 1131 1233 1177 mitiorem
1259 1140 1469 1177 meretur
1493 1129 1818 1196 disciplinam,
1845 1131 1884 1177 si
1908 1131 2008 1194 ejus
2034 1132 2283 1178 cessaverit
2301 1131 2447 1195 negli-

318 1208 490 1271 gentia.
516 1209 653 1256 Nulla
671 1226 786 1256 vero
811 1210 951 1256 aliam
978 1226 1203 1257 excusare
1228 1219 1486 1275 praesumat
1503 1246 1515 1270 ‚
1548 1211 1639 1257 nisi
1664 1210 1785 1257 forte
1810 1210 2077 1257 diaconissa
2101 1210 2162 1256 ab
2189 1210 2290 1257 aliis
2311 1212 2445 1275 igno·

320 1298 415 1334 tam
441 1290 508 1335 rei
531 1290 778 1341 veritatem
799 1291 1074 1355 interroget.
1108 1290 1246 1337 Nulla
1271 1307 1484 1354 unquam
1509 1290 1649 1337 aliam
1675 1289 1856 1337 caedere
1882 1307 1972 1356 pro
1997 1307 2283 1356 quacunque
2307 1291 2447 1357 culpa

319 1379 596 1436 praesumat,
626 1370 716 1417 nisi
749 1371 827 1417 cui
850 1371 1121 1434 injunctum
1143 1370 1282 1418 fuerit
1307 1387 1334 1416 a
1358 1370 1641 1417 diaconissa.
1673 1371 1913 1436 Scriptum
1940 1381 2010 1418 est
2034 1381 2195 1417 autem
2220 1371 2280 1418 de
2311 1371 2446 1418 disci-

317 1448 446 1512 plina
467 1452 776 1498 correctionis
790 1453 804 1477 ³
825 1471 834 1498 :
861 1472 884 1497 «
905 1451 1214 1517 Disciplinam
1232 1451 1456 1510 Domini,
1486 1450 1551 1497 fili
1573 1453 1639 1498 mi
1657 1487 1670 1511 ‚
1692 1467 1754 1498 ne
1772 1450 1978 1514 abjicias.
2001 1454 2070 1499 Ne
2089 1451 2280 1498 deficias
2297 1469 2449 1517 quum

318 1528 378 1575 ab
411 1546 469 1576 eo
508 1531 778 1596 corriperis.
816 1535 972 1590 Quem
997 1533 1123 1579 enim
1153 1531 1305 1596 diligit
1330 1532 1568 1578 Dominus
1593 1532 1820 1597 corripit,
1866 1542 1911 1579 et
1945 1533 2081 1596 quasi
2111 1542 2246 1598 pater
2270 1533 2320 1579 in
2348 1533 2446 1581 filio

318 1609 582 1674 complacet
600 1611 704 1658 sibi.
735 1632 756 1655 υ
789 1616 906 1659 ltem
946 1632 955 1659 :
999 1632 1022 1658 «
1044 1613 1138 1671 Qui
1157 1613 1306 1678 parcit
1326 1613 1463 1677 virgae
1480 1650 1491 1672 ‚
1515 1612 1618 1659 odit
1640 1612 1792 1660 filium
1815 1631 1825 1659 z
1849 1613 1933 1677 qui
1951 1623 2110 1660 autem
2130 1612 2280 1678 diligit
2292 1614 2444 1674 illum,

319 1689 548 1738 instanter
572 1691 728 1739 erudit
742 1694 770 1739 ⁵.
797 1693 1047 1740 Pestilente
1067 1693 1301 1757 flagellato
1320 1693 1490 1740 stultus
1522 1693 1780 1758 sapientior
1797 1694 1886 1740 erit
1902 1696 1931 1739 ³⁵.
1955 1692 2181 1740 Mulctato
2200 1694 2447 1758 pestilente

318 1772 575 1837 sapientior
616 1775 704 1821 erit
736 1775 961 1840 parvulus
995 1776 1023 1821 ⁸.
1077 1775 1335 1839 Flagellum
1368 1791 1493 1839 equo
1513 1811 1525 1834 ,
1557 1784 1606 1822 et
1638 1773 1838 1821 chamus
1868 1774 2002 1821 asino
2023 1811 2035 1831 ‚
2069 1784 2116 1822 et
2148 1775 2278 1838 virga
2303 1775 2447 1823 dorso

319 1853 695 1919 imprudentium
713 1858 739 1902 ⁷.
770 1857 863 1913 Qui
888 1856 1083 1921 corripit
1110 1855 1359 1903 hominem
1383 1865 1549 1920 postea
1575 1855 1783 1902 inveniet
1808 1854 1938 1920 apud
1960 1872 2071 1902 eum
2091 1891 2102 1915 ,
2129 1856 2278 1920 magis
2301 1872 2447 1920 quam

317 1933 394 1983 ille
427 1937 511 2001 qui
543 1954 630 2002 per
662 1937 834 2002 linguae
865 1927 1194 1984 blandimenta
1222 1936 1401 2002 decipit
1417 1939 1445 1984 ⁸.
1484 1937 1654 1983 Omnis
1679 1946 1839 1983 autem
1865 1935 2115 2002 disciplina
2147 1937 2195 1983 in
2229 1938 2447 2002 praesenti

319 2015 435 2080 quid
453 2012 643 2064 videtur
662 2034 760 2064 non
787 2034 889 2064 esse
918 2016 1105 2082 gaudii,
1135 2017 1221 2064 sed
1245 2017 1480 2064 moeroris.
1507 2020 1675 2064 Postea
1694 2026 1854 2064 autem
1867 2016 2073 2063 fructum
2094 2017 2447 2082 pacatissimum

319 2098 582 2145 exercitatis
614 2116 701 2164 per
732 2115 838 2145 eam
864 2098 1033 2146 reddet
1058 2098 1291 2162 justitiae⁹.
1322 2097 1551 2145 Confusio
1578 2097 1726 2162 patris
1752 2106 1823 2144 est
1848 2097 1895 2143 in
1928 2096 2028 2143 filio
2058 2096 2443 2162 indisciplinato,

318 2175 413 2223 filia
438 2187 596 2225 autem
623 2179 749 2226 fatua
773 2179 820 2225 in
848 2178 1232 2226 deminoratione
1260 2179 1347 2225 erit
1363 2180 1402 2223 ¹⁰.
1427 2178 1522 2236 Qui
1546 2177 1697 2242 diligit
1715 2176 1890 2236 filium,
1914 2175 2122 2223 assiduat
2138 2176 2205 2223 illi
2231 2175 2443 2240 flagella,

319 2265 371 2303 ut
395 2256 576 2305 laetetur
601 2259 648 2305 in
673 2259 932 2309 novissimo
948 2261 987 2305 ¹¹.
1018 2259 1111 2317 Qui
1131 2258 1273 2305 docet
1298 2257 1473 2315 filium,
1499 2256 1772 2304 laudabitur
1801 2258 1849 2303 in
1875 2256 1956 2303 illo
1977 2293 1989 2317 ‚
2022 2266 2069 2304 et
2094 2257 2143 2303 in
2170 2256 2330 2303 medio
2356 2255 2449 2303 do-

319 2339 627 2386 mesticorum
651 2340 699 2386 in
730 2339 809 2387 illo
836 2340 1078 2404 gloriatur.
1110 2342 1273 2404 Equus
1306 2339 1570 2386 indomitus
1595 2337 1765 2385 evadet
1788 2337 1938 2384 durus
1954 2374 1966 2398 ,
1996 2347 2043 2385 et
2076 2337 2200 2384 filius
2226 2337 2448 2384 remissus

319 2418 487 2466 evadet
504 2437 728 2486 praeceps.
753 2424 893 2467 Laeta
913 2420 1060 2468 filium
1091 2430 1226 2468 tuum
1242 2457 1253 2479 ,
1278 2429 1325 2467 et
1348 2429 1603 2485 paventem
1630 2429 1676 2466 te
1695 2418 1846 2465 faciet.
1870 2418 2002 2465 Lude
2022 2435 2130 2465 cum
2153 2435 2235 2478 e0,
2265 2428 2312 2465 et
2335 2434 2448 2464 con-

320 2499 522 2547 tristabit
554 2503 654 2548 te1’.
683 2520 706 2545 υ
744 2504 796 2548 ln
825 2501 1116 2549 discussione
1138 2518 1253 2549 vero
1292 2500 1478 2548 consilii
1512 2499 1707 2547 cuilibet
1744 2515 1880 2546 suam
1914 2499 2127 2564 proferre
2166 2499 2448 2545 sententiam

320 2578 504 2639 licebit,
528 2580 612 2628 sed
632 2581 867 2646 quidquid
886 2581 1110 2629 omnibus
1126 2581 1361 2640 videatur,
1382 2580 1661 2628 diaconissae
1678 2579 1926 2626 decretum
1946 2578 2189 2625 immobile
2209 2588 2443 2638 teneatur,

319 2660 367 2706 in
391 2659 525 2723 cujus
550 2660 744 2709 arbitrio
770 2671 939 2708 cuncta
964 2661 1258 2720 consistunt3
1287 2661 1430 2708 etiam
1456 2660 1518 2719 si,
1551 2659 1684 2724 quod
1710 2658 1832 2706 absit
1850 2694 1862 2718 ‚
1892 2658 1991 2723 ipsa
2010 2658 2219 2717 fallatur,
2243 2667 2290 2704 et
2314 2657 2447 2721 quod

319 2738 526 2787 deterius
545 2750 615 2788 est
639 2741 1027 2807 ipsalconstituat.
1055 2741 1193 2789 Unde
1213 2751 1260 2788 et
1277 2740 1395 2787 illud
1412 2750 1483 2787 est
1500 2739 1625 2787 beati
1646 2739 1891 2804 Augustini
1908 2739 2031 2785 libro
2054 2737 2410 2801 Confessz'onum
2431 2757 2441 2784 ε

323 2840 346 2865 «
369 2821 570 2868 Multum
589 2832 753 2887 peccat
771 2822 853 2886 qui
873 2821 1155 2869 inobediens
1175 2831 1245 2868 est
1266 2821 1367 2886 suis¹
1387 2820 1590 2886 praelatis
1619 2820 1669 2866 in
1706 2819 1867 2884 aliquo
1885 2856 1896 2879 ,
1926 2819 1967 2866 si
1987 2818 2064 2866 vel
2086 2818 2284 2865 meliora
2310 2817 2450 2882 eligat

319 2917 464 2966 quam
490 2919 546 2950 ea
574 2920 678 2967 quae
703 2903 791 2950 sibi
813 2886 1057 2967 jubentur.
1083 2922 1107 2947 »
1140 2903 1289 2950 Multo
1315 2904 1494 2968 quippe
1515 2901 1682 2950 melius
1706 2911 1775 2949 est
1793 2901 1935 2948 nobis
1958 2900 2275 2967 benefacere,
2299 2916 2447 2964 quam

321 2980 504 3029 bonum
523 2982 693 3029 facere.
718 2985 814 3030 Nec
839 2993 936 3029 tam
965 2982 1098 3048 quod
1118 2982 1215 3042 flat,
1236 3000 1382 3048 quam
1398 2981 1533 3047 quod
1557 2998 1655 3046 quo
1677 2980 1827 3028 modo
1843 2980 1918 3027 vel
1937 2980 2097 3027 animo
2124 2979 2221 3036 fiat,
2241 2995 2447 3045 pensan-

321 3062 439 3110 dum
463 3072 548 3110 est.
578 3066 703 3110 Bene
727 3079 841 3110 vero
871 3063 935 3110 fit*
956 3063 1192 3128 quidquid
1209 3081 1297 3129 per
1328 3063 1652 3111 obedientiam
1677 3061 1730 3108 fit
1745 3098 1758 3122 ,
1791 3061 1934 3108 etiam
1958 3061 1996 3107 si
2023 3060 2155 3125 quod
2179 3060 2232 3107 fit
2261 3059 2447 3107 bonum

321 3159 422 3192 esse
447 3144 644 3191 minime
664 3143 895 3192 videatur.
922 3147 1009 3191 Per
1027 3146 1191 3192 omnia
1209 3145 1368 3209 itaque
1384 3144 1587 3210 praelatis
1606 3153 1675 3191 est
1693 3141 2019 3190 obediendum
2038 3178 2049 3202 ,
2079 3152 2449 3207 quantacunque

322 3224 414 3271 sint
438 3224 616 3272 damna
638 3242 798 3273 rerum
814 3263 828 3283 ‚
867 3226 905 3273 si
930 3225 1121 3273 nullum
1142 3236 1338 3292 apparet
1362 3226 1530 3273 animae
1554 3223 1837 3290 periculum.
1868 3222 2121 3270 Provideat
2147 3222 2366 3289 praelatus
2397 3234 2449 3270 ut

303 3377 310 3381 ”
369 3379 377 3396 ·
398 3380 550 3420 Αροεαὶ.,
568 3389 642 3424 cap.
670 3391 738 3414 ιιιι
751 3406 761 3422 ,
783 3392 814 3414 v.
849 3383 901 3413 11.
918 3398 963 3407 --
977 3380 990 3398 ¹
1010 3382 1126 3420 Prov„
1153 3391 1228 3428 cap.
1258 3392 1337 3415 xvm
1349 3406 1358 3421 ,
1404 3391 1435 3413 v.
1455 3382 1508 3413 11.
1522 3397 1564 3404 -·
1579 3378 1591 3397 '¹
1607 3378 1706 3417 lbid„
1722 3388 1798 3422 cap.
1816 3389 1914 3419 xxvi,
1933 3389 1965 3411 v.
1981 3379 2034 3411 23.
2046 3397 2078 3402 ω
2094 3377 2107 3395 ⁸
2126 3377 2225 3418 ibid„
2241 3387 2314 3420 cap.
2331 3388 2446 3416 xxvnr,

324 3446 354 3467 v.
376 3437 427 3468 17.
441 3454 485 3459 -
497 3435 510 3453 ⁸
527 3436 625 3475 thid..
643 3447 717 3481 cap.
735 3449 788 3477 ιιι,
802 3448 834 3471 v.
852 3439 884 3469 11
905 3444 938 3471 et
959 3436 1184 3476 12.-⁴1bid.,
1199 3448 1275 3480 cap.
1288 3448 1359 3478 xin,
1404 3447 1433 3469 v.
1456 3437 1511 3469 23.
1529 3452 1563 3459 -—
1582 3434 1596 3452 ⁸
1614 3437 1709 3472 Heb..
1726 3445 1798 3478 cap.
1816 3445 1881 3473 ιιι,
1896 3444 1926 3468 v.
1947 3437 2000 3467 11.
2016 3451 2057 3457 —·
2077 3433 2106 3451 '⁰
2121 3434 2242 3472 Eccli„
2259 3443 2333 3477 cap.
2355 3444 2421 3465 xxn
2436 3458 2447 3472 ,

324 3502 356 3524 s.
373 3493 425 3525 24.
446 3510 485 3517 ——
501 3492 514 3510 ⁸
530 3493 628 3534 ibid„
657 3505 731 3538 cap.
759 3506 835 3535 ιιι,
853 3506 882 3528 v.
905 3497 961 3528 25.
978 3513 1019 3518 —
1038 3493 1168 3536 ⁸1bid.,
1183 3505 1258 3538 cap.
1277 3505 1358 3534 ιιι,
1404 3505 1434 3526 v.
1447 3492 1682 3533 a.—··1bid.‚
1697 3502 1771 3535 cap.
1788 3502 1876 3530 xxx,
1890 3501 1922 3524 v.
1942 3496 1953 3522 1
1975 3498 2010 3524 et
2024 3493 2103 3524 2.—
2117 3490 2146 3508 ¹¹
2163 3490 2263 3532 tbid.‚
2282 3501 2311 3523 v.
2330 3492 2348 3522 8
2364 3497 2399 3522 et
2411 3490 2451 3522 9-
