2970 4152
578 407 674 455 406
1374 420 1542 467 PETRI
1578 416 1890 469 ABAELARDI

583 515 724 568 caput
748 506 930 569 anguli,
950 526 974 552 υ
1000 508 1094 555 hoc
1117 520 1185 557 est
1210 514 1491 562 constitutus
1513 531 1541 563 a
1566 518 1668 563 Deo
1691 518 1739 563 in
1766 527 1907 582 caput
1923 553 1935 576 ,
1967 526 2015 563 ut
2040 515 2265 575 diximus,
2299 516 2506 564 duorum
2540 519 2690 582 paries-

583 594 683 631 tum
700 622 711 644 ,
740 587 787 632 in
830 604 922 635 una
956 588 1103 636 domo
1127 592 1215 638 Dei
1239 593 1330 656 sibi
1355 596 1737 660 conjunctorum.
1769 600 1805 644 A
1829 614 1926 661 quo
1949 613 2063 644 vero
2099 606 2195 643 tam
2226 604 2453 660 magnum
2479 598 2595 661 quid
2621 596 2688 644 fa‘-

582 676 710 712 ctum
734 668 814 727 sit,
841 672 1126 734 supponitur
1148 689 1298 737 quum
1323 676 1524 724 dicitur:
1555 697 1578 722 c<
1604 682 1632 724 A
1666 679 1874 724 Domino
1894 678 2069 724 factum
2089 687 2158 724 est
2180 677 2322 724 istud.
2347 697 2369 721 »
2403 681 2455 724 In
2481 693 2578 742 quo
2603 693 2690 743 pa·—

582 759 733 795 tenter
769 751 975 798 ostendit
1013 753 1182 801 frustra
1217 772 1299 803 eos
1333 756 1596 818 laborasse,
1639 760 1719 822 qui
1758 758 1890 822 quod
1927 757 2225 824 disposuerat
2257 761 2384 805 Deus
2420 757 2692 806 nitebantur

580 839 806 876 evertere.
834 830 970 878 Unde
991 842 1036 879 et
1063 833 1112 879 in
1142 844 1342 883 mortem
1368 836 1468 900 ejus
1487 838 1742 902 conspirati
1761 837 2004 885 dicebant²
2025 855 2034 883 :
2062 858 2084 881 «
2105 837 2285 884 Videtis
2300 839 2419 901 'quia
2441 837 2560 884 nihil
2582 845 2692 902 pro-

580 907 778 954 ficimus.
814 910 934 974 Ecce
963 912 1170 960 mundus
1195 923 1322 962 totus
1352 927 1462 981 post
1485 933 1596 963 eum
1625 916 1753 963 abiit.
1785 920 1840 963 Et
1864 925 1932 964 est
1963 917 2175 964 mirabile
2206 918 2254 963 in
2275 902 2434 963 'oculis
2456 917 2645 964 nostris.
2664 935 2687 960 n

579 988 706 1045 Quid
738 990 863 1036 enirn
899 991 1159 1040 mirabilius
1191 995 1239 1041 in
1276 996 1424 1043 oculis
1458 996 1733 1055 hominum,
1770 1013 1915 1061 quam
1939 996 2108 1044 divinae
2139 993 2460 1062 dispositionis
2492 995 2691 1061 prosun-

578 1067 720 1128 dum,
749 1069 809 1116 de
834 1087 930 1134 quo
956 1072 1057 1136 ipse
1081 1074 1205 1120 'ait²:
1234 1095 1256 1119 «
1279 1078 1330 1122 In
1351 1075 1589 1139 judicium
1616 1093 1703 1140 ego
1736 1077 1845 1124 veni
1878 1077 1926 1123 in
1957 1077 2088 1124 hunc
2122 1076 2382 1136 mundum,
2412 1086 2464 1124 ut
2487 1077 2690 1141 quinon

577 1148 737 1195 vident
769 1149 985 1211 videant,
1024 1162 1070 1199 et
1102 1154 1183 1217 qui
1213 1154 1377 1202 vident
1409 1156 1518 1202 caeci
1553 1155 1701 1202 fiant?
1723 1176 1746 1200 »
1782 1159 1903 1204 Ecce
1938 1156 2158 1203 doctores
2190 1156 2304 1220 legis
2334 1172 2478 1220 quem
2508 1154 2557 1202 in
2590 1155 2691 1218 lege

578 1231 862 1293 promissum
894 1234 1205 1298 expectabant
1226 1246 1506 1297 venturum,
1541 1237 1809 1285 venientem
1833 1245 2060 1301 tanquam
2089 1238 2383 1301 incognitum
2407 1236 2692 1301 reprobave-

576 1321 703 1357 runt.
745 1314 1030 1360 Erraverunt
1062 1315 1293 1379 magistri,
1331 1317 1380 1363 in
1413 1333 1510 1380 quo
1546 1334 1645 1364 non
1676 1327 1951 1366 erraverunt
1980 1317 2213 1382 discipuli.
2249 1317 2439 1364 Caecitas
2469 1333 2525 1363 ex
2559 1325 2694 1380 parte

578 1391 695 1437 facta
719 1401 789 1438 est
812 1393 860 1439 in
888 1394 1046 1454 lsrael,
1077 1405 1128 1441 ut
1151 1394 1398 1460 plenitudo
1430 1398 1642 1460 gentium
1666 1397 1966 1444 subintraret.
1995 1398 2146 1444 Fracti
2169 1407 2280 1444 sunt
2304 1396 2439 1444 olivae
2462 1396 2582 1443 rami
2606 1409 2692 1442 na·

579 1471 773 1532 turales,
805 1483 858 1520 ut
886 1474 1121 1537 sylvestris
1149 1476 1432 1524 insereretur
1462 1477 1677 1525 oleaster.
1717 1478 1968 1524 Peculiaris
1995 1477 2072 1524 ille
2102 1477 2348 1541 quondam
2373 1478 2462 1523 Dei·
2483 1475 2692 1541 populns

580 1568 634 1597 ex
660 1568 829 1617 magna
853 1564 987 1618 parte
1008 1557 1163 1601 Deum
1189 1556 1492 1620 reprobando
1519 1557 1691 1604 meruit
1712 1557 1959 1622 reprobari
1989 1573 2016 1603 a
2046 1559 2172 1615 Deo,
2211 1567 2257 1603 et
2287 1557 2420 1620 quasi
2450 1555 2555 1602 filiis
2581 1554 2693 1603 alie-

577 1633 720 1692 natis,
752 1634 800 1680 in
833 1650 999 1680 eorum
1030 1634 1190 1682 locum
1223 1647 1549 1684 successerunt
1579 1637 1735 1684 alieni.
1769 1636 1912 1694 Quod
1942 1636 2219 1683 altissimum
2248 1636 2336 1684 Dei
2364 1635 2613 1687 consilium
2638 1636 2693 1682 in

578 1721 755 1759 tantam
778 1712 1141 1761 admirationem
1159 1716 1287 1762 venit
1312 1716 1550 1763 mentibus
1571 1716 1784 1764 fidelium
1799 1753 1811 1776 ,
1837 1726 1893 1763 ut
1914 1717 2014 1781 ipse
2041 1714 2290 1781 Apostolus
2320 1731 2462 1780 super
2490 1715 2585 1762 hoc
2614 1730 2694 1761 ex·

578 1792 785 1841 clamans
808 1793 956 1841 dicat³
977 1813 986 1841 :
1014 1815 1036 1840 «
1058 1797 1101 1841 Ο
1119 1795 1318 1843 altitudo
1344 1797 1614 1844 divitiarum
1643 1797 1882 1862 sapientiae
1913 1806 1960 1856 qt
1980 1796 2183 1843 scientiae
2206 1793 2320 1843 Dei!
2349 1811 2493 1859 quam
2514 1795 2695 1841 incom—

578 1873 912 1936 prehensibilia
943 1885 1053 1922 sunt
1079 1876 1257 1939 judicia
1287 1876 1410 1939 ejus,
1446 1887 1493 1923 et
1521 1875 1867 1940 investigabiles
1891 1875 1976 1922 viae
2000 1872 2127 1938 ejus!
2164 1875 2281 1932 Quis
2310 1874 2439 1920 enim
2472 1873 2697 1936 cognovit

579 1970 771 2000 sensum
795 1955 1013 2015 Domini,
1044 1966 1126 2004 aut
1153 1957 1259 2020 quis
1287 1956 1582 2004 consiliarius
1611 1957 1710 2020 ejus
1741 1956 1897 2003 suit?»
1930 1956 2000 2002 Ad
2029 1955 2170 2019 hujus
2193 1954 2421 2018 temporis
2445 1952 2697 2018 plenitudi-

580 2053 691 2084 nem
716 2038 870 2102 gratiae
894 2037 1100 2084 exultare
1125 2037 1458 2098 admonemur,
1488 2047 1534 2086 et
1557 2039 1726 2099 laetari,
1749 2054 1899 2102 quum
1918 2037 2089 2084 dicitur
2109 2054 2118 2082 ε
2153 2055 2176 2080 «
2198 2037 2305 2081 Haec
2330 2045 2399 2082 est
2423 2034 2692 2094 dieS,⁴etc.»

579 2119 822 2181 Tanquam
852 2117 890 2163 si
918 2116 1125 2164 diceret:
1161 2120 1264 2164 Hoc
1294 2127 1365 2164 est
1393 2117 1510 2164 illud
1535 2128 1723 2182 tempus
1747 2116 1966 2183 fidelihus
1991 2125 2230 2181 optatum,
2262 2115 2395 2178 quod
2420 2127 2506 2179 per
2529 2122 2697 2162 semet-

581 2198 736 2261 ipsum
765 2198 999 2243 Dominus
1030 2196 1166 2261 copia
1196 2195 1393 2261 replevit
1424 2198 1641 2244 omnium
1677 2197 1934 2243 bonorum.
1976 2214 1999 2240 α
2020 2195 2316 2253 Exultemus,
2336 2213 2360 2238 »
2391 2194 2568 2257 inquit,
2607 2212 2632 2238 «
2650 2203 2697 2240 et

580 2278 849 2327 laetemur.»
877 2278 1138 2341 Ingeminat
1166 2277 1415 2340 gaudium,
1450 2277 1713 2342 praevidens
1737 2278 1785 2324 in
1819 2276 2008 2324 duobus
2038 2275 2227 2341 populis
2246 2274 2463 2321 Ecclesiae
2485 2289 2698 2321 cremen-

581 2372 699 2408 tum.
729 2360 800 2407 Ad
823 2360 946 2407 hanc
970 2360 1126 2423 itaque
1152 2360 1379 2424 temporis
1403 2360 1601 2423 gratiam
1625 2359 1735 2406 totis
1758 2358 1880 2405 votis
1904 2358 2004 2422 ipse
2028 2354 2425 2422 psalmographus
2444 2353 2693 2413 anhelans,

579 2444 628 2489 in
646 2457 788 2506 quam
820 2455 954 2486 suam
981 2449 1028 2487 et
1054 2440 1271 2486 omnium
1298 2438 1511 2486 fidelium
1538 2438 1736 2486 salutem
1763 2436 2037 2503 expectabat
2061 2436 2291 2492 futuram,
2318 2443 2483 2482 exorat
2505 2435 2694 2482 dicens:

584 2543 606 2567 «
628 2524 670 2568 O
695 2523 917 2578 Domine,
944 2519 1125 2566 salvum
1151 2536 1228 2566 me
1252 2518 1341 2567 fac.
1361 2538 1383 2563 »
1405 2521 1502 2579 Me,
1534 2520 1756 2584 inquam,
1779 2518 1861 2582 qui
1889 2528 1935 2564 te
1953 2531 2267 2580 recognosco,
2293 2515 2376 2579 qui
2398 2515 2448 2561 in
2473 2524 2518 2561 te
2543 2515 2700 2562 solum

581 2613 805 2666 tanquam
840 2600 1057 2647 omnium
1091 2602 1276 2658 Jesum,
1311 2599 1362 2646 id
1394 2609 1464 2646 est
1496 2598 1811 2656 Salvatorem,
1845 2613 1979 2661 spem
2010 2605 2159 2642 totam
2192 2594 2456 2651 constitum
2493 2602 2701 2658 quanta-

580 2700 770 2748 cunque
801 2682 1004 2729 caecitate
1041 2680 1247 2746 populus
1284 2696 1419 2726 meus
1438 2680 1510 2726 'sit
1542 2678 1905 2744 percutiendus,
1939 2679 1996 2723 Et
2028 2686 2079 2722 ut
2111 2675 2292 2722 salvum
2327 2674 2492 2732 facias,
2525 2693 2551 2719 tt
2575 2673 2700 2720 bene

580 2779 922 2829 prosperare.»
960 2765 1062 2808 Hoc
1095 2771 1187 2817 est,
1226 2776 1454 2825 prospere
1485 2776 1593 2823 agas
1618 2760 1666 2806 in
1700 2758 1924 2819 omnibus
1957 2773 2062 2820 quae
2093 2755 2328 2820 disponiS,
2357 2763 2445 2801 tuae
2470 2753 2702 2802 voluntati

582 2843 1021 2911 obtemperantibus
1046 2842 1133 2890 sibi
1156 2858 1296 2890 causa
1321 2841 1481 2888 salutis
1500 2851 1700 2888 aeternae.
1730 2843 1975 2901 Quantum
1985 2847 2153 2889 ‚autem
2178 2836 2447 2901 prosperari
2463 2834 2634 2883 debeat
2649 2834 2699 2880 in

580 2927 654 2974 his
685 2942 790 2991 quae
822 2924 940 2988 agit,
977 2924 1274 2971 demonstrat
1306 2938 1454 2986 quum
1489 2921 1714 2986 supponit
1741 2938 1751 2966 :
1785 2936 1808 2965 κ
1839 2917 2122 2966 Benedictus
2151 2916 2234 2980 qui
2266 2915 2473 2962 venitin
2504 2915 2701 2963 nomine

581 3010 838 3056 Domini.»
867 3006 1170 3064 Benedictus,
1208 3004 1389 3068 inquit,
1422 3003 1517 3050 hoc
1548 3011 1617 3048 est
1648 3019 1676 3049 a
1705 3005 1808 3048 Deo
1845 2997 2181 3056 sanctificatus,
2211 3006 2258 3044 et
2286 3010 2346 3044 ex
2374 3002 2508 3042 utero
2542 2994 2703 3042 matris

584 3089 805 3136 omnibus
835 3087 974 3136 donis
1004 3086 1203 3152 Spiritus
1233 3084 1382 3131 sancti
1413 3091 1786 3130 consummatus.
1822 3085 1874 3128 In
1906 3080 2104 3128 nomine
2130 3076 2349 3133 Domini,
2379 3075 2504 3122 sicut
2527 3080 2582 3128 et
2601 3075 2702 3139 ipse

583 3171 694 3216 ait‘·:
719 3173 861 3234 «Ego
893 3169 1001 3215 veni
1028 3169 1078 3214 in
1108 3166 1305 3214 nomine
1335 3164 1481 3231 ¹patris
1509 3163 1639 3210 mei:
1666 3172 1713 3209 et
1740 3162 1858 3209 alius
1887 3161 2046 3208 veniet
2070 3160 2120 3205 in
2147 3156 2342 3204 nomine
2371 3170 2482 3214 suo,
2514 3164 2561 3202 et
2590 3170 2702 3200 eum

586 3252 907 3316 suscipietis.»
935 3250 988 3296 ln
1008 3250 1204 3297 nomine
1228 3247 1376 3294 Patris
1399 3245 1555 3303 venit,
1575 3243 1658 3307 qui
1677 3259 1776 3290 non
1794 3241 2038 3307 propriam
2063 3237 2284 3303 gloriam,
2313 3234 2395 3281 sed
2415 3235 2560 3282 Patris
2578 3244 2703 3298 quae-

586 3338 669 3396 rit;
707 3352 794 3382 nec
819 3345 915 3381 tam
943 3333 1077 3379 nosci
1103 3331 1204 3379 vult
1231 3340 1283 3377 ut
1309 3329 1591 3386 honoretur,
1620 3341 1765 3389 quam
1789 3340 1900 3371 eum
1928 3320 2151 3385 cognosci
2182 3318 2289 3365 facit
2317 3327 2368 3363 ut
2396 3314 2697 3380 glorificetur.

629 3519 639 3536 ¹
665 3519 774 3557 Joan.,
789 3527 863 3559 cap.
884 3527 946 3553 xu,
968 3525 995 3547 v.
1017 3516 1067 3546 19.
1082 3530 1125 3538 —-
1138 3511 1151 3529 ³
1169 3513 1276 3548 Joan„
1294 3520 1367 3554 cap.
1385 3521 1417 3542 ix
1434 3534 1441 3548 ‚
1460 3519 1491 3541 v.
1510 3508 1565 3540 39.
1581 3524 1621 3531 —-
1636 3506 1649 3523 ⁸
1666 3506 1773 3544 Rom„
1790 3515 1865 3547 cap.
1882 3515 1934 3543 xi,
1952 3513 1985 3535 v.
2003 3503 2056 3536 33.
2072 3517 2114 3525 -
2129 3500 2141 3517 ⁴
2155 3499 2266 3538 Joan.‚
2283 3508 2358 3541 cap.
2378 3509 2408 3535 v.
2429 3509 2458 3531 v.
2479 3498 2534 3529 43.
