2970 4152
470 424 565 471 230
770 447 773 450 ·
1271 420 1442 466 PETRI
1477 420 1787 468 ABAELARDI

474 538 497 562 «
517 519 857 583 scripturarum
897 515 1041 563 ardor
1075 525 1174 562 erat
1202 514 1519 576 incredibilis,
1548 532 1832 581 semperque
1858 515 2080 563 cantabat
2111 534 2120 562 ε
2166 536 2188 561 t(
2213 518 2266 563 ln
2299 518 2445 566 corde
2480 534 2591 566 meo

476 618 498 641 «
526 597 754 645 abscondi
773 596 960 660 eloquia
979 606 1057 643 tua
1072 632 1084 655 ,
1108 605 1275 642 utnon
1293 612 1490 661 peccem
1509 595 1593 667 tibi
1611 598 1684 643 ¹..»
1712 599 1769 643 Et
1788 595 1905 642 illud
1924 595 1984 642 de
2003 594 2213 661 perfecto
2237 597 2367 644 viro²
2387 617 2397 645 :
2421 618 2444 643 «
2464 602 2520 648 Et
2542 600 2591 648 in

477 700 499 723 «
528 681 629 743 lege
654 679 847 725 Domini
874 678 1091 725 voluntas
1110 677 1236 741 ejus,
1261 686 1307 724 et
1324 677 1373 724 in
1389 677 1491 741 lege
1511 676 1611 740 ejus
1638 675 1941 724 meditabitur
1965 675 2042 723 die
2067 693 2122 723 ac
2147 687 2287 724 nocte
2306 713 2319 738 ,
2347 687 2437 726 etc.
2458 698 2480 724 »
2510 700 2534 725 «
2556 683 2592 728 A

475 782 494 803 «
528 759 761 806 mandatis
786 759 877 805 tuis
902 758 1107 805 intellexi
1121 760 1149 804 ³.
1176 777 1198 802 υ
1227 757 1472 822 Denique,
1502 774 1652 821 quum
1678 767 1724 803 et
1747 773 1824 803 me
1850 759 2050 803 Romam
2072 774 2183 804 cum
2207 759 2379 804 sanctis
2394 758 2590 823 pontifi·-

470 841 601 886 cibus
652 839 850 886 Paulino
892 849 938 886 et
978 839 1272 904 EpiphaniO,
1318 838 1627 886 ecclesiastica
1684 838 1897 884 traxisset
1933 838 2211 898 necessitas,
2241 848 2289 886 et
2324 839 2593 888 verecunde

470 921 702 967 nobilium
728 921 1013 967 feminarum
1037 919 1203 967 oculos
1226 918 1515 966 declinarem
1539 938 1547 966 :
1573 920 1635 965 ita
1662 919 1781 983 egit,
1814 918 2081 966 secundum
2104 918 2439 984 Apostolum¹⁵,
2465 939 2489 965 «
2506 920 2595 968 im·

472 1023 492 1045 «
524 1012 730 1067 portune
766 1011 1069 1066 opportune,
1110 1020 1132 1044 »
1171 1011 1222 1047 ut
1259 1000 1495 1066 pudorem
1532 1017 1693 1047 meum
1723 1015 1807 1047 sua
1845 1009 2090 1065 superaret
2124 999 2371 1047 industria.
2402 1003 2460 1047 Et
2483 1001 2594 1065 quia

469 1082 664 1146 alicujus
699 1093 813 1128 tunc
850 1082 1058 1128 nominis
1096 1098 1196 1128 esse
1237 1080 1538 1128 existimabar
1573 1097 1717 1146 super
1748 1080 1906 1127 studio
1930 1080 2307 1146 Scripturarum,
2345 1097 2594 1145 nunquam

470 1164 722 1223 convenit,
753 1163 868 1227 quin
896 1162 956 1209 de
981 1162 1233 1227 Scripturis
1257 1161 1435 1226 aliquid
1454 1162 1793 1225 interrogaret,
1820 1177 1910 1207 nec
1936 1161 2093 1208 statim
2123 1161 2444 1225 acquiesceret
2462 1197 2474 1221 ,
2510 1161 2596 1210 sed

471 1255 683 1292 moveret
709 1262 734 1293 e
760 1247 1000 1292 contrario
1032 1245 1316 1309 quaestiones
1338 1280 1349 1304 ,
1381 1260 1480 1291 non
1507 1254 1559 1290 ut
1576 1243 1916 1303 contenderet,
1948 1243 2032 1290 sed
2049 1253 2100 1290 ut
2116 1243 2374 1308 quaerendo
2394 1243 2597 1297 disceret

470 1344 631 1373 earum
657 1326 948 1385 solutiones,
980 1342 1097 1390 quas
1122 1326 1305 1390 opponi
1333 1342 1471 1391 posse
1500 1323 1807 1388 intelligebat.
1835 1323 1964 1381 Quid
2001 1325 2049 1371 in
2084 1323 2163 1370 illa
2194 1324 2450 1384 virtutum,
2479 1323 2596 1389 quid

470 1409 644 1472 ingenii
668 1408 932 1455 invenerim
951 1445 962 1467 ,
992 1423 1161 1454 vereor
1185 1406 1343 1454 dicere
1358 1444 1369 1466 ,
1399 1423 1461 1453 ne
1490 1405 1637 1453 fidem
1660 1405 1952 1452 credulitatis
1979 1405 2233 1464 excedam,
2270 1416 2316 1452 et
2340 1399 2425 1453 tibi
2447 1406 2594 1470 majo·

468 1505 567 1535 rem
605 1488 823 1535 dolorem
849 1489 1104 1550 incutiam,
1146 1487 1418 1534 recordanti
1452 1496 1632 1550 quanto
1670 1485 1802 1532 bono
1837 1485 2060 1532 carueris.
2092 1488 2195 1532 Hoc
2220 1485 2375 1532 solum
2402 1486 2560 1533 dicam
2579 1523 2592 1547 ,

469 1570 601 1633 quod
626 1569 861 1634 quidquid
879 1570 925 1615 in
953 1567 1093 1615 nobis
1117 1567 1262 1631 longo
1288 1566 1373 1613 fuit
1397 1567 1554 1613 studio
1581 1575 1923 1630 congregatum
1943 1601 1955 1624 ,
1979 1575 2025 1612 et
2044 1565 2355 1613 meditatione
2372 1565 2597 1614 diuturna

466 1652 597 1714 quasi
626 1652 673 1696 in
702 1660 919 1697 naturam
944 1665 1133 1696 versum
1154 1684 1165 1708 ,
1202 1647 1297 1694 hoc
1322 1647 1400 1693 illa
1422 1647 1586 1693 libavit
1602 1683 1614 1705 ,
1643 1647 1809 1693 didicit
1829 1683 1840 1707 ,
1870 1655 2014 1711 atque
2038 1645 2252 1710 possedit
2275 1665 2285 1692 :
2319 1646 2383 1693 ita
2415 1656 2466 1693 ut
2490 1656 2598 1714 post

465 1731 808 1796 perfectionem
834 1739 1071 1788 nostram,
1112 1729 1151 1775 si
1177 1729 1226 1775 in
1261 1727 1421 1792 aliquo
1458 1727 1730 1774 testimonio
1757 1728 2111 1793 scripturarum
2135 1736 2258 1773 esset
2284 1726 2456 1774 oborta
2480 1743 2597 1774 con-

467 1812 615 1858 tentio
636 1848 647 1871 ,
675 1811 736 1858 ad
762 1810 891 1857 illam
909 1810 1122 1873 judicem
1153 1819 1443 1874 pergeretur.
1474 1811 1530 1855 Et
1556 1809 1668 1872 quia
1693 1808 1830 1855 valde
1856 1808 2070 1874 prudens
2088 1817 2211 1868 erat,
2233 1808 2301 1855 sic
2318 1807 2379 1855 ad
2397 1808 2598 1855 interro-

466 1903 570 1955 gata
607 1890 929 1956 respondebat
949 1927 960 1949 ,
993 1900 1043 1937 ut
1077 1890 1218 1937 etiam
1247 1906 1331 1936 sua
1368 1906 1467 1936 non
1506 1906 1591 1935 sua
1617 1888 1822 1948 diceret,
1848 1889 1934 1936 sed
1968 1888 2043 1936 vel
2073 1905 2208 1948 mea,
2237 1888 2311 1935 vel
2348 1888 2598 1952 cujuslibet

467 1973 656 2020 alterius
694 1992 703 2018 z
745 1982 797 2019 ut
825 1973 873 2018 in
898 1989 955 2018 eo
982 1972 1114 2036 ipso,
1146 1970 1277 2035 quod
1320 1969 1549 2029 docebat,
1587 1986 1637 2016 se
1669 1969 1952 2036 discipulam
1981 1968 2220 2017 fateretur.
2251 1968 2439 2017 Sciebat
2469 1969 2596 2017 enim

467 2054 646 2100 dictum
670 2052 730 2100 ab
757 2051 981 2118 Apostolo
1000 2055 1012 2077 ²⁵
1035 2070 1044 2098 :
1076 2071 1099 2096 «
1120 2054 1305 2098 Docere
1335 2061 1495 2098 autem
1525 2050 1713 2097 mulieri
1739 2067 1838 2097 non
1864 2051 2121 2116 permitt03
2150 2069 2172 2094 »
2195 2067 2256 2098 ne
2282 2050 2404 2098 virili
2437 2050 2593 2118 sexui,

467 2146 512 2181 et
536 2133 776 2182 interdum
803 2132 1153 2192 sacerdotibus,
1192 2132 1252 2179 de
1287 2132 1526 2191 obscuris,
1557 2142 1603 2179 et
1629 2131 1862 2196 ambiguis
1885 2130 2252 2192 sciscitantibus,
2293 2131 2446 2179 facere
2470 2130 2598 2179 vide-

466 2226 594 2262 retur
617 2215 854 2278 injuriam.
884 2213 1154 2261 Absentiam
1186 2213 1337 2260 nostri
1362 2213 1538 2259 mutuis
1563 2212 1806 2259 solabatur
1834 2212 2052 2277 alloquiis
2067 2248 2079 2272 ,
2110 2223 2157 2259 et
2182 2212 2316 2278 quod
2337 2229 2479 2260 carne
2497 2229 2596 2261 non

466 2309 767 2362 poteramus,
799 2297 965 2361 spiritu
993 2296 1313 2343 reddebamus
1351 2314 1360 2342 :
1404 2312 1593 2360 semper
1630 2295 1824 2342 obviare
1862 2294 2072 2360 epistolis
2091 2330 2104 2355 ,
2145 2311 2369 2360 superare
2394 2293 2562 2342 officiis
2581 2331 2593 2354 ,

465 2377 825 2425 salutationibus
859 2379 1133 2443 praevenire.
1165 2380 1271 2424 Non
1297 2376 1501 2423 multum
1532 2376 1765 2442 perdebat
1788 2376 2000 2424 absentia
2019 2412 2032 2437 ,
2061 2393 2167 2442 quae
2186 2376 2378 2441 jugibus
2407 2376 2497 2423 sibi
2521 2376 2596 2424 lit-

466 2459 575 2505 teris
590 2458 892 2522 jungebatur.
924 2461 976 2504 In
998 2457 1089 2504 hac
1115 2457 1452 2521 tranquillitate
1467 2493 1481 2515 ,
1514 2467 1560 2504 et
1582 2458 1777 2504 Domini
1802 2458 2027 2505 servitute
2043 2494 2055 2518 ,
2083 2457 2303 2505 haeretica
2322 2458 2373 2504 in
2392 2457 2467 2504 his
2488 2474 2599 2522 pro·

468 2540 630 2586 vinciis
655 2549 818 2586 exorta
844 2549 1099 2604 tempestas
1124 2548 1296 2585 cuncta
1331 2537 1561 2596 turbavit3
1597 2549 1644 2586 et
1680 2539 1730 2586 in
1770 2548 1951 2586 tantam
1990 2538 2173 2586 rabiem
2219 2538 2454 2586 concitata
2491 2548 2591 2598 est,

466 2630 517 2666 ut
548 2637 637 2668 nec
670 2620 786 2680 sibi,
823 2637 913 2667 nec
953 2619 1038 2666 ulli
1070 2619 1313 2666 bonorum
1345 2630 1589 2684 parceret,
1622 2629 1669 2667 et
1707 2620 1843 2684 quasi
1877 2636 2047 2685 parum
2089 2629 2238 2678 esset,
2263 2619 2344 2667 hic
2377 2619 2597 2667 universa

466 2702 693 2762 movisse,
720 2718 890 2749 navem
911 2700 1103 2766 plenam
1132 2699 1537 2765 blasphemiarum
1562 2716 1764 2748 romano
1790 2700 1948 2747 intulit
1968 2700 2130 2765 portui
2147 2736 2159 2759 ,
2189 2716 2340 2764 quum
2364 2707 2597 2746 venenata

464 2798 728 2846 spurcaque
752 2781 971 2828 doctrina
994 2783 1154 2827 Romae
1173 2780 1432 2838 invenerit,
1455 2796 1578 2844 quos
1602 2779 1865 2827 induceret.
1889 2782 2021 2826 Tunc
2039 2789 2203 2826 sancta
2221 2778 2463 2835 Marcella,
2490 2794 2597 2843 quae

467 2860 547 2907 diu
565 2878 614 2908 se
634 2860 930 2920 cohibuerat,
951 2877 1013 2907 ne
1029 2877 1116 2925 per
1133 2859 1486 2907 aemulationem
1500 2859 1747 2924 quippiam
1766 2859 1919 2906 facere
1938 2858 2196 2918 videretur,
2219 2868 2475 2923 postquam
2493 2873 2597 2905 sen-

466 2942 521 2987 sit
546 2941 691 2989 fidem
711 2941 973 3007 apostolico
999 2958 1083 2988 ore
1107 2939 1350 2988 laudatam
1372 2940 1423 2986 in
1445 2939 1684 3005 plerisque
1710 2939 1901 2998 violari,
1927 2939 1992 2987 ita
2017 2949 2068 2986 ut
2087 2938 2357 2986 sacerdotes
2373 2954 2593 3003 quoque,

469 3033 514 3068 et
541 3023 798 3071 nonnullos
815 3023 1182 3082 monachorum,
1203 3021 1504 3085 maximeque
1526 3020 1683 3068 saeculi
1703 3021 1923 3068 homines
1938 3021 1987 3067 in
2007 3037 2254 3068 assensum
2272 3020 2344 3066 sui
2364 3018 2592 3078 traheret,

468 3119 522 3148 ac
541 3103 827 3168 simplicitati
851 3104 1072 3151 illuderet
1096 3103 1336 3169 episcopi,
1368 3102 1452 3166 qui
1479 3100 1540 3148 de
1568 3118 1656 3148 suo
1678 3101 1870 3166 ingenio
1897 3111 2091 3148 caeteros
2108 3099 2386 3158 aestimabat,
2407 3098 2597 3164 publice

470 3183 636 3229 restitit
656 3219 667 3241 ,
697 3184 877 3232 malens
905 3187 1007 3232 Deo
1023 3183 1210 3250 placere
1236 3199 1383 3248 quam
1406 3181 1768 3229 hominibus....
1798 3181 2129 3229 Damnationis
2145 3180 2479 3228 haereticorum
2496 3178 2597 3226 haec

469 3262 554 3308 fuit
579 3263 863 3327 principium
886 3301 897 3324 ,
928 3265 1046 3311 dum
1066 3263 1262 3312 adducit
1285 3273 1426 3310 testes
1444 3299 1456 3322 ,
1490 3262 1572 3327 qui
1596 3262 1728 3327 prius
1751 3261 1811 3309 ab
1842 3262 1909 3310 eis
1931 3261 2129 3320 eruditi,
2157 3270 2204 3308 et
2228 3270 2393 3325 postea
2418 3258 2479 3306 ab
2504 3257 2596 3305 hae-

517 3467 524 3481 ¹
568 3465 685 3498 Psalm.
723 3477 819 3500 cxvin
835 3491 843 3506 ‚
882 3478 912 3499 v.
954 3470 1006 3501 1¹.
1030 3486 1061 3490 -—
1086 3467 1099 3484 ²
1123 3468 1243 3502 Psalm.
1268 3479 1296 3506 1,
1321 3480 1354 3502 ν.
1378 3469 1410 3501 9.
1431 3485 1469 3491 -
1489 3466 1502 3484 ³
1520 3466 1638 3500 psalm.
1666 3477 1782 3506 cxviu,
1813 3476 1844 3497 v.
1875 3464 1949 3498 104.
1966 3482 2001 3488 -—
2020 3463 2034 3482 ⁴
2054 3463 2090 3497 ῙῙ
2110 3464 2204 3502 Tim„
2226 3473 2301 3507 cap.
2316 3473 2362 3497 ιν.
2378 3461 2479 3495 —⁸1
2498 3462 2595 3500 Tim„

471 3535 543 3567 cap.
565 3536 604 3563 n,
619 3535 650 3557 v.
672 3527 723 3558 12.

1848 3562 1881 3574 ,Δ
