2970 4152
1314 650 1742 719 EPISTOLA
1791 653 1922 736 v1,

1008 838 1106 875 QUAE
1141 839 1217 870 EST
1251 839 1448 871 EJUSDEM
1484 835 1800 880 HELOISSAE,A'1)
1831 838 2024 871 EUMDEM
2059 837 2256 869 PETnnm.

1447 1008 1786 1043 ARGUMENTUM
1793 1034 1800 1041 .

564 1118 643 1150 Duo
658 1118 875 1164 potissimum
895 1120 931 1153 in
949 1121 1015 1154 hac
1033 1122 1178 1167 epistola
1193 1122 1259 1156 sibi
1279 1131 1311 1156 et
1330 1122 1398 1156 suis
1415 1124 1654 1158 monachabus
1671 1124 1827 1158 Heloissa
1844 1123 1987 1158 rescribi
2003 1123 2047 1157 ab
2065 1120 2250 1156 Abaelardo
2266 1129 2386 1154 exorat
2402 1133 2408 1155 ;
2422 1132 2572 1165 quorum
2592 1121 2679 1155 alte-

610 1183 689 1204 rum
711 1180 780 1215 est,
799 1181 838 1206 ut
855 1185 910 1207 eas
929 1173 1054 1208 doceat
1070 1174 1164 1209 unde
1182 1175 1434 1210 monacharum
1455 1176 1543 1210 ordo
1564 1177 1733 1223 originem
1752 1177 1866 1211 duxit.
1886 1177 2043 1210 Alterum
2059 1182 2127 1218 est,
2146 1184 2185 1209 ut
2204 1174 2251 1208 eis
2269 1174 2417 1219 aliquam
2435 1173 2563 1207 scribat
2577 1185 2677 1220 regu-

609 1224 698 1267 lam,
734 1233 767 1258 et
808 1234 935 1260 certam
959 1224 1103 1261 vivendi
1129 1228 1317 1262 formulam
1344 1230 1565 1274 praescribat,
1591 1242 1667 1275 quae
1692 1230 1773 1264 solis
1800 1229 1985 1264 conveniat
2012 1227 2168 1270 feminis,
2194 1225 2291 1273 quod
2316 1238 2336 1260 a
2355 1226 2454 1260 nullo
2478 1234 2677 1260 sanctorum

607 1285 748 1323 patrum
766 1287 866 1313 antea
884 1288 1054 1314 tentatum
1071 1281 1195 1315 fuerat.
1214 1282 1291 1316 Hoc
1308 1290 1345 1315 ut
1361 1290 1512 1328 peteret,
1530 1281 1682 1317 adducta
1697 1282 1837 1317 videtur
1852 1280 2061 1328 quibusdam
2077 1279 2308 1315 benedictinae
2328 1279 2455 1325 regulae
2481 1278 2653 1325 capitibus
2666 1306 2675 1321 ,

607 1342 683 1375 quae
699 1342 720 1364 a
736 1331 873 1366 feminis
890 1333 949 1367 vix
965 1342 1025 1367 aut
1041 1334 1139 1367 nullo
1158 1334 1303 1368 omnino
1321 1334 1428 1369 modo
1450 1336 1523 1369 sine
1542 1337 1695 1370 maximo
1718 1336 1876 1383 periculo
1902 1334 2040 1380 impleri
2064 1340 2211 1379 possunt
2232 1345 2239 1368 :
2261 1331 2305 1366 de
2324 1331 2452 1377 quibus
2477 1339 2547 1367 tam
2574 1331 2677 1366 docte

607 1382 761 1427 disserit,
786 1393 826 1418 ut
847 1385 958 1431 ipsam
977 1387 1131 1432 regulam
1150 1388 1231 1421 solis
1250 1388 1349 1431 viris,
1371 1401 1443 1422 non
1462 1397 1576 1422 autem
1595 1388 1731 1422 feminis
1748 1400 1768 1422 a
1784 1395 1904 1422 sancto
1930 1386 2127 1420 institutore
2151 1385 2315 1432 scriptam
2335 1385 2542 1419 convincere
2561 1384 2678 1420 videa—v

607 1443 676 1471 tur.
694 1436 800 1471 Unde
817 1437 1000 1485 indignum
1017 1439 1151 1485 judicat
1170 1450 1237 1475 tam
1255 1441 1373 1487 gravia
1392 1441 1540 1476 femineo
1561 1443 1656 1476 sexui
1672 1441 1860 1476 infirmiori
1878 1452 1985 1474 onera
2002 1439 2158 1486 imponi,
2178 1450 2283 1484 quam
2296 1436 2390 1472 viriliv
2403 1437 2553 1472 fortiori.
2571 1437 2675 1472 Suam

606 1497 722 1523 autem
741 1499 774 1524 et
790 1490 864 1536 ipsa
883 1492 1086 1538 opinionem
1108 1494 1274 1540 apponit,
1295 1506 1401 1539 quare
1426 1494 1535 1528 sancti
1551 1495 1667 1528 Patres
1686 1494 1924 1528 monachabus
1949 1493 2083 1539 regulas
2103 1504 2175 1526 non
2202 1490 2475 1538 praescripseriut
2487 1517 2496 1534 ,
2525 1501 2678 1525 asserens

607 1542 745 1576 feminis
761 1543 938 1586 sufficere,
959 1545 987 1578 si
1005 1545 1137 1580 clericis
1154 1554 1188 1580 et
1203 1546 1286 1580 viris
1301 1547 1538 1580 ecclesiasticis
1554 1548 1767 1581 secularibus
1778 1572 1788 1590 ,
1805 1547 1861 1581 vel
1878 1545 2060 1580 monachis
2070 1571 2080 1588 ‚
2098 1544 2159 1590 qui
2178 1542 2339 1578 canonici
2360 1543 2534 1589 regulares
2553 1542 2677 1579 dicun—

605 1602 684 1639 tur,
702 1596 738 1629 in
758 1597 973 1631 continentia
990 1606 1023 1631 et
1039 1599 1246 1632 abstinentia
1265 1611 1338 1632 non
1358 1600 1426 1633 sint
1445 1600 1639 1635 inferiores.
1666 1600 1805 1633 Prolixe
1827 1599 1930 1633 etiam
1949 1597 1993 1631 de
2013 1595 2195 1630 moderata
2209 1595 2467 1641 dispensatione
2482 1603 2515 1629 et
2531 1594 2678 1631 discreta

604 1647 882 1682 consideratione
898 1649 990 1682 beati
1006 1649 1184 1683 Benedicti
1200 1677 1209 1693 ,
1228 1662 1298 1695 qua
1312 1662 1410 1684 suam
1427 1652 1633 1697 temperavit
1650 1652 1803 1697 regulam
1815 1677 1824 1693 ,
1844 1659 1946 1696 atque
1966 1648 2010 1684 de
2028 1650 2103 1696 ipsa
2121 1649 2247 1695 regulae
2263 1648 2482 1682 observantia
2499 1648 2653 1695 disputat
2667 1662 2675 1684 :

604 1700 770 1734 nimirum
783 1700 828 1735 de
838 1701 1025 1736 interdicto
1043 1715 1103 1735 esu
1119 1703 1277 1736 carnium
1288 1728 1297 1744 ,
1315 1711 1349 1736 et
1365 1715 1529 1736 concesso
1547 1704 1618 1737 vini
1633 1717 1712 1738 usu.
1731 1703 1853 1737 Fusius
1871 1715 2010 1748 quoque
2029 1701 2073 1736 de
2089 1701 2255 1748 operibus
2266 1700 2495 1735 exterioribus
2510 1701 2581 1747 agit
2591 1709 2675 1736 'cum

602 1753 758 1798 ipsorum
777 1755 1021 1788 extenuatione
1034 1781 1044 1798 ‚
1065 1756 1190 1801 quibus
1207 1755 1374 1789 interiora
1391 1756 1543 1802 praefert.
1567 1757 1747 1790 Postremo
1766 1764 1885 1789 monet
1902 1754 2124 1789 Abaelardum
2134 1780 2144 1796 ,
2162 1762 2202 1788 ut
2215 1761 2310 1788 tanta
2328 1751 2536 1788 discretione
2552 1761 2677 1789 cuncta

602 1807 672 1840 sive
691 1806 735 1841 de
752 1808 967 1854 jejuniorum
986 1809 1040 1844 vel
1056 1808 1259 1843 divinorum
1276 1811 1411 1843 ratione
1426 1818 1612 1856 temperet,
1640 1819 1678 1844 ut
1699 1809 1842 1843 feminei
1867 1821 1967 1842 sexus
1993 1808 2192 1842 consultum
2214 1807 2296 1841 velit
2321 1806 2528 1842 infirmitati.
2548 1807 2592 1840 Et
2617 1806 2675 1840 hic

602 1860 738 1894 feminae
758 1860 1010 1905 eruditionem,
1030 1871 1064 1897 et
1082 1871 1202 1909 pectus
1221 1863 1319 1896 omni
1336 1862 1498 1897 doctrina
1514 1864 1680 1897 refertum
1697 1861 1973 1897 animadvertere
1989 1861 2133 1908 poteris.
2151 1859 2248 1903 Quid
2267 1861 2361 1895 enim
2377 1860 2537 1907 pretiosae
2555 1860 2676 1894 mercis

602 1911 639 1945 in
655 1921 726 1946 tam
745 1912 853 1948 divite
869 1915 1040 1961 apotheca
1055 1928 1128 1949 non
1145 1915 1320 1958 invenias,
1339 1915 1409 1949 sive
1420 1916 1682 1962 philosophiam
1692 1942 1701 1958 ,
1717 1916 1788 1949 sive
1805 1914 2017 1961 theologiam
2028 1940 2038 1957 ‚
2056 1915 2111 1948 vel
2130 1913 2232 1947 etiam
2250 1913 2483 1960 eloquentiam
2499 1913 2675 1959 requiras?

592 1965 632 1998 Ὀ
645 1966 806 2000 saeculum
827 1966 914 2000 illud
927 1967 1006 2031 feli'x
1020 1994 1029 2010 ‚
1048 1969 1149 2001 talem
1168 1968 1295 2006 intueri
1314 1968 1478 2003 feminam
1492 1994 1503 2012 ,
1520 1968 1557 2002 in
1569 1980 1637 2014 qua
1649 1967 1734 2014 quid
1749 1968 1903 2014 primum
1921 1994 1930 2011 ,
1946 1967 2032 2013 quid
2048 1975 2262 2014 postremum
2278 1965 2460 2001 admireris
2472 1965 2671 2001 addubites!

1203 2100 1377 2139 Domino
1396 2101 1639 2152 specialiter,
1661 2112 1735 2140 sua
1754 2100 2032 2152 sinqulariter.

622 2209 687 2252 Ne
706 2224 783 2254 me
805 2208 923 2255 forte
949 2210 995 2255 in
1017 2210 1175 2273 aliquo
1192 2210 1251 2257 de
1271 2211 1597 2259 inobedientia
1613 2214 1818 2259 causari¹
1838 2230 2005 2277 queas,
2029 2211 2185 2260 verbis
2205 2213 2346 2259 etiam
2373 2211 2673 2259 immoderati

555 2285 733 2333 doloris
755 2297 845 2334 tuae
870 2287 1056 2335 frenum
1087 2290 1363 2354 impositum
1384 2301 1452 2337 est
1472 2291 1720 2355 jussionis,
1753 2303 1806 2339 ut
1829 2291 1890 2339 ab
1913 2292 1987 2339 his
2013 2291 2130 2338 mihi
2154 2291 2319 2338 saltem
2347 2291 2394 2337 in
2422 2262 2970 2416 scribendo&

555 2375 841 2431 temperem,
871 2384 898 2414 a
923 2368 1094 2432 quibus
1124 2371 1172 2416 in
1199 2387 1419 2418 sermone
1451 2389 1549 2418 non
1577 2383 1673 2419 tam
1700 2372 1890 2420 difficile
1919 2390 2063 2437 quam
2092 2370 2384 2436 impossibile
2416 2380 2485 2417 est
2509 2370 2673 2435 provi-

557 2445 670 2492 dere
685 2449 712 2493 ².
738 2447 860 2493 Nihil
886 2450 1014 2497 enim
1040 2450 1196 2496 minus
1214 2451 1262 2498 in
1289 2462 1452 2498 nostra
1472 2463 1542 2498 est
1559 2462 1791 2517 potestate
1811 2470 1956 2517 quam
1976 2453 2187 2515 animus,
2217 2452 2354 2516 eique
2380 2451 2526 2514 magis
2552 2449 2673 2497 ohe-

550 2524 651 2570 dire
687 2527 902 2590 cogimur
937 2545 1083 2592 quam
1121 2530 1354 2594 imperare
1392 2531 1643 2595 possimus.
1694 2533 1831 2579 Untfe
1876 2543 1922 2579 et
1956 2548 2107 2596 quum
2137 2548 2225 2578 nos
2265 2531 2368 2595 ejus
2400 2529 2673 2577 affectiones

552 2605 819 2666 stimulant,
852 2624 995 2654 nemo
1023 2626 1187 2656 earum
1215 2610 1397 2657 subitos
1426 2611 1658 2676 impulsus
1684 2613 1748 2669 ita
1777 2612 2028 2677 repulerit,
2064 2623 2118 2659 ut
2146 2629 2243 2659 non
2275 2612 2323 2658 in
2350 2611 2516 2658 effecta
2539 2610 2673 2658 facile

552 2697 894 2751 prorumpant,
915 2699 962 2734 et
981 2706 1029 2734 se
1049 2706 1134 2753 per
1157 2690 1300 2737 verba
1320 2691 1499 2738 facilius
1525 2691 1721 2739 effluant
1745 2709 1849 2756 quae
1880 2693 2200 2758 promptiores
2225 2692 2370 2738 animi
2395 2691 2671 2755 passionum

552 2775 659 2811 sunt
680 2776 828 2833 notae,
853 2768 1119 2815 secundum
1142 2771 1273 2833 quod
1293 2771 1520 2836 scriptum
1538 2782 1606 2818 est
1620 2774 1657 2818 ³:
1683 2792 1706 2816 «
1730 2775 1800 2818 Ex
1818 2772 2110 2818 abundantia
2124 2773 2138 2796 ¹·
2153 2770 2310 2818 cordis
2330 2787 2384 2817 os
2401 2770 2625 2834 loquitur.
2645 2789 2668 2814 υ

552 2846 801 2892 Revocabo
833 2848 991 2911 itaque
1025 2865 1221 2896 manum
1247 2867 1274 2896 a
1299 2852 1503 2915 scripto,
1541 2852 1588 2897 in
1619 2851 1791 2915 quibus
1816 2852 2026 2915 linguam
2059 2868 2085 2898 a
2109 2850 2266 2898 verbis
2288 2861 2554 2915 temperare
2572 2866 2670 2897 non

548 2924 696 2971 valeo.
723 2928 913 2974 Utinam
939 2929 1004 2974 sic
1029 2929 1214 2975 animus
1242 2929 1446 2977 dolentis
1474 2948 1640 2996 parere
1664 2942 1916 2996 promptus
1935 2932 2021 2991 sit,
2042 2930 2452 2996 quemadmodum
2479 2929 2672 2977 dextera

546 3003 805 3053 scribentis.
833 3007 1039 3071 Aliquod
1055 3018 1219 3055 tamen·
1240 3009 1396 3056 dol-ori
1410 3013 1423 3034 ⁵
1447 3011 1712 3057 remedium
1733 3011 1858 3057 vales
1879 3011 2121 3070 conferre,
2145 3012 2183 3057 si
2202 3028 2300 3057 non
2319 3010 2448 3057 hunc
2467 3010 2668 3056 omnino

548 3084 700 3146 possis
725 3086 925 3134 auferre.
958 3090 1018 3134 Ut
1043 3089 1171 3134 euim
1197 3089 1424 3135 insertum
1447 3090 1634 3137 clavum
1660 3091 1777 3137 alius
1807 3091 2021 3156 expellit,
2052 3092 2118 3138 sic
2144 3091 2366 3155 cogitatio
2392 3106 2516 3136 nova
2540 3089 2670 3154 prio-

551 3180 653 3210 rem
672 3165 902 3225 excludit,
930 3186 1080 3232 quum
1102 3169 1215 3216 alias
1240 3171 1447 3217 intentus
1476 3172 1663 3218 animus
1684 3173 1899 3236 priorum
1925 3173 2209 3220 memoriam
2233 3171 2470 3235 dimittere
2487 3170 2671 3233 cogitur

550 3254 630 3290 aut
648 3244 971 3294 intermittere.
1001 3250 1152 3295 Tanto
1177 3267 1291 3296 vero
1317 3250 1519 3315 amplius
1543 3252 1764 3314 cogitatio
1784 3251 2004 3316 quaelibet
2028 3252 2241 3299 animum
2269 3259 2495 3314 occupat,
2536 3258 2583 3296 et
2608 3248 2669 3296 ab

551 3323 650 3370 aliis
685 3325 901 3386 deducit,
936 3339 1116 3390 quanto
1148 3330 1280 3393 quod
1313 3331 1545 3395 cogitatur
1575 3331 1821 3379 honestius
1849 3333 2130 3391 aestimatur,
2168 3340 2213 3377 et
2247 3347 2344 3394 quo
2376 3328 2668 3375 intendimus

593 3470 604 3487 ¹
626 3472 779 3504 Ace—usuri
796 3472 888 3506 RMS.
905 3492 937 3497 Q
956 3474 968 3491 ²
990 3476 1107 3509 Cavere
1124 3476 1218 3510 RMS.
1236 3496 1272 3502 -—
1289 3478 1301 3495 ³
1319 3478 1430 3512 Matth.
1451 3489 1524 3523 cap.
1546 3490 1589 3511 xn
1601 3504 1610 3520 ,
1626 3491 1655 3512 v.
1677 3480 1730 3511 34.
1747 3497 1782 3503 ·—
1802 3478 1815 3496 ⁴
1831 3479 2039 3513 luten-seritur
2051 3482 2135 3513 enim
2151 3479 2188 3511 D.
2209 3497 2240 3501 <w
2264 3478 2277 3494 ⁸
2293 3478 2402 3510 Dolori
2421 3476 2513 3510 deest
2530 3476 2569 3508 D.
