2970 4152
594 435 688 484 506
1391 437 1562 484 PETRI
1597 437 1911 487 ABAELARDI

589 547 686 579 una
702 569 713 590 ‚
745 547 833 577 nec
864 531 1117 594 quisquam
1142 545 1311 578 eorum
1336 548 1442 596 quae
1462 532 1740 598 possidebat
1764 532 1943 599 aliquid
1959 549 2101 580 suum
2122 548 2223 580 esse
2240 531 2446 594 dicebat,
2463 533 2548 581 sed
2571 545 2708 582 erant

589 610 678 658 illis
701 611 865 658 omnia
889 611 1181 658 communia.
1197 629 1221 657 n
1248 614 1447 661 Constat
1468 614 1621 662 etiam*
1635 614 1881 673 Elisaeum,
1908 613 2020 679 quia
2041 612 2161 660 vidit
2188 613 2374 674 Eliam,
2393 615 2589 679 quando
2608 631 2637 663 a
2656 632 2707 663 se

587 690 842 738 tollebatur
856 729 867 750 ,
905 690 1202 755 duplicatum
1232 692 1454 757 spiritum
1476 693 1613 754 Eliae,
1647 693 1696 741 id
1733 703 1805 741 est
1835 693 2119 758 ampliorem
2153 694 2351 757 gratiam
2383 694 2434 740 in
2468 694 2706 743 miraculis

586 771 838 834 accepisse.
882 771 974 828 Qui
1012 788 1113 818 non
1153 771 1311 819 solum
1341 774 1477 822 vivus
1511 774 1632 834 sicut
1660 773 1783 820 Elias
1815 783 2032 820 mortuos
2065 772 2329 832 suscitavit,
2363 789 2532 820 verum
2562 775 2704 822 etiam

584 860 802 899 mortuus
837 868 948 898 cum
984 861 1113 899 tactu
1146 854 1326 901 ossium
1352 871 1552 902 suorum
1580 854 1862 901 defunctum
1881 853 1989 901 vitae
2012 852 2263 901 reddidit1.
2295 852 2424 912 Quid
2453 864 2523 901 est
2553 854 2707 903 Eliam
2758 893 2761 898 Α

584 930 780 991 intueri,
808 932 1003 996 quando
1026 933 1312 994 sustollitur,
1337 935 1387 981 in
1411 935 1585 982 coelum
1607 934 1784 981 scilicet
1812 950 2028 994 aereum,
2054 933 2144 981 nisi
2166 933 2408 983 Christum
2429 933 2492 981 ad
2514 937 2704 982 Patrem

582 1011 920 1059 ascendentem
941 1029 1136 1060 cernere
1151 1051 1162 1072 ,
1187 1013 1283 1061 hoc
1307 1024 1378 1061 est
1399 1032 1510 1061 eum
1540 1017 1677 1061 Patre
1707 1030 1807 1061 non
1837 1030 1938 1060 esse
1966 1013 2242 1061 inferiorem
2263 1012 2482 1072 credere,
2507 1013 2593 1061 sed
2615 1030 2703 1078 per
2739 1038 2742 1040 ·

581 1091 838 1140 divinitatis
861 1103 1082 1141 naturam
1103 1094 1259 1159 ipsum
1283 1095 1326 1141 ei
1348 1104 1578 1159 tanquam
1600 1094 1830 1158 aequalem
1853 1094 2130 1141 occurrere?
2158 1093 2298 1141 Unde
2320 1103 2368 1140 et
2391 1093 2662 1141 Psalmista¹
2686 1113 2697 1141 :

582 1191 603 1215 «
632 1173 667 1217 A
690 1190 880 1220 summo
903 1173 1024 1220 coelo
1048 1174 1253 1237 egressio
1278 1174 1394 1237 ejus,
1421 1185 1468 1221 et
1485 1191 1711 1222 occursus
1734 1174 1834 1238 ejus
1856 1189 2006 1238 usque
2029 1173 2091 1221 ad
2115 1190 2359 1221 summum
2375 1173 2492 1237 ejus.
2514 1191 2538 1219 »
2565 1174 2704 1221 Sum·
2766 1160 2769 1163 Ι

578 1268 711 1298 mum
733 1253 910 1318 quippe
933 1253 1106 1300 coelum
1126 1254 1214 1300 Dei
1238 1255 1385 1301 Patris
1409 1254 1735 1301 excellentiam
1758 1253 1890 1313 dicit,
1907 1255 1989 1318 qui
2011 1270 2097 1319 per
2118 1253 2214 1301 hoc
2238 1253 2373 1318 quod
2394 1252 2456 1301 ab
2481 1253 2575 1302 alio
2598 1264 2698 1301 non
2727 1270 2730 1271 ⁷

576 1342 663 1391 est,
688 1350 902 1380 summus
926 1352 1012 1399 per
1035 1335 1332 1382 existentiam
1354 1334 1526 1382 dicitur
1548 1335 1707 1399 potius
1728 1351 1874 1400 quam
1894 1351 1981 1401 per
2003 1323 2300 1398 dignitatem.
2326 1337 2395 1380 Ex
2415 1333 2511 1381 1100
2532 1334 2698 1399 utique

575 1413 696 1460 coelo
725 1413 866 1461 Filius
891 1414 1135 1462 nascendo
1158 1415 1376 1480 procedit
1393 1453 1404 1475 ‚
1435 1415 1549 1480 quia
1579 1415 1765 1463 Platoni
1787 1432 1922 1463 mens
1945 1433 1999 1462 ex
2022 1432 2212 1463 summo
2238 1417 2342 1463 Deo
2364 1424 2478 1462 nata
2502 1414 2692 1474 dicitur,

572 1492 667 1541 1100
691 1505 760 1542 est
781 1495 1011 1559 sapientia
1032 1495 1093 1542 de
1116 1495 1218 1560 ipsa
1240 1496 1389 1543 Patris
1414 1495 1679 1543 substantia
1700 1496 1903 1543 existens
1925 1504 2155 1560 tanquam
2178 1495 2351 1559 genita.
2378 1497 2450 1542 De
2470 1493 2567 1541 hoc
2588 1494 2695 1559 qui-

572 1574 683 1621 dem
717 1592 906 1639 egressu
939 1576 1257 1639 generationis
1290 1575 1393 1623 Filii
1426 1576 1487 1624 de
1521 1579 1657 1623 Patre
1686 1575 1804 1622 illud
1831 1586 1902 1622 est
1929 1576 2322 1640 propheticum³z
2351 1593 2375 1619 «
2393 1577 2451 1621 Et
2481 1589 2697 1638 egressus
2723 1610 2726 1612 -
2798 1586 2803 1588 “

570 1654 668 1718 ejus
691 1655 752 1702 ab
776 1656 911 1703 initio
936 1671 964 1703 a
980 1655 1149 1703 diebus
1174 1656 1464 1703 aeternitatis.
1487 1675 1509 1699 »
1535 1658 1594 1702 Et
1611 1657 1711 1719 ipse
1727 1656 1893 1703 Filiusss
1906 1674 1916 1703 z
1933 1675 1955 1701 «
1975 1656 2126 1715 Exivi,
2146 1674 2168 1699 »
2195 1655 2367 1719 inquit,
2398 1671 2467 1702 «a
2489 1657 2644 1717 Pat're.
2666 1673 2690 1699 »

569 1736 660 1792 Qui
692 1752 752 1782 ne
775 1736 973 1783 inferior
996 1735 1072 1783 vel
1098 1735 1342 1799 indignior
1363 1738 1499 1783 Patre
1522 1735 1788 1794 videretur,
1820 1752 2045 1783 occursus
2070 1736 2169 1799 ejus
2191 1751 2341 1799 usque
2366 1733 2429 1782 ad
2451 1733 2694 1794 summum

567 1815 665 1878 ejus
688 1816 974 1875 adnectitur,
994 1816 1106 1881 quia
1127 1832 1213 1881 per
1234 1814 1585 1881 plenitudinem
1607 1814 1866 1863 divinitatis
1886 1816 2012 1863 Patri
2029 1814 2281 1879 coaequalis
2303 1814 2520 1878 assurgit.
2549 1814 2707 1879 Cujus·

565 1896 760 1961 quidem
785 1897 1063 1962 aequalitatis
1084 1895 1437 1944 dubitationem
1459 1896 1560 1962 ipse
1581 1894 1835 1961 increpans
1857 1895 1907 1943 in
1936 1897 2084 1944 Maria
2106 1895 2245 1942 (11011ὅ
2271 1914 2280 1942 :
2311 1914 2334 1939 «
2353 1893 2461 1941 Noli
2483 1910 2561 1941 me
2583 1904 2691 1943 tan—

567 1994 691 2040 gere,
719 1963 940 2025 nondum
962 1978 1092 2025 enim
1114 1976 1308 2025 ascendi
1332 1976 1393 2023 ad
1415 1985 1602 2041 patrem
1630 1992 1810 2023 meum.
1833 1995 1856 2021 »
1881 1978 1946 2023 Ac
1969 1976 2008 2023 si
2030 1975 2351 2023 diceretzNon
2375 1991 2424 2022 es
2447 1991 2524 2026 me
2546 1973 2692 2039 digna

565 2056 787 2105 manibus
810 2059 900 2105 tuis
914 2057 1193 2121 contingere
1216 2056 1264 2103 in
1288 2057 1443 2115 terris,
1459 2073 1574 2120 ,quae
1594 2054 1817 2104 nondum
1839 2055 1934 2103 fide
1957 2073 2034 2103 me
2056 2065 2287 2120 tanquam
2311 2054 2436 2102 Patri
2460 2054 2690 2119 aequalem

565 2138 802 2202 contingis
820 2139 870 2187 in
893 2138 1127 2204 supernis,
1154 2137 1288 2202 quod
1311 2147 1397 2199 est,
1426 2154 1503 2185 me
1525 2135 1747 2185 nondum
1765 2137 1853 2184 tibi
1876 2137 1936 2185 ad
1961 2139 2150 2184 Patrem
2165 2134 2461 2193 ascendisse;
2485 2134 2582 2182 hoc
2598 2146 2686 2195 est,

564 2228 609 2264 te
647 2217 868 2265 nondum
899 2217 1094 2266 credere
1129 2234 1206 2265 me
1240 2217 1308 2264 illi
1341 2232 1427 2282 per
1459 2216 1811 2283 plenitudinem
1845 2216 2104 2264 divinitatis
2150 2214 2381 2280 aequalem
2415 2230 2682 2262 occurrere.

563 2297 706 2355 Quod
728 2299 839 2361 quia
866 2301 1028 2346 Petrus
1052 2297 1230 2346 caeteris
1264 2296 1448 2344 firmior
1483 2296 1532 2344 in
1569 2295 1665 2344 fide
1696 2296 1900 2362 amplius
1933 2295 2159 2355 credidit,
2188 2295 2325 2360 quasi
2351 2294 2470 2342 alter
2495 2294 2688 2344 Elisaeus

563 2380 712 2427 Eliam
736 2379 919 2427 sustolli
940 2379 1075 2428 vidit.
1112 2378 1251 2427 Unde
1282 2388 1330 2427 et
1360 2377 1581 2444 spiritum
1604 2377 1715 2425 Eliae
1737 2379 1872 2442 quasi
1902 2377 2195 2442 geminatum
2216 2375 2291 2423 vel
2320 2375 2686 2440 multiplicatum

562 2461 774 2526 accipere
808 2463 1005 2521 meruit,
1042 2461 1125 2525 qui
1161 2461 1221 2508 ab
1260 2461 1364 2525 ipso
1397 2459 1586 2507 Christo
1621 2460 1853 2522 majorem
1881 2458 2223 2506 miraculorum
2251 2457 2450 2522 gratiam
2478 2457 2682 2522 accepit,

561 2558 707 2606 quam
743 2543 842 2607 ipse
876 2543 1088 2591 Christus
1125 2559 1211 2608 per
1245 2542 1555 2608 semetipsum
1585 2541 1823 2601 exhibuit,
1857 2542 1979 2590 sieut
2009 2552 2056 2589 et
2085 2542 2185 2606 ipse
2215 2551 2355 2588 antea
2382 2541 2682 2606 promiserat,
2733 2579 2736 2582 .

561 2623 748 2671 (11001156
776 2643 785 2670 :
816 2645 837 2669 «
864 2625 956 2682 Qui
979 2623 1130 2672 credit
1152 2625 1200 2671 in
1225 2641 1319 2684 me,
1334 2639 1496 2690 opera
1517 2640 1623 2688 quae
1646 2640 1734 2687 ego
1758 2623 1880 2671 facio
1903 2633 1950 2671 et
1971 2624 2072 2688 ipse
2095 2623 2250 2682 faciet,
2276 2621 2388 2686 quia
2409 2621 2471 2669 ad
2497 2624 2687 2670 Patrem

559 2704 708 2764 vado;
728 2724 752 2750 »
778 2705 873 2752 1100
893 2716 963 2753 est
981 2707 1030 2753 in
1051 2706 1198 2753 corde
1221 2706 1365 2771 ipsius
1389 2722 1475 2771 per
1498 2704 1644 2753 fidem
1666 2704 1727 2752 ad
1750 2704 2067 2770 aequalitatem
2085 2704 2232 2751 Patris
2250 2703 2544 2751 conscendo.
2574 2706 2683 2761 Quo

559 2786 717 2850 itaque
754 2789 916 2834 Petrus
938 2787 986 2832 in
1014 2786 1106 2834 hac
1139 2786 1232 2833 fide
1261 2785 1445 2833 firmior
1467 2785 1633 2847 extitit,
1653 2786 1883 2849 majorem
1907 2801 2053 2851 quam
2075 2785 2230 2832 caeteri
2253 2776 2452 2848 gratiam
2478 2784 2683 2833 miracu-

558 2865 715 2913 lorum
738 2866 926 2913 meruit.
954 2866 1047 2924 Qui
1073 2882 1172 2913 non
1195 2864 1352 2913 solum
1375 2865 1592 2914 infirmos
1615 2876 1661 2914 et
1682 2865 1855 2913 umbra
1877 2866 2093 2931 corporis
2115 2865 2320 2924 curavit,
2346 2881 2515 2912 verum
2538 2864 2682 2911 etiam

558 2946 725 2993 eadem
747 2947 928 2994 umbrae
945 2963 1041 2994 suae
1055 2947 1227 2994 virtute
1244 2946 1417 2994 dicitur
1435 2947 1701 2994 suscitasse.
1724 2947 1862 2994 Unde
1879 2948 2165 3012 Augustinus
2187 2948 2238 2994 in
2255 2946 2449 2994 Psalmo
2469 2947 2642 2993 CXXX
2664 2965 2678 2992 .-

561 3044 581 3069 «
610 3029 663 3071 In
693 3026 899 3085 Christo,
924 3045 946 3070 »
984 3026 1161 3091 inquit,
1191 3026 1419 3090 «majora
1442 3026 1606 3074 fecisse
1630 3026 1856 3074 videntur
1880 3027 2107 3092 apostoli,
2139 3043 2285 3091 quam
2312 3026 2412 3091 ipse
2444 3025 2680 3072 Dominus
2710 3030 2721 3041 “’

557 3105 703 3151 Jesus.
745 3106 815 3152 Ad
846 3122 1018 3153 vocem
1054 3105 1250 3154 Domini
1284 3116 1591 3154 surrexerunt
1629 3107 1823 3154 mortui.
1865 3107 1936 3154 Ad
1973 3106 2196 3154 umbram
2233 3104 2520 3152 transeuntis
2553 3106 2678 3152 Petri

556 3186 756 3232 surrexit
784 3197 1017 3234 mortuus.
1042 3206 1064 3231 »
1102 3177 1313 3234 Isidorus
1343 3186 1400 3233 de
1425 3189 1474 3234 V
1470 3188 1539 3233 ita
1558 3197 1608 3233 et
1628 3186 1767 3235 Obitu
1791 3199 2064 3235 sanctorum
2088 3190 2289 3235 Patrum
2313 3203 2328 3232 .·
2357 3203 2380 3230 «
2399 3184 2566 3231 Simon
2590 3187 2677 3232 Pe-

555 3272 655 3311 trus
668 3266 956 3328 praeteriens,
978 3267 1150 3315 umbra
1167 3278 1385 3315 mortuos
1406 3267 1664 3316 suscitavit.
1691 3286 1714 3311 »
1740 3268 1884 3327 Quod
1895 3285 2008 3333 ergo
2022 3267 2257 3323 Dominus
2269 3266 2359 3314 ait:
2381 3283 2405 3310 «
2419 3264 2514 3323 Qui
2525 3264 2678 3315 credit

603 3462 611 3478 ¹
638 3464 717 3505 Rey.
736 3466 796 3504 IV,
815 3476 889 3510 cap.
907 3479 984 3506 xm.
1001 3478 1031 3500 v.
1049 3470 1102 3501 21.
1118 3487 1158 3493 —
1172 3468 1185 3486 ²
1202 3469 1323 3504 Psalm.
1339 3480 1416 3503 xv1u
1429 3495 1437 3510 ‚
1455 3480 1484 3502 v.
1507 3471 1539 3503 7.
1554 3488 1587 3493 -
1601 3468 1615 3487 ⁸
1631 3469 1746 3511 nich..
1761 3480 1834 3514 cap.
1853 3481 1885 3510 v.
1902 3480 1931 3503 v.
1950 3472 1983 3504 2.
2001 3487 2040 3495 --
2058 3469 2070 3487 ⁸
2085 3470 2195 3510 zoara..
2211 3477 2377 3511 eap xv1.
2394 3477 2426 3500 v.
2443 3465 2673 3507 28.-·1bid-‚

553 3531 625 3564 cap.
642 3533 704 3564 xx,
721 3533 751 3556 v.
771 3523 823 3556 17.
837 3542 875 3548 -—
892 3524 1019 3567 ⁶1bid.,
1033 3537 1105 3569 cap.
1126 3538 1193 3568 xw,
1210 3538 1242 3561 v.
1267 3529 1319 3560 12.
