2840 4178
1207 411 1522 459 Epls'roLAE.
2400 413 2428 456 3

315 503 384 543 nia
397 534 407 552 ‚
436 507 479 543 et
502 500 692 542 universa
718 513 794 542 nee
820 501 1045 556 interrupta
1074 504 1259 545 omnium
1286 504 1412 554 fides,
1440 517 1583 545 verum
1601 504 1722 545 etiam
1743 504 1946 546 scribendi
1967 504 2082 546 ratio.
2105 502 2305 544 Abaelardi
2321 502 2429 543 enim

315 571 357 610 in
384 570 532 612 litteris
555 570 676 611 etiam
699 569 979 624 deprehendas
998 570 1218 613 candidum
1242 571 1450 614 scribendi
1473 585 1604 626 genus
1617 604 1627 624 ,
1651 578 1691 614 et
1719 586 1904 627 pressum
1929 579 1971 614 et
1987 584 2207 614 nervosum
2222 602 2233 621 ,
2253 577 2293 612 et
2310 571 2431 612 simul

311 638 564 692 Jejunitatem
580 637 798 692 quamdam
813 638 1011 679 orationis
1025 651 1148 693 quam
1166 640 1210 680 in
1227 641 1372 682 ceteris
1384 640 1476 695 ejus
1495 640 1689 695 operibus
1702 642 1895 695 reperias.
1912 643 2098 683 Historia
2116 641 2427 687 Calamitatum,

315 721 405 761 quae
424 708 574 750 Orellio
593 707 673 749 fide
695 707 820 761 digna
845 707 1026 759 videtur,
1051 720 1176 750 unum
1202 715 1266 750 est
1288 710 1426 751 forsan
1449 710 1632 750 omnium
1659 710 1858 751 Abaelardi
1886 723 2052 764 operum
2067 742 2076 759 ‚
2098 709 2141 750 in
2170 722 2251 763 quo
2278 709 2313 749 si
2341 708 2431 763 quis

315 777 510 818 minutius
526 776 663 817 omnia
677 783 866 817 excutere
881 776 1000 827 velit,
1021 777 1152 830 possit
1173 777 1359 832 quaedam
1378 777 1699 819 animadvertere
1715 791 1806 832 quae
1824 789 1916 819 eum
1928 778 2092 832 ingenio
2111 777 2291 818 auctoris
2307 782 2430 818 caete-

315 845 556 901 risqueejns
579 844 934 899 operibus'parum
959 853 1196 898 congruant.
1220 846 1441 887 Laudanda
1457 852 1520 887 est
1543 859 1712 900 prorsus
1729 859 1821 900 quae
1839 860 1864 887 a
1884 847 1992 888 veris
2011 846 2110 888 salsa
2124 846 2300 887 secernit
2317 857 2432 897 saga-

313 914 417 956 citas
432 946 442 963 ,
463 913 687 956 dummodo
706 913 751 953 in
770 925 935 967 pravam
954 914 1168 956 dubitandi
1188 915 1523 956 consuetudinem
1544 927 1627 955 non
1643 914 1776 956 abeat.

1099 1320 1528 1388 EPISTOLA
1586 1322 1647 1405 1,

539 1474 638 1513 ΟΠΞ
668 1475 747 1507 EST
780 1475 998 1508 HISTORIA
1027 1471 1384 1508 (ΞΔΙΑΙΠΤΑἸῚἸΜ1
1419 1475 1672 1516 ΑΒΕΒΑΒΒΙ,
1707 1476 1766 1507 ΑΙ)
1798 1474 1979 1508 Alincum
2011 1474 2209 1508 SCRIPTA.

1192 1615 1556 1656 ARGUMENTUM.

316 1727 415 1762 Hanc
430 1727 613 1775 epistolam
631 1741 675 1763 ex
690 1730 901 1764 monasterio
920 1729 1001 1764 Divi
1017 1728 1165 1764 Gildasii
1181 1729 1211 1772 ³,
1226 1729 1265 1763 in
1293 1729 1429 1764 minore
1449 1730 1631 1765 Britannia
1657 1730 1742 1773 sito,
1769 1728 1866 1775 quod
1893 1737 1978 1763 tunc
2004 1729 2077 1775 ipse
2093 1729 2215 1763 Petrus
2236 1729 2438 1765 Abaelardus

360 1781 468 1816 abbas
493 1782 634 1829 regebat
645 1807 656 1825 ,
680 1782 800 1817 scribit
815 1781 861 1817 ad
881 1782 1035 1817 amicum
1056 1784 1155 1829 cujus
1181 1794 1313 1817 nomen
1329 1791 1403 1818 tota
1422 1783 1587 1831 epistola,
1607 1783 1688 1819 licet
1704 1783 1859 1831 prolixa,
1882 1794 1947 1817 nec
1965 1782 2038 1829 ipse
2056 1781 2147 1824 edit,
2165 1793 2231 1816 nec
2246 1782 2351 1818 etiam
2368 1783 2437 1818 He-

361 1834 482 1878 loissa,
500 1847 610 1881 quum
637 1835 741 1883 hujus
763 1835 917 1882 epistolas
942 1835 1100 1870 meminit
1123 1836 1160 1869 in
1184 1835 1352 1871 secunda.
1372 1837 1433 1871 Est
1461 1845 1578 1871 autem
1604 1836 1812 1872 narratoria.
1831 1836 1925 1870 Toto
1942 1835 2037 1870 enim
2052 1834 2205 1882 epistolas
2221 1842 2317 1869 textu
2338 1848 2436 1870 suam

359 1887 468 1923 vitam
484 1895 564 1923 ante
579 1895 691 1923 actam
707 1888 752 1923 ab
770 1888 918 1923 infantia
935 1887 981 1924 ad
1005 1887 1093 1923 illud
1115 1900 1224 1934 usque
1245 1896 1383 1935 tempus
1394 1915 1404 1932 ,
1422 1900 1494 1935 quo
1510 1888 1602 1923 hanc
1618 1889 1754 1936 scripsit
1764 1915 1774 1932 ,
1792 1887 1976 1935 diligenter
1991 1895 2129 1922 enarrat
2142 1900 2152 1930 ;
2174 1888 2308 1923 nullam
2322 1895 2438 1923 tamen

360 1941 508 1976 somnis
534 1941 692 1976 Rozelini
720 1942 934 1977 mentionem
950 1942 1052 1985 facit,
1068 1953 1141 1988 quo
1155 1941 1369 1990 philosopho
1387 1941 1589 1977 doctissimo
1606 1950 1821 1990 praeoeptore
1837 1952 1939 1975 usum
1954 1940 2050 1975 Otho
2066 1939 2278 1986 frisingensis
2305 1941 2440 1987 episco-

361 2007 446 2042 pus,
463 1995 576 2042 gravis
588 1995 751 2043 scriptor,
767 1995 829 2042 qui
844 1995 970 2030 eodem
980 1995 1120 2030 vivebat
1136 2003 1318 2042 tempore,
1339 1995 1505 2033 affirmat.
1519 1996 1692 2031 Coeterum
1706 1993 1815 2042 quid,
1833 2006 1905 2041 quo
1921 1993 2041 2029 animo
2057 1992 2165 2040 egerit
2182 1994 2236 2028 vel
2252 1994 2438 2040 scripserit,

362 2047 448 2094 quid
474 2061 593 2095 passus
608 2049 668 2092 sit,
685 2057 817 2096 quanta
835 2047 969 2084 invidia
993 2048 1140 2084 aemuli·
1130 2062 1168 2084 in
1187 2061 1268 2083 eum
1285 2049 1496 2092 exarserint,
1524 2048 1691 2096 graphice
1715 2046 1904 2091 describit,
1932 2055 2036 2093 atque
2061 2046 2353 2082 obtrectatoribus
2372 2048 2441 2082 suis

362 2102 491 2137 cursim
518 2115 562 2137 ex
585 2103 769 2138 occasione
786 2103 938 2138 breviter
952 2111 986 2138 et
1004 2110 1125 2150 argute
1147 2101 1349 2150 respondet.
1365 2103 1524 2150 Denique
1540 2103 1632 2138 hanc
1647 2102 1830 2150 epistolam
1853 2100 1971 2148 potius
1986 2099 2033 2135 ad
2048 2100 2256 2148 propriam,
2272 2112 2377 2147 quam
2397 2101 2442 2136 ad

363 2155 467 2190 amici
483 2156 757 2191 consolationem
773 2156 948 2204 scripsisse
962 2155 1116 2202 videtur,
1133 2155 1262 2191 scilicet
1288 2164 1326 2190 ut
1349 2164 1383 2190 et
1404 2163 1588 2203 praesentes
1615 2154 1826 2190 calamitates
1851 2167 1893 2189 ex
1919 2153 2163 2189 recordatione
2189 2153 2442 2214 praeteritarum

363 2208 475 2244 lenius
490 2209 608 2253 ferret,
623 2217 659 2245 et
672 2209 931 2245 imminentium
943 2210 1182 2257 periculorum
1191 2209 1353 2244 timorem
1368 2208 1504 2244 facilius
1515 2207 1721 2255 detergeret.
1734 2208 1854 2243 Nullas
1870 2207 1965 2242 enim
1977 2206 2081 2242 amici
2093 2207 2266 2242 molestias
2278 2219 2358 2242 cum
2376 2207 2444 2241 sui.

363 2263 498 2298 confert
508 2288 519 2306 ,
539 2271 579 2299 ut
594 2275 638 2298 ex
651 2264 915 2310 comparatione
930 2263 1109 2310 graviores
1124 2271 1330 2310 appareant.

383 2381 515 2448 Siepe
539 2381 776 2430 humanos
809 2383 1005 2430 affectus
1037 2393 1119 2430 aut
1145 2391 1438 2448 provocant,
1469 2392 1550 2428 aut
1585 2381 1799 2445 mitigant
1828 2379 2031 2445 amplius
2060 2378 2275 2443 exempla
2299 2395 2442 2443 quam

319 2460 479 2509 verba.
514 2461 652 2509 Unde
669 2472 779 2528 post
808 2461 1091 2510 nonnullam
1122 2462 1354 2510 sermonis
1381 2461 1442 2509 ad
1471 2470 1751 2527 praesentem
1773 2459 1919 2507 habiti
1953 2459 2352 2520 consolationem,
2382 2459 2442 2506 (le

321 2541 431 2606 ipsis
469 2541 790 2588 calamitatum
829 2558 1046 2588 mearum
1080 2541 1416 2606 experimentis
1450 2539 1819 2587 consolatoriam
1857 2539 1919 2586 ad
1956 2537 2202 2586 absentem
2240 2537 2443 2585 scribere

320 2620 510 2668 decrevi
535 2639 555 2687 :¹
574 2631 628 2668 ut
651 2621 700 2667 in
725 2621 1082 2686 comparatione
1107 2636 1346 2678 mearum,
1376 2629 1479 2666 tuas
1502 2630 1583 2666 aut
1603 2619 1781 2677 nullas,
1813 2628 1893 2665 aut
1919 2616 2132 2664 modicas
2163 2618 2445 2665 tentationes

320 2716 656 2765 recognoscas,
684 2709 731 2747 et
756 2699 1044 2747 tolerabilius
1068 2700 1204 2747 feras.

386 2782 484 2844 Ego
504 2780 644 2845 igitur
668 2779 849 2846 oppido
865 2779 1078 2845 quodam
1096 2778 1366 2838 oriundus³,
1389 2777 1521 2843 quod
1540 2778 1590 2825 in
1614 2778 1823 2842 ingressu
1850 2777 2046 2824 minoris
2065 2776 2311 2824 Britanniae
2333 2793 2446 2824 con-

322 2870 580 2917 structum,
614 2859 676 2907 ab
707 2859 826 2907 urbe
864 2851 1115 2908 nannetica
1147 2875 1311 2907 versus
1348 2858 1580 2906 orientem
1615 2868 1724 2905 octo
1757 2857 1902 2905 credo
1940 2856 2146 2904 miliariis
2179 2866 2442 2916 remotum,

320 2940 516 3005 proprio
540 2938 775 2987 vocabulo
798 2940 1031 2988 Palatium
1049 2939 1329 3006 appellatur.
1353 2939 1482 2986 Sicut
1505 2949 1674 2986 natura
1692 2947 1826 2986 terrae
1850 2954 1965 2985 meae
1990 2936 2063 2983 vel
2082 2937 2264 3000 generis
2284 2937 2444 2985 animo

320 3020 458 3078 levis,
483 3020 548 3066 ita
570 3029 618 3067 et
641 3019 832 3083 ingenio
852 3020 981 3067 extiti
994 3022 1008 3045 ⁴
1024 3019 1086 3067 ad
1106 3019 1431 3067 litteratoriam
1450 3018 1749 3084 disciplinam
1769 3017 1947 3064 sacilis⁶.
1974 3019 2160 3063 Patrem
2179 3025 2336 3063 autem
2363 3016 2444 3063 ha-

321 3098 515 3146 bebam⁰
542 3098 707 3145 litteris
731 3098 1075 3164 aliquantulum
1115 3097 1353 3146 imbutum
1387 3108 1643 3163 antequam
1679 3097 1864 3144 militari
1901 3095 2091 3160 cingulo
2123 3096 2438 3160 insigniretur.

325 3177 462 3225 Unde
494 3177 803 3242 postmodum
834 3187 967 3226 tanto
992 3178 1169 3227 litteras
1195 3194 1359 3226 amore
1383 3177 1659 3242 complexus
1686 3187 1779 3237 est,
1809 3185 1862 3223 ut
1880 3192 2192 3241 quoscunque
2216 3174 2339 3223 filios
2365 3175 2445 3222 ha-

323 3255 477 3317 beret,
521 3258 685 3306 litteris
719 3267 975 3322 antequam
1011 3259 1154 3306 armis
1187 3258 1353 3306 instrui
1387 3257 1677 3322 disponeret.
1721 3257 1892 3322 Sicque
1923 3255 2138 3322 profecto
2172 3264 2332 3302 actum
2356 3265 2440 3302 est.

366 3402 375 3418 ¹
399 3400 480 3435 vide
497 3408 565 3436 not.
590 3414 636 3436 m.
663 3423 689 3427 —
712 3402 725 3421 ⁵
749 3403 808 3437 uic
827 3414 919 3437 error
935 3411 986 3438 est
1013 3404 1196 3446 Amboesii;
1218 3415 1356 3448 namque
1404 3404 1464 3438 sub
1484 3404 1579 3437 finem
1600 3402 1757 3447 epistolae.
1773 3401 1843 3427 —³
1861 3401 1943 3436 Vide
1969 3408 2035 3434 not.
2062 3411 2105 3434 iv.
2130 3417 2170 3425 -
2194 3398 2209 3417 ⁴
2232 3400 2339 3433 Extiu'
2356 3406 2387 3431 et
2403 3401 2447 3431 ac!

320 3469 419 3501 quum
442 3458 633 3499 Abaelardus,
653 3461 826 3494 Historiam
851 3462 1074 3495 Calamitatum
1095 3462 1245 3506 scripsit,
1266 3462 1358 3506 jam·
1406 3462 1629 3495 liceretur-iam.
1647 3452 1766 3494 ABCD'.
1786 3477 1824 3483 —
1844 3458 1858 3476 ⁸
1874 3457 1955 3492 Vide
1973 3464 2040 3492 not.
2061 3467 2090 3490 v,
2107 3473 2150 3481 -
2165 3455 2180 3475 ⁰
2198 3454 2272 3489 vid.
2293 3462 2360 3490 not.
2379 3465 2424 3488 vi.

322 3513 443 3548 dudum
465 3514 694 3550 monasterium
720 3516 757 3550 1).
787 3517 919 3550 Gildasii
947 3516 1093 3561 fugerat,
1112 3525 1146 3551 ut
1161 3518 1231 3562 ipse
1249 3525 1358 3551 monet

2553 2781 2625 2803 cmv.
2645 2782 2667 2802 ι.

2484 2815 2532 2846 De
2545 2814 2618 2846 loco
2634 2813 2742 2846 nativi-

2528 2858 2600 2890 tatis
2615 2857 2699 2889 Petri

2528 2899 2699 2933 Abaelardi.

2483 3010 2527 3042 De
2553 3007 2738 3058 parentibus

2570 3063 2648 3094 ejus.
