2970 4152
1241 428 1557 475 EPISTOLAE.
2378 431 2397 475 ⁴
2409 429 2471 475 39

350 523 520 570 Christi
547 524 743 587 gratiam
769 522 952 570 videbis
977 523 1259 589 ampliorem
1275 526 1315 570 ¹:
1338 533 1391 570 ut
1409 523 1542 587 juxta
1560 523 1851 570 dominicam
1876 532 1923 570 et
1946 520 2253 588 apostolicam
2279 533 2465 570 senten-

351 604 508 651 tiam’:
532 624 556 648 «
571 604 675 651 Sint
691 604 937 651 novissimi
949 604 1108 670 primi,
1124 614 1172 651 et
1188 604 1332 669 primi
1348 604 1593 651 novissimi
1609 640 1620 664 ,
1641 622 1663 649 υ
1685 605 1779 661 <³1³2
1801 623 1824 648 α
1838 603 1931 650 Ubi
1945 602 2204 650 abundavit
2216 602 2460 664 delictum,

272 697 280 705 ’
349 685 705 749 superabundet
731 695 778 732 et
811 686 973 749 gratia.
999 703 1023 729 »
1057 684 1201 748 Cujus
1231 684 1426 749 quidem
1463 683 1634 732 divinae
1669 685 1826 748 gratiae
1857 683 2087 731 beneficia
2118 683 2196 738 vel
2226 683 2465 746 honorem

350 765 536 812 feminis
561 764 768 813 exhibita
783 766 822 811 si
840 764 1021 830 abipso
1041 765 1239 813 exordio
1260 764 1430 812 mundi
1444 774 1725 831 repetamus
1738 801 1750 825 ,
1772 765 2065 830 reperiemus
2083 766 2240 812 statim
2257 764 2468 813 mulieris

349 846 639 893 creationem
664 845 873 910 quadam
903 845 1172 911 praecellere
1202 845 1460 910 dignitate:
1492 862 1641 909 quum
1669 846 1771 911 ipsa
1800 845 2003 892 scilicet¹⁹
2028 846 2077 892 in
2107 845 2355 911 paradiso,
2395 846 2468 893 vir

348 936 479 973 extra
505 936 690 974 creatus
729 927 802 973 sit.
834 929 895 973 Ut
918 925 1032 972 hinc
1054 927 1293 991 praecipue
1317 925 1540 973 mulieres
1563 925 1914 973 admoneantur
1946 924 2188 972 attendere
2205 961 2217 984 ,
2240 942 2385 990 quam
2409 926 2469 972 sit

347 1022 512 1053 earum
530 1006 757 1054 naturalis
775 1006 926 1072 patria
940 1006 1211 1072 paradisus,
1235 1017 1282 1054 et
1299 1023 1398 1071 quo
1423 1007 1626 1072 amplius
1655 1023 1734 1054 eas
1760 1006 1978 1054 coelibem
1996 1005 2203 1071 paradisi
2228 1007 2371 1054 vitam
2398 1023 2468 1053 se-

347 1088 430 1151 qui
444 1088 713 1134 conveniat.
736 1087 874 1134 Unde
891 1087 1170 1134 Ambrosius
1187 1089 1235 1134 in
1252 1087 1376 1134 libro
1393 1087 1451 1134 de
1467 1087 1723 1135 Paradiso⁵
1743 1106 1753 1135 :
1777 1108 1800 1133 «
1819 1090 1877 1134 Et
1892 1086 2226 1152 apprehendit,
2247 1106 2270 1131 »
2293 1087 2462 1150 inquit,

351 1186 375 1211 «
398 1169 526 1214 Deus
543 1167 790 1215 hominem
807 1185 951 1232 quem
971 1169 1101 1228 fecit,
1134 1178 1181 1215 et
1198 1169 1359 1233 posuit
1375 1185 1486 1215 eum
1513 1169 1562 1215 in
1589 1168 1831 1216 Paradiso.
1862 1167 2003 1215 Vides
2021 1168 2250 1232 quoniam
2269 1168 2351 1231 qui
2369 1178 2469 1214 erat

346 1248 736 1314 apprehenditur.
767 1253 819 1296 In
842 1250 1065 1315 paradiso
1099 1267 1211 1298 eum
1237 1250 1503 1298 collocavit.
1534 1250 1738 1298 Adverte
1774 1251 1886 1316 quia
1920 1260 2047 1304 extra
2084 1249 2359 1315 paradisum
2396 1250 2468 1296 vir

345 1329 494 1376 factus
514 1339 610 1388 est,
634 1339 681 1377 et
698 1329 868 1377 mulier
891 1331 1015 1378 intra
1033 1331 1325 1396 paradisum.
1348 1334 1400 1378 In
1421 1331 1631 1378 inferiori
1645 1331 1755 1378 loco
1774 1331 1847 1377 vir
1864 1330 2035 1377 melior
2050 1330 2304 1390 invenitur,
2328 1340 2375 1377 et
2391 1329 2470 1377 illa

344 1427 450 1474 quae
477 1411 526 1457 in
557 1411 755 1458 meliore
785 1411 894 1458 loco
923 1412 1044 1459 facta
1069 1422 1140 1459 est
1169 1412 1365 1460 inferior
1394 1413 1643 1478 reperitur.
1675 1413 1808 1459 Prius
1843 1429 2038 1477 quoque
2064 1412 2300 1461 Dominus
2325 1414 2470 1458 Evam

345 1491 489 1541 totius
507 1492 741 1556 originem
769 1492 881 1539 mali
906 1494 1183 1540 restauravit
1214 1494 1264 1540 in
1289 1493 1460 1554 Maria,
1492 1510 1637 1558 quam
1670 1493 1821 1540 Adam
1845 1493 1894 1539 in
1924 1492 2111 1540 Christo
2139 1493 2389 1557 reparavit.
2414 1495 2472 1538 Et

343 1571 464 1619 sicut
481 1589 509 1619 a
524 1572 721 1620 muliere
740 1573 880 1639 culpa
897 1609 909 1633 ,
929 1573 996 1620 sic
1013 1590 1042 1621 a
1061 1574 1258 1621 muliere
1275 1574 1417 1639 coepit
1435 1574 1582 1638 gratia
1594 1610 1608 1635 ,
1637 1584 1684 1620 et
1702 1573 1981 1639 virginitatis
2000 1572 2216 1620 refloruit
2233 1588 2467 1638 praeroga-

343 1652 453 1699 tiva.
484 1656 549 1699 Ae
566 1653 698 1718 prius
713 1653 762 1699 in
781 1656 916 1700 Anna
935 1663 982 1700 et
996 1654 1141 1700 Maria
1162 1654 1318 1700 viduis
1333 1663 1380 1700 et
1405 1653 1665 1718 virginibus
1684 1664 1856 1701 sanctae
1884 1652 2191 1718 professionis
2215 1652 2367 1699 forma
2384 1654 2471 1700 est⁶

342 1731 571 1792 exhibita,
596 1749 741 1797 quam
766 1732 815 1778 in
841 1735 1025 1779 Joanne
1044 1732 1120 1779 vel
1148 1731 1376 1797 apostolis
1410 1734 1683 1780 monasticae
1713 1733 1953 1797 religionis
1978 1732 2196 1798 exempla
2219 1733 2331 1779 viris
2355 1749 2468 1798 pro—

340 1814 511 1880 posita.
541 1813 686 1871 Quod
710 1814 750 1859 si
775 1823 884 1878 post
913 1815 1081 1870 Evam,
1113 1812 1355 1872 Delborae,
1375 1813 1566 1873 Judith,
1596 1813 1765 1860 Esther
1789 1814 2013 1860 virtutem
2033 1813 2322 1872 intueamur,
2354 1829 2467 1878 pro-

341 1894 464 1942 fecto
499 1910 599 1940 non
639 1893 934 1940 mediocrem
965 1893 1128 1940 ‘robori
1166 1893 1314 1941 virilis
1353 1910 1491 1941 sexus
1527 1894 1786 1941 inferemus
1820 1893 2213 1940 erubescentiam.
2243 1892 2471 1940 Delbora⁷

340 1975 519 2039 quippe
537 1973 766 2021 dominici
781 1974 929 2037 judex
947 1973 1150 2039 populi⁸,
1179 1974 1291 2021 viris
1316 1973 1647 2021 deficientibus
1667 1974 1930 2032 dimicavit,
1960 1983 2008 2020 et
2027 1973 2223 2020 devictis
2251 1973 2469 2022 hostibus

339 2055 619 2121 populoque
638 2054 1068 2115 Dominiliberato,
1097 2064 1319 2120 potenter
1342 2054 1670 2120 triumphavit.
1693 2053 1881 2101 Judith⁹
1899 2054 2092 2101 inermis
2109 2071 2221 2101 cum
2246 2053 2370 2102 Abra
2385 2071 2470 2102 sua

339 2135 598 2183 terribilem
615 2136 873 2183 exercitum
895 2145 964 2182 est
983 2151 1223 2200 aggressa,
1247 2146 1294 2183 et
1318 2136 1459 2183 unius
1478 2135 1726 2183 Holoferni
1749 2135 1948 2201 proprio
1974 2135 2121 2201 ipsius
2146 2134 2303 2199 gladio
2326 2146 2469 2201 caput

338 2226 615 2282 amputans,
639 2216 739 2263 sola
765 2217 1012 2263 universos
1030 2217 1193 2264 stravit
1211 2217 1372 2264 hostes
1384 2253 1396 2277 ,
1421 2226 1469 2264 et
1494 2216 1799 2283 desperatum
1817 2216 2054 2282 populum
2070 2234 2210 2264 suum
2229 2216 2461 2265 liberavit.

337 2297 508 2345 Esther
522 2299 548 2323 ¹⁰
566 2297 733 2363 spiritu
759 2296 959 2344 latenter
988 2307 1268 2362 suggerente
1303 2307 1471 2345 contra
1506 2299 1665 2363 ipsum
1701 2298 1843 2344 etiam
1877 2297 1991 2362 legis
2022 2297 2267 2346 decretum
2304 2298 2465 2362 gentili

337 2377 558 2444 copulata
590 2379 714 2442 regi,
750 2377 1012 2442 impiissimi
1043 2381 1194 2425 Aman
1221 2377 1497 2438 consilium,
1530 2388 1577 2426 et
1600 2377 1794 2426 crudele
1819 2379 1941 2443 regis
1965 2379 2192 2444 praevenit
2227 2379 2460 2439 edictum,

336 2458 737 2523 constitutamque
760 2458 895 2523 regiae
923 2458 1276 2506 deliberationis
1301 2460 1586 2507 sententiam
1603 2460 1740 2524 quasi
1767 2475 1867 2506 uno
1887 2460 2115 2525 temporis
2139 2470 2388 2507 momento
2414 2461 2462 2506 in

339 2538 631 2585 contrarium
661 2538 910 2584 convertit.
947 2540 1126 2602 Magnae
1165 2538 1415 2586 ascribitur
1451 2539 1611 2586 virtuti
1646 2538 1779 2603 quod
1800 2539 1955 2586 David
1979 2539 2027 2585 in
2054 2538 2200 2585 funda
2230 2548 2276 2586 et
2301 2535 2463 2605 lapide

338 2617 527 2665 Goliam
540 2619 813 2681 aggressus¹¹
827 2626 895 2664 est
912 2627 958 2664 et
971 2617 1160 2664 devicit.
1175 2621 1197 2664 J
1203 2618 1371 2665 udith¹¹
1383 2618 1527 2666 vidua
1539 2618 1602 2666 ad
1616 2618 1838 2666 hostilem
1852 2618 2069 2683 procedit
2087 2619 2345 2666 exercitum
2361 2620 2462 2667 sine

337 2697 483 2745 funda
499 2707 546 2744 et
563 2696 746 2762 lapide,
774 2697 875 2744 sine
895 2697 1029 2744 omni
1045 2697 1344 2745 ‘adminiculo
1373 2708 1622 2746 armaturae
1646 2698 1942 2746 dimicatura.
1966 2698 2166 2745 Esther¹⁸
2188 2698 2293 2746 solo
2312 2698 2460 2747 verbo

338 2778 572 2844 populum
608 2795 749 2824 suum
784 2777 977 2836 liberat,
1015 2788 1062 2825 et
1091 2795 1322 2826 conversa
1361 2779 1409 2826 in
1453 2779 1614 2827 hostes
1662 2780 1917 2839 sententia,
1955 2788 2239 2826 corruerunt
2281 2779 2370 2844 ipsi
2412 2780 2459 2826 in

336 2861 562 2925 laqueum
580 2876 725 2924 quem
751 2858 1065 2906 tetenderant.
1099 2860 1243 2923 Cujus
1273 2860 1469 2924 quidem
1494 2861 1690 2926 insignis
1717 2861 1828 2908 faeti
1854 2861 2085 2908 memoria
2112 2859 2306 2924 singulis
2324 2861 2461 2908 annis

334 2941 465 3007 apud
483 2940 671 2987 Judaeos
689 2939 955 2986 solemnem
973 2940 1146 2987 meruit
1164 2939 1341 2988 habere
1353 2940 1558 2988 laetitiam
1573 2960 1585 3001 3
1605 2940 1739 3006 quod
1758 2957 2061 3005 nequaquam
2076 2940 2234 3005 aliqua
2247 2940 2461 2988 virorum

334 3022 454 3070 facta
487 3030 911 3085 quantumcunque
939 3020 1190 3086 splendida
1219 3021 1547 3069 obtinuerunt.
1587 3022 1704 3079 Quis
1741 3020 2167 3086 incomparabilem
2191 3021 2355 3079 matris
2391 3038 2461 3069 se—

332 3112 463 3168 ptem
480 3101 689 3148 flliorum
706 3100 1023 3147 constantiam
1039 3117 1139 3148 non
1159 3102 1374 3162 miretur,
1395 3119 1518 3167 quos
1538 3119 1632 3149 una
1657 3119 1767 3149 cum
1787 3112 1940 3149 matre
1961 3101 2311 3167 apprehensos,
2340 3103 2461 3149 sicut

332 3182 714 3230 Machabaeorum
742 3181 940 3228 historia
967 3183 1178 3242 narrat¹⁴‚
1217 3199 1300 3230 rex
1330 3183 1636 3249 impiissimus
1664 3181 1923 3230 Antiochus
1952 3181 2014 3229 ad
2047 3199 2214 3231 carnes
2240 3183 2459 3248 porcinas

377 3355 387 3372 ¹
419 3355 581 3388 fusiorem
613 3354 709 3388 RMS.
725 3369 769 3380 -
786 3344 949 3394 ’'Matth„
986 3364 1058 3398 cap.
1092 3365 1156 3394 xx,
1188 3365 1220 3387 v.
1254 3356 1305 3388 16.
1328 3373 1368 3379 ——
1415 3365 1490 3398 cap.
1511 3365 1582 3387 xm.
1610 3373 1634 3378 α
1654 3353 1831 3392 ¹⁰Esther‚
1850 3366 1926 3399 cap.
1941 3366 2011 3388 vm.
2027 3372 2067 3378 -—
2084 3354 2111 3372 ¹¹
2128 3356 2209 3397 Περ.
2225 3356 2237 3389 l
2256 3381 2264 3396 ,
2281 3365 2353 3399 cap.
2375 3366 2454 3394 xvu,

334 3411 347 3428 ⁸
360 3412 469 3451 Rom„
485 3421 558 3455 cap.
573 3422 606 3452 v,
619 3422 649 3444 v.
667 3413 765 3446 2o.-
780 3410 795 3428 ⁴
813 3412 943 3452 Quoque
961 3410 1028 3444 MS.
1044 3410 1187 3444 Amb.—-
1201 3411 1214 3429 ⁸
1228 3410 1310 3455 Cap.
1327 3422 1371 3453 ιν,
1415 3422 1446 3444 v.
1469 3412 1523 3444 49.
1540 3428 1585 3436 -
1598 3409 1628 3427 ⁴¹
1642 3411 1757 3444 Judith
1772 3435 1783 3449 ,
1808 3421 1883 3454 cap.
1899 3423 1946 3445 ix.
1962 3428 2001 3435 —·
2017 3410 2046 3428 ¹³
2064 3411 2196 3451 Esther,
2222 3422 2295 3455 cap.
2326 3422 2391 3445 vni.
2412 3429 2455 3436 —

337 3468 418 3510 Opp.
435 3474 461 3501 t.
478 3468 490 3501 1
505 3493 514 3508 ,
535 3467 599 3501 col.
622 3469 694 3501 153.
708 3487 751 3494 —-
765 3467 779 3486 ⁸
795 3467 849 3502 Sic
861 3467 901 3501 D.
912 3483 935 3492 -
947 3469 1008 3501 Est
1022 3478 1087 3501 non
1106 3467 1222 3511 legitur
1235 3467 1268 3501 in
1284 3467 1370 3501 Edd.
1418 3467 1448 3485 ¹⁴
1462 3467 1615 3501 lachah.
1630 3467 1659 3501 11
1674 3493 1682 3507 .
1698 3477 1773 3511 cap.
1789 3479 1832 3501 vu
1845 3493 1852 3507 ‚
1868 3478 1901 3501 v.
1920 3470 1932 3500 1
1950 3474 1983 3501 et
1996 3479 2046 3511 eq.

334 3522 346 3540 '¹
364 3523 492 3557 Debere
517 3524 584 3558 MS.
615 3523 712 3558 Amb.
727 3541 771 3550 —
785 3523 797 3542 ⁸
811 3525 904 3563 Iud„
925 3534 998 3568 cap.
1029 3535 1059 3558 xv
1090 3531 1122 3558 et
1145 3535 1176 3557 v.
1191 3539 1236 3552 ·-
1250 3523 1264 3542 ⁹
1277 3525 1372 3563 Jud„
