2970 4152
516 414 566 459 54
580 413 608 458 2
1317 407 1487 456 PETRI
1523 408 1835 458 ABAELARDI

513 505 756 553 arantibus
779 505 892 552 dicit
914 507 925 529 ¹
953 522 962 550 :
994 523 1017 548 «
1045 502 1198 550 Debet
1220 502 1350 549 enim
1372 502 1421 549 in
1445 520 1528 568 spe
1556 505 1638 568 qui
1662 514 1787 563 arat,
1813 520 1967 563 arare,
1987 506 2129 570 etqui
2143 507 2355 568 triturat,
2375 510 2423 557 in
2443 528 2527 576 spe
2543 512 2636 560 fru-

518 606 540 630 «
568 596 671 632 ctus
696 583 1008 650 percipiendi.
1030 602 1053 627 »
1080 583 1174 640 Qui
1198 599 1310 646 ergo
1334 584 1730 657 tormentaxprius
1755 582 1972 631 fidelibus
1995 585 2307 650 irrogaverat,
2340 598 2387 636 et
2414 586 2504 655 pro
2538 590 2634 640 fide

515 664 827 730 postmodum
850 662 1033 726 flagella
1054 662 1259 709 libenter
1281 672 1441 727 portat
1475 679 1485 707 ε
1519 663 1601 726 qui
1631 664 1816 727 scriptis
1845 664 1988 710 etiam
2017 665 2228 730 epistolis
2249 666 2442 716 humilis
2471 686 2531 721 ac,
2557 671 2635 720 de·-

514 755 703 810 spectus
725 743 951 808 praedicat
983 761 991 789 :
1020 743 1102 806 qui
1132 741 1319 788 dudum
1342 742 1562 789 terribilis
1584 742 1896 807 impugnabat
1916 779 1927 802 ,
1964 744 2181 808 profecto
2209 745 2332 794 bene
2354 747 2523 812 ligatus
2545 749 2634 798 sub

516 837 673 874 aratro
710 823 912 871 desudat
937 822 999 870 ad
1027 832 1258 886 segetem,
1287 823 1370 888 qui
1391 822 1582 869 vivebat
1606 824 1668 879 i*
1679 839 1852 887 campo
1883 823 2011 870 male.
2036 840 2065 872 a
2086 826 2259 874 timore
2279 826 2416 875 liber.
2442 831 2514 876 De
2536 846 2634 895 quo

516 917 642 953 recte
666 905 840 952 dicitur
862 922 871 950 :
898 922 918 948 «
941 905 1034 950 Aut
1054 902 1344 966 confringet,
1372 912 1463 949 etc.
1485 921 1508 947 »
1525 905 1629 949 Jam
1651 902 1828 949 scilicet
1848 904 2085 952 Dominus
2106 907 2429 970 quorumdam
2451 919 2635 960 mentes

515 990 797 1044 intraverat,
833 984 915 1049 qui
948 983 1082 1031 illum
1116 984 1347 1031 veraciter
1380 982 1581 1029 humani
1617 984 1800 1046 generis
1831 983 2188 1050 redemptorem
2221 988 2499 1037 credebant.
2540 991 2635 1048 Qui

515 1080 675 1116 tamen
701 1083 851 1131 quum
874 1081 1179 1130 nequaquam
1202 1081 1228 1112 a
1250 1065 1450 1130 pristina
1473 1063 1806 1111 observatione
1830 1065 2131 1126 recederent,
2154 1085 2305 1132 quum
2327 1069 2448 1117 dura
2468 1070 2635 1119 litterae

513 1141 885 1214 praedicamenta
907 1146 1221 1204 custodirent,
1245 1146 1311 1192 eis
1334 1144 1617 1210 praedicator
1640 1145 1853 1208 egregius
1876 1144 2019 1192 dicit²
2041 1165 2052 1193 ε
2082 1166 2105 1192 «
2132 1148 2181 1194 Si
2202 1149 2646 1211 circumcidamini,·

517 1249 540 1274 «
560 1229 773 1276 Christus
794 1227 931 1275 vobis
953 1226 1072 1273 nihil
1094 1225 1324 1291 proderit.
1347 1244 1370 1270 n

581 1329 603 1355 «
632 1309 726 1367 Qui
762 1325 875 1372 ergo
910 1308 959 1355 in
994 1307 1165 1359 humili
1198 1316 1359 1353 mente
1392 1304 1608 1353 fidelium
1638 1304 1753 1370 legis
1777 1305 2003 1355 duritiam
2024 1307 2359 1373 redarguendo
2381 1310 2631 1370 contrivit,

513 1390 631 1456 quid
656 1389 786 1437 aliud
814 1405 960 1454 quam
989 1389 1038 1435 in
1070 1387 1191 1435 valle
1219 1396 1329 1452 post
1350 1387 1614 1434 Dominum
1637 1386 1794 1451 glebas
1823 1387 1981 1453 fregit,
2008 1405 2070 1436 ne
2092 1390 2311 1438 videlicet
2334 1407 2479 1455 grana
2501 1391 2636 1439 semi-

513 1489 631 1518 num
659 1488 763 1535 quae
797 1485 1018 1518 excussus
1054 1478 1212 1515 aratro
1248 1467 1361 1514 fidei
1389 1466 1546 1514 sulcus
1581 1466 1740 1514 cordis
1773 1468 2030 1533 exciperet,
2062 1485 2149 1533 per
2182 1470 2449 1518 custodiam
2471 1469 2638 1518 litterae

512 1569 672 1618 pressa
707 1552 997 1617 deperirent.
1030 1552 1101 1596 De
1135 1566 1234 1614 quo
1269 1548 1426 1595 adhuc
1460 1547 1584 1595 bene
1626 1547 1847 1596 subditur
1887 1568 1897 1596 ε
1935 1569 1957 1594 «
1986 1550 2214 1614 Nunquid
2239 1550 2466 1599 fiduciam
2495 1551 2639 1599 habe-

514 1655 536 1679 «
555 1634 642 1693 bit,
659 1634 782 1680 etc.?
800 1651 823 1677 »
848 1636 902 1678 In
915 1631 1233 1679 rhinocerotis
1253 1629 1395 1693 hujus
1411 1628 1691 1676 fortitudine
1713 1628 1939 1676 fiduciam
1959 1634 2088 1678 Deus
2109 1631 2295 1692 habuit,
2320 1633 2433 1697 quia
2454 1642 2636 1697 quanto

509 1713 643 1761 illum
666 1712 903 1760 crudelius
921 1711 1042 1759 dura
1063 1710 1153 1758 sibi
1176 1710 1460 1757 inferentem
1476 1709 1693 1774 pertulit,
1710 1719 1845 1757 tanto
1862 1727 1953 1774 pro
1972 1728 2022 1757 se
2038 1712 2335 1759 constantius
2352 1699 2637 1759 tolerantem

510 1794 709 1842 adversa
730 1793 980 1859 praescivit.
1009 1792 1097 1838 Cui
1119 1790 1308 1838 labores
1331 1790 1498 1849 etiam,
1524 1806 1646 1854 quos
1669 1790 1769 1854 ipse
1799 1790 1848 1836 in
1878 1806 2022 1838 carne
2045 1791 2326 1856 pertulerat,
2353 1791 2633 1857 dereliquit;

509 1877 622 1940 quia
644 1889 931 1921 conversum
955 1872 1090 1919 illum
1111 1888 1263 1936 usque
1292 1870 1354 1918 ad
1376 1870 1695 1917 imitationem
1729 1871 1936 1936 propriae
1967 1872 2201 1937 passionis
2229 1873 2386 1920 traxit.
2419 1872 2558 1920 Unde
2589 1882 2637 1920 et

436 1978 440 1982 -
510 1972 597 2020 per
620 1952 845 2001 eumdem
867 1952 1226 1999 rhinocerotem
1252 1949 1472 1996 dicitur³z
1495 1968 1517 1994 «
1537 1949 1747 2014 Suppleo
1770 1966 1827 1997 ea
1848 1967 1942 2014 que
1966 1950 2140 1998 desunt
2162 1953 2439 2015 passionum
2463 1951 2638 1998 Christi

513 2036 608 2082 «in
632 2051 775 2082 carne
797 2049 921 2080 mea.
952 2051 975 2077 »
1001 2035 1072 2079 De
1100 2048 1198 2096 quo
1233 2028 1392 2077 adhuc
1426 2028 1647 2076 subditur
1677 2048 1688 2076 :
1718 2049 1741 2075 «
1768 2029 1996 2094 Nunquid
2028 2030 2193 2079 credes
2227 2032 2270 2078 ei
2305 2031 2438 2096 quod
2465 2030 2638 2079 reddat

514 2113 922 2172 «seminantibus,
949 2122 996 2160 et
1018 2128 1177 2159 aream
1205 2121 1339 2158 tuam
1361 2109 1643 2173 congreget?
1661 2128 1684 2153 n
1710 2110 2079 2158 Consideremus
2105 2111 2303 2176 paulum
2324 2113 2430 2176 quis
2465 2111 2632 2172 fuerit,

511 2213 660 2262 quum
682 2195 743 2242 ab
767 2195 870 2259 ipsa
890 2192 1212 2240 adolescentia
1228 2190 1546 2256 lapidantium
1560 2189 1750 2253 adjutor
1768 2190 2002 2250 existeret,
2022 2208 2173 2255 quum
2186 2191 2278 2239 alia
2289 2192 2507 2240 Ecclesiae
2529 2192 2636 2241 loca

511 2286 715 2326 vastaret
733 2313 744 2335 ,
772 2285 818 2322 et
847 2275 1052 2339 acceptis
1082 2272 1292 2339 epistolis
1310 2309 1321 2331 ,
1355 2270 1590 2319 vastanda
1627 2270 1718 2318 alia
1745 2281 1950 2336 peteret,
1988 2289 2140 2337 quum
2173 2289 2304 2320 mors
2342 2273 2385 2320 ei
2421 2272 2637 2320 fidelium

512 2357 641 2404 nulla
668 2354 928 2414 sufficeret,
954 2353 1039 2400 sed
1073 2369 1262 2417 semper
1292 2351 1354 2399 ad
1389 2351 1593 2398 aliorum
1626 2350 1872 2398 interitum
1907 2351 2008 2399 aliis
2042 2353 2259 2400 extinctis
2287 2352 2556 2412 anhelaret3
2588 2363 2636 2400 et

510 2439 723 2505 profecto
743 2452 1111 2501 cognoscemus,
1131 2435 1244 2498 quia
1265 2444 1380 2480 tunc
1402 2432 1560 2479 nullus
1579 2431 1794 2479 fidelium
1812 2432 2028 2480 crederet
2042 2470 2054 2492 ,
2080 2432 2214 2498 quod
2238 2433 2300 2480 ad
2316 2433 2484 2498 jugum
2507 2436 2636 2481 Deus

509 2536 603 2566 suae
636 2516 927 2565 fortitudinis
958 2515 1191 2562 feritatem
1228 2513 1446 2560 elationis
1482 2511 1748 2559 inclinaret.
1776 2512 1916 2559 Unde
1942 2523 1989 2560 et
2021 2514 2227 2561 Ananias
2249 2530 2369 2560 voce
2392 2513 2636 2561 dominica

508 2599 637 2645 hunc
666 2608 712 2645 et
739 2607 996 2662 postquam
1031 2610 1318 2642 conversum
1347 2593 1557 2652 audivit,
1585 2593 1801 2639 extimuit
1822 2592 1986 2640 dicens
2007 2595 2021 2618 ¹·
2047 2612 2058 2640 :
2089 2613 2112 2638 «
2141 2594 2348 2641 Domine
2367 2631 2378 2652 ,
2411 2593 2572 2640 audivi
2606 2610 2636 2640 a

512 2698 534 2723 z<
563 2678 722 2725 multis
759 2677 819 2724 de
853 2677 959 2724 viro
987 2675 1106 2734 hoc,
1144 2684 1325 2738 quanta
1353 2672 1479 2720 mala
1501 2673 1675 2720 sanctis
1704 2673 1795 2719 tuis
1827 2672 1990 2720 fecerit
2022 2673 2072 2720 in
2096 2672 2371 2721 Jerusalem.
2401 2691 2425 2717 »
2455 2672 2548 2729 Qui
2570 2681 2636 2734 tgn-

510 2776 619 2806 men
648 2768 846 2824 repente
876 2765 1224 2814 commutatus,
1251 2753 1312 2801 ab
1345 2753 1484 2801 hoste
1516 2753 1801 2818 praedicator
1824 2753 2046 2813 efficitur,
2083 2764 2131 2801 et
2163 2754 2213 2800 in
2251 2753 2434 2800 cunctis
2464 2752 2636 2799 mundi

509 2840 721 2905 partibus
743 2837 1061 2903 redemptoris
1084 2836 1157 2883 sui
1180 2852 1361 2898 nomen
1386 2835 1619 2893 insinuat,
1654 2834 1886 2899 supplicia
1907 2852 1997 2900 pro
2020 2835 2218 2882 veritate
2240 2834 2436 2893 tolerat,
2463 2834 2563 2899 pati
2584 2851 2635 2880 se

509 2937 612 2984 quae
646 2921 938 2984 irrogaverat
966 2915 1159 2964 exultat.
1187 2915 1314 2961 Alios
1335 2914 1675 2961 blandimentis
1697 2925 1861 2974 vocat,
1888 2915 2005 2962 alios
2027 2915 2091 2963 ad
2111 2914 2259 2962 fidem
2282 2913 2546 2962 terroribus
2566 2929 2635 2959 re-

510 3009 665 3046 vocat.
692 3000 795 3046 Istis
824 3013 1026 3062 regnum
1056 2994 1307 3061 pollicetur
1329 2993 1530 3040 coelestis
1553 2993 1740 3058 patriae,
1766 2993 1855 3040 illis
1878 2995 2088 3041 minatur
2109 2995 2241 3058 ignes
2264 2993 2508 3058 gehennae.
2534 2994 2634 3041 Hos

512 3094 596 3142 per
619 3089 864 3125 auctorem
900 3076 1095 3140 corrigit
1117 3112 1128 3135 ,
1155 3074 1261 3121 illos
1294 3073 1357 3122 ad
1377 3074 1505 3120 viam
1528 3073 1826 3120 rectitudinis
1849 3091 1935 3138 per
1956 3073 2275 3121 humilitatem
2297 3072 2465 3131 trahit,
2490 3080 2633 3135 atque

511 3162 559 3208 in
597 3160 730 3207 omni
767 3160 912 3207 latere
955 3158 1016 3206 ad
1062 3173 1263 3204 manum
1296 3172 1346 3203 se
1387 3155 1459 3202 sui
1494 3155 1692 3201 rectoris
1726 3154 1940 3203 inclinat.
1967 3159 2027 3203 Et
2062 3166 2209 3204 tanta
2229 3165 2331 3203 arte
2351 3154 2440 3201 Dei
2473 3170 2633 3202 aream

512 3252 787 3305 congregat,
813 3251 992 3305 quanta
1014 3239 1145 3287 illam
1166 3239 1297 3304 prius
1320 3236 1524 3284 elatione
1547 3235 1823 3283 ventilabat.
1851 3254 1874 3280 »

560 3440 570 3458 '
594 3439 738 3474 Corinth.
755 3440 792 3478 Ι,
813 3449 885 3482 cap.
907 3450 939 3471 ix
954 3464 962 3480 ,
982 3450 1014 3473 v.
1037 3441 1087 3473 10.
1109 3457 1147 3464 -
1163 3439 1176 3456 ¹
1191 3440 1316 3478 Galat„
1339 3448 1413 3481 cap.
1430 3448 1462 3476 v.
1479 3447 1511 3470 v.
1533 3438 1565 3471 2.
1579 3453 1623 3463 -·
1637 3432 1651 3452 ⁸
1673 3450 1687 3466 α
1706 3436 1875 3481 Adimpleo
1906 3447 1943 3471 ea
1969 3448 2041 3481 quae
2069 3436 2184 3470 desunt
2209 3436 2393 3480 passionum
2421 3436 2596 3470 Christi....
2613 3447 2629 3465 ι

516 3500 667 3543 (Coton,
683 3509 757 3543 cap.
790 3525 800 3541 ,
821 3509 852 3532 v.
870 3498 995 3542 24.)—
1011 3498 1025 3516 ⁸
1040 3501 1108 3533 Act.
1126 3500 1252 3541 Apo-st„
1272 3509 1413 3542 capax,
1433 3508 1463 3531 v.
1487 3498 1540 3530 13.
