2970 4152
546 405 642 453 404
1341 419 1510 466 PETRI
1553 423 1859 470 ABAELARDI

1183 683 1260 741 ΙΝ
1307 685 1540 746 RAMIS
1587 635 2026 747 PALMARUM.

1469 890 1616 921 SERMO
1650 892 1731 920 VII.

608 1000 847 1053 Hodierna
881 1010 1153 1061 solemnitas
1184 1026 1228 1062 et
1261 1026 1486 1082 tanquam
1523 1020 1778 1084 imperialis
1811 1036 1998 1084 pompae
2031 1018 2327 1084 triumphalis
2356 1018 2654 1082 jucunditas,

543 1095 635 1142 qua
658 1084 745 1130 Dei
770 1085 892 1135 filius
923 1092 1052 1155 regio
1084 1110 1218 1142 more
1245 1113 1272 1143 a
1301 1098 1451 1146 turbis
1481 1109 1549 1146 est
1579 1110 1847 1164 susceptus,
1876 1110 1921 1146 et
1947 1110 2173 1163 tanquam
2199 1097 2321 1145 filius
2347 1098 2500 1145 David
2521 1114 2657 1144 reco-

541 1161 695 1221 gnitus
713 1175 758 1211 et
785 1167 1031 1231 salutatus,
1055 1172 1196 1238 longe
1223 1187 1361 1224 antea
1384 1178 1464 1225 fuit
1487 1178 1582 1225 ab
1571 1196 1674 1244 ipso
1693 1179 1842 1226 David
1864 1179 2164 1244 prophetata,
2188 1177 2466 1225 exhortante
2483 1193 2573 1223 nos
2594 1176 2657 1224 ad

540 1256 645 1288 eam
675 1247 962 1298 revelatione
992 1255 1321 1319 propheticah
1313 1295 1322 1303 .
1363 1260 1636 1324 «Lapidem
1661 1254 1804 1324 quem
1835 1259 2208 1325 reprobaverunt
2237 1257 2543 1314 aedificantes,
2578 1256 2659 1302 hic

540 1322 687 1372 factus
713 1338 781 1375 est
806 1330 852 1376 in
880 1345 1021 1398 caput
1050 1337 1225 1400 anguli
1256 1342 1293 1385 A
1317 1341 1525 1387 Domino
1546 1341 1720 1388 factum
1745 1350 1815 1387 est
1837 1340 1989 1399 istud,
2024 1350 2071 1387 et
2101 1347 2170 1387 est
2197 1337 2443 1385 mirabile
2432 1354 2479 1384 ln
2504 1335 2657 1384 oculis

539 1406 727 1452 nostris.
763 1412 871 1457 Haec
904 1423 971 1460 est
998 1415 1100 1461 dies
1127 1433 1270 1480 quam
1298 1418 1405 1465 fecit
1427 1421 1684 1479 Dominus,
1712 1420 1997 1478 exultemUS,
2021 1429 2068 1466 et
2089 1418 2329 1466 laetemur
2319 1434 2367 1464 m
2387 1434 2457 1464 ea.
2488 1419 2531 1463 O
2549 1419 2656 1462 Do·-

540 1485 684 1546 mine‚
714 1489 896 1538 salvum
922 1511 997 1541 me
1023 1495 1116 1555 fac,
1147 1513 1190 1543 o
1196 1499 1418 1558 Domine,
1442 1500 1564 1547 hene
1581 1517 1893 1566 prospe1·:are
1921 1499 2200 1546 benedictus
2225 1499 2307 1562 qui
2331 1498 2460 1544 venit
2489 1497 2538 1542 in
2569 1512 2655 1542 no-

538 1565 667 1613 mine
691 1570 900 1617 Domini.
941 1533 1270 1624 Benediximus
1301 1579 1437 1625 vobis
1468 1580 1528 1626 de
1558 1580 1705 1627 domo
1737 1579 1957 1639 Domini3
1990 1582 2118 1625 Deus
2149 1578 2407 1635 Dominus,
2437 1586 2484 1622 et
2504 1574 2656 1621 illuxit

537 1645 689 1693 nobis.
719 1652 998 1701 Constituite
1022 1655 1149 1702 diem
1178 1658 1443 1706 solemnem
1474 1661 1521 1706 in
1553 1661 1807 1707 condensis
1838 1660 1988 1724 usqne
2015 1658 2076 1705 ad
2105 1674 2253 1705 cornu
2280 1656 2496 1704 altaris.»
2521 1658 2654 1713 Quos

538 1726 665 1773 enim
697 1730 981 1781 aedificantes
1017 1735 1111 1783 hoc
1146 1737 1253 1785 loco
1285 1739 1420 1799 dicit,
1461 1741 1551 1787 nisi
1586 1741 1855 1788 sacerdotes
1885 1739 2062 1803 judaici
2095 1737 2285 1803 populi,
2314 1737 2396 1800 qui
2420 1735 2655 1799 subjectos

535 1822 620 1868 per
644 1806 787 1856 fidem
813 1813 984 1861 Christi
1002 1816 1231 1866 aedificare
1251 1819 1480 1867 deberent
1498 1822 1547 1867 in
1564 1821 1797 1886 templum
1815 1820 1934 1867 Dei?
1962 1819 2102 1866 Hoc
2091 1835 2246 1884 ipsum
2272 1817 2512 1864 destruere
2538 1817 2655 1863 nite-

535 1884 709 1935 bantur
741 1890 1125 1956 fundamentum,
1152 1899 1199 1944 in
1233 1916 1330 1963 quo
1363 1900 1641 1964 erigendum
1673 1901 1823 1948 fuerat
1852 1898 2119 1946 aedificium.
2154 1900 2214 1943 Ut
2246 1897 2375 1944 enim
2405 1894 2655 1960 Apostolus

534 1966 645 2013 ait²:
674 1988 699 2014 «
717 1973 1098 2023 Fundamentum
1122 1978 1250 2027 aliud
1274 1997 1417 2028 nemo
1445 1991 1601 2047 potest
1633 1998 1814 2047 ponere
1844 1991 2015 2046 praeter
2042 1979 2091 2026 id
2120 1977 2253 2043 quod
2281 1978 2488 2043 positum
2512 1985 2606 2034 est,
2627 1993 2650 2019 »ι

534 2048 666 2110 quod
688 2061 760 2098 est
783 2053 996 2103 Christus
1019 2060 1168 2106 Jesus.
1200 2063 1306 2107 Haec
1334 2072 1403 2108 est
1431 2062 1510 2109 illa
1535 2072 1690 2126 petra,
1714 2062 1763 2108 in
1783 2060 1918 2124 cujus
1940 2059 2035 2107 fide
2059 2058 2253 2106 fundata
2275 2066 2544 2122 perseverat
2565 2058 2653 2102 Ec-

536 2126 697 2189 clesia,
730 2131 849 2179 sicut
872 2144 917 2181 et
939 2136 1037 2200 ipse
1060 2140 1198 2185 Petro
1225 2141 1329 2200 aitss,
1352 2142 1429 2187 cui
1455 2157 1559 2187 eam
1588 2142 1844 2188 commisit.
1870 2141 1957 2187 Hic
1983 2149 2052 2187 est
2076 2139 2193 2203 lapis
2220 2138 2321 2184 sine
2349 2134 2568 2182 manibus
2593 2134 2655 2181 de

536 2217 700 2255 monte
724 2210 952 2274 abscisus,
974 2218 1055 2280 qui
1080 2217 1174 2265 hoc
1199 2218 1307 2266 loco
1326 2219 1385 2266 ab
1404 2219 1743 2267 aedificantibus
1763 2220 1935 2267 dicitur
1956 2217 2258 2283 reprobatus,
2286 2232 2314 2262 a
2335 2215 2486 2262 turbis
2509 2213 2654 2260 hodie

536 2293 804 2355 recognitus
834 2305 904 2342 est
926 2307 971 2343 et
996 2308 1239 2363 susceptus
1260 2318 1268 2345 :
1298 2309 1357 2346 ut·
1380 2317 1529 2364 quum
1560 2300 1867 2347 aedificatores
1890 2301 2193 2363 respuerent,
2221 2294 2486 2343 aedificandi
2508 2295 2652 2341 susci-

538 2383 731 2434 perent,
761 2385 807 2421 et
825 2378 1064 2424 excaecatis
1089 2379 1336 2442 magistris,
1366 2379 1745 2428 illuminarentur
1770 2379 2014 2444 discipuli,
2047 2388 2094 2425 et
2122 2379 2171 2424 in
2203 2375 2654 2424 condemnationem

537 2453 778 2500 seniorum
800 2468 1078 2504 resonarent
1098 2459 1234 2523 pueri
1255 2459 1446 2506 laudem
1470 2461 1572 2508 Dei.
1603 2460 1848 2507 Referente
1875 2462 2082 2518 Joanne,
2109 2458 2331 2504 novimus
2353 2453 2486 2519 quod
2508 2453 2654 2501 hodie

538 2535 839 2598 Jerosolymis
871 2537 1020 2584 multa
1046 2539 1144 2602 jam
1180 2550 1278 2586 erat
1306 2540 1443 2587 turba
1468 2558 1566 2587 non
1593 2541 1746 2587 solum
1770 2557 1825 2587 ex
1850 2539 2044 2599 Judaeis‚
2073 2538 2383 2585 verumetiam
2414 2551 2469 2581 ex
2505 2535 2653 2598 genti-

537 2615 642 2674 bus,
663 2616 745 2680 qui
767 2629 1090 2665 convenerant
1108 2619 1167 2666 ad
1192 2621 1458 2685 proximam
1479 2621 1667 2668 Paschae
1691 2620 2057 2668 solemnitatem.
2080 2619 2154 2664 Sic
2170 2617 2298 2664 enim
2317 2615 2379 2662 de
2402 2614 2654 2679 gentilibus

537 2706 583 2742 et
608 2697 709 2761 ipse
728 2697 922 2760 adjecit⁶
941 2717 951 2744 :
976 2717 999 2743 «
1020 2702 1166 2747 Erant
1188 2711 1344 2747 autem
1369 2701 1564 2765 gentiles
1593 2701 1788 2765 quidam
1820 2717 1877 2746 ex
1901 2700 1973 2746 his
2003 2700 2085 2763 qui
2107 2695 2439 2753 ascenderant,
2462 2703 2516 2741 ut
2537 2694 2654 2741 ado—

537 2787 696 2824 rarent
722 2777 771 2823 in
800 2777 877 2825 die
905 2779 1037 2826 festo.
1070 2780 1128 2825 Hi
1158 2797 1270 2844 ergo
1299 2791 1599 2828 accesserunt
1622 2782 1684 2827 ad
1708 2780 2007 2845 Philippum,
2027 2779 2109 2843 qui
2129 2788 2227 2825 erat
2247 2794 2272 2823 a
2289 2774 2535 2823 Bethsaida
2562 2776 2654 2821 Ga-

536 2857 684 2918 lilaeae,
712 2868 759 2905 et
780 2859 1011 2923 rogabant
1029 2877 1140 2907 eum
1162 2860 1372 2908 dicentes
1390 2879 1399 2908 :
1425 2881 1448 2907 «
1468 2863 1696 2920 Do'mine,
1716 2861 1938 2908 volumus
1956 2864 2115 2907 Jesum
2138 2858 2314 2905 videre.
2337 2876 2360 2900 »
2382 2855 2522 2903 Venit
2539 2854 2652 2914 ,Phi-

537 2937 715 3002 lippus,
743 2950 789 2986 et
817 2939 929 2987 dicit
954 2940 1166 2988 Andreae.
1197 2940 1404 2987 Andreas
1432 2958 1593 2987 rursus
1618 2951 1664 2988 et
1688 2940 1932 3005 Philippus
1955 2939 2176 2986 dixerunt
2189 2940 2315 2984 Jesu.
2344 2938 2476 2982 Jesus
2493 2943 2653 2981 autem

539 3019 784 3083 respondit
803 3021 893 3079 eis,
917 3020 1105 3068 dicens:
1132 3040 1154 3065 «
1174 3020 1315 3068 Venit
1329 3020 1449 3067 hora
1467 3031 1518 3067 ut
1537 3019 1819 3068 clarificetur
1838 3019 1962 3066 filius
1978 3018 2203 3066 hominis.
2223 3035 2246 3060 »
2296 3027 2300 3031 '

604 3099 672 3145 Ab
705 3100 778 3148 his
808 3102 967 3166 itaque
999 3101 1248 3166 gentilibus
1284 3102 1456 3166 pariter
1485 3111 1532 3148 et
1563 3101 1701 3166 plebe
1725 3100 1915 3164 judaica
1939 3100 2174 3147 Dominus
2205 3097 2351 3144 hodie
2382 3104 2647 3158 susceptus,

540 3187 763 3242 tanquam
790 3181 908 3246 lapis
931 3182 1210 3247 reprobatus
1234 3181 1294 3228 ab
1318 3180 1656 3228 aedificantibus
1679 3180 1729 3226 in
1758 3190 1902 3245 caput
1924 3179 2083 3244 anguli
2105 3187 2175 3226 est
2198 3194 2225 3224 a
2248 3175 2457 3222 Domino
2479 3172 2651 3220 consti-

538 3268 666 3305 tutus
696 3277 704 3305 :
735 3261 854 3308 sicut
883 3262 943 3309 de
974 3263 1055 3311 illo
1083 3263 1240 3329 lapide
1264 3263 1365 3310 sine
1395 3261 1613 3309 manibus
1643 3260 1826 3308 absciso
1857 3261 2037 3309 dictum
2069 3269 2160 3318 est,
2195 3256 2328 3322 quod
2356 3256 2404 3302 in
2436 3263 2651 3301 montem

587 3434 593 3449 ¹
617 3434 732 3467 Psalm.
751 3445 834 3468 cxvu
848 3462 856 3476 ,
877 3448 907 3469 v.
932 3439 971 3470 2?
998 3445 1030 3470 et
1050 3450 1099 3481 sq.
1121 3456 1161 3463 —
1184 3437 1197 3456 ¹
1221 3439 1363 3473 Corinth.
1382 3440 1417 3478 1,
1435 3447 1510 3483 cap.
1535 3449 1587 3479 111,
1605 3449 1634 3471 v.
1657 3439 1709 3471 10.
1724 3455 1764 3462 —
1781 3436 1794 3455 ³
1810 3437 1939 3478 Manli„
1956 3447 2030 3480 cap.
2050 3445 2126 3476 xv1,
2142 3445 2175 3468 v.
2195 3436 2245 3467 18.
2266 3450 2310 3458 ·-
2329 3431 2342 3450 ⁴
2362 3432 2471 3473 Joan.‚
2492 3440 2565 3474 ⁰³9·
2582 3439 2648 3468 ¹¹¹,

538 3503 568 3524 v.
593 3494 646 3525 20.
2517 3494 2531 3501 Ο
