2970 4152
1234 396 1561 445 SERMONES.
2370 397 2457 443 354

512 680 590 739 ΙΝ
638 648 1264 740 ANNUNTIATIONE
1311 673 1576 734 BEATAE
1619 672 1956 734 vlnelms
2006 673 2297 741 MARIAE,

1011 833 1080 876 AD
1108 831 1353 877 VIRGINES
1381 829 1806 874 PARACLITENSES.

1298 1018 1448 1050 SERMO
1480 1018 1497 1047 1
1504 1037 1513 1047 .

408 1142 672 1190 Exordium
704 1151 880 1189 nostrae
915 1141 1287 1207 redemptionis,
1321 1141 1584 1189 hodiernus
1618 1150 1687 1187 est
1719 1149 1979 1205 conceptus
2005 1140 2257 1188 dominicae
2289 1142 2466 1189 matris.

342 1225 574 1290 Concepit
595 1224 859 1271 Dominum
892 1222 1091 1296 femina,
1120 1232 1173 1270 ut
1196 1225 1470 1270 Creatorem
1502 1231 1687 1287 pareret
1709 1231 1939 1269 creatura.
1973 1222 2253 1269 Communis
2277 1222 2471 1287 quidem

342 1305 467 1354 salus
489 1304 592 1352 haec
616 1314 687 1352 est
710 1303 988 1363 hominum,
1018 1302 1104 1350 sed
1124 1302 1339 1369 specialis
1363 1302 1510 1368 gloria
1528 1302 1829 1350 feminarum.
1865 1302 2050 1350 Primus
2082 1301 2230 1350 Adam
2260 1302 2321 1350 de
2348 1313 2471 1350 terra

339 1385 624 1451 plasmatus,
664 1400 764 1432 non
796 1383 858 1431 de
887 1383 1064 1431 femina
1100 1393 1171 1432 est
1202 1393 1342 1431 natus
1375 1402 1387 1429 ε
1423 1384 1523 1431 imo
1554 1383 1615 1430 de
1645 1374 1746 1446 ejus
1775 1392 1909 1430 costa
1938 1382 2112 1430 femina
2147 1393 2217 1430 est
2252 1383 2467 1430 formata.

343 1464 592 1513 Secundus
613 1464 787 1525 Adam,
812 1481 868 1512 ac
890 1464 1064 1529 prioris
1083 1473 1131 1511 et
1148 1464 1368 1511 omnium
1386 1473 1483 1511 tam
1499 1463 1648 1511 factor
1666 1479 1809 1527 quam
1831 1462 2134 1529 redemptor,
2161 1464 2312 1511 nostri
2338 1481 2474 1510 sexus

342 1546 548 1592 formam
564 1544 626 1592 de
644 1543 821 1592 femina
837 1543 1047 1591 decrevit
1065 1559 1330 1604 assumere,
1353 1553 1405 1591 ut
1423 1544 1473 1591 in
1493 1553 1697 1608 utroque
1713 1559 1827 1591 sexu
1849 1544 2126 1591 consisteret
2149 1543 2297 1608 gratia
2313 1580 2324 1602 ‚
2354 1545 2473 1590 sicut

341 1626 392 1671 in
415 1634 621 1689 utroque
645 1633 945 1690 praecesserat
962 1623 1124 1689 culpa,
1147 1633 1195 1671 et
1212 1623 1395 1671 eaedem
1419 1634 1622 1683 naturae,
1652 1640 1739 1690 per
1763 1640 1882 1689 quas
1906 1624 2078 1672 vulnus
2108 1633 2179 1671 est
2208 1624 2442 1671 inflictum
2457 1660 2468 1682 ,

342 1704 604 1752 curationis
633 1703 858 1751 afferrent
887 1702 1320 1764 medicamentum,
1362 1713 1409 1751 et
1440 1703 1569 1751 unde
1601 1703 1728 1752 illata
1758 1714 1828 1751 est
1859 1704 2019 1770 plaga,
2051 1702 2164 1751 inde
2198 1703 2475 1765 mirabiliter

343 1782 660 1831 conficeretur
687 1782 992 1848 cataplasma.
1023 1783 1342 1850 Actorplagae
1372 1783 1614 1844 diabolus,
1642 1784 1856 1832 minister
1885 1784 2144 1832 curationis
2162 1783 2374 1849 angelus.
2403 1786 2474 1831 De

343 1881 442 1930 quo
481 1881 613 1912 nunc
648 1863 845 1912 dicitur¹
871 1883 881 1910 ε
923 1884 946 1909 «
970 1865 1136 1913 Missus
1166 1875 1238 1913 est
1262 1865 1457 1930 angelus
1481 1865 1672 1914 Gabriel
1697 1882 1725 1912 a
1746 1868 1849 1913 Deo
1863 1901 1877 1924 ‚
1907 1876 1997 1913 etc.
2029 1885 2052 1911 »
2086 1867 2292 1931 Serpens
2322 1882 2350 1913 a
2377 1865 2475 1912 dia-

343 1944 459 1992 bolo
496 1945 758 2004 immissus,
792 1944 872 1992 hic
905 1961 933 1992 a
957 1947 1061 1992 Deo
1097 1955 1393 1993 memoratur
1431 1947 1631 2006 missus;
1669 1954 1744 2006 ut',
1787 1962 1844 1993 ex
1877 1946 1978 2011 ipsa
2018 1946 2177 1993 statim
2212 1945 2368 1992 fronte
2400 1945 2475 1992 le-

345 2025 540 2085 ctioniS,
570 2042 654 2091 spe
672 2025 846 2073 divinae
875 2026 1033 2090 gratiae
1052 2026 1195 2074 saucii
1220 2025 1492 2074 releventur
1515 2026 1577 2074 ad
1599 2027 1822 2074 nuntium
1851 2025 2028 2074 salutis.
2058 2029 2185 2074 Bene
2210 2036 2369 2074 autem
2394 2042 2475 2073 an-

345 2104 477 2169 gelus
492 2121 548 2153 ex
565 2105 763 2153 nomine
782 2105 1072 2170 designatur,
1089 2122 1240 2171 quum
1253 2106 1426 2154 dicitur
1440 2106 1657 2166 Gabriel;
1683 2116 1736 2153 ut
1750 2123 1901 2171 quum
1920 2106 2050 2154 idem
2063 2106 2292 2154 referatur
2308 2107 2476 2153 missus

346 2183 407 2232 ad
432 2186 656 2243 Mariam,
689 2201 835 2249 quem
868 2186 974 2248 J‘am'
993 2186 1212 2250 superius
1237 2185 1524 2251 evangelista
1558 2186 1740 2234 dixerat
1768 2187 1966 2233 missum
1992 2186 2054 2234 ad
2074 2187 2348 2235 Zachariam
2368 2223 2380 2246 ‚
2411 2189 2475 2234 sic

347 2274 394 2311 et
421 2266 510 2313 ista
540 2265 796 2330 promissio
832 2264 1119 2331 complenda
1160 2266 1407 2327 credatur,
1443 2267 1565 2315 sicut
1587 2267 1667 2315 illa
1690 2266 1928 2332 completa
1949 2267 2050 2331 jam
2072 2268 2300 2315 noscitur.
2339 2268 2476 2315 Unde

349 2354 395 2392 et
417 2345 519 2410 ipse
539 2345 852 2411 postmodum
882 2345 1087 2410 Angelus
1112 2345 1242 2393 illam
1266 2347 1316 2393 in
1342 2346 1485 2410 hujus
1506 2357 1842 2411 argumentum
1865 2347 2098 2395 inducens
2124 2366 2134 2394 z
2167 2367 2190 2393 «
2212 2351 2268 2395 Et
2293 2364 2427 2407 ecce,
2449 2367 2471 2391 »

347 2425 552 2488 inquit¹,
581 2444 604 2470 «
625 2424 868 2473 Elizabeth
893 2436 1098 2490 cognata
1123 2436 1228 2487 tua,
1257 2437 1347 2475 etc.
1373 2447 1396 2472 >2
1437 2431 1547 2485 Quo
1580 2443 1695 2475 vero
1730 2428 1967 2488 mittatur,
2003 2428 2250 2493 diligenter
2278 2446 2476 2493 evange·

348 2504 453 2553 lista
477 2505 726 2565 describit,
755 2522 905 2570 quum
933 2507 1053 2553 ait³z
1080 2526 1103 2551 «
1120 2510 1174 2554 In
1198 2508 1435 2556 civitatem
1463 2507 1686 2567 Galilaeae,
1719 2509 1795 2555 cui
1820 2525 1999 2556 nomen
2030 2509 2278 2557 Nazareth.
2305 2529 2328 2554 »
2357 2511 2476 2557 Civi—

349 2595 421 2633 tas
439 2586 619 2652 quippe
637 2602 735 2634 non
756 2602 1046 2651 paucorum,
1075 2587 1160 2635 sed
1183 2587 1445 2635 multorum
1466 2598 1552 2635 est.
1584 2591 1641 2635 Et
1661 2589 1747 2636 ista
1764 2590 1946 2636 curatio
1966 2605 2066 2636 non
2084 2589 2225 2636 unius
2243 2589 2472 2654 languidi,

351 2665 434 2714 sed
470 2665 615 2712 totius
642 2665 840 2713 humani
874 2667 1060 2730 generis
1094 2676 1165 2714 est
1196 2666 1367 2715 futura.
1406 2669 1465 2714 Et
1488 2668 1599 2732 quia
1630 2684 1730 2715 non
1756 2667 2051 2732 singulorum
2083 2668 2361 2729 hominum,
2393 2670 2476 2716 sed

350 2763 521 2793 eorum
543 2756 752 2807 tantum,
785 2746 868 2811 qui
890 2747 939 2794 in
965 2763 1050 2794 sua
1081 2763 1181 2795 non
1197 2741 1509 2796 ‘remanentes
1524 2749 1731 2813 ignavia,
1760 2748 1821 2797 de
1848 2748 1969 2797 valle
1991 2750 2216 2797 vitiorum
2234 2750 2478 2814 migraturi

351 2838 461 2874 sunt
486 2827 547 2874 ad
572 2837 788 2875 montem
811 2828 1066 2886 virtutum,
1095 2838 1223 2876 recte
1249 2830 1411 2876 civitas
1444 2830 1532 2877 ista
1568 2840 1864 2878 memoratur
1898 2847 2001 2878 esse
2032 2830 2095 2878 de
2119 2830 2323 2878 Galilaea.
2363 2833 2478 2888 Quae

351 2916 397 2954 et
421 2907 545 2954 bene
570 2907 825 2968 Nazareth,
851 2907 948 2956 hoc
972 2918 1042 2956 est
1050 2909 1181 2969 βω,
1212 2910 1515 2970 nominatur;
1552 2909 1634 2957 ubi
1662 2909 1809 2958 hodie
1835 2910 1915 2958 ille
1939 2910 2029 2958 flos
2059 2920 2320 2977 conceptus
2354 2920 2424 2958 est
2451 2927 2478 2957 a

350 2986 478 3052 virga
494 3023 506 3047 ,
526 2987 588 3035 de
613 3004 711 3052 quo
736 2988 878 3036 lsaias
902 2988 1209 3054 praedixerat*
1236 3008 1246 3036 z
1277 3010 1300 3035 κ
1324 2989 1604 3055 Egredietur
1628 2992 1760 3056 virga
1784 2991 1846 3039 de
1871 2991 2029 3039 radice
2050 2994 2203 3052 Jesse,
2232 3001 2280 3039 et
2303 2991 2392 3039 flos
2414 2991 2476 3039 de

349 3066 510 3114 radice
533 3067 634 3131 ejus
659 3067 898 3115 ascendet.
928 3087 951 3112 »
978 3069 1073 3126 Qui
1094 3069 1236 3116 etiam
1256 3069 1317 3117 de
1336 3070 1590 3136 semetipso
1611 3071 1703 3118 ait³
1728 3090 1737 3117 :
1771 3091 1793 3116 «
1814 3074 1913 3135 Ego
1938 3071 2027 3118 flos
2051 3072 2230 3136 campi,
2258 3081 2305 3119 et
2325 3071 2484 3122 lilium.

351 3146 655 3194 convallium.
681 3166 703 3191 n
734 3151 792 3194 Ut
821 3165 934 3212 ergo
963 3147 1093 3196 hunc
1117 3149 1286 3197 florem
1310 3150 1440 3215 virga
1473 3150 1549 3197 illa
1574 3150 1832 3215 producat,
1859 3150 1921 3197 ad
1947 3151 2185 3215 Virginem
2209 3151 2360 3215 ipsam
2385 3168 2477 3198 an-

352 3226 482 3290 gelus
504 3227 726 3283 mittitur,
756 3228 840 3293 qui
864 3245 970 3276 eam
1002 3229 1063 3276 ad
1086 3229 1181 3277 hoc
1204 3241 1460 3296 praeparet,
1490 3241 1537 3278 et
1561 3231 1696 3295 quasi
1730 3231 1942 3296 quodam
1979 3248 2074 3279 suae
2103 3232 2478 3279 annuntiationis

351 3307 536 3355 sarculo
565 3307 627 3356 ad
651 3308 1007 3358 foecunditatem
1037 3309 1236 3358 excolat.
1268 3311 1406 3359 Unde
1430 3321 1478 3359 et
1494 3321 1604 3377 post
1623 3311 1783 3359 locum
1811 3328 1910 3377 quo
1938 3312 2165 3373 mittitur,
2188 3312 2250 3361 de
2274 3329 2479 3378 persona

398 3480 408 3497 ¹
431 3480 525 3522 Luc„
545 3491 619 3526 cap.
639 3493 670 3524 ι,
686 3493 716 3516 v.
738 3485 792 3518 26.
807 3499 852 3509 —
867 3483 879 3501 ⁸
898 3484 997 3527 thid„
1023 3495 1052 3518 v.
1079 3486 1134 3519 36.
1147 3504 1188 3511 —
1207 3485 1221 3503 ³
1235 3485 1335 3529 lbid„
1359 3497 1391 3520 v.
1421 3488 1475 3521 26,
1492 3502 1537 3513 -
1550 3486 1670 3522 ⁴1saiae
1691 3496 1767 3531 cap.
1786 3498 1840 3528 xi,
1858 3498 1890 3521 v.
1912 3491 1993 3521 1.-
2012 3488 2025 3506 ⁵
2038 3488 2148 3528 Cant„
2172 3498 2247 3532 cap.
2270 3499 2292 3521 n
2306 3512 2315 3528 ‚
2335 3498 2365 3519 v.
2387 3490 2414 3519 1.
