2970 4152
542 429 634 476 556
1339 433 1508 480 PETRI
1544 434 1714 481 ABAEL
1722 434 1856 481 ARDI

537 523 664 571 tibus
686 527 960 572 Graecorum
976 526 1122 573 hodie
1138 543 1289 592 usque
1302 528 1558 592 peragitur,
1582 529 1756 594 quibus
1773 538 1820 575 et
1832 527 2108 593 baptizandi
2129 543 2241 574 usus
2259 528 2308 574 in
2329 527 2536 576 Ecclesia
2551 543 2652 575 non

538 614 752 667 negatur.
774 606 929 651 »Hinc
951 616 998 652 et
1021 606 1244 653 Claudius
1258 608 1323 655 ita
1344 603 1561 655 meminit
1582 611 1617 656 1:
1639 610 1903 657 «Hiclocus
1926 607 2188 673 apostolica
2209 608 2490 655 auctoritate
2511 607 2654 654 docet

540 685 682 731 etiam
720 685 918 732 feminas
955 686 1005 732 in
1042 687 1306 734 ministerio
1334 688 1551 736 Ecclesiae
1579 690 1784 747 institui,
1816 689 1866 735 in
1888 705 1986 753 quo
2016 687 2176 735 officio
2209 689 2415 753 positam
2442 687 2652 735 Phoeben

536 764 664 828 apud
687 764 957 826 eeclesiam,
983 783 1088 831 quae
1111 777 1182 814 est
1202 767 1431 815 Chencris
1446 806 1457 828 ,
1484 769 1728 834 apostolus
1763 784 1937 832 magna
1965 785 2075 815 cum
2109 767 2251 815 laude
2274 777 2321 814 et
2343 767 2654 816 commenda-

535 845 666 891 tione
681 847 1003 911 prosequitur.
1024 866 1048 893 »
1065 849 1383 913 Hieronymus
1402 866 1595 914 quoque
1607 850 1740 896 illum
1759 848 1964 914 apostoli
1973 849 2134 896 locum
2146 848 2207 896 ad
2219 847 2534 896 Timothaeum
2543 849 2656 896 scri-

535 923 690 971 bentis
712 942 974 991 exponens,
988 928 1149 976 dicit²:
1176 929 1620 977 «Adolescentiores
1644 939 1804 976 autem
1824 928 1992 976 viduas
2014 928 2173 976 devita
2194 929 2243 976 in
2266 928 2529 976 ministerio
2552 928 2654 976 dia-

534 1018 733 1055 conatus
754 1026 1057 1075 praeponere,
1082 1027 1172 1058 nec
1194 1011 1374 1058 malum
1396 1028 1486 1077 pro
1509 1011 1636 1058 malo
1660 1010 1800 1057 detur
1823 1010 2108 1075 exemplum.
2142 1029 2163 1053 υ

600 1089 733 1137 Idem
754 1108 948 1156 quoque
971 1092 1244 1158 apostolus,
1267 1109 1419 1158 quum
1449 1108 1591 1157 supra
1614 1092 1662 1138 in
1687 1091 1855 1139 eadem
1875 1090 2075 1156 epistola
2095 1100 2204 1156 post
2232 1090 2484 1155 episcopos
2511 1090 2654 1137 etiam

534 1169 852 1220 diaconorum
874 1174 1020 1221 vitam
1043 1174 1306 1233 ordinaret,
1332 1174 1683 1221 institutionem
1706 1189 1901 1238 quoque
1924 1172 2239 1220 diaconarum
2259 1171 2350 1217 illis
2381 1171 2650 1234 conjunxit,

534 1250 697 1299 dicens
716 1254 731 1278 ⁸
758 1271 768 1300 ε
804 1273 827 1297 «
860 1255 1102 1302 Diaconos
1141 1254 1354 1302 similiter
1387 1254 1588 1319 pudicos
1604 1291 1615 1313 ,
1652 1270 1752 1301 non
1790 1252 2048 1316 bilingues,
2086 1269 2187 1298 non
2224 1250 2377 1298 multo
2416 1251 2532 1297 vino
2574 1249 2656 1297 de-

533 1329 658 1379 ditos
676 1370 687 1391 ,
737 1349 837 1380 non
880 1344 1098 1400 tempore
1140 1334 1327 1382 lucrum
1375 1343 1610 1381 sectantes
1628 1371 1639 1393 ,
1684 1332 1918 1380 habentes
1961 1332 2241 1396 mysterium
2284 1330 2397 1377 fidei
2439 1323 2491 1377 ‘in
2535 1346 2653 1377 con-

532 1414 728 1462 scientia
750 1432 887 1480 pura.
916 1419 974 1462 Et
991 1416 1042 1463 hi
1065 1426 1225 1463 autem
1249 1415 1516 1481 probentur
1538 1415 1772 1480 primum,
1804 1424 1851 1460 et
1881 1414 1948 1460 sic
1970 1413 2243 1459 ministrent
2264 1411 2451 1458 nullum
2472 1411 2653 1458 crimen

531 1493 780 1542 habentes.
834 1495 1051 1543 Mulieres
1091 1496 1306 1543 similiter
1347 1495 1547 1562 pudicas
1565 1533 1576 1555 ,
1616 1512 1717 1542 non
1756 1494 2061 1541 detrahentes
2079 1531 2090 1552 ,
2135 1493 2319 1540 sobrias
2337 1529 2349 1551 ,
2393 1490 2557 1538 fideles
2603 1492 2653 1538 in

532 1575 774 1623 omnibus.
813 1578 1048 1624 Diacones
1084 1580 1179 1625 sint
1212 1578 1540 1625 unius'uxoris
1568 1577 1679 1635 viri,
1711 1577 1795 1641 qui
1824 1575 1931 1622 filiis
1960 1575 2056 1622 suis
2080 1574 2206 1621 bene
2232 1574 2448 1639 praesint,
2488 1582 2535 1620 et
2559 1572 2655 1620 suis

531 1655 779 1716 domibus,
805 1667 896 1704 etc.
921 1676 944 1701 υ
974 1657 1066 1704 Ubi
1089 1668 1136 1704 et
1157 1657 1275 1704 illud
1298 1657 1568 1705 notandum
1591 1666 1662 1703 est
1679 1655 1849 1721 ,quod
1882 1654 2295 1720 quemadmodum
2316 1654 2412 1706 hoc
2433 1653 2542 1700 loco
2555 1652 2655 1700 dia·

530 1750 680 1783 conos
708 1753 918 1802 quoque,
944 1738 1067 1784 sicut
1084 1739 1361 1803 episcopos,
1387 1738 1529 1784 unius
1548 1738 1709 1784 uxoris
1731 1738 1861 1784 viros
1885 1735 2121 1802 approbat
2138 1772 2149 1794 ,
2175 1735 2241 1782 ita
2274 1745 2321 1782 et
2341 1733 2654 1799 postmodum

530 1814 905 1865 diaconissarum
928 1817 1150 1865 ordinem
1170 1818 1445 1877 instituens,
1466 1834 1544 1865 eas
1563 1818 1707 1865 etiam
1728 1817 1870 1864 unius
1891 1817 1982 1864 viri
2003 1832 2174 1863 uxores
2191 1815 2395 1862 maxime
2410 1829 2656 1881 commen-

530 1894 611 1942 dat
631 1898 645 1920 ‘
673 1916 683 1943 ε
715 1917 737 1942 «
755 1898 933 1957 Vidua,
964 1917 986 1942 n
1011 1899 1189 1963 inquit,
1228 1918 1251 1943 «
1276 1899 1474 1962 eligatur
1497 1915 1597 1945 non
1629 1899 1788 1945 minus
1817 1898 2059 1962 sexaginta
2080 1912 2344 1959 annorum,
2376 1910 2482 1959 quae
2515 1892 2655 1940 fuerit

529 1977 669 2023 unius
679 1979 769 2024 viri
781 1995 919 2038 uxor,
939 1997 962 2023 »
982 1988 1036 2026 ut
1056 1978 1279 2026 videlicet
1300 1988 1435 2026 tanto
1459 1979 1518 2026 sit
1540 1978 1602 2026 ad
1623 1979 1696 2026 sui
1719 1978 1902 2025 ordinis
1925 1976 2391 2025 administrationem
2413 1973 2651 2031 idoneior,

528 2067 709 2121 quanto
736 2058 837 2121 jam
861 2058 1020 2105 calore
1050 2058 1266 2123 corporis
1295 2058 1652 2122 refrigescente,
1692 2058 1916 2106 ardorem
1943 2057 2156 2104 libidinis
2194 2057 2353 2103 minus
2385 2054 2528 2102 sentit
2563 2072 2572 2100 :
2608 2063 2680 2105 et,

527 2148 662 2185 tanto
684 2138 903 2186 solertius
926 2138 1252 2186 ecclesiasticis
1275 2138 1547 2186 ministeriis
1565 2139 1721 2186 valeat
1736 2155 1960 2203 praeesse,
1981 2147 2164 2202 quanto
2180 2137 2331 2199 magis
2354 2136 2403 2181 in
2426 2135 2495 2181 rei
2517 2134 2653 2182 sami·

526 2219 652 2266 liaris
675 2235 789 2266 cura
811 2219 935 2266 bene
957 2220 1263 2283 cognoscitur
1281 2220 1549 2266 exercitata.
1575 2222 1691 2276 Quae
1716 2219 1776 2265 de
1799 2218 2167 2282 intemperantia
2188 2216 2400 2263 libidinis
2420 2232 2482 2262 ne
2503 2214 2652 2280 pluri-

527 2316 660 2346 mum
699 2300 850 2364 possit
885 2301 1067 2359 notari,
1100 2299 1140 2346 si
1166 2298 1387 2346 videlicet
1419 2316 1505 2364 per
1542 2298 1701 2364 plures
1739 2298 2002 2346 decurrerit
2040 2298 2195 2357 viros,
2234 2297 2374 2343 unius
2411 2296 2500 2343 viri
2533 2313 2654 2343 uxor

526 2379 742 2443 eligenda
767 2389 1001 2427 censetur.
1037 2382 1133 2425 Vos
1163 2378 1360 2426 tandem
1395 2379 1631 2443 alloquor,
1655 2379 1890 2442 virgines,
1917 2388 1971 2425 ut
1991 2378 2321 2424 ministrorum
2343 2392 2535 2441 quoque
2560 2375 2652 2423 dif-

525 2460 774 2507 ferentiam
798 2459 859 2506 de
876 2469 1030 2507 vestra
1054 2460 1269 2523 cogitetis
1288 2460 1619 2524 praerogativa.
1645 2462 1766 2506 Eece
1783 2459 1912 2506 enim
1929 2468 2207 2507 sanctorum
2233 2457 2467 2521 obsequio
2483 2456 2651 2504 vidua-

525 2559 632 2590 rum
655 2541 716 2589 ab
739 2541 986 2607 apostolis,
1011 2541 1173 2588 locum
1195 2558 1403 2606 quorum
1428 2540 1651 2588 obtinent
1665 2541 1897 2606 episcopi,
1915 2540 2116 2586 minoris
2139 2539 2323 2586 ordinis
2344 2539 2496 2598 viros,
2516 2538 2567 2585 id
2582 2549 2653 2585 est

524 2622 777 2681 diaconos,
802 2620 972 2668 videtis
1002 2611 1285 2687 deputatos:
1313 2620 1374 2668 ab
1401 2622 1506 2686 ipso
1529 2631 1688 2668 vestro
1713 2621 1902 2668 Christo
1926 2621 1975 2666 in
2007 2629 2158 2666 matre
2188 2619 2287 2682 ejus
2314 2619 2498 2682 virgine
2526 2616 2651 2664 didi-

525 2704 680 2762 cistis,
715 2702 832 2767 quid
862 2696 1016 2749 vobis>
1034 2701 1244 2749 debeant
1271 2702 1501 2767 episcopi.
1537 2704 1643 2748 Non
1685 2702 1814 2748 enim
1847 2701 1914 2748 illi
1954 2700 2238 2758 diaconum,
2272 2698 2356 2745 sed
2379 2697 2650 2763 apostolum

526 2783 657 2830 dedit
679 2783 973 2841 ministrum,
999 2798 1085 2846 per
1112 2781 1208 2828 hoc
1230 2791 1450 2847 patenter
1472 2783 1721 2829 insinuans
1743 2792 1879 2830 tanto
1902 2798 1989 2829 vos
2013 2780 2256 2844 digniores
2278 2779 2544 2844 promereri
2568 2779 2652 2825 mi-

525 2864 722 2921 nistros,
757 2871 939 2926 quanto
968 2861 1030 2908 ad
1062 2861 1390 2908 excellentiam
1424 2861 1677 2909 dominicae
1710 2863 1875 2909 matris
1906 2861 2110 2927 amplius
2145 2859 2496 2926 propinquatis.
2534 2859 2650 2916 Quae

525 2943 721 3007 quidem
742 2958 842 2988 non
872 2941 1156 3001 diaconum,
1182 2941 1267 2988 sed
1289 2941 1562 3007 apostolum
1586 2943 1635 2988 in
1661 2942 1895 3006 obsequio
1919 2942 1991 2988 sui
2013 2941 2286 2987 ministrum
2310 2938 2506 3003 adepta,
2531 2937 2649 3002 quid

525 3022 661 3069 vobis
681 3022 893 3088 episcopi
914 3022 1122 3069 debeant
1143 3022 1376 3081 insinuat,
1399 3022 1482 3086 qui
1504 3022 1834 3087 apostolorum
1858 3021 2060 3086 gradum
2076 3022 2125 3067 in
2150 3019 2359 3066 Ecclesia
2380 3017 2643 3083 possident.

527 3103 664 3149 Unde
686 3113 733 3149 et
748 3103 933 3150 devotis
950 3103 1270 3150 communiter
1287 3101 1473 3148 seminis
1495 3112 1594 3148 tam
1612 3102 1875 3165 virginibus
1897 3117 2044 3166 quam
2060 3100 2238 3147 caeteris
2250 3136 2261 3158 ,
2284 3107 2467 3163 quanto
2486 3096 2646 3144 studio

526 3193 624 3229 tam
656 3183 984 3246 apostolorum
1017 3199 1163 3248 quam
1190 3182 1529 3248 praedictorum
1553 3181 1869 3229 diaconorum
1897 3182 1959 3229 ab
1987 3183 2053 3228 eis
2082 3180 2344 3228 electorum
2370 3177 2645 3224 festivitates

525 3263 619 3309 sint
634 3262 930 3311 celebrandae
944 3301 955 3323 ‚
975 3263 1091 3310 nolo
1110 3280 1196 3311 vos
1218 3264 1455 3327 ignorare.
1482 3247 1706 3319 Quorum*
1722 3280 1809 3310 vos
1831 3260 2249 3310 intercessionibus
2271 3258 2534 3323 plurimum
2556 3256 2646 3305 ad-

571 3471 579 3487 ¹
601 3469 682 3503 Vide
701 3482 818 3514 supra,
840 3483 875 3515 p.
900 3473 980 3513 135,
995 3479 1072 3506 note
1089 3476 1118 3507 1.
1134 3473 1202 3498 —2
1218 3475 1253 3507 ln
1272 3475 1376 3516 Epist.
1394 3476 1439 3507 ad
1457 3474 1606 3514 Timoth„
1627 3473 1707 3515 Opp.
1730 3480 1753 3506 ι.
1774 3472 1813 3514 V,
1841 3473 1907 3507 col.
1940 3473 2035 3505 1092.
2058 3488 2093 3495 -
2111 3470 2124 3488 ³
2149 3470 2228 3503 Tim.
2257 3469 2293 3508 I,
2324 3477 2398 3510 cap.
2419 3476 2475 3506 ιιι,
2494 3475 2523 3497 v.
2553 3464 2642 3497 8.-

525 3527 651 3569 ⁴1bid-,
668 3539 740 3572 cap.
757 3540 788 3569 v,
802 3541 832 3564 v.
855 3531 887 3564 9.
1862 3528 1866 3531 ’
1962 3539 1969 3547 '
