2970 4152
472 436 574 484 5252
1174 432 1475 481 HEL'OISSAE
1509 434 1900 486 PROBLEMATA

479 529 749 577 obedientia
769 527 1108 575 committimus
1124 562 1137 584 ,
1166 543 1315 592 quum
1340 527 1390 574 id
1415 537 1541 575 recte
1563 546 1778 593 geramus
1794 566 1807 591 ,
1833 532 1882 577 in
1907 546 2004 595 quo
2028 530 2114 577 Dei
2132 530 2395 593 jussionem
2413 535 2584 601 imple-

480 625 601 655 mus.
622 605 864 670 Quidquid
889 605 950 652 ad
970 606 1163 652 Domini
1180 607 1530 671 possessionem
1554 609 1792 672 pertinere
1818 609 2020 669 videtur,
2040 609 2127 657 Dei
2150 610 2308 674 potius
2333 628 2477 676 quam
2497 613 2586 661 ho·

481 689 618 735 minis
649 703 748 734 esse
774 685 1030 732 dicendum
1053 696 1138 733 est.
1169 689 1265 733 Nec
1289 686 1540 751 quisquam
1570 703 1753 734 eorumt
1769 688 1993 735 dominus
2018 699 2113 749 est,
2150 689 2234 736 sed
2268 689 2581 756 dispensator,

480 765 689 830 quandiu
715 764 809 811 hoc
836 764 980 812 habet
1003 766 1212 812 Domino
1235 766 1536 831 permittente
1557 784 1567 813 :
1597 783 1687 814 nec
1715 764 1965 832 quisquam
1992 767 2149 816 hocvei
2171 769 2362 834 surripit
2385 771 2582 834 injuste,

481 847 561 909 qui
579 845 673 892 hoc
686 845 855 910 accipit
872 845 1081 892 Domino
1094 845 1292 909 jubente
1313 846 1472 910 :cujus
1490 856 1675 893 tantum
1695 858 1805 894 sunt
1820 847 1898 894 illa
1916 864 1942 895 a
1961 864 2076 912 quo,
2090 848 2301 913 quandiu
2319 850 2435 911 vult,
2448 851 2587 901 nobis

480 937 587 973 sunt
611 926 888 983 commissa,
916 936 1056 990 atque
1078 926 1128 973 in
1149 926 1383 983 diversos,
1413 936 1558 991 prout
1576 927 1803 988 voluerit,
1831 927 2179 993 dispensatores
2201 930 2475 990 transitura,
2504 934 2586 996 qui

481 1017 611 1074 tanto
631 1006 788 1053 minus
808 1005 909 1053 haec
939 1006 1211 1070 dispensare
1237 1015 1282 1054 et
1313 1005 1490 1053 habere
1509 1005 1640 1070 digni
1666 1017 1776 1053 sunt
1792 1042 1804 1066 ,
1835 1017 2015 1072 quanto
2038 1008 2196 1055 minus
2221 1024 2332 1056 eum
2360 1026 2588 1075 recogno-

480 1097 638 1146 scunt,
665 1103 692 1133 a
714 1103 811 1150 quo
829 1086 929 1133 haec
954 1086 1020 1133 eis
1041 1096 1149 1133 sunt
1175 1086 1442 1133 commissa.
1466 1086 1639 1144 Quales
1663 1087 1827 1151 utique
1852 1086 2067 1135 infideles
2090 1097 2223 1135 erant
2241 1091 2468 1155 AEgyptii,
2487 1090 2589 1138 haec

480 1168 627 1231 magis
647 1168 860 1215 amittere
878 1182 1022 1231 quam
1038 1166 1214 1214 habere
1231 1166 1377 1230 digni.

1214 1350 1219 1354 η
1232 1309 1474 1340 PROBLEMA
1506 1309 1728 1340 HELOISSAE
1763 1311 1809 1340 lx
1817 1331 1826 1340 .

545 1402 778 1448 Dominus
796 1401 1037 1466 leprosum
1051 1438 1063 1458 ,
1085 1402 1205 1448 sicut
1221 1400 1465 1448 Matthaeus
1486 1401 1627 1448 refert
1641 1404 1676 1462 ¹,
1698 1411 1824 1449 tactu
1843 1419 1931 1449 suo
1951 1402 2232 1450 mundatum
2253 1403 2314 1450 ad
2333 1404 2591 1453 sacerdotis

475 1482 706 1543 judicium
730 1482 883 1542 misit,
911 1491 958 1528 et
984 1481 1153 1529 offerre
1171 1480 1222 1528 id
1240 1481 1401 1544 jussit,
1423 1481 1554 1545 quod
1574 1481 1649 1528 lex
1669 1481 1841 1528 talibus
1868 1482 2167 1529 offerendum
2195 1483 2420 1548 praecipit.
2451 1484 2593 1532 Unde

479 1579 622 1627 super
662 1563 756 1610 hoc
792 1562 1049 1626 quaestione
1076 1577 1345 1621 movemur,
1381 1577 1478 1625 qua
1508 1562 1691 1608 ratione
1724 1562 1960 1608 Dominus
1991 1562 2040 1608 in
2067 1561 2162 1608 hoc
2192 1562 2315 1609 facto
2348 1562 2440 1626 legi
2470 1579 2591 1610 con-

481 1643 710 1690 tradicere
741 1642 879 1689 simul
910 1653 956 1689 et
990 1641 1318 1706 obtemperare
1350 1640 1580 1687 videatur.
1616 1644 1875 1706 Leprosum
1918 1642 2095 1706 quippe
2133 1641 2311 1705 tetigit,
2349 1642 2482 1706 quod
2516 1643 2594 1708 lex

480 1723 729 1787 prohibet,
758 1732 804 1770 et
828 1721 1113 1769 mundatum
1140 1720 1201 1767 ad
1229 1719 1524 1767 sacerdotem
1550 1720 1701 1779 misit,
1730 1730 1776 1767 et
1800 1720 1860 1768 ad
1886 1720 2180 1769 offerendam
2211 1721 2442 1782 hostiam,
2473 1723 2592 1770 sicut

481 1803 552 1849 lex
568 1802 718 1867 jubet.

1301 1895 1480 1963 Solatio
1503 1895 1761 1942 Aboelardc'.

547 2009 675 2054 Sicut
710 2008 810 2071 ipse
846 2006 1080 2053 Dominus
1106 2005 1230 2052 ait²:
1259 2007 1464 2068 «Usque
1496 2003 1557 2051 ad
1591 2007 1825 2051 Joannem
1859 2003 1935 2051 lex
1969 2014 2015 2050 et
2051 2004 2319 2070 prophetae3
2342 2024 2366 2050 υ
2395 2006 2490 2052 hoc
2523 2016 2593 2053 est

484 2104 631 2151 usque
659 2086 719 2133 ad
743 2096 928 2151 tempus
953 2085 1108 2150 gratiae
1121 2120 1134 2144 ,
1161 2094 1257 2130 tam
1280 2083 1394 2147 legis
1416 2099 1559 2147 quam
1585 2082 1926 2148 prophetarum
1947 2094 2181 2148 praecepta
2205 2085 2345 2131 etiam
2363 2085 2498 2148 juxta
2521 2085 2593 2132 lit-

481 2178 629 2215 teram
657 2166 846 2212 fuerunt
869 2164 1127 2230 implenda.
1151 2167 1203 2209 In
1230 2162 1362 2210 nullo
1385 2179 1497 2226 ergo
1528 2163 1628 2226 jam
1660 2163 1895 2209 Dominus
1929 2161 2020 2226 legi
2049 2163 2359 2221 contradicit,
2389 2165 2467 2211 cui
2493 2164 2592 2227 jam

481 2246 638 2294 nullus
657 2245 851 2293 obedire
875 2261 931 2292 ex
956 2253 1191 2309 praecepto
1217 2244 1553 2307 constringitur
1576 2243 1663 2289 Dei
1686 2261 1696 2288 ε
1719 2244 1955 2307 praecipue
1980 2260 2129 2306 quum
2158 2243 2231 2290 lex
2249 2243 2350 2309 ipsa
2373 2245 2421 2291 in
2448 2261 2595 2292 manu

483 2327 777 2386 mediatoris,
802 2336 854 2373 ut
882 2325 1133 2390 Apostolus
1162 2325 1265 2384 ait³,
1287 2323 1467 2390 posita,
1495 2323 1590 2370 hoc
1609 2323 1744 2370 estin
1770 2323 1870 2386 ejus
1891 2332 2124 2388 potestate
2150 2325 2406 2371 constituta
2429 2326 2512 2384 sit,
2541 2335 2593 2372 ut

483 2408 565 2472 qui
587 2423 691 2454 eam
711 2406 773 2453 ad
791 2401 980 2470 tempus
1003 2405 1288 2464 instituerat,
1312 2419 1494 2451 cessare
1513 2419 1602 2468 pro
1627 2402 1820 2449 arbitrio
1846 2403 2040 2462 faceret,
2070 2420 2218 2466 quum
2246 2413 2488 2468 oporteret
2508 2423 2517 2449 :
2541 2414 2594 2462 ut

477 2489 575 2551 jam
600 2487 806 2552 perfecta
821 2485 988 2532 caritas
1013 2485 1062 2531 in
1088 2494 1303 2549 tempore
1323 2484 1480 2548 gratiae
1503 2483 1723 2530 timorem
1744 2483 1868 2530 foras
1886 2483 2107 2529 mitteret.
2135 2483 2340 2530 Pertinet
2356 2492 2516 2530 autem
2533 2476 2595 2531 ad

482 2578 669 2632 tempus
692 2566 848 2630 gratiae
873 2563 1245 2612 misericordiam
1270 2563 1474 2610 maxime
1500 2562 1624 2609 circa
1648 2562 1885 2626 quoslibet
1909 2561 2131 2609 exhibere
2147 2597 2160 2620 ,
2188 2561 2320 2609 etad
2339 2563 2561 2626 pietatem
2578 2597 2590 2618 ,

482 2664 603 2711 quos
629 2662 905 2711 possumus,
945 2644 1170 2709 exemplis
1202 2644 1428 2703 invitare,
1456 2659 1546 2689 nec
1582 2641 1846 2706 quidquam
1878 2642 1928 2689 in
1952 2641 2228 2688 hominibus
2258 2641 2591 2701 immundum,

483 2737 651 2793 praeter
675 2735 946 2792 peccatum,
971 2713 1244 2771 abhorrere.
1275 2722 1414 2770 Unde
1435 2723 1670 2770 Dominus
1694 2723 1741 2768 in
1767 2722 1957 2787 leproso
1979 2731 2148 2769 cuncta
2174 2721 2253 2768 hic
2278 2721 2593 2771 misericordi—

481 2819 553 2856 ter
577 2809 671 2872 agit
684 2844 696 2868 ,
719 2823 868 2872 quum
887 2815 934 2853 et
952 2822 1063 2852 eum
1089 2814 1279 2869 tangere
1297 2813 1495 2870 propter
1515 2803 1837 2850 infirmitatem
1856 2802 2071 2867 corporis
2087 2817 2185 2848 non
2206 2811 2275 2849 est
2293 2801 2592 2866 dedignatus,

483 2899 528 2935 et
546 2889 589 2935 ei
607 2887 657 2934 id
675 2887 828 2935 facere
847 2885 1069 2952 praecepit
1082 2920 1097 2944 ,
1121 2884 1221 2931 sine
1239 2900 1336 2948 quo
1356 2884 1405 2930 in
1423 2883 1836 2931 conversationem
1857 2881 2110 2929 hominum
2126 2897 2428 2946 nequaquam
2446 2881 2596 2928 fuerat

484 2967 823 3033 suscipiendus.
854 2965 924 3013 Ad
947 2965 1042 3012 hoc
1064 2965 1192 3012 enim
1214 2980 1242 3010 a
1266 2963 1511 3012 sacerdote
1536 2972 1774 3028 aspectus,
1797 2963 1942 3027 ipsius
1960 2961 2141 3025 judicio
2166 2971 2212 3009 et
2236 2962 2348 3025 legis
2365 2960 2594 3008 sacrificio

484 3047 632 3094 fuerat
655 3044 1081 3095 commendandus.

1247 3171 1488 3203 PROBLEMA
1520 3170 1743 3202 HELOISSAE
1779 3172 1808 3200 X
1816 3190 1825 3199 .

551 3267 676 3324 Quid
702 3278 770 3314 est
794 3267 910 3314 illud
934 3269 983 3314 in
1010 3267 1252 3331 evangelio
1278 3270 1438 3325 Lucae,
1468 3266 1597 3330 quod
1625 3266 1757 3312 diviti
1782 3265 2009 3313 damnato
2036 3264 2269 3311 Abraham
2296 3263 2435 3310 dieit⁴
2458 3282 2467 3308 :
2492 3283 2514 3307 «
2540 3265 2596 3310 Et

489 3348 533 3391 in
559 3346 631 3391 his
657 3346 878 3393 omnibus
903 3348 1022 3393 inter
1049 3364 1137 3393 nos
1162 3357 1208 3393 et
1232 3363 1317 3393 vos
1341 3345 1486 3393 chaos
1521 3362 1743 3408 magnum
1784 3343 2022 3391 firmatum
2049 3353 2143 3403 est,
2173 3353 2225 3390 ut
2249 3343 2297 3389 hi
2322 3343 2404 3407 qui
2431 3342 2596 3389 volunt
2618 3337 2629 3345 ⁴

536 3513 542 3529 ¹
569 3513 693 3548 Manli..
714 3524 785 3556 cap.
806 3524 877 3552 vm,
898 3525 928 3545 v.
945 3515 1030 3545 2.-
1046 3513 1057 3530 ²
1076 3514 1169 3552 Luc„
1190 3524 1263 3557 cap.
1281 3525 1334 3547 xvi
1349 3540 1356 3553 ,
1375 3524 1405 3546 v.
1429 3515 1480 3546 16.
1502 3531 1527 3535 --
1551 3513 1563 3529 ³
1582 3513 1707 3551 Galea,
1723 3521 1797 3554 cap.
1818 3522 1873 3551 ιιι,
1892 3522 1923 3543 ν.
1943 3512 1994 3543 19.
2014 3529 2052 3534 ——-
2068 3510 2082 3528 ⁴
2101 3511 2193 3550 Luc,
2209 3521 2282 3553 cap.
2302 3521 2372 3549 xvi,
2387 3521 2417 3542 v.
2436 3511 2488 3542 26.
