2970 4152
843 425 963 472 CUM
996 424 1169 472 PETRI
1204 422 1519 471 ABAELARDI
1553 421 1985 470 SOLUTIONIBUS.
2382 423 2468 471 294

356 517 494 563 istam
517 518 846 566 necessitatem
870 518 1197 584 progreditur,
1232 518 1332 582 jam
1365 533 1466 564 non
1505 518 1700 577 rationi,
1740 516 1825 564 sed
1864 515 2048 563 libidini
2086 515 2380 580 obsequitur.
2423 520 2480 564 Et

355 596 486 644 hunc
510 607 670 646 tamen
690 616 789 647 non
815 599 1025 664 exigere,
1045 599 1130 647 sed
1146 599 1348 647 reddere
1367 598 1585 663 conjugi,
1607 615 1668 645 ne
1687 597 1974 645 fornicando
1995 597 2278 646 damnaliter
2294 608 2476 662 peccet,

356 677 418 724 ad
441 695 699 743 personam
717 681 922 746 pertinet
945 679 1261 745 conjugalem.
1291 679 1339 726 Si
1363 689 1524 726 autem
1545 678 1690 726 ambo
1725 678 1806 725 tali
1827 678 2224 744 concupiscentiae
2248 677 2477 742 subigun-

355 767 448 817 tur,
467 775 570 805 rem
594 759 772 807 faciunt
789 777 890 808 non
907 760 1050 826 plane
1072 760 1364 826 nuptiarum.
1386 762 1728 807 Verumtamen
1747 759 1795 814 si,
1809 759 1958 823 magis
1973 759 2022 806 in
2042 775 2125 805 sua
2140 757 2479 822 conjunctione

356 836 559 902 diligunt
582 839 716 903 quod
738 839 1017 900 honestum,
1044 857 1191 905 quam
1209 839 1342 905 quod
1364 839 1675 887 inhonestum
1700 849 1795 899 est,
1832 838 1882 885 id
1907 848 1976 886 est
1990 875 2002 899 ,
2031 838 2164 903 quod
2196 849 2267 886 est
2290 840 2478 905 nuptia-

357 936 464 966 rum
480 955 493 979 ,
520 936 666 984 quam
686 920 738 968 id
754 921 888 986 quod
911 938 1011 970 non
1040 932 1110 970 est
1139 922 1440 988 nuptiarum,
1469 921 1566 969 hoc
1590 922 1682 983 eis,
1712 930 1906 968 auctore
1936 920 2191 985 Apost010,
2214 921 2479 969 secundum

357 1001 543 1048 veniam
563 1002 860 1064 conceditur.
891 1022 915 1049 »
934 1006 1054 1051 Item
1074 1004 1085 1029 ¹
1110 1022 1120 1050 :
1145 1023 1169 1051 «
1191 1004 1274 1052 Ille
1294 1003 1519 1051 naturalis
1538 1020 1670 1065 usus,
1693 1001 1890 1068 quando
1909 1001 2176 1067 prolabitur
2198 1002 2322 1050 ultra
2344 1013 2482 1069 pacta

357 1081 602 1147 nuptialia,
624 1081 674 1129 id
697 1092 768 1130 est
791 1082 914 1131 ultra
935 1084 1235 1149 propagandi
1252 1084 1598 1145 necessitatem,
1614 1082 1811 1131 venialis
1832 1081 1885 1130 fit
1906 1083 1955 1129 in
1975 1099 2141 1143 uxore,
2163 1083 2212 1129 in
2232 1084 2480 1131 meretrice

357 1161 666 1225 damnabilis;
689 1164 802 1225 iste,
823 1165 907 1230 qui
931 1175 1002 1213 est
1025 1176 1194 1214 contra
1210 1175 1459 1226 naturam,
1488 1164 1814 1214 execrabiliter
1831 1163 1885 1212 fit
1902 1164 1951 1211 in
1976 1164 2249 1225 meretrice,
2272 1163 2358 1212 sed
2376 1181 2481 1212 exe-

357 1242 577 1291 crabilius
601 1245 650 1292 in
675 1262 838 1293 uxore.
865 1249 1067 1294 Tantum
1087 1246 1212 1294 valet
1231 1246 1471 1294 ordinatio
1497 1246 1726 1295 creatoris
1750 1255 1798 1293 et
1815 1244 1938 1293 ordo
1948 1255 2195 1293 ocreaturae
2210 1282 2222 1306 ,
2249 1255 2300 1292 ut
2324 1245 2374 1292 in
2399 1262 2481 1292 re-

357 1327 446 1375 bus
461 1327 523 1376 ad
542 1328 775 1376 utendum
794 1330 1056 1391 concessis,
1079 1330 1220 1377 etiam
1245 1347 1395 1394 quum
1418 1329 1594 1377 modus
1618 1328 1887 1389 exceditur,
1909 1327 2051 1391 longe
2077 1327 2136 1374 sit
2160 1325 2476 1386 tolerabilius,

356 1424 502 1473 quam
525 1409 575 1456 in
599 1410 692 1471 eis,
719 1427 825 1475 quae
843 1427 1070 1459 concessa
1090 1427 1192 1458 non
1211 1421 1345 1471 sunt,
1369 1411 1445 1459 vel
1475 1427 1600 1458 unus
1624 1409 1700 1458 vel
1722 1425 1856 1457 rarus
1881 1425 2113 1456 excessus.
2137 1410 2196 1454 Et
2219 1406 2330 1455 ideo
2354 1408 2404 1454 in
2430 1425 2481 1455 re

356 1505 607 1551 concessa,
629 1491 965 1540 immoderatio
986 1492 1201 1557 conjugis
1219 1527 1233 1554 ,
1263 1509 1326 1539 ne
1350 1492 1401 1539 in
1432 1509 1548 1539 rem·
1567 1508 1667 1539 non
1693 1506 1971 1539 concessam
1991 1488 2142 1536 libido
2166 1499 2450 1555 prorumpat
2465 1524 2478 1545 ,

357 1569 604 1618 toleranda
628 1581 714 1619 est.
751 1572 875 1619 Hinc
903 1581 973 1619 est
1011 1572 1154 1620 etiam
1175 1571 1309 1637 quod
1342 1571 1485 1636 longe
1513 1571 1672 1619 minus
1697 1579 1863 1637 peccat
1895 1568 2158 1635 quamlibet
2182 1567 2398 1616 assiduus
2422 1569 2480 1616 ad

358 1666 576 1711 uxorem,
597 1668 744 1716 quam
762 1652 837 1700 vel
855 1652 1123 1700 rarissimus
1142 1652 1203 1700 ad
1224 1652 1606 1700 fornicationem.
1625 1654 1788 1710 Quum
1805 1667 1921 1699 vero
1939 1650 2013 1697 vir
2037 1648 2256 1697 membro
2276 1648 2485 1697 mulieris

357 1747 456 1779 non
482 1732 544 1779 ad
568 1732 664 1780 hoc
683 1738 911 1782 co'ncesso
935 1735 1005 1782 uti
1023 1734 1253 1794 voluerit,
1277 1734 1464 1800 turpior
1479 1743 1550 1781 est
1569 1750 1691 1781 uxor
1706 1769 1719 1795 ,
1747 1734 1785 1780 si
1810 1733 1859 1780 in
1879 1748 1957 1789 se,
1979 1748 2125 1797 quam
2144 1731 2183 1778 si
2200 1731 2248 1778 in
2276 1730 2364 1778 alia
2384 1729 2483 1778 fieri

357 1812 640 1877 permiserit.
669 1803 833 1862 'Decus
863 1831 977 1879 ergo
1010 1815 1260 1879 conjugale
1294 1824 1363 1862 est
1396 1815 1583 1862 castitas
1613 1813 1926 1879 procreandi,
1955 1822 2002 1859 et
2026 1811 2260 1859 reddendi
2285 1811 2487 1859 carnalis

358 1891 506 1940 debiti
524 1892 672 1955 fides3
693 1894 789 1942 hoc
809 1904 880 1943 est
910 1911 1033 1961 opus
1058 1895 1358 1960 nuptiarum,
1386 1894 1482 1942 hoc
1507 1893 1568 1941 ab
1591 1894 1725 1941 omni
1745 1893 1944 1941 crimine
1967 1891 2180 1940 defendit
2205 1890 2482 1957 Apostolus,

358 1970 564 2021 dicendo
580 1975 618 2020 ²:
646 1993 670 2020 «
690 1977 751 2022 Et
769 1974 807 2022 si
826 1975 1067 2040 acceperis
1086 1991 1285 2022 uxorem
1304 2011 1316 2036 ,
1344 1991 1446 2023 non
1466 1974 1693 2040 peccasti,
1723 1983 1770 2022 et
1793 1974 1832 2021 si
1850 1973 1984 2037 virgo
2005 1971 2242 2038 nupserit,
2266 1987 2364 2018 non
2385 1988 2491 2036 pec-

362 2072 387 2097 «
408 2063 483 2102 cat
503 2072 516 2112 ς
544 2064 592 2102 et
620 2055 754 2120 quod
777 2055 879 2104 vult
904 2055 1042 2103 faciat
1064 2073 1074 2103 :
1097 2072 1197 2103 non
1222 2065 1413 2122 peccat,
1442 2055 1481 2102 si
1503 2054 1671 2102 nubat.
1693 2074 1717 2099 »
1738 2053 1967 2119 Exigendi
1991 2058 2151 2100 autem
2171 2051 2319 2099 debiti
2344 2051 2406 2098 ab
2431 2052 2495 2099 al-

358 2144 540 2182 terutro
561 2152 674 2183 sexu
699 2135 1064 2184 immoderatior
1086 2137 1356 2201 progressio
1371 2172 1384 2197 ,
1413 2145 1614 2202 propter
1631 2134 1734 2195 illa,
1763 2151 1868 2200 quae
1894 2149 2036 2199 supra
2061 2133 2290 2190 diximus,
2318 2131 2485 2196 conju—

358 2214 494 2279 gibus
518 2216 785 2265 secundum
802 2217 993 2265 veniam
1022 2217 1320 2265 conceditur.
1351 2217 1496 2276 Quod
1523 2234 1635 2282 ergo
1657 2217 1773 2264 ait³2
1797 2236 1820 2262 «
1840 2219 1957 2275 Quae
1981 2216 2184 2280 innupta
2218 2223 2287 2261 est
2314 2214 2484 2278 cogitat

361 2316 384 2341 «
407 2313 487 2358 ea,
513 2315 619 2362 quae
637 2308 747 2346 sunt
761 2298 980 2359 Domini,
1000 2308 1055 2346 ut
1077 2299 1135 2346 sit
1150 2308 1313 2346 sancta
1332 2308 1377 2347 et
1397 2315 1602 2365 corpore
1620 2307 1668 2346 et
1686 2297 1853 2364 spiritu
1868 2333 1881 2358 ,
1906 2316 1927 2342 υ
1948 2312 2047 2344 non
2068 2296 2135 2343 sic
2154 2295 2486 2361 accipiendum

359 2387 451 2437 est,
471 2387 523 2425 ut
547 2388 772 2443 putemus
794 2395 895 2426 non
922 2395 1024 2427 esse
1042 2388 1255 2427 sanctam
1280 2395 1484 2445 corpore
1502 2378 1809 2426 christianam
1828 2377 2081 2442 conjugem
2098 2386 2292 2424 castam.
2322 2376 2487 2423 Omni·

358 2456 448 2505 bus
470 2458 649 2523 quippe
672 2458 892 2506 fidelibus
917 2459 1101 2507 dictum
1119 2461 1211 2507 est*
1231 2477 1241 2506 :
1263 2459 1498 2507 «Nescitis
1522 2459 1752 2524 quoniam
1777 2474 1983 2524 corpora
2009 2465 2162 2505 vestra
2184 2454 2417 2521 templum
2436 2455 2485 2502 in

363 2557 386 2581 «
414 2537 548 2585 vobis
573 2547 644 2585 est
676 2539 876 2604 Spiritus
909 2540 1086 2600 sancti,
1122 2556 1268 2604 quem
1290 2539 1476 2587 habetis
1502 2539 1529 2586 a
1563 2538 1700 2586 Deo?
1722 2557 1745 2583 »
1767 2540 1937 2586 Sancta
1963 2547 2075 2585 sunt
2108 2537 2251 2584 etiam
2284 2551 2486 2601 corpora

360 2618 749 2683 conjugatorum,
771 2618 917 2666 fidem
936 2619 1084 2667 sibiet
1099 2621 1309 2667 Domino
1327 2620 1634 2668 servantium.
1659 2619 1747 2667 Cui
1767 2618 2003 2666 sanctitati
2020 2615 2270 2682 cujuslibet
2286 2632 2453 2664 eorum
2471 2652 2482 2674 ‚

360 2715 449 2746 nec
468 2698 711 2746 infidelem
735 2700 991 2764 conjugem
1015 2699 1247 2749 obsistere
1263 2737 1275 2761 ,
1313 2700 1399 2749 sed
1422 2701 1582 2767 potius
1616 2701 1914 2748 sanctitatem
1938 2698 2098 2747 uxoris
2127 2697 2358 2764 prodesse
2383 2695 2486 2744 infi-

360 2779 455 2828 deli
480 2780 609 2840 viro,
633 2790 714 2828 aut
738 2782 1036 2829 sanctitatem
1052 2782 1144 2829 viri
1167 2781 1394 2847 prodesse
1412 2781 1596 2829 infideli
1615 2781 1778 2842 uxori,
1807 2780 1937 2828 idem
1965 2778 2219 2845 Apostolus
2239 2778 2369 2825 testis
2389 2787 2483 2836 est,

360 2859 568 2907 dicens‘:
597 2861 964 2909 «Sanctificatus
997 2871 1068 2909 est
1102 2862 1233 2909 enim
1263 2862 1335 2909 vir
1367 2861 1573 2909 infidelis
1608 2862 1658 2909 in
1684 2878 1833 2909 uxore
1858 2860 2011 2920 fideli;
2040 2869 2088 2908 et
2112 2857 2400 2906 sanctificata
2418 2868 2488 2905 est

363 2961 386 2986 «
408 2941 577 2989 mulier
593 2941 798 2989 infidelis
823 2942 872 2989 in
889 2942 1030 2990 fratre
1049 2941 1194 2990 fideli.
1215 2961 1239 2987 »
1259 2942 1467 2990 Proinde
1487 2942 1605 2990 illud
1624 2942 1806 2990 dictum
1825 2951 1897 2989 est
1920 2940 2187 2989 secundum
2205 2938 2487 3004 ampliorem

359 3021 658 3068 sanctitatem
676 3022 987 3087 innuptarum
1007 3038 1153 3087 quam
1172 3033 1490 3088 nuptarum.»
1513 3026 1632 3071 Item
1645 3025 1684 3069 ⁶:
1711 3042 1734 3068 «
1751 3025 1910 3070 Manet
1927 3021 2174 3069 vinculum
2190 3019 2484 3085 nuptiarum,

359 3101 500 3149 etiam
526 3102 565 3149 si
592 3102 777 3168 proles,
812 3102 948 3166 cujus
975 3118 1117 3150 causa
1149 3103 1320 3151 initum
1352 3112 1448 3164 est,
1471 3103 1721 3152 manifesta
1744 3103 1986 3151 sterilitate
2011 3118 2108 3149 non
2136 3100 2483 3165 subsequatur:

359 3182 423 3229 ita
441 3191 495 3230 ut
513 3181 614 3245 jam
636 3182 892 3230 scientibus
924 3182 1208 3247 conjugibus
1232 3199 1333 3231 non
1361 3200 1412 3232 se
1444 3183 1569 3231 filios
1586 3183 1860 3244 habituros,
1885 3198 2104 3248 separare
2123 3198 2172 3229 se
2198 3191 2384 3241 tamen,
2411 3180 2488 3228 vel

359 3262 460 3327 ipsa
478 3279 621 3311 causa
639 3262 849 3311 filiorum
868 3273 1010 3329 atque
1031 3263 1132 3312 aliis
1149 3264 1377 3331 copulare
1389 3282 1490 3313 non
1504 3265 1657 3313 liceat.
1681 3264 1826 3323 Quod
1845 3265 1884 3312 si
1904 3264 2124 3323 fecerint,
2142 3279 2254 3310 cum
2274 3262 2341 3310 eis
2353 3298 2366 3322 ‚
2389 3263 2488 3326 qui·

403 3410 413 3426 ¹
439 3410 519 3453 Cap.
556 3419 610 3450 xi,
643 3411 724 3454 Opp.
750 3418 772 3445 t.
802 3412 860 3449 vt.
889 3412 954 3446 col.
984 3413 1063 3446 327.
1083 3430 1123 3437 -
1144 3412 1157 3430 “
1178 3413 1322 3447 Corinth.
1353 3410 1392 3453 1,
1453 3411 1512 3447 bra
1528 3419 1634 3448 vestra
1651 3411 1807 3456 templum
1823 3419 1899 3446 sunt
1911 3411 2050 3456 Spiritus
2065 3412 2168 3445 sancti
2187 3410 2241 3455 qui
2261 3410 2294 3443 iu
2313 3407 2405 3441 vobis
2423 3413 2485 3448 est,

359 3473 434 3508 cap.
465 3474 530 3507 vn,
556 3477 586 3499 v.
617 3468 672 3500 28.
687 3483 732 3492 —-
751 3467 765 3485 ³
780 3468 923 3502 Corinth.
948 3468 984 3508 I,
1007 3478 1082 3512 cap.
1113 3479 1176 3509 vn,
1204 3479 1238 3503 v.
1269 3469 1325 3502 3⁴.
1348 3485 1393 3495 —-
1452 3480 1549 3515 quem
1566 3468 1693 3503 habetis
1707 3480 1725 3501 a
1739 3469 1804 3502 Deo
1817 3471 1833 3502 Ρ
1848 3482 1862 3500 υ
1876 3487 1920 3494 -
1933 3469 1946 3487 “
1965 3469 2106 3504 Corinth.
2120 3469 2148 3508 1,
2167 3479 2241 3511 cap.
2255 3477 2319 3507 vn,
2339 3476 2369 3498 v.
2386 3467 2486 3498 14.—

358 3520 371 3538 ⁸
390 3520 533 3555 Corinth.
549 3522 577 3563 1,
595 3533 669 3567 cap.
688 3535 736 3567 vt,
752 3535 783 3558 v.
803 3526 854 3559 19.
877 3538 893 3554 «ι
910 3525 958 3558 An
975 3525 1109 3559 nescitis
1122 3525 1276 3569 quoniam
1292 3535 1391 3561 mem·
1454 3525 1468 3545 ⁶
1481 3526 1563 3571 Cap.
1580 3536 1637 3567 xv,
1651 3525 1747 3567 ibid.‚
1768 3526 1829 3559 cot.
1848 3526 1924 3559 329.
