2970 4152
0 1264 13 1382 ..ufir-*Q*
7 1235 10 1237 ·
0 1160 3 1166 “

211 2337 263 2401 s

1229 445 1543 492 EPISTOLAE.
1800 451 1801 454 ’
2352 453 2367 494 Ἰ
2384 453 2400 495 1
2414 451 2442 493 7

340 551 586 606 operetur;
614 541 695 604 qui
715 541 901 606 operari
920 539 1146 599 noluerit,
1167 557 1266 586 non
1285 557 1335 587 se
1351 540 1528 586 habere
1547 541 1815 594 mentiatur.
1846 559 1867 584 »
1898 543 1965 587 Ex
1988 540 2061 587 his
2086 540 2264 604 liquide
2292 542 2446 588 verbis

339 621 573 685 colligitur
605 620 727 667 solas
763 620 890 686 apud
916 623 1070 667 Deum
1097 620 1263 667 merita
1297 621 1492 679 virtutes
1527 619 1766 679 obtinere,
1804 631 1851 667 et
1888 610 2160 684 quicunque
2195 621 2446 668 virtutibus

337 717 473 766 pares
509 710 618 747 sunt
653 710 1072 765 quantumcunque
1106 700 1280 747 distent
1320 700 1570 765 operibus,
1609 699 1847 764 aequaliter
1871 718 1899 747 a
1922 700 2108 748 Christo
2125 703 2136 725 ¹
2160 703 2438 766 promereri.

342 782 478 828 Unde
507 782 779 845 quicunque
809 791 918 827 sunt
949 798 1058 827 vere
1089 780 1353 840 christiani,
1388 782 1455 827 sic
1485 781 1572 828 toti
1601 781 1726 827 circa
1751 781 2026 827 interiorem
2055 780 2303 828 hominem
2335 794 2446 829 sunt

339 860 580 925 occupati,
615 870 668 906 ut
697 876 805 906 eum
832 859 1006 906 scilicet
1031 860 1283 907 virtutibus
1307 870 1501 918 ornent,
1540 877 1595 906 ac
1618 860 1740 907 'vitiis
1762 859 1995 908 mundent
2024 877 2034 904 z
2067 871 2118 906 ut
2142 861 2202 907 de
2227 862 2446 908 exteriori

337 921 516 986 nullam
540 939 615 986 vel
639 940 886 986 minimam
905 951 1146 988 assumant
1164 957 1343 987 curam.
1375 940 1514 986 Unde
1539 951 1585 987 et
1601 941 1729 1005 ipsos
1753 940 1952 1003 legimus
1970 940 2211 1004 apostolos
2227 941 2290 987 ita
2306 943 2444 988 rusti-

335 1035 452 1066 cane
468 1022 482 1044 ²
499 1028 546 1066 et
562 1018 692 1066 velut
710 1010 1081 1104 inhonestelipso
1100 1021 1241 1067 etiam
1259 1021 1454 1067 Domini
1479 1021 1706 1067 comitatu
1725 1037 1774 1067 se
1799 1012 2044 1079 habuisse,
2076 1029 2128 1066 ut
2145 1020 2271 1067 velut
2290 1022 2445 1067 omnis

334 1101 610 1147 reverentiae·
638 1111 780 1164 atque
807 1091 1068 1148 honestatis
1099 1100 1254 1162 obliti,
1289 1119 1439 1166 quum
1474 1118 1561 1166 per
1590 1111 1689 1148 sata
1725 1101 1978 1147 transirent
1991 1102 2024 1158 Β,
2060 1101 2211 1166 spicas
2239 1101 2412 1148 vellere
2428 1138 2448 1162 ,‚

335 1179 586 1239 fabricare,
627 1190 674 1227 et
705 1180 956 1228 comedere
989 1198 1123 1227 more
1153 1198 1413 1245 puerorum
1444 1198 1542 1228 non
1574 1180 1930 1239 erubescerent,
1971 1197 2059 1227 nec
2089 1180 2150 1227 de
2174 1181 2274 1246 ipsa
2303 1182 2443 1228 etiam

334 1275 565 1307 manuum
594 1246 861 1320 ablutione,
899 1277 1046 1324 quum
1081 1260 1213 1307 cibos
1240 1271 1396 1308 essent
1423 1262 1689 1326 accepturi,
1718 1261 1941 1308 sollicitos
1971 1278 2087 1308 esse.
2119 1261 2212 1318 Qui
2237 1278 2387 1325 quum
2418 1278 2444 1307 a

297 1368 301 1371 -
333 1339 576 1409 nonnullis
591 1340 724 1403 quasi
739 1339 800 1387 de
818 1340 1121 1387 immunditia
1136 1352 1462 1405 arguerentur,
1483 1358 1565 1389 eos
1581 1342 1818 1388 Dominus
1837 1358 2087 1388 excusans:
2115 1360 2138 1399 «
2153 1343 2260 1387 Non
2276 1340 2401 1400 lotis,
2417 1359 2439 1384 υ

333 1417 488 1482 inquit
503 1421 539 1478 ⁴,
565 1437 588 1463 t<
611 1418 831 1465 manibus
862 1419 1153 1467 manducare
1178 1437 1277 1467 non
1303 1421 1582 1484 coinquinat
1608 1421 1874 1468 hominem.
1900 1440 1924 1465 »
1951 1420 2040 1467 Ubi
2061 1431 2107 1467 et
2124 1421 2283 1467 statim
2303 1438 2444 1484 gene-

333 1495 521 1544 raliter‘⁸
539 1498 733 1562 adjecit,
757 1516 814 1546 ex
838 1499 979 1546 nullis
998 1500 1308 1547 exterioribus
1326 1502 1535 1547 animam
1560 1502 1823 1565 inquinari,
1851 1502 1933 1549 sed
1960 1518 2014 1548 ex
2035 1501 2109 1548 his
2133 1512 2318 1549 tantum
2343 1519 2446 1566 quae

333 1575 393 1623 de
422 1577 568 1624 corde
604 1579 871 1642 prodeunt,
908 1598 931 1623 «
953 1597 1057 1643 quae
1087 1590 1220 1639 sunt,
1245 1599 1268 1623 »
1299 1569 1507 1644 inquit⁶,
1543 1600 1564 1624 «
1589 1581 1921 1644 cogitationes,
1963 1580 2217 1640 adulteria,
2246 1581 2445 1628 homici-

332 1655 432 1716 dia,
462 1667 550 1703 etc.
579 1676 602 1701 »
625 1658 721 1703 Nisi
740 1658 868 1704 enim
885 1660 1014 1723 prius
1032 1676 1178 1724 prava
1203 1659 1446 1706 voluntate
1470 1660 1657 1707 animus
1682 1671 2040 1725 corrumpatur,
2070 1671 2319 1725 peccatum
2348 1678 2446 1708 esse

309 1770 318 1777 -
331 1751 430 1783 non
448 1737 622 1800 poterit
639 1737 874 1800 quidquid
893 1739 1095 1785 exterius
1112 1749 1277 1802 agatur
1301 1739 1348 1785 in
1375 1755 1594 1803 corpore.
1619 1739 1756 1786 Unde
1782 1750 1829 1786 et
1843 1739 1967 1786 bene
1982 1740 2081 1803 ipsa
2099 1756 2293 1804 quoque
2311 1740 2445 1787 adul—

330 1817 446 1864 teria
463 1816 560 1863 sive
586 1816 841 1864 homicidia
859 1834 915 1864 ex
934 1818 1081 1865 corde
1105 1819 1366 1883 procedere
1392 1819 1529 1878 dicit,
1553 1836 1657 1883 quae
1682 1829 1729 1866 et
1752 1820 1853 1867 sine
1879 1829 2003 1867 tactu
2019 1822 2032 1844 ⁷
2053 1811 2309 1884 corporum
2338 1837 2446 1884 per-

329 1906 596 1960 petrantur,
620 1897 754 1960 juxta
781 1897 897 1944 illud
913 1900 927 1923 ⁸
955 1916 964 1944 :
990 1912 1027 1942 ·«
1050 1898 1145 1955 Qui
1167 1898 1336 1945 viderit
1363 1898 1610 1961 mulierem
1640 1898 1701 1945 ad
1731 1898 2166 1963 concupiscendam
2186 1915 2319 1958 eam,
2346 1899 2446 1962 jam

329 1975 592 2024 moechatus
609 1978 744 2024 estin
765 1976 910 2024 corde
929 1994 1032 2025 suo.
1060 1980 1158 2025 »Et
1170 1980 1184 2003 ⁹
1202 1997 1225 2022 «
1250 1978 1418 2025 Omnis
1436 1979 1519 2043 qui
1537 1978 1639 2025 odit
1668 1978 1860 2025 fratrem
1877 1995 2035 2038 suum,
2058 1978 2300 2026 homicida
2319 1989 2401 2025 est.
2419 1998 2441 2022 υ

330 2057 388 2102 Et
414 2057 547 2103 tactis
568 2057 643 2104 vel
668 2057 786 2104 laesis
810 2057 1093 2123 corporibus
1118 2059 1313 2106 minime
1337 2069 1651 2124 peraguntur,
1681 2058 1877 2123 quando
1904 2058 2123 2106 videlicet
2145 2077 2232 2124 per
2258 2059 2439 2107 violen-

329 2136 443 2183 tiam
455 2138 742 2202 opprimitur
751 2136 924 2204 aliqua,
943 2139 1019 2186 vel
1029 2157 1115 2205 per
1121 2140 1352 2204 justitiam
1370 2139 1562 2188 coactus
1566 2141 1714 2205 judex
1733 2141 1997 2190 interficere
2013 2158 2166 2189 reum:
2187 2163 2209 2187 «
2228 2144 2397 2190 Omnis
2419 2163 2441 2187 »

327 2217 505 2281 quippe
531 2217 838 2279 «homicida,
862 2238 884 2262 »
913 2220 1033 2266 sicut
1059 2220 1287 2286 scriptum
1317 2231 1387 2268 est
1399 2223 1440 2281 ¹⁰,
1468 2238 1606 2268 «non
1631 2221 1775 2268 habet
1797 2232 1978 2287 partem
2007 2222 2053 2269 in
2082 2239 2228 2287 regno
2256 2223 2343 2270 Dei
2360 2225 2397 2269 ¹¹.
2418 2241 2439 2266 »

327 2297 432 2342 Non
466 2297 626 2362 itaque
654 2314 943 2364 magnopere
967 2316 1071 2363 quae
1102 2299 1248 2360 fiunt,
1287 2301 1371 2348 sed
1397 2318 1494 2365 quo
1522 2302 1683 2349 animo
1710 2301 1827 2349 fiant
1855 2297 2155 2368 pensandum
2180 2313 2275 2363 est,
2312 2304 2349 2349 si
2378 2302 2441 2349 illi

325 2374 510 2439 placere
528 2376 795 2438 studemus,
818 2374 901 2443 qui
915 2379 1073 2426 cordis
1091 2389 1138 2427 et
1154 2397 1325 2427 renum
1343 2380 1573 2446 probator
1590 2391 1682 2442 est,
1706 2382 1816 2429 etin
1836 2381 2117 2429 abscondito
2140 2382 2291 2439 videt,
2319 2402 2341 2427 «
2360 2384 2440 2446 qui

321 2453 551 2516 judicabit
567 2457 752 2504 occulta
769 2458 1046 2519 hominum,
1074 2478 1097 2503 n
1130 2459 1301 2506 Paulus
1324 2461 1478 2524 inquit
1492 2462 1533 2520 ¹¹,
1559 2480 1581 2505 «
1599 2461 1863 2508 secundum
1882 2462 2190 2525 Evangelium
2210 2479 2369 2509 meum
2382 2497 2394 2521 ,
2415 2481 2437 2505 »

326 2532 420 2580 hoc
437 2544 506 2581 est
524 2536 788 2583 secundum
806 2553 923 2586 meae
941 2538 1288 2603 praedicationis
1308 2539 1592 2588 doctrinam.
1618 2541 1754 2588 Unde
1773 2551 1820 2588 et
1844 2541 2033 2588 modica
2051 2542 2204 2588 viduae
2229 2542 2406 2589 oblatio
2424 2580 2436 2603 ,

326 2628 431 2676 quae
455 2614 540 2660 fuit
559 2614 657 2662 duo
682 2617 866 2664 minuta
883 2619 927 2677 ¹³,
951 2617 1001 2664 id
1019 2629 1090 2665 est
1110 2618 1350 2682 quadrans
1366 2622 1415 2679 ¹⁴,
1439 2621 1656 2669 omnium
1675 2620 1876 2667 divitum
1899 2620 2220 2668 oblationibus
2236 2623 2441 2687 copiosis

326 2693 515 2757 praelata
528 2705 596 2742 est
612 2695 768 2743 abillo
781 2699 859 2744 cui
872 2698 1096 2745 dicitur¹⁵z
1115 2703 1389 2746 «Bonorum
1400 2717 1618 2748 meorum
1631 2718 1730 2749 non
1747 2718 1877 2765 eges3
1895 2721 1918 2746 »
1941 2702 2018 2748 cui
2029 2703 2177 2766 magis
2196 2702 2373 2749 oblatio
2384 2719 2438 2749 ex

326 2773 552 2822 offerente
562 2793 706 2840 quam
718 2777 921 2825 offerens
937 2778 1091 2844 placet
1106 2797 1164 2826 ex
1179 2779 1422 2828 oblatione
1434 2817 1447 2841 ,
1469 2781 1589 2828 sicut
1605 2783 1833 2847 scriptum
1852 2783 1954 2829 est¹⁶
1977 2801 1985 2828 :
2006 2783 2260 2847 «Respexit
2275 2785 2441 2829 Domi-

326 2869 415 2901 nus
429 2854 491 2901 ad
502 2855 632 2915 Abel,
648 2866 694 2903 et
711 2852 770 2904 ad
780 2874 979 2906 munera
999 2859 1149 2923 ejus.»
1170 2842 1595 2927 Utvidelicetprius
1603 2862 1909 2911 devotionem
1920 2863 2159 2910 offerentis
2170 2864 2437 2928 inspiceret,

325 2943 371 2980 et
387 2934 454 2981 sic
466 2950 522 2981 ex
543 2935 645 3000 ipso
657 2938 683 2961 ¹⁷
701 2936 886 2984 donum
911 2937 1126 2986 oblatum
1150 2950 1335 3004 gratum
1350 2940 1561 2989 haberet.
1585 2945 1701 3000 Quae
1719 2942 1913 3006 quidem
1937 2943 2080 2990 animi
2097 2942 2289 2990 devotio
2309 2953 2440 2990 tanto

325 3013 478 3077 major
492 3015 540 3061 in
559 3018 662 3063 Deo
677 3015 902 3077 habetur,
933 3030 1113 3082 quanto
1131 3021 1180 3067 in
1198 3012 1631 3106 exterioribuslquae
1648 3022 1763 3070 fiant
1791 3023 1948 3069 minus
1972 3021 2273 3069 confidimus.
2304 3022 2441 3070 Unde

325 3103 371 3140 et
389 3096 641 3159 Apostolus
665 3107 774 3163 post
797 3114 1105 3147 communem
1123 3100 1341 3147 ciborum
1364 3102 1726 3166 indulgentiam,
1755 3102 1815 3149 de
1841 3118 1958 3166 qua,
1990 3112 2039 3149 ut
2063 3119 2205 3167 supra
2221 3103 2438 3150 memini-

327 3190 431 3221 mus
446 3210 459 3234 ,
480 3176 728 3224 Timotheo
749 3178 935 3237 scribit,
958 3178 1018 3226 de
1046 3181 1268 3228 exercitio
1287 3199 1480 3246 quoque
1496 3181 1945 3247 corporalislaboris
1954 3181 2186 3246 adjunxit,
2207 3182 2402 3230 dicens¹⁸
2421 3202 2428 3228 :

369 3349 379 3366 ¹
396 3349 449 3383 Sic
464 3349 589 3384 0.-Αὸ
607 3354 674 3392 ipso
691 3352 819 3385 Edd.—
830 3352 842 3369 ¹
858 3354 1030 3387 Rusticiter
1043 3354 1181 3389 Rus—
1197 3355 1210 3373 ³
1226 3356 1356 3410 Manu„
1403 3375 1438 3382 -
1452 3356 1591 3395 ¹⁰1bid.‚
1606 3357 1733 3391 ibi‹l.—·
1745 3356 1771 3375 ⁴¹
1788 3357 1904 3391 Christi
1919 3366 1949 3390 et
1964 3359 2022 3391 Dei
2036 3359 2115 3392 1).-
2130 3358 2159 3375 ¹¹
2177 3360 2284 3397 Rom„
2304 3369 2376 3402 cap.
2394 3370 2415 3390 n
2428 3384 2435 3397 ,

324 3415 397 3448 cap.
415 3417 474 3447 κη,
489 3417 518 3439 v.
543 3407 642 3440 1.—⁸
658 3408 787 3451 Matth„
803 3419 877 3453 cap.
897 3421 949 3449 xv,
971 3421 1001 3443 v.
1021 3412 1075 3442 20.
1090 3429 1131 3435 -
1144 3412 1158 3429 ³
1177 3413 1359 3446 Generatim
1403 3425 1431 3446 v.
1451 3415 1556 3446 16.—-
1570 3413 1598 3430 ¹³
1613 3415 1682 3446 Duo
1696 3422 1811 3454 tres-ses,
1824 3414 1918 3447 Rus.
1933 3434 1976 3439 -
1992 3416 2021 3433 ¹⁴
2035 3416 2149 3456 Marc„
2163 3427 2235 3459 cap.
2255 3427 2317 3455 κη,
2334 3426 2360 3447 v,
2380 3416 2432 3447 42.

325 3463 624 3506 RMS.—⁰Mauh.‚
643 3476 716 3509 cap.
737 3478 793 3507 xv,
812 3479 841 3500 v.
867 3468 981 3501 19.--'
1003 3470 1157 3502 Contactu
1174 3469 1242 3502 MS.
1262 3470 1354 3503 Amb.
1405 3488 1444 3493 —
1469 3469 1497 3486 ¹⁵
1523 3469 1637 3502 Psalm.
1660 3481 1715 3510 xv,
1733 3481 1761 3502 v.
1788 3472 1821 3503 9.
1836 3487 1880 3495 -
1895 3471 1923 3488 ¹⁰
1945 3472 2072 3510 Genes„
2104 3483 2175 3516 cap.
2200 3483 2242 3511 iv,
2273 3482 2302 3504 v.
2340 3473 2370 3503 4.
2391 3487 2433 3496 ·-—

346 3518 380 3542 -⁸
399 3520 525 3558 Manli„
547 3524 619 3564 cap?
637 3534 668 3554 v.
683 3534 712 3553 v.
731 3524 782 3555 28,
800 3544 817 3547 νὴ
841 3525 853 3540 ⁰
873 3526 932 3564 Ep,
951 3525 1104 3564 Iluann„
1121 3537 1192 3569 cap,
1211 3538 1259 3560 ιιι,
1279 3538 1306 3557 v.
1325 3528 1353 3557 5.
1407 3526 1433 3543 ⁴⁷
1452 3528 1521 3565 lma
1541 3527 1606 3558 MS.
1626 3526 1718 3559 Δηὼ,
1736 3545 1773 3549 -
1793 3527 1822 3543 ⁰⁶
1839 3529 2023 3566 Timoth.1,
2042 3539 2114 3571 cap.
2135 3540 2178 3567 ιν,
2195 3539 2223 3560 ν.
2242 3529 2273 3565 Ἰ,
2291 3530 2323 3558 8-
