2970 4152
881 434 1000 481 CUM
1032 432 1211 481 PETRI·
1239 430 1552 507 'ABAELARDI
1585 427 2016 476 SOLUTIONIBUS.
2411 431 2497 478 25⁴

401 531 631 579 nitentem
654 530 904 579 convertit.
931 528 1041 575 Tale
1068 538 1137 575 est
1158 543 1270 592 ergo
1293 524 1426 590 quod
1450 525 1514 572 ait
1533 543 1543 571 :
1567 544 1590 570 ι(
1611 524 1704 582 Qui
1722 524 1823 571 sine
1845 531 2041 589 peccato
2062 532 2132 570 est
2155 532 2388 582 vestrum,
2413 525 2508 588 pri-

401 612 585 659 mus-in
614 627 718 658 eam
745 609 950 676 lapidem
979 610 1157 676 mittat3
1184 626 1207 652 n
1229 624 1285 655 ac
1309 607 1348 653 si
1376 615 1537 671 aperte
1561 603 1688 651 dicat
1708 622 1719 650 ε
1743 604 1796 650 Εἰ
1821 603 2126 668 lapidandam
2158 602 2402 662 dimittite,
2424 605 2507 668 qui

398 709 458 740 ex
481 691 617 740 vobis
632 693 644 716 ¹
668 691 798 738 solus
823 700 893 737 est
914 706 943 737 a
965 698 1165 754 peccato
1186 686 1427 734 immunis.
1456 688 1561 750 Ipse
1585 684 1768 750 primus
1797 683 1847 730 in
1879 683 2184 748 lapidandam
2211 682 2370 748 dirigit
2391 682 2507 748 lapi-

398 772 533 832 dem,
556 788 708 837 quum
725 772 767 818 ei
790 771 921 835 prius
942 769 1270 835 poenitentiam
1291 767 1514 831 inspirat;
1529 775 1590 812 -et
1610 763 1690 811 illa
1709 763 2018 829 postmodum
2042 781 2127 829 per
2145 763 2508 812 satisfactionem

397 871 450 902 se
481 863 714 911 macerat,
748 862 794 899 et
829 867 1021 898 carnem
1052 866 1113 896 ne
1148 849 1333 914 spiritui
1357 846 1568 912 amplius
1594 844 1867 904 reluctetur,
1895 844 2092 891 domat:
2114 854 2166 891 ut
2184 845 2283 908 J'am
2308 844 2506 892 mortifi-

398 943 501 983 cata
525 932 735 992 mundo,
758 931 985 995 deinceps
1002 932 1129 978 vivat
1150 933 1253 977 Deo
1266 931 1297 989 ²,
1325 938 1373 977 et
1395 935 1662 974 mactentur
1682 925 1793 972 vitia
1808 961 1820 984 ,
1850 935 2127 972 conservata
2152 935 2336 973 natura.
2362 928 2507 973 Deni-

401 1030 497 1078 que
519 1023 566 1061 et
587 1012 824 1060 Dominus
846 1011 935 1058 ait³
956 1029 966 1057 z
998 1030 1022 1055 «
1041 1009 1156 1057 Mihi
1180 1008 1434 1057 vindictam
1450 1038 1475 1068 ,-
1491 1017 1539 1054 et
1561 1022 1648 1070 ego
1671 1004 1946 1053 retribuam.
1986 1024 2008 1048 »ι
2035 1008 2166 1052 Τιιιιο
2195 1006 2372 1071 quippe
2403 1009 2507 1052 Deo

399 1093 657 1142 vindictam
694 1107 1012 1150 reservamus,
1051 1089 1309 1154 quoniam*
1333 1089 1434 1153 ipse
1467 1089 1515 1134 in
1552 1085 1691 1133 nobis
1724 1085 1911 1151 potius,
1942 1101 2087 1149 quam
2115 1102 2205 1132 nos
2237 1086 2350 1151 ipsi,
2384 1085 2511 1132 hanc

397 1183 636 1239 operatur.
679 1170 816 1219 Unde
855 1180 902 1218 et
936 1170 1150 1237 homini,
1186 1185 1285 1216 non
1322 1170 1454 1228 Deo,
1483 1166 1663 1213 dictum
1687 1168 1812 1214 esttz
1837 1168 1989 1212 «Non
2015 1165 2219 1213 occides.
2248 1185 2270 1209 ι)
2298 1165 2368 1212 Ab
2404 1166 2508 1230 ipso

398 1254 567 1317 utique
585 1251 723 1299 nobis
746 1250 840 1298 hoc
864 1249 1175 1308 interdicitur,
1202 1249 1283 1313 qui
1303 1247 1398 1295 ⁴sub
1430 1247 1564 1294 nullo
1592 1255 1828 1312 praecepto
1854 1244 2131 1306 conclusus,
2159 1245 2209 1292 id
2233 1245 2322 1292 sibi
2346 1245 2509 1293 deberi

399 1342 615 1398 patenter
635 1331 900 1397 profitetur.
931 1350 954 1375 «
974 1333 1072 1394 Ego
1098 1329 1315 1377 occidam
1332 1366 1344 1389 ,
1372 1347 1395 1372 »
1423 1328 1628 1391 inquit⁶,
1661 1347 1684 1372 «
1707 1337 1753 1374 et
1776 1342 1865 1390 ego
1888 1326 2047 1373 vivere
2069 1326 2253 1373 faciam.
2277 1345 2300 1369 »
2334 1329 2439 1391 lpse
2460 1326 2525 1372 in.

399 1411 539 1460 nobis
565 1411 738 1460 occidit
761 1421 808 1460 et
835 1411 1012 1477 parcit,
1034 1427 1185 1475 quum
1217 1419 1446 1474 tanquam
1479 1406 1770 1455 adminiculo
1801 1406 2013 1471 quodam
2043 1405 2208 1463 nobis⁷
2232 1416 2394 1466 utens,
2422 1423 2511 1454 nos

396 1493 642 1558 praeceptis
666 1492 762 1540 suis
784 1508 892 1539 reos
916 1490 1134 1538 occidere
1158 1490 1232 1538 vel
1259 1489 1592 1536 innocentibus
1629 1503 1823 1554 parcere
1852 1487 1984 1547 facit,
2022 1497 2076 1534 ut
2108 1487 2151 1534 ei
2177 1488 2335 1553 potius
2366 1503 2508 1551 quam

398 1573 538 1621 nobis
555 1572 645 1621 ista
669 1572 874 1620 debeant
898 1571 1137 1637 imputari.
1162 1574 1279 1618 Nam
1299 1586 1448 1635 quum
1468 1555 1636 1634 aliquis
1651 1578 1822 1635 potens
1839 1584 1926 1634 per
1944 1568 2188 1633 operarios
2204 1584 2315 1615 suos
2333 1567 2511 1632 aliquid

397 1654 516 1718 agit,
544 1663 642 1700 non
663 1662 759 1700 tam
785 1652 985 1699 istorum
1010 1667 1156 1716 quam
1177 1650 1300 1697 illius
1322 1666 1453 1715 opus.
1468 1649 1584 1696 illud
1608 1665 1709 1696 esse
1733 1648 1922 1708 dicitur,
1947 1648 2041 1695 hoc
2066 1657 2162 1708 est,
2191 1664 2291 1695 non
2319 1647 2510 1695 illorum

396 1735 481 1799 qui
505 1734 752 1800 operando
777 1734 978 1793 faciunt,
1010 1733 1093 1780 sed
1121 1732 1245 1779 illius
1270 1731 1417 1796 magis
1441 1732 1523 1795 qui
1541 1747 1628 1796 per
1645 1730 1752 1778 illos
1772 1730 1882 1778 fecit
1899 1730 1999 1777 haec
2017 1729 2135 1777 fieri.
2165 1733 2322 1777 Homo
2351 1731 2510 1794 itaque

395 1813 677 1878 prohibetur
694 1813 937 1871 occidere,
967 1829 1065 1859 non
1086 1815 1216 1858 Deus
1232 1811 1278 1857 in
1299 1811 1512 1857 homine.
1534 1814 1666 1856 Tunc
1684 1819 1841 1857 autem
1863 1809 2035 1856 occidit
2056 1809 2232 1869 hom0,
2256 1819 2304 1856 et
2327 1825 2426 1856 non
2459 1810 2508 1855 in

394 1910 453 1942 eo
483 1896 640 1954 DeuS,
670 1893 865 1958 quando
894 1893 1087 1958 propria
1119 1892 1407 1955 malignitate
1434 1891 1484 1938 id
1514 1891 1635 1954 agit,
1674 1907 1773 1937 non
1805 1890 2121 1955 praeceptione
2151 1891 2268 1937 Dei:
2291 1890 2387 1937 hoc
2414 1900 2506 1949 est,

394 1973 590 2040 quando
614 1974 663 2021 id
688 1991 744 2021 ex
767 1990 843 2032 se,
871 1990 971 2019 non
1004 1989 1060 2019 ex
1085 1972 1185 2036 lege
1208 1972 1339 2032 facit,
1369 1981 1416 2019 et
1445 1988 1540 2018 suae
1570 1960 1756 2017 malitiae
1789 1971 1937 2035 magis
1974 1986 2118 2035 quam
2152 1970 2322 2017 diviuae
2350 1970 2513 2018 obedit

390 2055 595 2119 justitiae.
614 2057 747 2101 Tunc
770 2053 978 2118 gladium
1005 2053 1174 2118 accipit
1194 2068 1292 2099 non
1320 2050 1382 2098 ad
1407 2050 1720 2099 exercendam
1741 2050 1969 2114 justitiam
1985 2087 1998 2111 ,
2027 2060 2081 2097 ut
2108 2049 2317 2097 vindicet
2344 2050 2514 2114 iniqui-

395 2145 558 2195 tatem,
577 2134 662 2182 sed
683 2144 732 2181 ut
757 2150 892 2181 suam
915 2132 1153 2199 compleat
1179 2132 1487 2198 impietatem.
1511 2134 1582 2179 De
1604 2129 1846 2196 quolibet⁸
1864 2128 2051 2178 'Veritas
2076 2130 2167 2178 ait⁹
2189 2149 2198 2176 :
2226 2149 2248 2175 «
2269 2131 2363 2188 Qui
2382 2147 2512 2178 acce-

394 2215 516 2279 perit
548 2214 784 2279 gladium,
813 2213 970 2279 gladio
991 2212 1180 2279 peribit.
1206 2232 1229 2257 υ
1254 2213 1346 2271 Qui
1372 2212 1632 2278 acceperit,
1667 2212 1849 2276 inquit,
1875 2228 1961 2278 per
1987 2228 2059 2272 se,
2090 2227 2187 2257 non
2213 2211 2290 2258 cui
2315 2210 2512 2258 traditus

391 2292 531 2342 fuerit
553 2311 580 2342 a
605 2303 862 2360 potestate,
886 2294 972 2342 iste
999 2293 1156 2359 gladio
1181 2293 1455 2360 perdendus
1478 2302 1549 2341 est
1559 2290 1717 2357 juste,
1745 2292 1828 2357 qui
1853 2291 2010 2357 gladio
2035 2292 2101 2339 uti
2121 2293 2419 2358 praesumpsit
2441 2294 2510 2340 in-

388 2373 529 2436 Juste.
547 2377 708 2433 Quum
727 2384 885 2421 autem
900 2374 1035 2438 quasi
1048 2358 1258 2438 gladium
1274 2372 1407 2420 miles
1426 2371 1515 2420 sibi
1531 2389 1558 2420 a
1578 2390 1686 2438 rege
1706 2372 1930 2421 traditum
1949 2383 2135 2420 exercet
2153 2373 2214 2421 ad
2232 2373 2505 2433 vindictam,

395 2471 477 2503 rex
497 2456 548 2502 in
573 2471 631 2503 eo
653 2454 702 2502 id
721 2455 837 2520 agit,
859 2455 994 2518 cujus
1012 2454 1090 2501 ille
1109 2455 1352 2519 operarius
1378 2455 1425 2500 in
1449 2453 1543 2500 hoc
1565 2454 1734 2502 existit.
1767 2452 1903 2501 Unde
1929 2453 2212 2517 Augustinus
2236 2452 2294 2500 de
2318 2455 2511 2500 sztate

394 2535 491 2582 Dei
509 2533 631 2581 libro
651 2536 709 2580 1¹⁰
737 2552 746 2580 :
780 2554 803 2579 «
837 2537 942 2581 Non
978 2533 1191 2593 occides,
1217 2533 1315 2592 his,
1354 2552 1376 2577 υ
1412 2533 1592 2598 inquit,
1633 2552 1655 2577 «
1686 2532 1914 2598 exceptiS,
1940 2549 2063 2597 quos
2093 2535 2220 2579 Deus
2257 2533 2454 2580 occidi
2435 2550 2509 2597 Ju-

393 2612 497 2672 bet,
523 2613 623 2660 sive
641 2595 751 2661 data
768 2612 895 2704 lege,
917 2613 1015 2660 sive
1037 2629 1126 2678 pro
1147 2622 1361 2678 tempore
1383 2611 1444 2658 ad
1465 2627 1718 2687 personam
1738 2627 1957 2678 expressa
1970 2611 2198 2675 jussione.
2220 2614 2325 2658 Non
2351 2621 2508 2659 autem

392 2694 494 2765 ipse
512 2693 710 2753 occidit,
746 2694 828 2762 qui
857 2694 1169 2753 ministerium
1188 2691 1328 2740 debet
1349 2691 1563 2756 jubenti,
1592 2692 1713 2739 sicut
1736 2690 2078 2755 adminiculum
2096 2690 2278 2756 gladius
2294 2693 2504 2739 utenti.»

392 2773 611 2822 Ibidem
600 2791 647 2821 m
673 2773 1017 2836 Quoestionlbus
1029 2773 1189 2820 Exodi
1199 2776 1254 2820 ¹¹.
1248 2792 1304 2823 ·«
1321 2773 1536 2820 Israelitae
1555 2773 1733 2820 furtum
1751 2788 1851 2819 non
1869 2758 2080 2837 fecerunt
2098 2771 2350 2839 spoliando
2369 2775 2508 2837 AEgy-

390 2854 533 2919 ptiOS,
555 2854 641 2911 sed
656 2857 758 2911 Deo
767 2853 956 2919 jubenti
980 2853 1292 2901 ministerium
1316 2851 1650 2918 praebuerunt:
1674 2834 2083 2918 quemadmodum
2103 2851 2317 2898 minister
2336 2851 2507 2915 judicis

391 2934 566 2998 occidit
591 2943 701 2999 eum
726 2951 870 3005 quem
894 2935 968 2982 lex
996 2935 1135 3006 jussit
1159 2934 1328 2982 occidi.
1367 2933 1583 2981 Profecto
1612 2933 1651 2980 si
1674 2932 1724 2980 id
1752 2939 1922 3010 sponte
1946 2932 2109 2993 faciat,
2135 2931 2376 2979 homicida
2407 2942 2500 2990 est,

389 3015 574 3063 etiamsi
597 3031 746 3079 quum
765 3031 909 3079 quem
930 3000 1119 3074 occidit,
1140 3015 1226 3061 scit
1245 3013 1399 3061 occidi
1417 3030 1445 3060 a
1461 3013 1623 3077 judice
1638 3005 1928 3061 debuisse.»
1956 3012 2102 3060 Item
2090 3029 2138 3059 m
2166 3011 2507 3073 Quoefftconzbus

390 3096 618 3143 Levi'tlci:
640 3114 663 3138 «
687 3097 846 3152 Quum
876 3094 1025 3141 homo
1054 3094 1140 3140 iste
1161 3093 1409 3152 occiditur,
1430 3093 1505 3140 lex
1521 3109 1632 3140 eum
1652 3092 1849 3152 occidit,
1868 3108 1967 3140 non
1985 3102 2092 3139 tu.»
2117 3094 2183 3138 Ex
2200 3091 2274 3138 his
2292 3092 2504 3157 profecto

390 3173 546 3222 verbis
570 3184 787 3240 patenter
819 3174 1050 3221 docemur
1081 3190 1171 3220 nec
1203 3172 1543 3233 homicidium,
1576 3189 1666 3220 nec
1700 3173 1876 3220 furtum
1908 3172 2102 3237 proprie
2129 3171 2248 3231 dici,
2282 3172 2415 3236 quod
2449 3190 2505 3220 ex

434 3345 444 3362 “
461 3345 518 3379 Ex
540 3347 628 3384 robis
649 3352 680 3378 et
706 3348 740 3389 iri
763 3347 851 3379 vobis
872 3344 955 3378 Cod.
982 3343 1067 3383 vict.
1079 3361 1123 3394 ,—
1138 3343 1151 3361 ¹
1170 3344 1262 3378 Vivat
1278 3347 1426 3387 deinceps
1471 3347 1510 3378 de
1534 3346 1674 3386 quolibet
1693 3344 1762 3378 Cod
1791 3343 1876 3377 vict.
1895 3362 1934 3367 —
1951 3342 1964 3360 ⁸
1983 3343 2112 3384 Manli„
2130 3353 2204 3388 cap.
2221 3354 2315 3384 xxvi,
2334 3354 2365 3376 v.
2387 3345 2440 3376 52.
2461 3361 2503 3368 --

388 3402 455 3434 Deo
476 3401 613 3434 C0d.-
631 3402 643 3418 ³
659 3403 767 3440 Rom„
794 3412 867 3445 cap.
896 3413 959 3436 xn.
987 3412 1016 3433 v.
1043 3403 1091 3434 19.
1110 3419 1144 3424 -
1167 3400 1179 3418 ⁴
1195 3401 1276 3434 Cod.
1304 3400 1390 3433 vict.
1405 3419 1427 3425 -
1472 3401 1502 3418 ¹⁰
1519 3401 1599 3444 Cap.
1624 3412 1703 3441 xxi,
1731 3402 1813 3442 Opp.
1840 3407 1866 3433 t.
1886 3399 1964 3441 vlt,
1986 3399 2048 3433 col.
2069 3401 2123 3432 20.
2142 3419 2176 3424 —
2195 3399 2222 3418 ⁶·
2245 3401 2362 3440 Quoest.
2385 3412 2448 3432 xxx
2464 3412 2480 3433 x

391 3459 528 3498 Quando
547 3457 630 3490 Edd.
653 3474 682 3480 -—
707 3458 720 3474 ⁸
737 3459 863 3496 Exod„
883 3468 957 3500 cap.
981 3468 1045 3496 xx.
1064 3468 1096 3491 v·
1124 3458 1174 3489 13.
1194 3475 1228 3481 -
1246 3458 1258 3475 ⁶
1273 3458 1419 3496 Denter„
1469 3459 1547 3499 Ορρ.
1571 3464 1596 3489 t.
1617 3457 1660 3490 ΙΙΙ
1675 3482 1684 3496 ,
1701 3457 1764 3489 col.
1787 3457 1863 3489 432.

389 3525 462 3557 cap.
481 3525 572 3547 xxxu
587 3538 595 3554 ,
613 3525 644 3547 v.
660 3514 716 3547 ³9.
731 3530 775 3539 -·
790 3513 801 3531 ²
817 3515 853 3546 ln
872 3516 962 3547 nobis
984 3522 1074 3546 utem
1095 3513 1176 3547 eod.
1194 3512 1279 3547 Vici..
1292 3530 1336 3538 -·
1349 3512 1362 3531 ⁸
1380 3514 1423 3547 Ει
