2970 4152
1234 434 1547 481 EPISTOLAE.
1563 465 1566 467 -
2363 439 2380 483 1
2393 435 2453 483 63

346 533 497 596 major
515 548 566 579 es
590 531 807 578 mundo?
829 549 852 575 υ
889 533 1025 577 Nunc
1051 545 1162 576 vero
1188 530 1299 592 quia
1326 529 1408 575 ubi
1432 529 1642 575 construi
1671 530 1953 575 monasteria
1986 530 2210 577 convenit
2231 529 2450 577 disserui-

348 628 454 659 mus
477 630 486 658 :
520 611 672 676 qualis
693 621 740 658 et
762 611 864 675 ipsa
886 609 980 657 loci
1001 610 1173 675 positio
1199 626 1300 655 esse
1325 609 1496 660 debeat
1521 607 1845 655 ostendamus.
1875 609 1967 673 Ipsi
1990 619 2147 656 autem
2180 612 2452 656 monasterii

348 692 455 738 loco
479 689 841 749 constituendo,
869 690 988 735 sicut
1022 705 1214 752 quoque
1232 687 1399 734 beatus
1437 687 1675 734 consuluit
1702 678 1981 734 Benedicfsss
1997 691 2008 712 ¹
2025 724 2037 746 ,
2076 689 2139 734 ita
2177 689 2215 734 si
2239 687 2341 734 fieri
2367 705 2453 753 po-

347 780 436 818 test
455 769 808 836 providendum
833 778 930 826 est,
960 779 1011 815 ut
1035 769 1158 816 intra
1180 768 1454 815 monasterii
1490 777 1622 831 septa
1657 768 1989 814 contineantur
2015 768 2094 815 illa
2121 771 2324 816 maxime
2350 786 2455 833 quae

347 850 643 897 monasteriis
667 859 777 896 sunt
801 849 1060 895 necessaria
1078 884 1089 906 ‚
1118 848 1167 894 id
1189 857 1259 895 est
1276 847 1444 894 hortus
1460 883 1472 905 ,
1508 863 1629 911 aqua
1644 883 1656 905 ,
1688 847 2019 893 molendinum
2036 884 2048 906 ,
2071 850 2321 912 pistrinum
2343 868 2451 898 cum

347 930 486 977 furno
503 967 516 990 ‚
559 940 607 976 et
633 929 738 976 loca
767 928 941 992 quibus
970 927 1246 991 quotidiana
1275 943 1462 974 sorores
1499 937 1746 974 exerceant
1784 943 1956 991 opera,
1998 945 2058 974 ne
2096 929 2220 976 foras
2253 931 2454 993 vagandi

346 1010 486 1057 detur
508 1009 712 1056 occasio.

411 1090 542 1136 Sicut
564 1090 613 1135 in
639 1088 802 1135 castris
831 1087 1002 1146 seculi,
1030 1088 1095 1134 ita
1118 1098 1162 1134 et
1187 1089 1234 1133 in
1263 1088 1426 1134 castris
1451 1089 1674 1144 Domini,
1712 1087 1761 1134 id
1787 1098 1856 1134 est
1886 1091 2328 1152 congregationibus
2355 1110 2454 1139 mo-

347 1169 537 1216 nasticis
558 1167 878 1215 constituendi
906 1177 1042 1225 sunt,
1071 1168 1154 1230 qui
1189 1167 1380 1230 praesint
1403 1168 1595 1214 caeteris.
1628 1166 1698 1213 Ibi
1733 1168 1911 1232 quippe
1936 1169 2194 1232 imperator
2216 1187 2364 1230 unus,
2394 1173 2454 1219 ad

346 1249 480 1312 cujus
516 1258 686 1295 nutum
721 1246 883 1294 omnia
916 1256 1166 1310 gerantur,
1213 1257 1382 1310 praeest
1424 1246 1663 1294 omnibus.
1705 1248 1798 1304 Qui
1835 1247 1978 1294 etiam
2025 1265 2113 1312 pro
2154 1250 2456 1299 multitudine

348 1327 578 1375 exercitus
597 1326 671 1373 vel
693 1325 961 1372 diversitate
978 1325 1245 1372 officiorum
1263 1342 1347 1372 sua
1364 1326 1607 1372 nonnullis
1629 1326 1905 1391 impertiens
1926 1343 2097 1387 onera,
2121 1330 2355 1392 quosdam
2371 1332 2458 1378 sub

350 1423 399 1454 se
421 1406 614 1454 adhibet
638 1406 962 1470 magistratus,
994 1406 1077 1469 qui
1098 1405 1294 1452 diversis
1326 1405 1578 1452 hominum
1616 1406 1814 1453 catervis
1848 1416 1930 1452 aut
1958 1406 2125 1455 officiis
2156 1410 2452 1474 provideant.

345 1488 420 1534 Sic
446 1487 560 1534 etin
586 1486 882 1533 monasteriis
909 1485 1011 1532 fieri
1037 1501 1231 1532 necesse
1256 1495 1326 1532 est
1342 1521 1353 1543 ,
1395 1494 1447 1532 ut
1470 1485 1536 1532 ibi
1564 1502 1657 1533 una
1685 1486 1908 1533 omnibus
1941 1489 2096 1551 praesit
2127 1500 2368 1547 matrona,
2397 1492 2457 1537 ad

343 1568 478 1631 cujus
513 1566 941 1614 considerationem
974 1576 1116 1630 atque
1140 1565 1386 1612 arbitrium
1421 1582 1590 1613 omnes
1623 1566 1814 1630 reliquoe
1847 1568 2009 1614 omnia
2043 1579 2326 1632 operentur,
2369 1588 2457 1617 ner¹

347 1647 441 1695 ulla
462 1647 506 1694 ei
527 1647 575 1692 in
598 1646 758 1710 aliquo
779 1655 1030 1711 praesumat
1057 1645 1284 1692 obsistere
1301 1680 1313 1703 ,
1341 1646 1416 1692 vel
1442 1647 1583 1693 etiam
1608 1646 1669 1693 ad
1693 1646 1888 1710 aliquod
1907 1647 2008 1710 ejus
2026 1659 2312 1714 praeceptum
2332 1668 2458 1697 mur-

346 1743 550 1774 murare.
580 1725 716 1773 Nulla
740 1726 918 1790 quippe
942 1725 1192 1772 hominum
1219 1726 1524 1790 congregatio
1561 1726 1637 1773 vel
1666 1726 2083 1791 quantulacunque
2117 1728 2289 1776 domus
2319 1732 2457 1777 unius

344 1806 518 1858 familia
542 1806 798 1852 consistere
823 1815 979 1869 potest
1010 1805 1262 1852 incolumis
1280 1842 1292 1863 ‚
1326 1806 1414 1852 nisi
1440 1807 1594 1853 unitas
1620 1807 1667 1852 in
1699 1823 1753 1853 ea
1780 1817 2085 1853 conservetur
2117 1826 2126 1853 :
2162 1819 2213 1855 ut
2242 1809 2455 1858 videlicet

346 1896 500 1934 totum
524 1886 624 1949 ejus
653 1901 852 1949 regnum
876 1886 924 1931 in
953 1885 1092 1931 unius
1116 1901 1331 1949 personae
1355 1886 1623 1949 magisterio
1638 1889 1651 1910 ²
1675 1887 1916 1932 consistat.
1946 1887 2081 1933 Unde
2102 1899 2147 1934 et
2166 1905 2272 1935 arca
2293 1900 2455 1955 typum

347 1966 562 2014 Ecclesiae
595 1981 761 2029 gerens
793 1980 943 2028 quum
970 1963 1145 2011 multos
1172 1974 1267 2010 tam
1296 1965 1343 2011 in
1380 1964 1525 2028 longo
1550 1938 1697 2028 quam
1734 1966 1783 2011 in
1815 1964 1916 2012 *lato
1941 1965 2128 2013 cubitos
2150 1967 2344 2015 haberet
2363 2005 2374 2026 ,
2412 1971 2459 2016 in

347 2062 445 2093 uno
477 2054 805 2093 consummata
830 2054 916 2090 est.
960 2047 1014 2090 Et
1039 2045 1086 2090 in
1117 2043 1380 2090 Proverbiis
1405 2045 1634 2109 scriptum
1662 2054 1732 2091 est
1749 2047 1762 2069 ⁸
1796 2063 1805 2090 :
1841 2066 1863 2089 «
1887 2047 2086 2110 Propter
2109 2058 2302 2111 peccata
2329 2058 2458 2095 terra¹

303 2115 308 2119 ³
347 2126 483 2173 multi
522 2125 758 2190 principes
799 2124 961 2187 ejus.»
1004 2124 1140 2171 Unde
1177 2124 1320 2171 etiam
1360 2124 1622 2171 Alexandro
1666 2135 1880 2183 mortuo,
1927 2125 2245 2190 multiplicatis
2274 2128 2459 2191 regibus

347 2205 468 2254 mala
493 2200 687 2269 quoque
711 2203 1017 2268 multiplicata
1041 2213 1167 2262 sunt,
1196 2214 1242 2251 et
1272 2206 1421 2251 Roma
1445 2204 1661 2269 pluribus
1687 2207 2038 2254 communicata
2068 2208 2330 2255 rectoribus
2348 2226 2459 2256 con-

350 2284 561 2332 cordiam
585 2294 745 2332 tenere
773 2300 871 2330 non
897 2280 1067 2349 potuit.
1095 2283 1231 2330 Unde
1261 2286 1476 2330 Lucanus
1505 2284 1553 2330 in
1581 2284 1737 2348 primo
1763 2285 1831 2331 sic
1856 2286 2072 2333 meminit
2088 2290 2127 2332 ¹⁰:

744 2445 1283 2456 .............
1316 2415 1372 2454 Tu
1393 2426 1514 2455 causa
1532 2414 1730 2456 malorum

744 2482 864 2522 Facta
884 2480 1011 2522 tribus
1028 2480 1207 2521 dominis
1225 2481 1456 2522 communis
1478 2483 1629 2533 Roma,
1650 2494 1724 2523 nec
1746 2495 1920 2536 unquam

746 2551 790 2590 In
810 2548 967 2590 turbam
989 2548 1102 2590 missi
1124 2547 1262 2590 feralia
1284 2548 1435 2589 foedera
1453 2543 1581 2603 regni.

350 2692 405 2735 Et
429 2698 536 2754 post
562 2701 707 2752 pauca
731 2703 741 2731 t

745 2842 971 2851 ......
1006 2812 1109 2851 Dum
1133 2816 1236 2852 terra
1256 2810 1402 2851 fretum
1420 2842 1430 2861 ,
1452 2815 1679 2866 terramque
1695 2811 1846 2853 levabit

746 2882 824 2922 Aer
837 2914 846 2930 ,
869 2886 910 2921 et
928 2880 1039 2934 longi
1060 2880 1223 2921 volvent
1240 2875 1381 2921 Titana
1398 2879 1559 2922 labores
1571 2914 1581 2932 ,

742 2950 914 3003 Noxque
932 2947 1040 2990 diem
1061 2948 1168 2989 coelo·
1185 2947 1352 2990 totidem
1373 2944 1445 3003 per
1468 2949 1584 3002 signa
1603 2956 1796 3004 sequetur
1817 2968 1824 2997 ;

749 3017 864 3057 Nulla
883 3016 984 3058 fides
1002 3017 1114 3070 regni
1133 3017 1258 3058 sociis
1270 3049 1280 3066 ,
1301 3018 1516 3072 omnisque
1536 3024 1718 3071 potestas

746 3085 966 3138 Impatiens
984 3084 1189 3126 consortis
1206 3085 1282 3126 erit
1288 3116 1604 3125 ........
1636 3117 1648 3125 ,.
1687 3119 1693 3125 .
1732 3118 1739 3125 .

344 3215 474 3263 Tales
502 3215 716 3280 profecto
743 3225 789 3262 et
813 3214 880 3261 illi
907 3224 1042 3262 erant
1059 3213 1279 3281 discipuli
1303 3216 1451 3262 sancti
1469 3214 1714 3261 Frontonii
1731 3212 1971 3272 abbatis⁵,
2004 3230 2125 3277 quos
2157 3214 2324 3279 ipsein
2349 3215 2459 3261 civi-

347 3304 468 3354 tate,
508 3296 556 3343 in
582 3311 677 3360 qua
706 3305 843 3342 natus
870 3305 968 3352 est,
1010 3311 1161 3358 quum
1191 3311 1340 3358 usque
1366 3294 1423 3340 ad
1451 3293 1743 3358 septuaginta
1783 3303 2139 3357 congregasset,
2169 3303 2215 3340 et
2243 3310 2460 3358 magnam
2483 3300 2485 3302 ’

387 3463 396 3481 ‘
424 3463 538 3507 Regni.
560 3463 594 3496 S.
612 3463 748 3501 Bened..
766 3473 837 3507 cap.
858 3474 942 3497 axvi.
959 3482 987 3486 —-
1014 3462 1026 3479 ¹
1047 3463 1219 3496 Ministerio
1236 3463 1260 3496 B
1276 3470 1307 3496 et
1323 3463 1385 3496 MS.
1410 3462 1504 3496 Amb.
1517 3462 1585 3488 --⁸
1602 3462 1715 3500 Prov„
1730 3472 1804 3505 cap.
1821 3472 1919 3495 xxvm
1931 3487 1941 3502 ,
1955 3472 1984 3493 v.
2004 3463 2035 3493 2.
2051 3479 2093 3486 -
2107 3461 2120 3479 ⁴
2136 3462 2305 3499 Pharsal„
2323 3463 2355 3501 1,
2375 3473 2402 3494 v.
2422 3464 2457 3491 Si

347 3529 378 3554 et
397 3533 446 3565 sq.
464 3541 500 3547 ·-
522 3522 534 3539 ¹
550 3522 583 3554 Ιη
607 3523 683 3555 Vitis
699 3523 834 3555 Patr-um
851 3548 857 3559 ‚
873 3521 930 3554 lib.
950 3521 959 3553 Ι
978 3546 985 3560 ,
1005 3531 1037 3563 p.
1059 3522 1132 3553 939.
