<?xml version="1.0" encoding="UTF-8"?>
<!DOCTYPE html PUBLIC "-//W3C//DTD XHTML 1.0 Transitional//EN"
    "http://www.w3.org/TR/xhtml1/DTD/xhtml1-transitional.dtd">
<html xmlns="http://www.w3.org/1999/xhtml" xml:lang="en" lang="en">
 <head>
  <title>
</title>
<meta http-equiv="Content-Type" content="text/html;charset=utf-8" />
  <meta name='ocr-system' content='tesseract 3.04.00' />
  <meta name='ocr-capabilities' content='ocr_page ocr_carea ocr_par ocr_line ocrx_word'/>
</head>
<body>
  <div class='ocr_page' id='page_1' title='image "./operahactenusseo01abeluoft_0666.png"; bbox 0 0 2970 4152; ppageno 0'>
   <div class='ocr_carea' id='block_1_1' title="bbox 538 379 1851 447">
    <p class='ocr_par' dir='ltr' id='par_1_1' title="bbox 538 379 1851 447">
     <span class='ocr_line' id='line_1_1' title="bbox 538 379 1851 447; baseline 0.002 -15"><span class='ocrx_word' id='word_1_1' title='bbox 538 385 632 433; x_wconf 80' lang='lat'>052</span> <span class='ocrx_word' id='word_1_2' title='bbox 1335 385 1505 432; x_wconf 78' lang='lat' dir='ltr'><strong>PETffl</strong></span> <span class='ocrx_word' id='word_1_3' title='bbox 1540 379 1851 447; x_wconf 69' lang='lat' dir='ltr'>ABAELARm</span> 
     </span>
    </p>
   </div>
   <div class='ocr_carea' id='block_1_2' title="bbox 524 475 2650 3110">
    <p class='ocr_par' dir='ltr' id='par_1_2' title="bbox 532 475 2646 945">
     <span class='ocr_line' id='line_1_2' title="bbox 605 475 2642 545; baseline 0.001 -23"><span class='ocrx_word' id='word_1_4' title='bbox 605 498 627 523; x_wconf 88' lang='lat'><strong><em>«</em></strong></span> <span class='ocrx_word' id='word_1_5' title='bbox 654 482 712 525; x_wconf 87' lang='lat' dir='ltr'>Et</span> <span class='ocrx_word' id='word_1_6' title='bbox 735 479 940 525; x_wconf 89' lang='lat' dir='ltr'>volatile.</span> <span class='ocrx_word' id='word_1_7' title='bbox 972 497 994 522; x_wconf 88' lang='lat'>»</span> <span class='ocrx_word' id='word_1_8' title='bbox 1021 481 1087 524; x_wconf 87' lang='lat' dir='ltr'>Ex</span> <span class='ocrx_word' id='word_1_9' title='bbox 1109 494 1206 541; x_wconf 91' lang='lat' dir='ltr'>quo</span> <span class='ocrx_word' id='word_1_10' title='bbox 1230 478 1465 543; x_wconf 86' lang='lat' dir='ltr'>liquidum</span> <span class='ocrx_word' id='word_1_11' title='bbox 1488 490 1560 527; x_wconf 88' lang='lat' dir='ltr'>est</span> <span class='ocrx_word' id='word_1_12' title='bbox 1579 490 1678 528; x_wconf 88' lang='lat' dir='ltr'>tam</span> <span class='ocrx_word' id='word_1_13' title='bbox 1699 482 1851 545; x_wconf 87' lang='lat' dir='ltr'><strong>pisces</strong></span> <span class='ocrx_word' id='word_1_14' title='bbox 1875 494 2020 544; x_wconf 86' lang='lat' dir='ltr'>quam</span> <span class='ocrx_word' id='word_1_15' title='bbox 2046 479 2263 526; x_wconf 86' lang='lat' dir='ltr'>volucres</span> <span class='ocrx_word' id='word_1_16' title='bbox 2290 495 2346 525; x_wconf 86' lang='lat' dir='ltr'>ex</span> <span class='ocrx_word' id='word_1_17' title='bbox 2371 475 2505 542; x_wconf 89' lang='lat' dir='ltr'>aquis</span> <span class='ocrx_word' id='word_1_18' title='bbox 2528 489 2642 542; x_wconf 70' lang='lat' dir='ltr'>pro⁶</span> 
     </span>
     <span class='ocr_line' id='line_1_3' title="bbox 535 556 2644 622; baseline -0.001 -17"><span class='ocrx_word' id='word_1_19' title='bbox 535 569 718 605; x_wconf 88' lang='lat' dir='ltr'>creatos</span> <span class='ocrx_word' id='word_1_20' title='bbox 740 559 918 604; x_wconf 86' lang='lat' dir='ltr'>habere</span> <span class='ocrx_word' id='word_1_21' title='bbox 946 574 1150 622; x_wconf 88' lang='lat' dir='ltr'>corpora</span> <span class='ocrx_word' id='word_1_22' title='bbox 1178 558 1391 621; x_wconf 89' lang='lat' dir='ltr'>ejusdem</span> <span class='ocrx_word' id='word_1_23' title='bbox 1419 570 1622 619; x_wconf 88' lang='lat' dir='ltr'>naturae,</span> <span class='ocrx_word' id='word_1_24' title='bbox 1653 577 1742 607; x_wconf 91' lang='lat' dir='ltr'>nec</span> <span class='ocrx_word' id='word_1_25' title='bbox 1770 570 1952 607; x_wconf 89' lang='lat' dir='ltr'>tantam</span> <span class='ocrx_word' id='word_1_26' title='bbox 1981 560 2079 606; x_wconf 87' lang='lat' dir='ltr'>vim</span> <span class='ocrx_word' id='word_1_27' title='bbox 2109 558 2331 605; x_wconf 89' lang='lat' dir='ltr'>humanis</span> <span class='ocrx_word' id='word_1_28' title='bbox 2363 556 2644 621; x_wconf 85' lang='lat' dir='ltr'>corporibus</span> 
     </span>
     <span class='ocr_line' id='line_1_4' title="bbox 534 638 2646 705; baseline 0 -21"><span class='ocrx_word' id='word_1_29' title='bbox 534 639 595 685; x_wconf 93' lang='lat' dir='ltr'>ad</span> <span class='ocrx_word' id='word_1_30' title='bbox 618 639 960 685; x_wconf 88' lang='lat' dir='ltr'>lasciviendum</span> <span class='ocrx_word' id='word_1_31' title='bbox 983 655 1149 686; x_wconf 91' lang='lat' dir='ltr'>carnes</span> <span class='ocrx_word' id='word_1_32' title='bbox 1167 656 1337 686; x_wconf 89' lang='lat' dir='ltr'>eorum</span> <span class='ocrx_word' id='word_1_33' title='bbox 1357 640 1648 699; x_wconf 89' lang='lat' dir='ltr'>ministrare,</span> <span class='ocrx_word' id='word_1_34' title='bbox 1675 650 1905 705; x_wconf 85' lang='lat' dir='ltr'>quantam</span> <span class='ocrx_word' id='word_1_35' title='bbox 1925 656 2092 687; x_wconf 83' lang='lat' dir='ltr'>carnes</span> <span class='ocrx_word' id='word_1_36' title='bbox 2115 639 2409 687; x_wconf 88' lang='lat' dir='ltr'>terrestrium</span> <span class='ocrx_word' id='word_1_37' title='bbox 2432 638 2646 685; x_wconf 90' lang='lat' dir='ltr'>animan-</span> 
     </span>
     <span class='ocr_line' id='line_1_5' title="bbox 534 716 2645 785; baseline 0 -21"><span class='ocrx_word' id='word_1_38' title='bbox 534 719 651 764; x_wconf 89' lang='lat' dir='ltr'>tium</span> <span class='ocrx_word' id='word_1_39' title='bbox 665 736 806 783; x_wconf 77' lang='lat' dir='ltr'>‚quae</span> <span class='ocrx_word' id='word_1_40' title='bbox 837 736 947 766; x_wconf 90' lang='lat' dir='ltr'>cum</span> <span class='ocrx_word' id='word_1_41' title='bbox 979 720 1154 766; x_wconf 91' lang='lat' dir='ltr'>nostris</span> <span class='ocrx_word' id='word_1_42' title='bbox 1184 719 1467 784; x_wconf 86' lang='lat' dir='ltr'>corporibus</span> <span class='ocrx_word' id='word_1_43' title='bbox 1495 721 1708 785; x_wconf 85' lang='lat' dir='ltr'>ejusdem</span> <span class='ocrx_word' id='word_1_44' title='bbox 1741 731 1852 768; x_wconf 89' lang='lat' dir='ltr'>sunt</span> <span class='ocrx_word' id='word_1_45' title='bbox 1879 730 2076 767; x_wconf 77' lang='lat' dir='ltr'>naturae.</span> <span class='ocrx_word' id='word_1_46' title='bbox 2112 719 2248 767; x_wconf 89' lang='lat' dir='ltr'>Unde</span> <span class='ocrx_word' id='word_1_47' title='bbox 2277 735 2367 765; x_wconf 88' lang='lat' dir='ltr'>nec</span> <span class='ocrx_word' id='word_1_48' title='bbox 2396 716 2645 765; x_wconf 87' lang='lat' dir='ltr'>monachis</span> 
     </span>
     <span class='ocr_line' id='line_1_6' title="bbox 532 797 2643 864; baseline 0 -21"><span class='ocrx_word' id='word_1_49' title='bbox 532 797 658 846; x_wconf 86' lang='lat' dir='ltr'>beati</span> <span class='ocrx_word' id='word_1_50' title='bbox 685 798 926 844; x_wconf 84' lang='lat' dir='ltr'>Benedicti</span> <span class='ocrx_word' id='word_1_51' title='bbox 947 799 1110 862; x_wconf 86' lang='lat' dir='ltr'>regula</span> <span class='ocrx_word' id='word_1_52' title='bbox 1134 799 1223 846; x_wconf 86' lang='lat' dir='ltr'>ita²</span> <span class='ocrx_word' id='word_1_53' title='bbox 1238 816 1405 847; x_wconf 90' lang='lat' dir='ltr'>carnes</span> <span class='ocrx_word' id='word_1_54' title='bbox 1427 800 1528 847; x_wconf 89' lang='lat' dir='ltr'>illas</span> <span class='ocrx_word' id='word_1_55' title='bbox 1555 801 1676 847; x_wconf 90' lang='lat' dir='ltr'>sicut</span> <span class='ocrx_word' id='word_1_56' title='bbox 1696 800 1787 847; x_wconf 87' lang='lat' dir='ltr'>bas</span> <span class='ocrx_word' id='word_1_57' title='bbox 1804 800 2067 859; x_wconf 84' lang='lat' dir='ltr'>interdicit,</span> <span class='ocrx_word' id='word_1_58' title='bbox 2093 816 2243 864; x_wconf 92' lang='lat' dir='ltr'>quum</span> <span class='ocrx_word' id='word_1_59' title='bbox 2263 797 2483 845; x_wconf 87' lang='lat' dir='ltr'>videlieet</span> <span class='ocrx_word' id='word_1_60' title='bbox 2499 813 2643 844; x_wconf 83' lang='lat' dir='ltr'>acar·</span> 
     </span>
     <span class='ocr_line' id='line_1_7' title="bbox 532 877 2159 945; baseline 0.002 -22"><span class='ocrx_word' id='word_1_61' title='bbox 532 877 671 924; x_wconf 90' lang='lat' dir='ltr'>nibus</span> <span class='ocrx_word' id='word_1_62' title='bbox 696 888 885 925; x_wconf 87' lang='lat' dir='ltr'>tantum</span> <span class='ocrx_word' id='word_1_63' title='bbox 907 879 1298 944; x_wconf 88' lang='lat' dir='ltr'>quadrupedum,</span> <span class='ocrx_word' id='word_1_64' title='bbox 1325 897 1425 927; x_wconf 92' lang='lat' dir='ltr'>non</span> <span class='ocrx_word' id='word_1_65' title='bbox 1449 881 1650 927; x_wconf 87' lang='lat' dir='ltr'>aliarum</span> <span class='ocrx_word' id='word_1_66' title='bbox 1671 880 1909 927; x_wconf 88' lang='lat' dir='ltr'>abstinere</span> <span class='ocrx_word' id='word_1_67' title='bbox 1931 881 2159 945; x_wconf 82' lang='lat' dir='ltr'>praecipit.</span> 
     </span>
    </p>

    <p class='ocr_par' dir='ltr' id='par_1_3' title="bbox 524 955 2648 2146">
     <span class='ocr_line' id='line_1_8' title="bbox 599 955 2644 1025; baseline 0 -23"><span class='ocrx_word' id='word_1_68' title='bbox 599 978 621 1002; x_wconf 75' lang='grc' dir='ltr'>ι(</span> <span class='ocrx_word' id='word_1_69' title='bbox 655 960 807 1023; x_wconf 87' lang='lat' dir='ltr'>Super</span> <span class='ocrx_word' id='word_1_70' title='bbox 835 969 1037 1020; x_wconf 85' lang='lat' dir='ltr'>terram,</span> <span class='ocrx_word' id='word_1_71' title='bbox 1071 960 1160 1007; x_wconf 91' lang='lat' dir='ltr'>sub</span> <span class='ocrx_word' id='word_1_72' title='bbox 1192 955 1496 1012; x_wconf 65' lang='lat' dir='ltr'>firnfimento</span> <span class='ocrx_word' id='word_1_73' title='bbox 1528 961 1711 1008; x_wconf 87' lang='lat' dir='ltr'>coeli.»</span> <span class='ocrx_word' id='word_1_74' title='bbox 1742 960 1886 1018; x_wconf 88' lang='lat' dir='ltr'>Quod</span> <span class='ocrx_word' id='word_1_75' title='bbox 1917 961 2058 1019; x_wconf 87' lang='lat' dir='ltr'>dicit,</span> <span class='ocrx_word' id='word_1_76' title='bbox 2086 979 2109 1005; x_wconf 89' lang='lat'>«</span> <span class='ocrx_word' id='word_1_77' title='bbox 2140 977 2283 1025; x_wconf 89' lang='lat' dir='ltr'>super</span> <span class='ocrx_word' id='word_1_78' title='bbox 2316 970 2517 1016; x_wconf 86' lang='lat' dir='ltr'>terram,</span> <span class='ocrx_word' id='word_1_79' title='bbox 2555 956 2644 1004; x_wconf 91' lang='lat' dir='ltr'>sub</span> 
     </span>
     <span class='ocr_line' id='line_1_9' title="bbox 530 1037 2645 1105; baseline 0.001 -23"><span class='ocrx_word' id='word_1_80' title='bbox 530 1037 834 1085; x_wconf 82' lang='lat' dir='ltr'>firmamento</span> <span class='ocrx_word' id='word_1_81' title='bbox 870 1040 1001 1100; x_wconf 82' lang='lat' dir='ltr'>coeli,</span> <span class='ocrx_word' id='word_1_82' title='bbox 1034 1059 1055 1084; x_wconf 90' lang='lat'>»</span> <span class='ocrx_word' id='word_1_83' title='bbox 1091 1042 1191 1089; x_wconf 85' lang='lat' dir='ltr'>non</span> <span class='ocrx_word' id='word_1_84' title='bbox 1227 1041 1384 1089; x_wconf 90' lang='lat' dir='ltr'>solum</span> <span class='ocrx_word' id='word_1_85' title='bbox 1419 1042 1482 1089; x_wconf 92' lang='lat' dir='ltr'>ad</span> <span class='ocrx_word' id='word_1_86' title='bbox 1511 1041 1723 1100; x_wconf 87' lang='lat' dir='ltr'>volatile,</span> <span class='ocrx_word' id='word_1_87' title='bbox 1754 1041 1838 1088; x_wconf 89' lang='lat' dir='ltr'>sed</span> <span class='ocrx_word' id='word_1_88' title='bbox 1869 1041 2013 1088; x_wconf 89' lang='lat' dir='ltr'>etiam</span> <span class='ocrx_word' id='word_1_89' title='bbox 2050 1039 2111 1087; x_wconf 86' lang='lat' dir='ltr'>ad</span> <span class='ocrx_word' id='word_1_90' title='bbox 2140 1040 2309 1105; x_wconf 84' lang='lat' dir='ltr'>reptile</span> <span class='ocrx_word' id='word_1_91' title='bbox 2342 1037 2645 1086; x_wconf 86' lang='lat' dir='ltr'>referendum</span> 
     </span>
     <span class='ocr_line' id='line_1_10' title="bbox 527 1119 2645 1187; baseline 0 -23"><span class='ocrx_word' id='word_1_92' title='bbox 527 1119 732 1179; x_wconf 76' lang='lat' dir='ltr'>videtur,</span> <span class='ocrx_word' id='word_1_93' title='bbox 752 1120 790 1167; x_wconf 86' lang='lat' dir='ltr'>si</span> <span class='ocrx_word' id='word_1_94' title='bbox 815 1120 1034 1168; x_wconf 89' lang='lat' dir='ltr'>videlicet</span> <span class='ocrx_word' id='word_1_95' title='bbox 1057 1122 1159 1187; x_wconf 88' lang='lat' dir='ltr'>ipsa</span> <span class='ocrx_word' id='word_1_96' title='bbox 1179 1139 1373 1187; x_wconf 91' lang='lat' dir='ltr'>quoque</span> <span class='ocrx_word' id='word_1_97' title='bbox 1389 1122 1546 1169; x_wconf 87' lang='lat' dir='ltr'>sidera</span> <span class='ocrx_word' id='word_1_98' title='bbox 1561 1122 1771 1169; x_wconf 57' lang='lat' dir='ltr'>animata*</span> <span class='ocrx_word' id='word_1_99' title='bbox 1790 1131 2034 1186; x_wconf 72' lang='lat' dir='ltr'>putentur.</span> <span class='ocrx_word' id='word_1_100' title='bbox 2056 1124 2162 1185; x_wconf 75' lang='lat' dir='ltr'>Ips&#39;a</span> <span class='ocrx_word' id='word_1_101' title='bbox 2177 1120 2354 1184; x_wconf 90' lang='lat' dir='ltr'>quippe</span> <span class='ocrx_word' id='word_1_102' title='bbox 2373 1135 2525 1182; x_wconf 91' lang='lat' dir='ltr'>quum</span> <span class='ocrx_word' id='word_1_103' title='bbox 2542 1119 2645 1165; x_wconf 83' lang='lat' dir='ltr'>sine</span> 
     </span>
     <span class='ocr_line' id='line_1_11' title="bbox 526 1195 2646 1266; baseline -0 -21"><span class='ocrx_word' id='word_1_104' title='bbox 526 1199 727 1262; x_wconf 85' lang='lat' dir='ltr'>pedibus</span> <span class='ocrx_word' id='word_1_105' title='bbox 750 1201 985 1261; x_wconf 85' lang='lat' dir='ltr'>ferantur,</span> <span class='ocrx_word' id='word_1_106' title='bbox 1012 1202 1258 1266; x_wconf 86' lang='lat' dir='ltr'>reptilibus</span> <span class='ocrx_word' id='word_1_107' title='bbox 1275 1202 1574 1266; x_wconf 81' lang='lat' dir='ltr'>aggreganda</span> <span class='ocrx_word' id='word_1_108' title='bbox 1590 1211 1747 1248; x_wconf 86' lang='lat' dir='ltr'>essent</span> <span class='ocrx_word' id='word_1_109' title='bbox 1763 1195 1947 1247; x_wconf 57' lang='lat' dir='ltr'>sicut-&#39;et</span> <span class='ocrx_word' id='word_1_110' title='bbox 1966 1201 2118 1265; x_wconf 88' lang='lat' dir='ltr'>pisces</span> <span class='ocrx_word' id='word_1_111' title='bbox 2137 1219 2148 1247; x_wconf 76' lang='grc' dir='ltr'><strong><em>ε</em></strong></span> <span class='ocrx_word' id='word_1_112' title='bbox 2166 1199 2250 1247; x_wconf 90' lang='lat' dir='ltr'>sed</span> <span class='ocrx_word' id='word_1_113' title='bbox 2272 1216 2423 1263; x_wconf 90' lang='lat' dir='ltr'>quum</span> <span class='ocrx_word' id='word_1_114' title='bbox 2438 1199 2541 1264; x_wconf 87' lang='lat' dir='ltr'>ipsa</span> <span class='ocrx_word' id='word_1_115' title='bbox 2555 1198 2646 1245; x_wconf 84' lang='lat' dir='ltr'>sub</span> 
     </span>
     <span class='ocr_line' id='line_1_12' title="bbox 528 1276 2646 1347; baseline -0 -22"><span class='ocrx_word' id='word_1_116' title='bbox 528 1278 832 1329; x_wconf 82' lang='lat' dir='ltr'>firmamento</span> <span class='ocrx_word' id='word_1_117' title='bbox 858 1283 963 1329; x_wconf 89' lang='lat' dir='ltr'>coeli</span> <span class='ocrx_word' id='word_1_118' title='bbox 987 1300 1294 1347; x_wconf 76' lang='lat' dir='ltr'>nequaquam</span> <span class='ocrx_word' id='word_1_119' title='bbox 1315 1283 1432 1342; x_wconf 85' lang='lat' dir='ltr'>sint,</span> <span class='ocrx_word' id='word_1_120' title='bbox 1458 1292 1590 1347; x_wconf 90' lang='lat' dir='ltr'>patet</span> <span class='ocrx_word' id='word_1_121' title='bbox 1612 1298 1667 1329; x_wconf 89' lang='lat' dir='ltr'>ea</span> <span class='ocrx_word' id='word_1_122' title='bbox 1689 1281 1875 1328; x_wconf 87' lang='lat' dir='ltr'>excludi</span> <span class='ocrx_word' id='word_1_123' title='bbox 1897 1298 1983 1345; x_wconf 91' lang='lat' dir='ltr'>per</span> <span class='ocrx_word' id='word_1_124' title='bbox 2003 1280 2098 1327; x_wconf 91' lang='lat' dir='ltr'>hoc</span> <span class='ocrx_word' id='word_1_125' title='bbox 2119 1280 2254 1344; x_wconf 88' lang='lat' dir='ltr'>quod</span> <span class='ocrx_word' id='word_1_126' title='bbox 2275 1279 2470 1337; x_wconf 83' lang='lat' dir='ltr'>dicitur,</span> <span class='ocrx_word' id='word_1_127' title='bbox 2506 1297 2530 1322; x_wconf 90' lang='lat'>«</span> <span class='ocrx_word' id='word_1_128' title='bbox 2555 1276 2646 1324; x_wconf 88' lang='lat' dir='ltr'>sub</span> 
     </span>
     <span class='ocr_line' id='line_1_13' title="bbox 527 1358 2647 1428; baseline -0.001 -21"><span class='ocrx_word' id='word_1_129' title='bbox 527 1360 831 1409; x_wconf 86' lang='lat' dir='ltr'>firmamento</span> <span class='ocrx_word' id='word_1_130' title='bbox 867 1363 990 1411; x_wconf 89' lang='lat' dir='ltr'>coeli.</span> <span class='ocrx_word' id='word_1_131' title='bbox 1023 1386 1045 1407; x_wconf 75' lang='lat' dir='ltr'>n</span> <span class='ocrx_word' id='word_1_132' title='bbox 1074 1364 1182 1411; x_wconf 83' lang='lat' dir='ltr'>Tale</span> <span class='ocrx_word' id='word_1_133' title='bbox 1215 1374 1285 1411; x_wconf 91' lang='lat' dir='ltr'>est</span> <span class='ocrx_word' id='word_1_134' title='bbox 1319 1380 1432 1427; x_wconf 87' lang='lat' dir='ltr'>ergo</span> <span class='ocrx_word' id='word_1_135' title='bbox 1466 1363 1633 1428; x_wconf 88' lang='lat' dir='ltr'>reptile</span> <span class='ocrx_word' id='word_1_136' title='bbox 1667 1373 1810 1427; x_wconf 88' lang='lat' dir='ltr'>atque</span> <span class='ocrx_word' id='word_1_137' title='bbox 1844 1361 2036 1409; x_wconf 77' lang='lat' dir='ltr'>volatile</span> <span class='ocrx_word' id='word_1_138' title='bbox 2069 1371 2301 1425; x_wconf 89' lang='lat' dir='ltr'>tanquam</span> <span class='ocrx_word' id='word_1_139' title='bbox 2336 1360 2375 1406; x_wconf 91' lang='lat' dir='ltr'>si</span> <span class='ocrx_word' id='word_1_140' title='bbox 2410 1358 2647 1406; x_wconf 86' lang='lat' dir='ltr'>diceretur</span> 
     </span>
     <span class='ocr_line' id='line_1_14' title="bbox 526 1440 2646 1508; baseline -0 -22"><span class='ocrx_word' id='word_1_141' title='bbox 526 1442 702 1488; x_wconf 88' lang='lat' dir='ltr'>animal</span> <span class='ocrx_word' id='word_1_142' title='bbox 725 1453 889 1506; x_wconf 87' lang='lat' dir='ltr'>aptum</span> <span class='ocrx_word' id='word_1_143' title='bbox 913 1443 974 1490; x_wconf 89' lang='lat' dir='ltr'>ad</span> <span class='ocrx_word' id='word_1_144' title='bbox 998 1444 1266 1508; x_wconf 91' lang='lat' dir='ltr'>rependum</span> <span class='ocrx_word' id='word_1_145' title='bbox 1289 1445 1387 1491; x_wconf 82' lang='lat' dir='ltr'>sive</span> <span class='ocrx_word' id='word_1_146' title='bbox 1408 1443 1674 1491; x_wconf 84' lang='lat' dir='ltr'>volandum</span> <span class='ocrx_word' id='word_1_147' title='bbox 1701 1460 1848 1508; x_wconf 55' lang='lat' dir='ltr'>super⁴</span> <span class='ocrx_word' id='word_1_148' title='bbox 1867 1452 2068 1500; x_wconf 87' lang='lat' dir='ltr'>terram,</span> <span class='ocrx_word' id='word_1_149' title='bbox 2098 1441 2193 1488; x_wconf 87' lang='lat' dir='ltr'>hoc</span> <span class='ocrx_word' id='word_1_150' title='bbox 2217 1450 2288 1487; x_wconf 92' lang='lat' dir='ltr'>est</span> <span class='ocrx_word' id='word_1_151' title='bbox 2308 1440 2374 1487; x_wconf 90' lang='lat' dir='ltr'>ita</span> <span class='ocrx_word' id='word_1_152' title='bbox 2394 1449 2447 1486; x_wconf 91' lang='lat' dir='ltr'>ut</span> <span class='ocrx_word' id='word_1_153' title='bbox 2469 1449 2646 1486; x_wconf 89' lang='lat' dir='ltr'>terram</span> 
     </span>
     <span class='ocr_line' id='line_1_15' title="bbox 525 1521 2646 1588; baseline -0 -22"><span class='ocrx_word' id='word_1_154' title='bbox 525 1538 623 1567; x_wconf 88' lang='lat' dir='ltr'>non</span> <span class='ocrx_word' id='word_1_155' title='bbox 661 1523 923 1585; x_wconf 84' lang='lat' dir='ltr'>contingat.</span> <span class='ocrx_word' id='word_1_156' title='bbox 961 1526 1080 1570; x_wconf 89' lang='lat' dir='ltr'>Nam</span> <span class='ocrx_word' id='word_1_157' title='bbox 1109 1524 1422 1588; x_wconf 89' lang='lat' dir='ltr'>postmodum</span> <span class='ocrx_word' id='word_1_158' title='bbox 1449 1539 1601 1588; x_wconf 92' lang='lat' dir='ltr'>quum</span> <span class='ocrx_word' id='word_1_159' title='bbox 1629 1523 1745 1569; x_wconf 89' lang='lat' dir='ltr'>dicit</span> <span class='ocrx_word' id='word_1_160' title='bbox 1777 1522 1964 1587; x_wconf 88' lang='lat' dir='ltr'>reptilia</span> <span class='ocrx_word' id='word_1_161' title='bbox 1997 1532 2133 1569; x_wconf 87' lang='lat' dir='ltr'>terrae</span> <span class='ocrx_word' id='word_1_162' title='bbox 2154 1521 2313 1586; x_wconf 89' lang='lat' dir='ltr'>potius</span> <span class='ocrx_word' id='word_1_163' title='bbox 2336 1527 2483 1584; x_wconf 91' lang='lat' dir='ltr'>quam</span> <span class='ocrx_word' id='word_1_164' title='bbox 2503 1532 2646 1584; x_wconf 88' lang='lat' dir='ltr'>super</span> 
     </span>
     <span class='ocr_line' id='line_1_16' title="bbox 525 1598 2647 1668; baseline -0 -22"><span class='ocrx_word' id='word_1_165' title='bbox 525 1611 724 1659; x_wconf 85' lang='lat' dir='ltr'>terram,</span> <span class='ocrx_word' id='word_1_166' title='bbox 750 1603 968 1666; x_wconf 85' lang='lat' dir='ltr'>profecto</span> <span class='ocrx_word' id='word_1_167' title='bbox 990 1603 1154 1660; x_wconf 90' lang='lat' dir='ltr'>hocet</span> <span class='ocrx_word' id='word_1_168' title='bbox 1176 1603 1304 1650; x_wconf 86' lang='lat' dir='ltr'>istud</span> <span class='ocrx_word' id='word_1_169' title='bbox 1327 1603 1571 1668; x_wconf 85' lang='lat' dir='ltr'>reptilium</span> <span class='ocrx_word' id='word_1_170' title='bbox 1591 1620 1739 1667; x_wconf 85' lang='lat' dir='ltr'>genus</span> <span class='ocrx_word' id='word_1_171' title='bbox 1767 1603 2018 1667; x_wconf 83' lang='lat' dir='ltr'>diligenter</span> <span class='ocrx_word' id='word_1_172' title='bbox 2045 1602 2360 1665; x_wconf 89' lang='lat' dir='ltr'>distinguunt.</span> <span class='ocrx_word' id='word_1_173' title='bbox 2397 1598 2647 1647; x_wconf 84' lang='lat' dir='ltr'>Nonnullae</span> 
     </span>
     <span class='ocr_line' id='line_1_17' title="bbox 525 1683 2647 1749; baseline -0 -21"><span class='ocrx_word' id='word_1_174' title='bbox 525 1698 635 1728; x_wconf 87' lang='lat' dir='ltr'>aves</span> <span class='ocrx_word' id='word_1_175' title='bbox 653 1684 880 1747; x_wconf 72' lang='lat' dir='ltr'>aquaticae</span> <span class='ocrx_word' id='word_1_176' title='bbox 897 1684 1122 1731; x_wconf 88' lang='lat' dir='ltr'>dicuntur</span> <span class='ocrx_word' id='word_1_177' title='bbox 1137 1685 1283 1749; x_wconf 92' lang='lat' dir='ltr'>pedes</span> <span class='ocrx_word' id='word_1_178' title='bbox 1299 1684 1495 1743; x_wconf 79' lang='lat' dir='ltr'>habere,</span> <span class='ocrx_word' id='word_1_179' title='bbox 1515 1685 1582 1731; x_wconf 90' lang='lat' dir='ltr'>ita</span> <span class='ocrx_word' id='word_1_180' title='bbox 1601 1684 1948 1749; x_wconf 87' lang='lat' dir='ltr'>posterioribus</span> <span class='ocrx_word' id='word_1_181' title='bbox 1967 1683 2260 1731; x_wconf 77' lang='lat' dir='ltr'>adhaerentes</span> <span class='ocrx_word' id='word_1_182' title='bbox 2276 1691 2328 1728; x_wconf 91' lang='lat' dir='ltr'>ut</span> <span class='ocrx_word' id='word_1_183' title='bbox 2343 1684 2647 1746; x_wconf 84' lang='lat' dir='ltr'>nequaquam</span> 
     </span>
     <span class='ocr_line' id='line_1_18' title="bbox 526 1759 2647 1828; baseline -0.001 -21"><span class='ocrx_word' id='word_1_184' title='bbox 526 1778 638 1808; x_wconf 90' lang='lat' dir='ltr'>cum</span> <span class='ocrx_word' id='word_1_185' title='bbox 666 1762 755 1809; x_wconf 92' lang='lat' dir='ltr'>illis</span> <span class='ocrx_word' id='word_1_186' title='bbox 785 1763 1006 1810; x_wconf 87' lang='lat' dir='ltr'>incedere</span> <span class='ocrx_word' id='word_1_187' title='bbox 1042 1774 1246 1828; x_wconf 87' lang='lat' dir='ltr'>queant,</span> <span class='ocrx_word' id='word_1_188' title='bbox 1285 1764 1369 1811; x_wconf 90' lang='lat' dir='ltr'>sed</span> <span class='ocrx_word' id='word_1_189' title='bbox 1405 1763 1713 1811; x_wconf 87' lang='lat' dir='ltr'>solummodo</span> <span class='ocrx_word' id='word_1_190' title='bbox 1742 1774 1930 1822; x_wconf 88' lang='lat' dir='ltr'>natare,</span> <span class='ocrx_word' id='word_1_191' title='bbox 1956 1763 2077 1810; x_wconf 90' lang='lat' dir='ltr'>sicut</span> <span class='ocrx_word' id='word_1_192' title='bbox 2106 1762 2259 1827; x_wconf 88' lang='lat' dir='ltr'>pisces</span> <span class='ocrx_word' id='word_1_193' title='bbox 2285 1778 2396 1808; x_wconf 89' lang='lat' dir='ltr'>cum</span> <span class='ocrx_word' id='word_1_194' title='bbox 2427 1759 2647 1825; x_wconf 89' lang='lat' dir='ltr'>pennulis</span> 
     </span>
     <span class='ocr_line' id='line_1_19' title="bbox 525 1839 2646 1908; baseline -0.001 -21"><span class='ocrx_word' id='word_1_195' title='bbox 525 1842 643 1899; x_wconf 83' lang='lat' dir='ltr'>suis,</span> <span class='ocrx_word' id='word_1_196' title='bbox 665 1859 782 1905; x_wconf 91' lang='lat' dir='ltr'>quas</span> <span class='ocrx_word' id='word_1_197' title='bbox 801 1842 1018 1907; x_wconf 89' lang='lat' dir='ltr'>profecto</span> <span class='ocrx_word' id='word_1_198' title='bbox 1033 1844 1224 1907; x_wconf 90' lang='lat' dir='ltr'>reptiles</span> <span class='ocrx_word' id='word_1_199' title='bbox 1240 1844 1388 1907; x_wconf 87' lang='lat' dir='ltr'>magis</span> <span class='ocrx_word' id='word_1_200' title='bbox 1401 1860 1548 1908; x_wconf 90' lang='lat' dir='ltr'>quam</span> <span class='ocrx_word' id='word_1_201' title='bbox 1567 1839 1832 1908; x_wconf 85' lang='lat' dir='ltr'>gressibiles</span> <span class='ocrx_word' id='word_1_202' title='bbox 1848 1842 2077 1889; x_wconf 91' lang='lat' dir='ltr'>dicendas</span> <span class='ocrx_word' id='word_1_203' title='bbox 2092 1841 2348 1888; x_wconf 89' lang='lat' dir='ltr'>credimus.</span> <span class='ocrx_word' id='word_1_204' title='bbox 2365 1842 2480 1897; x_wconf 84' lang='lat' dir='ltr'>Quae</span> <span class='ocrx_word' id='word_1_205' title='bbox 2496 1855 2646 1903; x_wconf 92' lang='lat' dir='ltr'>quum</span> 
     </span>
     <span class='ocr_line' id='line_1_20' title="bbox 524 1922 2647 1989; baseline -0.001 -21"><span class='ocrx_word' id='word_1_206' title='bbox 524 1940 786 1987; x_wconf 82' lang='lat' dir='ltr'>nunquam,</span> <span class='ocrx_word' id='word_1_207' title='bbox 803 1924 851 1970; x_wconf 91' lang='lat' dir='ltr'>in</span> <span class='ocrx_word' id='word_1_208' title='bbox 884 1934 1061 1971; x_wconf 84' lang='lat' dir='ltr'>terram</span> <span class='ocrx_word' id='word_1_209' title='bbox 1085 1926 1210 1972; x_wconf 82' lang='lat' dir='ltr'>exire</span> <span class='ocrx_word' id='word_1_210' title='bbox 1243 1924 1520 1985; x_wconf 84' lang='lat' dir='ltr'>videantur,</span> <span class='ocrx_word' id='word_1_211' title='bbox 1555 1925 1790 1973; x_wconf 87' lang='lat' dir='ltr'>nonnulla</span> <span class='ocrx_word' id='word_1_212' title='bbox 1817 1924 2014 1989; x_wconf 76' lang='lat' dir='ltr'>quaestio</span> <span class='ocrx_word' id='word_1_213' title='bbox 2038 1933 2108 1971; x_wconf 89' lang='lat' dir='ltr'>est</span> <span class='ocrx_word' id='word_1_214' title='bbox 2130 1922 2191 1970; x_wconf 93' lang='lat' dir='ltr'>de</span> <span class='ocrx_word' id='word_1_215' title='bbox 2213 1922 2316 1969; x_wconf 85' lang='lat' dir='ltr'>ovis</span> <span class='ocrx_word' id='word_1_216' title='bbox 2339 1937 2504 1968; x_wconf 90' lang='lat' dir='ltr'>earum</span> <span class='ocrx_word' id='word_1_217' title='bbox 2524 1935 2647 1984; x_wconf 89' lang='lat' dir='ltr'>quo-</span> 
     </span>
     <span class='ocr_line' id='line_1_21' title="bbox 525 2001 2648 2070; baseline -0.001 -22"><span class='ocrx_word' id='word_1_218' title='bbox 525 2003 674 2049; x_wconf 91' lang='lat' dir='ltr'>modo</span> <span class='ocrx_word' id='word_1_219' title='bbox 708 2020 763 2050; x_wconf 90' lang='lat' dir='ltr'>ea</span> <span class='ocrx_word' id='word_1_220' title='bbox 792 2003 1008 2063; x_wconf 84' lang='lat' dir='ltr'>foveant,</span> <span class='ocrx_word' id='word_1_221' title='bbox 1046 2021 1108 2051; x_wconf 88' lang='lat' dir='ltr'>an</span> <span class='ocrx_word' id='word_1_222' title='bbox 1144 2006 1320 2069; x_wconf 29' lang='lat' dir='ltr'>potius*</span> <span class='ocrx_word' id='word_1_223' title='bbox 1339 2021 1472 2069; x_wconf 87' lang='lat' dir='ltr'>aquae</span> <span class='ocrx_word' id='word_1_224' title='bbox 1506 2006 1619 2070; x_wconf 80' lang='lat' dir='ltr'>ipsae</span> <span class='ocrx_word' id='word_1_225' title='bbox 1652 2005 1820 2052; x_wconf 86' lang='lat' dir='ltr'>talium</span> <span class='ocrx_word' id='word_1_226' title='bbox 1849 2020 1941 2051; x_wconf 81' lang='lat' dir='ltr'>ova</span> <span class='ocrx_word' id='word_1_227' title='bbox 1963 2003 2097 2065; x_wconf 79' lang='lat' dir='ltr'>sicut</span> <span class='ocrx_word' id='word_1_228' title='bbox 2118 2004 2171 2049; x_wconf 73' lang='lat' dir='ltr'>&#39;et</span> <span class='ocrx_word' id='word_1_229' title='bbox 2199 2001 2401 2066; x_wconf 88' lang='lat' dir='ltr'>piscium</span> <span class='ocrx_word' id='word_1_230' title='bbox 2430 2008 2648 2063; x_wconf 85' lang='lat' dir='ltr'>suscepta</span> 
     </span>
     <span class='ocr_line' id='line_1_22' title="bbox 526 2083 1516 2146; baseline 0.003 -18"><span class='ocrx_word' id='word_1_231' title='bbox 526 2083 740 2146; x_wconf 89' lang='lat' dir='ltr'>quodam</span> <span class='ocrx_word' id='word_1_232' title='bbox 761 2101 848 2130; x_wconf 93' lang='lat' dir='ltr'>suo</span> <span class='ocrx_word' id='word_1_233' title='bbox 873 2084 975 2130; x_wconf 90' lang='lat' dir='ltr'>fotu</span> <span class='ocrx_word' id='word_1_234' title='bbox 996 2084 1238 2133; x_wconf 81' lang='lat' dir='ltr'>vivificare</span> <span class='ocrx_word' id='word_1_235' title='bbox 1261 2084 1516 2132; x_wconf 86' lang='lat' dir='ltr'>sufficiant.</span> 
     </span>
    </p>

    <p class='ocr_par' dir='ltr' id='par_1_4' title="bbox 526 2160 2650 2870">
     <span class='ocr_line' id='line_1_23' title="bbox 592 2160 2648 2225; baseline -0.001 -16"><span class='ocrx_word' id='word_1_236' title='bbox 592 2166 754 2220; x_wconf 88' lang='lat' dir='ltr'>Quum</span> <span class='ocrx_word' id='word_1_237' title='bbox 776 2163 914 2222; x_wconf 84' lang='lat' dir='ltr'>dicit,</span> <span class='ocrx_word' id='word_1_238' title='bbox 938 2183 961 2208; x_wconf 89' lang='lat'>«</span> <span class='ocrx_word' id='word_1_239' title='bbox 987 2164 1076 2212; x_wconf 92' lang='lat' dir='ltr'>sub</span> <span class='ocrx_word' id='word_1_240' title='bbox 1101 2164 1405 2212; x_wconf 87' lang='lat' dir='ltr'>firmamento</span> <span class='ocrx_word' id='word_1_241' title='bbox 1428 2165 1558 2223; x_wconf 85' lang='lat' dir='ltr'>coeli,</span> <span class='ocrx_word' id='word_1_242' title='bbox 1583 2183 1605 2209; x_wconf 76' lang='lat' dir='ltr'>n</span> <span class='ocrx_word' id='word_1_243' title='bbox 1631 2164 1927 2212; x_wconf 79' lang='lat' dir='ltr'>intransitive</span> <span class='ocrx_word' id='word_1_244' title='bbox 1948 2163 2138 2210; x_wconf 86' lang='lat' dir='ltr'>videtur</span> <span class='ocrx_word' id='word_1_245' title='bbox 2159 2160 2492 2225; x_wconf 78' lang='lat' dir='ltr'>accipiendum</span> <span class='ocrx_word' id='word_1_246' title='bbox 2513 2161 2648 2223; x_wconf 83' lang='lat' dir='ltr'>quasi</span> 
     </span>
     <span class='ocr_line' id='line_1_24' title="bbox 526 2239 2645 2309; baseline -0.002 -19"><span class='ocrx_word' id='word_1_247' title='bbox 526 2243 614 2290; x_wconf 87' lang='lat' dir='ltr'>sub</span> <span class='ocrx_word' id='word_1_248' title='bbox 630 2243 934 2291; x_wconf 87' lang='lat' dir='ltr'>firmamento</span> <span class='ocrx_word' id='word_1_249' title='bbox 953 2244 1086 2308; x_wconf 87' lang='lat' dir='ltr'>quod</span> <span class='ocrx_word' id='word_1_250' title='bbox 1108 2244 1282 2291; x_wconf 85' lang='lat' dir='ltr'>coelum</span> <span class='ocrx_word' id='word_1_251' title='bbox 1305 2255 1393 2303; x_wconf 90' lang='lat' dir='ltr'>est,</span> <span class='ocrx_word' id='word_1_252' title='bbox 1415 2245 1536 2292; x_wconf 89' lang='lat' dir='ltr'>sicut</span> <span class='ocrx_word' id='word_1_253' title='bbox 1554 2261 1705 2309; x_wconf 90' lang='lat' dir='ltr'>quum</span> <span class='ocrx_word' id='word_1_254' title='bbox 1727 2244 1901 2291; x_wconf 86' lang='lat' dir='ltr'>dicitur</span> <span class='ocrx_word' id='word_1_255' title='bbox 1918 2243 2034 2291; x_wconf 89' lang='lat' dir='ltr'>urbs</span> <span class='ocrx_word' id='word_1_256' title='bbox 2050 2245 2228 2300; x_wconf 82' lang='lat' dir='ltr'>Romae,</span> <span class='ocrx_word' id='word_1_257' title='bbox 2248 2241 2418 2287; x_wconf 87' lang='lat' dir='ltr'>fluvius</span> <span class='ocrx_word' id='word_1_258' title='bbox 2434 2239 2645 2303; x_wconf 77' lang='lat' dir='ltr'>Tyberis,</span> 
     </span>
     <span class='ocr_line' id='line_1_25' title="bbox 527 2318 2646 2388; baseline -0.002 -20"><span class='ocrx_word' id='word_1_259' title='bbox 527 2333 745 2370; x_wconf 86' lang='lat' dir='ltr'>creatura</span> <span class='ocrx_word' id='word_1_260' title='bbox 765 2323 896 2381; x_wconf 75' lang='lat' dir='ltr'>salis,</span> <span class='ocrx_word' id='word_1_261' title='bbox 923 2340 1098 2388; x_wconf 87' lang='lat' dir='ltr'>corpus</span> <span class='ocrx_word' id='word_1_262' title='bbox 1121 2324 1196 2371; x_wconf 82' lang='lat' dir='ltr'>vel</span> <span class='ocrx_word' id='word_1_263' title='bbox 1219 2325 1421 2371; x_wconf 89' lang='lat' dir='ltr'>essentia</span> <span class='ocrx_word' id='word_1_264' title='bbox 1437 2324 1625 2388; x_wconf 89' lang='lat' dir='ltr'>lapidis.</span> <span class='ocrx_word' id='word_1_265' title='bbox 1651 2327 1754 2370; x_wconf 92' lang='lat' dir='ltr'>Hoc</span> <span class='ocrx_word' id='word_1_266' title='bbox 1777 2334 1938 2371; x_wconf 90' lang='lat' dir='ltr'>autem</span> <span class='ocrx_word' id='word_1_267' title='bbox 1959 2322 2339 2378; x_wconf 88' lang='lat' dir='ltr'>firmamentum,</span> <span class='ocrx_word' id='word_1_268' title='bbox 2359 2329 2413 2365; x_wconf 94' lang='lat' dir='ltr'>ut</span> <span class='ocrx_word' id='word_1_269' title='bbox 2433 2318 2646 2383; x_wconf 90' lang='lat' dir='ltr'>superius</span> 
     </span>
     <span class='ocr_line' id='line_1_26' title="bbox 528 2399 2650 2469; baseline -0.002 -20"><span class='ocrx_word' id='word_1_270' title='bbox 528 2403 712 2450; x_wconf 90' lang='lat' dir='ltr'>dictum</span> <span class='ocrx_word' id='word_1_271' title='bbox 733 2412 827 2461; x_wconf 85' lang='lat' dir='ltr'>est,</span> <span class='ocrx_word' id='word_1_272' title='bbox 853 2403 965 2449; x_wconf 91' lang='lat' dir='ltr'>inde</span> <span class='ocrx_word' id='word_1_273' title='bbox 988 2404 1055 2450; x_wconf 91' lang='lat' dir='ltr'>sic</span> <span class='ocrx_word' id='word_1_274' title='bbox 1077 2405 1377 2463; x_wconf 88' lang='lat' dir='ltr'>nominatur,</span> <span class='ocrx_word' id='word_1_275' title='bbox 1404 2404 1538 2469; x_wconf 89' lang='lat' dir='ltr'>quod</span> <span class='ocrx_word' id='word_1_276' title='bbox 1560 2405 1695 2469; x_wconf 88' lang='lat' dir='ltr'>aquis</span> <span class='ocrx_word' id='word_1_277' title='bbox 1717 2403 2076 2468; x_wconf 89' lang='lat' dir='ltr'>interpositum,</span> <span class='ocrx_word' id='word_1_278' title='bbox 2099 2400 2367 2465; x_wconf 80' lang='lat' dir='ltr'>superiores</span> <span class='ocrx_word' id='word_1_279' title='bbox 2385 2399 2452 2445; x_wconf 80' lang='lat' dir='ltr'>ita</span> <span class='ocrx_word' id='word_1_280' title='bbox 2466 2408 2650 2445; x_wconf 86' lang='lat' dir='ltr'>susten-</span> 
     </span>
     <span class='ocr_line' id='line_1_27' title="bbox 529 2479 2647 2549; baseline -0.003 -20"><span class='ocrx_word' id='word_1_281' title='bbox 529 2483 677 2529; x_wconf 92' lang='lat' dir='ltr'>tando</span> <span class='ocrx_word' id='word_1_282' title='bbox 701 2482 883 2542; x_wconf 73' lang='lat' dir='ltr'>firmet‚</span> <span class='ocrx_word' id='word_1_283' title='bbox 910 2493 961 2529; x_wconf 90' lang='lat' dir='ltr'>ut</span> <span class='ocrx_word' id='word_1_284' title='bbox 983 2483 1132 2544; x_wconf 81' lang='lat' dir='ltr'>relabi</span> <span class='ocrx_word' id='word_1_285' title='bbox 1157 2483 1220 2530; x_wconf 89' lang='lat' dir='ltr'>ad</span> <span class='ocrx_word' id='word_1_286' title='bbox 1241 2483 1490 2531; x_wconf 88' lang='lat' dir='ltr'>inferiores</span> <span class='ocrx_word' id='word_1_287' title='bbox 1512 2494 1777 2549; x_wconf 84' lang='lat' dir='ltr'>nequeant,</span> <span class='ocrx_word' id='word_1_288' title='bbox 1801 2483 1879 2530; x_wconf 87' lang='lat' dir='ltr'>vel</span> <span class='ocrx_word' id='word_1_289' title='bbox 1895 2499 1973 2530; x_wconf 89' lang='lat' dir='ltr'>eas</span> <span class='ocrx_word' id='word_1_290' title='bbox 1991 2496 2206 2546; x_wconf 88' lang='lat' dir='ltr'>unquam</span> <span class='ocrx_word' id='word_1_291' title='bbox 2227 2479 2522 2542; x_wconf 86' lang='lat' dir='ltr'>contingere.</span> <span class='ocrx_word' id='word_1_292' title='bbox 2541 2479 2647 2524; x_wconf 90' lang='lat' dir='ltr'>Non</span> 
     </span>
     <span class='ocr_line' id='line_1_28' title="bbox 529 2557 2648 2629; baseline -0.002 -20"><span class='ocrx_word' id='word_1_293' title='bbox 529 2580 641 2627; x_wconf 85' lang='lat' dir='ltr'>ergo</span> <span class='ocrx_word' id='word_1_294' title='bbox 664 2564 858 2628; x_wconf 87' lang='lat' dir='ltr'>proprie</span> <span class='ocrx_word' id='word_1_295' title='bbox 882 2563 1238 2611; x_wconf 87' lang='lat' dir='ltr'>firmamentum</span> <span class='ocrx_word' id='word_1_296' title='bbox 1261 2564 1435 2611; x_wconf 89' lang='lat' dir='ltr'>dicitur</span> <span class='ocrx_word' id='word_1_297' title='bbox 1457 2564 1590 2629; x_wconf 92' lang='lat' dir='ltr'>quod</span> <span class='ocrx_word' id='word_1_298' title='bbox 1613 2564 1747 2628; x_wconf 89' lang='lat' dir='ltr'>aquis</span> <span class='ocrx_word' id='word_1_299' title='bbox 1766 2562 1969 2610; x_wconf 87' lang='lat' dir='ltr'>nubium</span> <span class='ocrx_word' id='word_1_300' title='bbox 1991 2561 2280 2626; x_wconf 83' lang='lat' dir='ltr'>permixtum</span> <span class='ocrx_word' id='word_1_301' title='bbox 2295 2568 2387 2618; x_wconf 88' lang='lat' dir='ltr'>est,</span> <span class='ocrx_word' id='word_1_302' title='bbox 2410 2558 2495 2605; x_wconf 93' lang='lat' dir='ltr'>sed</span> <span class='ocrx_word' id='word_1_303' title='bbox 2515 2557 2648 2622; x_wconf 90' lang='lat' dir='ltr'>quod</span> 
     </span>
     <span class='ocr_line' id='line_1_29' title="bbox 529 2638 2648 2710; baseline -0.002 -20"><span class='ocrx_word' id='word_1_304' title='bbox 529 2661 724 2708; x_wconf 91' lang='lat' dir='ltr'>prorsus</span> <span class='ocrx_word' id='word_1_305' title='bbox 747 2643 807 2690; x_wconf 91' lang='lat' dir='ltr'>ab</span> <span class='ocrx_word' id='word_1_306' title='bbox 831 2645 965 2707; x_wconf 90' lang='lat' dir='ltr'>aquis</span> <span class='ocrx_word' id='word_1_307' title='bbox 987 2662 1193 2692; x_wconf 85' lang='lat' dir='ltr'>vacuum</span> <span class='ocrx_word' id='word_1_308' title='bbox 1214 2646 1431 2710; x_wconf 89' lang='lat' dir='ltr'>superius</span> <span class='ocrx_word' id='word_1_309' title='bbox 1461 2655 1549 2693; x_wconf 90' lang='lat' dir='ltr'>est.</span> <span class='ocrx_word' id='word_1_310' title='bbox 1575 2648 1694 2692; x_wconf 87' lang='lat' dir='ltr'>Aves</span> <span class='ocrx_word' id='word_1_311' title='bbox 1722 2661 1836 2692; x_wconf 88' lang='lat' dir='ltr'>vero</span> <span class='ocrx_word' id='word_1_312' title='bbox 1860 2658 2166 2707; x_wconf 83' lang='lat' dir='ltr'>nequaquam</span> <span class='ocrx_word' id='word_1_313' title='bbox 2191 2640 2353 2688; x_wconf 86' lang='lat' dir='ltr'>volare</span> <span class='ocrx_word' id='word_1_314' title='bbox 2375 2656 2460 2704; x_wconf 88' lang='lat' dir='ltr'>per</span> <span class='ocrx_word' id='word_1_315' title='bbox 2487 2638 2648 2686; x_wconf 80' lang='lat' dir='ltr'>firma-</span> 
     </span>
     <span class='ocr_line' id='line_1_30' title="bbox 530 2723 2648 2790; baseline -0.003 -19"><span class='ocrx_word' id='word_1_316' title='bbox 530 2735 747 2772; x_wconf 90' lang='lat' dir='ltr'>mentum</span> <span class='ocrx_word' id='word_1_317' title='bbox 776 2736 978 2790; x_wconf 90' lang='lat' dir='ltr'>possunt</span> <span class='ocrx_word' id='word_1_318' title='bbox 997 2763 1007 2784; x_wconf 81' lang='lat'>,</span> <span class='ocrx_word' id='word_1_319' title='bbox 1039 2727 1150 2790; x_wconf 89' lang='lat' dir='ltr'>quia</span> <span class='ocrx_word' id='word_1_320' title='bbox 1179 2742 1345 2773; x_wconf 86' lang='lat' dir='ltr'>earum</span> <span class='ocrx_word' id='word_1_321' title='bbox 1366 2742 1573 2790; x_wconf 88' lang='lat' dir='ltr'>corpora</span> <span class='ocrx_word' id='word_1_322' title='bbox 1595 2726 1849 2773; x_wconf 88' lang='lat' dir='ltr'>sustentari</span> <span class='ocrx_word' id='word_1_323' title='bbox 1871 2724 1932 2771; x_wconf 87' lang='lat' dir='ltr'>ab</span> <span class='ocrx_word' id='word_1_324' title='bbox 1956 2739 2064 2771; x_wconf 89' lang='lat' dir='ltr'>aere</span> <span class='ocrx_word' id='word_1_325' title='bbox 2085 2723 2187 2769; x_wconf 92' lang='lat' dir='ltr'>sine</span> <span class='ocrx_word' id='word_1_326' title='bbox 2216 2736 2451 2785; x_wconf 87' lang='lat' dir='ltr'>aquarum</span> <span class='ocrx_word' id='word_1_327' title='bbox 2471 2735 2648 2783; x_wconf 87' lang='lat' dir='ltr'>corpu-</span> 
     </span>
     <span class='ocr_line' id='line_1_31' title="bbox 530 2805 1234 2870; baseline 0 -18"><span class='ocrx_word' id='word_1_328' title='bbox 530 2805 674 2852; x_wconf 89' lang='lat' dir='ltr'>lentia</span> <span class='ocrx_word' id='word_1_329' title='bbox 694 2822 998 2869; x_wconf 90' lang='lat' dir='ltr'>nequaquam</span> <span class='ocrx_word' id='word_1_330' title='bbox 1022 2816 1234 2870; x_wconf 90' lang='lat' dir='ltr'>possent.</span> 
     </span>
    </p>

    <p class='ocr_par' dir='ltr' id='par_1_5' title="bbox 599 2885 1643 2950">
     <span class='ocr_line' id='line_1_32' title="bbox 599 2885 1643 2950; baseline 0.002 -21"><span class='ocrx_word' id='word_1_331' title='bbox 599 2905 621 2929; x_wconf 88' lang='lat'>«</span> <span class='ocrx_word' id='word_1_332' title='bbox 648 2886 955 2949; x_wconf 76' lang='lat' dir='ltr'>Cr&#39;eavitque‚</span> <span class='ocrx_word' id='word_1_333' title='bbox 986 2905 1008 2928; x_wconf 74' lang='grc' dir='ltr'><strong>υ</strong></span> <span class='ocrx_word' id='word_1_334' title='bbox 1036 2902 1092 2932; x_wconf 85' lang='lat' dir='ltr'>ex</span> <span class='ocrx_word' id='word_1_335' title='bbox 1114 2886 1227 2949; x_wconf 91' lang='lat' dir='ltr'>ipsis</span> <span class='ocrx_word' id='word_1_336' title='bbox 1248 2885 1469 2932; x_wconf 87' lang='lat' dir='ltr'>videlicet</span> <span class='ocrx_word' id='word_1_337' title='bbox 1491 2886 1643 2950; x_wconf 86' lang='lat' dir='ltr'>aquis.</span> 
     </span>
    </p>

    <p class='ocr_par' dir='ltr' id='par_1_6' title="bbox 530 2962 2648 3110">
     <span class='ocr_line' id='line_1_33' title="bbox 598 2962 2648 3030; baseline -0.001 -21"><span class='ocrx_word' id='word_1_338' title='bbox 598 2985 619 3010; x_wconf 88' lang='lat'>«</span> <span class='ocrx_word' id='word_1_339' title='bbox 649 2965 868 3012; x_wconf 86' lang='lat' dir='ltr'>Animam</span> <span class='ocrx_word' id='word_1_340' title='bbox 892 2984 914 3009; x_wconf 89' lang='lat'>»</span> <span class='ocrx_word' id='word_1_341' title='bbox 946 2983 1036 3029; x_wconf 88' lang='lat' dir='ltr'>pro</span> <span class='ocrx_word' id='word_1_342' title='bbox 1067 2975 1172 3012; x_wconf 90' lang='lat' dir='ltr'>toto</span> <span class='ocrx_word' id='word_1_343' title='bbox 1203 2966 1446 3012; x_wconf 89' lang='lat' dir='ltr'>animante</span> <span class='ocrx_word' id='word_1_344' title='bbox 1478 2965 1616 3030; x_wconf 91' lang='lat' dir='ltr'>ponit</span> <span class='ocrx_word' id='word_1_345' title='bbox 1642 2981 1698 3011; x_wconf 85' lang='lat' dir='ltr'>ex</span> <span class='ocrx_word' id='word_1_346' title='bbox 1726 2980 1929 3028; x_wconf 87' lang='lat' dir='ltr'>corpore</span> <span class='ocrx_word' id='word_1_347' title='bbox 1957 2963 2166 3011; x_wconf 82' lang='lat' dir='ltr'>simulet</span> <span class='ocrx_word' id='word_1_348' title='bbox 2188 2962 2349 3010; x_wconf 84' lang='lat' dir='ltr'>anima</span> <span class='ocrx_word' id='word_1_349' title='bbox 2370 2969 2648 3017; x_wconf 73' lang='lat' dir='ltr'>constante,</span> 
     </span>
     <span class='ocr_line' id='line_1_34' title="bbox 530 3039 2643 3110; baseline -0.003 -18"><span class='ocrx_word' id='word_1_350' title='bbox 530 3047 670 3092; x_wconf 90' lang='lat' dir='ltr'>unius</span> <span class='ocrx_word' id='word_1_351' title='bbox 693 3045 913 3092; x_wconf 88' lang='lat' dir='ltr'>videlicet</span> <span class='ocrx_word' id='word_1_352' title='bbox 937 3046 1134 3092; x_wconf 89' lang='lat' dir='ltr'>nomine</span> <span class='ocrx_word' id='word_1_353' title='bbox 1157 3046 1304 3110; x_wconf 91' lang='lat' dir='ltr'>partis</span> <span class='ocrx_word' id='word_1_354' title='bbox 1329 3055 1485 3092; x_wconf 86' lang='lat' dir='ltr'>totum</span> <span class='ocrx_word' id='word_1_355' title='bbox 1514 3044 1946 3110; x_wconf 87' lang='lat' dir='ltr'>comprehendens.</span> <span class='ocrx_word' id='word_1_356' title='bbox 1978 3047 2116 3092; x_wconf 82' lang='lat' dir='ltr'>Juxta</span> <span class='ocrx_word' id='word_1_357' title='bbox 2138 3042 2273 3107; x_wconf 90' lang='lat' dir='ltr'>quod-</span> <span class='ocrx_word' id='word_1_358' title='bbox 2300 3051 2347 3088; x_wconf 90' lang='lat' dir='ltr'>et</span> <span class='ocrx_word' id='word_1_359' title='bbox 2375 3040 2486 3088; x_wconf 89' lang='lat' dir='ltr'>alibi</span> <span class='ocrx_word' id='word_1_360' title='bbox 2515 3039 2643 3086; x_wconf 69' lang='lat' dir='ltr'>ait122</span> 
     </span>
    </p>
   </div>
   <div class='ocr_carea' id='block_1_3' title="bbox 531 3226 2649 3507">
    <p class='ocr_par' dir='ltr' id='par_1_7' title="bbox 531 3226 2649 3507">
     <span class='ocr_line' id='line_1_35' title="bbox 578 3226 2647 3281; baseline -0.006 -10"><span class='ocrx_word' id='word_1_361' title='bbox 578 3239 585 3256; x_wconf 85' lang='lat'><strong>¹</strong></span> <span class='ocrx_word' id='word_1_362' title='bbox 612 3237 734 3271; x_wconf 73' lang='lat' dir='ltr'>Eadem</span> <span class='ocrx_word' id='word_1_363' title='bbox 752 3245 801 3271; x_wconf 84' lang='lat' dir='ltr'>est</span> <span class='ocrx_word' id='word_1_364' title='bbox 818 3239 977 3271; x_wconf 75' lang='lat' dir='ltr'>sententia</span> <span class='ocrx_word' id='word_1_365' title='bbox 996 3238 1212 3271; x_wconf 84' lang='lat' dir='ltr'>Theodemari</span> <span class='ocrx_word' id='word_1_366' title='bbox 1233 3238 1356 3272; x_wconf 83' lang='lat' dir='ltr'>abbatis</span> <span class='ocrx_word' id='word_1_367' title='bbox 1379 3237 1564 3271; x_wconf 82' lang='lat' dir='ltr'>Casinensis</span> <span class='ocrx_word' id='word_1_368' title='bbox 1617 3236 1732 3281; x_wconf 84' lang='lat' dir='ltr'>pcdia,</span> <span class='ocrx_word' id='word_1_369' title='bbox 1748 3236 1805 3269; x_wconf 82' lang='lat' dir='ltr'>sed</span> <span class='ocrx_word' id='word_1_370' title='bbox 1827 3236 1926 3270; x_wconf 84' lang='lat' dir='ltr'>etiam</span> <span class='ocrx_word' id='word_1_371' title='bbox 1943 3235 2087 3269; x_wconf 80' lang='lat' dir='ltr'>volatilia</span> <span class='ocrx_word' id='word_1_372' title='bbox 2101 3233 2270 3269; x_wconf 79' lang='lat' dir='ltr'>monachis</span> <span class='ocrx_word' id='word_1_373' title='bbox 2290 3229 2506 3275; x_wconf 79' lang='lat' dir='ltr'>prohibuisse.</span> <span class='ocrx_word' id='word_1_374' title='bbox 2521 3227 2589 3269; x_wconf 84' lang='lat' dir='ltr'>Qua</span> <span class='ocrx_word' id='word_1_375' title='bbox 2605 3226 2647 3260; x_wconf 81' lang='lat' dir='ltr'>de</span> 
     </span>
     <span class='ocr_line' id='line_1_36' title="bbox 531 3285 2649 3338; baseline -0.004 -11"><span class='ocrx_word' id='word_1_376' title='bbox 531 3296 562 3327; x_wconf 91' lang='lat' dir='ltr'>in</span> <span class='ocrx_word' id='word_1_377' title='bbox 581 3294 718 3338; x_wconf 82' lang='lat' dir='ltr'>epistola</span> <span class='ocrx_word' id='word_1_378' title='bbox 734 3297 778 3327; x_wconf 84' lang='lat' dir='ltr'>ad</span> <span class='ocrx_word' id='word_1_379' title='bbox 797 3296 945 3328; x_wconf 80' lang='lat' dir='ltr'>Carolum</span> <span class='ocrx_word' id='word_1_380' title='bbox 963 3295 1115 3336; x_wconf 73' lang='lat' dir='ltr'>Maqnum</span> <span class='ocrx_word' id='word_1_381' title='bbox 1123 3319 1136 3335; x_wconf 89' lang='lat'><em>,</em></span> <span class='ocrx_word' id='word_1_382' title='bbox 1160 3294 1283 3327; x_wconf 85' lang='lat' dir='ltr'>Rabani</span> <span class='ocrx_word' id='word_1_383' title='bbox 1310 3294 1410 3327; x_wconf 78' lang='lat' dir='ltr'>Mauri</span> <span class='ocrx_word' id='word_1_384' title='bbox 1436 3293 1493 3327; x_wconf 89' lang='lat' dir='ltr'>lib.</span> <span class='ocrx_word' id='word_1_385' title='bbox 1513 3293 1563 3335; x_wconf 87' lang='lat'>11,</span> <span class='ocrx_word' id='word_1_386' title='bbox 1617 3305 1654 3327; x_wconf 87' lang='lat' dir='ltr'>re</span> <span class='ocrx_word' id='word_1_387' title='bbox 1670 3294 1744 3327; x_wconf 87' lang='lat' dir='ltr'>vide</span> <span class='ocrx_word' id='word_1_388' title='bbox 1761 3305 1832 3338; x_wconf 86' lang='lat' dir='ltr'>quae</span> <span class='ocrx_word' id='word_1_389' title='bbox 1851 3294 1990 3327; x_wconf 83' lang='lat' dir='ltr'>diximus</span> <span class='ocrx_word' id='word_1_390' title='bbox 2008 3294 2041 3327; x_wconf 85' lang='lat' dir='ltr'>in</span> <span class='ocrx_word' id='word_1_391' title='bbox 2061 3293 2292 3327; x_wconf 81' lang='lat' dir='ltr'>Commentario</span> <span class='ocrx_word' id='word_1_392' title='bbox 2309 3290 2351 3323; x_wconf 80' lang='lat' dir='ltr'>ad</span> <span class='ocrx_word' id='word_1_393' title='bbox 2370 3299 2443 3331; x_wconf 87' lang='lat' dir='ltr'>cap.</span> <span class='ocrx_word' id='word_1_394' title='bbox 2458 3298 2560 3321; x_wconf 79' lang='lat' dir='ltr'>xxxix</span> <span class='ocrx_word' id='word_1_395' title='bbox 2579 3285 2649 3319; x_wconf 74' lang='lat'><strong><em>110-</em></strong></span> 
     </span>
     <span class='ocr_line' id='line_1_37' title="bbox 533 3342 2648 3393; baseline -0.004 -10"><span class='ocrx_word' id='word_1_396' title='bbox 533 3353 572 3383; x_wconf 78' lang='lat' dir='ltr'>de</span> <span class='ocrx_word' id='word_1_397' title='bbox 590 3351 790 3383; x_wconf 78' lang='lat' dir='ltr'>Institutione</span> <span class='ocrx_word' id='word_1_398' title='bbox 807 3351 1015 3388; x_wconf 76' lang='lat' dir='ltr'>clericorum,</span> <span class='ocrx_word' id='word_1_399' title='bbox 1036 3360 1108 3393; x_wconf 84' lang='lat' dir='ltr'>cap.</span> <span class='ocrx_word' id='word_1_400' title='bbox 1126 3361 1234 3390; x_wconf 80' lang='lat' dir='ltr'>xxvn,</span> <span class='ocrx_word' id='word_1_401' title='bbox 1266 3358 1298 3384; x_wconf 84' lang='lat' dir='ltr'>et</span> <span class='ocrx_word' id='word_1_402' title='bbox 1323 3350 1426 3384; x_wconf 82' lang='lat' dir='ltr'>sancti</span> <span class='ocrx_word' id='word_1_403' title='bbox 1452 3350 1566 3383; x_wconf 86' lang='lat' dir='ltr'>Hilde-</span> <span class='ocrx_word' id='word_1_404' title='bbox 1619 3352 1704 3392; x_wconf 75' lang='lat' dir='ltr'>ynloe</span> <span class='ocrx_word' id='word_1_405' title='bbox 1718 3352 1824 3383; x_wconf 73' lang='lat' dir='ltr'>sancti</span> <span class='ocrx_word' id='word_1_406' title='bbox 1836 3350 2012 3384; x_wconf 77' lang='lat' dir='ltr'>Benedicti.</span> <span class='ocrx_word' id='word_1_407' title='bbox 2031 3348 2126 3392; x_wconf 82' lang='lat' dir='ltr'>(Not.</span> <span class='ocrx_word' id='word_1_408' title='bbox 2141 3348 2236 3382; x_wconf 85' lang='lat' dir='ltr'>Edm.</span> <span class='ocrx_word' id='word_1_409' title='bbox 2251 3345 2420 3386; x_wconf 78' lang='lat' dir='ltr'>Martene.)</span> <span class='ocrx_word' id='word_1_410' title='bbox 2435 3363 2474 3369; x_wconf 89' lang='lat'>-—</span> <span class='ocrx_word' id='word_1_411' title='bbox 2486 3342 2499 3360; x_wconf 74' lang='grc'><strong>’</strong></span> <span class='ocrx_word' id='word_1_412' title='bbox 2519 3344 2648 3382; x_wconf 58' lang='lat' dir='ltr'>Gener„</span> 
     </span>
     <span class='ocr_line' id='line_1_38' title="bbox 533 3406 1904 3450; baseline -0.001 -11"><span class='ocrx_word' id='word_1_413' title='bbox 533 3406 640 3449; x_wconf 81' lang='lat' dir='ltr'>gardis</span> <span class='ocrx_word' id='word_1_414' title='bbox 657 3407 689 3439; x_wconf 92' lang='lat' dir='ltr'>in</span> <span class='ocrx_word' id='word_1_415' title='bbox 706 3407 913 3448; x_wconf 79' lang='lat' dir='ltr'>Expositione</span> <span class='ocrx_word' id='word_1_416' title='bbox 933 3408 1052 3449; x_wconf 76' lang='lat' dir='ltr'>requloe</span> <span class='ocrx_word' id='word_1_417' title='bbox 1065 3409 1169 3439; x_wconf 77' lang='lat' dir='ltr'>sancti</span> <span class='ocrx_word' id='word_1_418' title='bbox 1183 3407 1361 3440; x_wconf 82' lang='lat' dir='ltr'>Benedicti.</span> <span class='ocrx_word' id='word_1_419' title='bbox 1380 3406 1567 3439; x_wconf 82' lang='lat' dir='ltr'>Communis</span> <span class='ocrx_word' id='word_1_420' title='bbox 1621 3417 1695 3450; x_wconf 88' lang='lat' dir='ltr'>cap.</span> <span class='ocrx_word' id='word_1_421' title='bbox 1714 3417 1781 3448; x_wconf 77' lang='lat' dir='ltr'>xiv,</span> <span class='ocrx_word' id='word_1_422' title='bbox 1797 3416 1829 3439; x_wconf 83' lang='lat' dir='ltr'>v.</span> <span class='ocrx_word' id='word_1_423' title='bbox 1848 3407 1904 3438; x_wconf 71' lang='lat'>⁰21.</span> 
     </span>
     <span class='ocr_line' id='line_1_39' title="bbox 535 3462 1568 3507; baseline 0.002 -12"><span class='ocrx_word' id='word_1_424' title='bbox 535 3469 640 3498; x_wconf 84' lang='lat' dir='ltr'>tamen</span> <span class='ocrx_word' id='word_1_425' title='bbox 656 3463 766 3507; x_wconf 89' lang='lat' dir='ltr'>opinio</span> <span class='ocrx_word' id='word_1_426' title='bbox 783 3470 832 3497; x_wconf 82' lang='lat' dir='ltr'>est</span> <span class='ocrx_word' id='word_1_427' title='bbox 845 3469 990 3496; x_wconf 76' lang='lat' dir='ltr'>sanctum</span> <span class='ocrx_word' id='word_1_428' title='bbox 1007 3462 1216 3497; x_wconf 87' lang='lat' dir='ltr'>Benedictum</span> <span class='ocrx_word' id='word_1_429' title='bbox 1230 3474 1294 3497; x_wconf 91' lang='lat' dir='ltr'>non</span> <span class='ocrx_word' id='word_1_430' title='bbox 1308 3463 1412 3498; x_wconf 83' lang='lat' dir='ltr'>solum</span> <span class='ocrx_word' id='word_1_431' title='bbox 1426 3463 1568 3507; x_wconf 78' lang='lat' dir='ltr'>quadru-</span> 
     </span>
    </p>
   </div>
  </div>
 </body>
</html>
