2970 4152
529 405 623 451 580
1012 392 1018 399 ’
1328 401 1497 448 PETRI
1531 401 1844 449 ABAELARDI

529 496 793 560 virginibus
816 493 1159 543 anteferendae?
1183 494 1409 558 Nunquid
1437 494 1576 560 lippae
1602 495 1867 542 fecunditas
1890 493 1981 539 Liae
2002 490 2358 556 pulchritudine
2380 487 2556 536 Rachel
2577 486 2643 533 in-

529 576 742 624 fecundae
780 575 956 638 gratior
991 573 1141 620 extitit
1174 573 1487 638 patriarchae?
1518 576 1737 639 Denique
1769 575 1858 621 ista
1887 571 2164 619 fecunditati
2199 570 2375 616 sororis
2402 566 2640 623 invidens,

528 673 680 721 quum
712 657 760 701 in
791 655 881 701 hac
915 646 1108 718 quoque
1140 670 1192 700 re
1225 671 1468 702 summum
1503 654 1794 702 desiderium
1824 670 1965 700 suum
1998 650 2240 716 implesset
2261 650 2365 714 ipso
2393 664 2480 694 suo
2503 655 2643 711 partu

527 736 732 782 extincta
755 743 841 792 est,
869 743 916 780 et
937 750 1042 798 quae
1063 733 1322 782 infecunda
1342 735 1523 782 vixerat
1544 735 1822 792 incolumiS,
1849 733 1909 779 de
1932 730 2221 778 fecunditate
2243 745 2328 776 sua
2350 737 2557 774 mortem
2578 725 2645 772 in-

527 816 689 861 currit.
715 813 846 861 Tales
864 814 1080 878 profecto
1103 815 1179 861 isti
1202 825 1330 875 sunt,
1356 816 1439 880 qui
1465 815 1527 863 ad
1553 816 1881 880 episcopatum
1904 811 2198 870 anhelantes,
2224 826 2375 874 quum
2390 809 2451 855 de
2473 823 2643 854 mona-

526 894 677 941 steriis
698 904 986 941 revocantur
1008 894 1069 941 ad
1091 894 1333 955 saeculum,
1353 906 1401 943 et
1422 896 1556 960 quasi
1572 896 1633 942 de
1655 894 1894 942 sterilibus
1916 892 2124 950 fecundi,
2151 902 2206 939 ut
2227 891 2409 938 dictum
2432 899 2518 948 est,
2541 887 2644 935 fieri

527 974 806 1037 gloriantur,
828 991 884 1021 ex
905 974 1027 1021 hac
1015 992 1118 1040 ipsa
1134 976 1284 1039 gloria
1305 976 1546 1040 dignitatis
1569 974 1835 1040 periculum
1857 975 2108 1021 incurrunt
2129 971 2386 1035 religionis.
2413 967 2558 1036 Quod
2578 966 2647 1015 di-

524 1055 724 1118 ligenter
755 1072 932 1120 sponsa
965 1056 1015 1101 in
1053 1058 1261 1103 Cantz'cl's
1295 1056 1563 1115 attendens,
1596 1073 1775 1121 sponso
1805 1055 1867 1103 ad
1895 1055 1995 1118 ejus
2018 1055 2195 1101 ostium
2216 1052 2448 1122 pulsanti,
2474 1058 2528 1097 ut
2554 1047 2646 1096 sibi

525 1135 763 1199 aperiatur
792 1135 1078 1200 postulanti,
1110 1152 1171 1183 ne
1199 1137 1358 1200 ipsum
1390 1136 1485 1182 hoc
1513 1136 1804 1193 consentiat,
1837 1134 2010 1182 talibus
2038 1150 2088 1181 se
2116 1133 2356 1197 responsis
2387 1129 2641 1178 excusat².
2632 1145 2641 1155 ·

529 1235 550 1260 «
571 1215 841 1279 Exspoliavi
865 1232 942 1263 me
965 1216 1128 1263 tunica
1149 1232 1279 1273 mea,
1307 1215 1557 1279 quomodo
1586 1215 1759 1261 induar
1781 1214 1885 1261 illa?
1908 1215 2022 1260 Lavi
2043 1212 2190 1277 pedes
2212 1228 2369 1270 meos,
2396 1207 2646 1274 quomodo

524 1295 788 1359 inquinabo
811 1295 943 1342 illos?
963 1315 984 1339 »
1011 1296 1139 1352 Quid
1166 1296 1294 1341 enim
1317 1311 1493 1358 sponsa
1515 1296 1565 1340 in
1588 1294 1763 1341 lectulo
1787 1295 2035 1358 quiescens
2057 1293 2355 1356 intelligitur,
2382 1291 2473 1338 nisi
2494 1288 2647 1337 fidelis

523 1375 700 1434 anima,
715 1391 836 1438 quae,
852 1375 1015 1422 relicta
1027 1374 1183 1421 saeculi
1197 1373 1491 1420 tumultuosa
1511 1374 1622 1432 vita,
1640 1373 2035 1436 tranquillitatem
2053 1372 2272 1418 solitariae
2288 1381 2423 1417 tanto
2442 1369 2646 1435 amplius

523 1453 693 1517 diligit,
721 1464 903 1518 quanto
927 1455 976 1500 in
1000 1470 1056 1501 ea
1077 1453 1271 1500 liberius
1293 1456 1396 1499 Deo
1420 1452 1653 1499 deservit?
1683 1454 1841 1508 Quam
1864 1468 2014 1515 quum
2036 1450 2190 1496 fidelis
2212 1449 2419 1514 populus
2440 1448 2502 1495 ad
2523 1448 2646 1511 regi-

523 1552 633 1582 men
667 1535 739 1581 sui
772 1534 998 1598 requirit,
1035 1544 1088 1580 ut
1118 1533 1379 1580 videlicet
1367 1549 1470 1597 lpsa
1504 1531 1830 1579 ecclesiasticis
1862 1531 2132 1595 implicetur
2161 1530 2388 1592 negotiis,
2420 1528 2557 1592 quasi
2584 1527 2644 1575 ad

524 1616 700 1662 ostium
722 1614 885 1661 cellae
873 1614 1019 1679 ipsius
1042 1613 1257 1660 Christus
1279 1613 1465 1677 pulsat
1453 1630 1502 1658 in
1520 1612 1749 1658 membris
1771 1612 1885 1671 suis,
1906 1621 1953 1657 et
1973 1621 2027 1657 ut
2041 1610 2132 1657 sibi
2154 1610 2392 1675 aperiatur
2409 1608 2654 1694 postulat3>

523 1695 618 1742 hoc
632 1705 718 1753 est,
736 1705 790 1741 ut
812 1693 975 1740 fideles
998 1693 1059 1740 ad
1081 1710 1131 1740 se
1151 1693 1371 1740 admittat
1392 1693 1552 1757 potius
1575 1709 1723 1757 quam
1746 1691 1982 1751 excludat,
2003 1692 2166 1757 eisque
2185 1708 2385 1756 praeesse
2397 1678 2650 1752 sustineat,

524 1785 570 1822 et
592 1776 855 1822 multorum
876 1774 1078 1822 salutem
1097 1791 1191 1821 suae
1213 1774 1495 1839 perfectioni
1516 1783 1784 1838 praeponat.
1807 1775 1864 1820 At
1879 1772 1960 1820 illa
1980 1773 2138 1820 saeculi
2159 1774 2448 1820 tentationes
2469 1788 2647 1837 praeca-

522 1872 660 1914 vens,
692 1855 768 1902 vel
801 1854 1083 1901 meritorum
1116 1871 1315 1900 suorum
1347 1853 1720 1900 diminutionem
1743 1870 1843 1900 non
1868 1853 2048 1912 ferens,
2080 1852 2328 1900 devotioni
2355 1852 2648 1918 pulsantium
2710 1891 2713 1894 .

523 1935 615 1981 tale
649 1936 697 1981 in
733 1935 1088 2002 excusationem
1122 1934 1195 1980 sui
1229 1933 1366 1981 affert
1400 1935 1713 1998 responsum²
1739 1952 1748 1979 :
1780 1952 1803 1978 «
1828 1934 1948 1979 Exui
1977 1950 2055 1980 me
2083 1934 2246 1980 tunica
2267 1949 2391 1992 mea,
2413 1952 2435 1976 »
2460 1933 2556 1980 hoc
2579 1943 2650 1980 est

523 2016 806 2062 exteriorem
834 2014 990 2061 saeculi
1017 2031 1183 2061 curam
1205 2031 1260 2060 ex
1283 2024 1398 2060 voto
1422 2013 1609 2077 reliqui.
1642 2014 1820 2060 Tunica
1841 2014 2044 2078 quippe,
2070 2030 2175 2078 quae
2197 2013 2400 2060 camisiae
2422 2013 2497 2059 vel
2518 2012 2652 2078 pelli-

524 2096 605 2141 ciae
623 2095 979 2159 superponitur,
999 2094 1204 2141 exterior
1222 2104 1292 2141 est
1309 2093 1658 2142 administratio
1681 2093 1978 2141 saecularium
1997 2110 2174 2140 rerum.
2193 2094 2307 2140 Lavi
2329 2093 2476 2158 pedes
2493 2109 2645 2152 meos,

523 2173 618 2220 hoc
638 2184 708 2220 est
721 2173 917 2220 affectus
941 2175 1002 2221 ab
1025 2175 1399 2239 inquinamentis
1423 2175 1717 2223 saecularium
1734 2176 2055 2223 tentationum
2078 2174 2327 2232 mundavi,
2350 2183 2397 2220 et
2419 2173 2480 2220 ab
2499 2172 2651 2219 illece-

523 2254 622 2301 bris
647 2254 999 2301 mundanarum
1022 2271 1246 2302 curarum
1267 2256 1483 2319 purgavi.
1509 2255 1714 2302 Pedibus
1737 2257 1915 2320 quippe
1938 2255 2176 2314 ducimur,
2208 2264 2255 2301 et
2286 2253 2459 2300 affectu
2483 2262 2649 2301 nostro

525 2334 585 2381 ad
609 2334 831 2382 effectum
851 2336 1008 2400 operis
1032 2335 1285 2394 trahimur,
1311 2335 1518 2399 ideoque
1536 2352 1622 2400 per
1643 2335 1790 2399 pedes
1807 2335 2004 2382 affectus
2019 2331 2366 2399 exprimuntur.
2386 2335 2455 2379 De
2474 2332 2649 2379 lectulo

524 2415 584 2462 ad
601 2425 777 2462 terram
793 2415 940 2481 pedes
953 2416 1198 2481 deponere
1218 2416 1354 2462 timet
1368 2432 1430 2462 ne
1446 2417 1777 2487 inquinentur,
1793 2417 1907 2480 quia
1921 2431 2172 2479 nunquam
2183 2431 2348 2462 veram
2363 2412 2672 2460 munditiam?

524 2506 710 2560 reputat
733 2507 863 2544 extra
884 2506 1121 2544 secretum
1143 2513 1237 2543 suae
1259 2497 1447 2560 quietis.
1466 2496 1604 2543 Unde
1627 2507 1674 2543 et
1695 2496 2028 2561 apostolorum
2046 2512 2240 2560 quoque
2255 2494 2402 2560 pedes
2415 2492 2651 2540 Dominus

525 2576 745 2636 abluens,
783 2587 1002 2642 patenter
1036 2577 1194 2623 innuit
1232 2593 1539 2641 nequaquam
1573 2577 1675 2624 sine
1711 2577 1872 2641 aliquo
1907 2576 2373 2640 contagio’pulveris
2415 2574 2651 2639 perfectos
2683 2618 2695 2631 „

524 2657 667 2704 etiam
689 2657 817 2704 viros
853 2657 1091 2704 mundum
1118 2656 1452 2722 perambulare
1487 2674 1645 2721 posse.
1671 2660 1775 2704 Hoc
1797 2668 1891 2716 est,
1924 2673 2230 2721 nequaquam
2253 2655 2336 2702 diu
2359 2655 2483 2700 inter
2504 2652 2694 2700 tenta-''·

523 2739 677 2785 tiones
709 2749 852 2802 atque
874 2738 1119 2790 illecebras
1142 2738 1299 2785 saeculi
1322 2739 1620 2797 conversari,
1647 2749 1701 2784 ut
1724 2755 1825 2784 non
1849 2738 1964 2784 inde
1986 2737 2145 2801 aliqua
2166 2735 2352 2782 macula
2374 2743 2549 2782 nostrae
2574 2732 2650 2779 in-

524 2810 758 2865 firmitatis
781 2818 976 2865 effectus
1005 2828 1364 2882 respergantur,
1391 2819 1478 2865 etsi
1499 2836 1599 2865 non
1624 2835 1775 2883 usque
1805 2818 1867 2865 ad
1896 2834 2044 2883 opera
2070 2817 2270 2864 tentatio
2293 2814 2573 2881 pertrahat..

588 2899 796 2957 Prolixa,
823 2898 990 2945 fratres
1003 2935 1014 2957 ,
1034 2898 1132 2957 imo
1155 2898 1393 2963 superflua
1415 2898 1707 2962 digressione
1727 2915 2001 2946 sermonem
2023 2908 2242 2946 nostrum
2264 2896 2462 2943 fortasse
2483 2892 2652 2960 videor

525 2978 851 3042 protendisse,
877 2988 924 3025 et
946 2978 1007 3025 ab
1030 2978 1227 3024 exordio
1252 2979 1403 3024 nostri
1425 2980 1661 3043 propositi
1683 2979 1871 3042 longius
1895 2979 2158 3025 recessisse.
2181 2976 2395 3025 Laudare
2416 2968 2651 3032 Joannem

526 3059 816 3122 incoeperam
831 3095 842 3117 ‚
868 3058 990 3105 sicut
1016 3058 1262 3104 hodiernae
1285 3058 1599 3105 solemnitatis
1631 3058 1835 3121 dignitas
1869 3059 2108 3122 exigebat,
2134 3067 2181 3104 et
2206 3073 2335 3104 nunc
2357 3055 2484 3102 inde·
2501 3053 2563 3101 ad
2584 3053 2653 3100 vi-

525 3140 877 3202 tuperationem
899 3149 1115 3186 nostram
1137 3138 1312 3202 stylum
1333 3139 1578 3196 converti,
1603 3139 1739 3202 quasi
1760 3156 1930 3185 eorum
1952 3139 2122 3187 vitium
2142 3138 2412 3194 incurrens,
2438 3135 2522 3198 qui
2540 3124 2650 3187 'sule

525 3219 650 3265 liana
679 3219 1052 3282 reprehensione
1074 3219 1224 3283 digni,
1250 3219 1445 3266 laudare
1469 3219 1653 3282 aliquos
1682 3220 1929 3278 nesciunt,
1957 3219 2048 3266 nisi
2071 3219 2189 3265 alios
2219 3216 2535 3279 redarguantq,
2562 3230 2650 3261 nec

526 3298 648 3345 ullos
666 3298 914 3357 extollere,
946 3300 1038 3346 nisi
1061 3300 1177 3346 alios
1200 3299 1489 3364 deprimant.
1519 3298 1611 3344 Sed
1641 3299 1753 3362 quia
1774 3315 1931 3346 sermo
1957 3308 2120 3345 noster
2140 3297 2405 3356 hodiernus
2427 3312 2526 3342 non
2550 3305 2649 3341 tam

575 3479 583 3496 ¹
601 3480 708 3519 Cant„
723 3489 798 3523 cap.
819 3491 850 3520 v,
871 3491 899 3512 v.
918 3481 948 3511 3.
967 3497 1003 3503 -
1021 3479 1132 3512 ²1bid.

2753 2723 2773 2746 p
