2970 4152
1210 354 1526 401 EPISTOLAE.
2256 389 2257 393 ,
2340 358 2430 403 149

321 452 486 506 beatus
508 452 654 516 egisse
682 449 938 514 Gregorius
971 447 1237 496 refertur¹?
1273 451 1518 495 Noverunt
1545 448 1843 495 homines-in
1872 449 2337 513 coenomargaritam
2365 450 2453 517 le·-

321 547 457 595 gerel,
479 541 533 578 *et
551 547 588 582 „a
612 530 757 596 paleis
780 546 926 594 grana
950 528 1243 586 discernere,
1281 538 1328 575 et
1349 527 1479 575 dona
1503 544 1587 574 sua
1610 526 1877 575 infidelitati
1903 528 2126 592 adjuncta
2147 532 2275 576 Deus
2299 530 2432 592 igno-

322 627 425 661 rare
459 627 559 657 non
598 620 782 674 potest,
814 625 902 656 nec
939 608 1200 673 quidquam
1229 607 1545 671 horum-quae
1576 606 1736 654 fecerit
1760 607 1910 655 odire.
1950 610 2066 665 Quae
2102 625 2199 672 quo
2233 608 2434 672 amplius

321 691 463 755 signis
487 700 767 749 coruscant,
799 698 932 735 tanto
961 687 1166 753 amplius
1192 676 1278 734 sua
1306 703 1407 733 esse
1438 686 1760 745 demonstrat,
1798 687 2175 734 nec-hominum
2205 688 2434 753 pravitate

321 785 407 826 sua
430 753 668 834 inquinari
697 785 837 833 posse
853 803 867 828 ‚
896 777 942 814 et
966 767 1116 831 qualis
1142 768 1200 814 sit
1226 766 1445 814 fidelibus
1465 766 1778 831 spectandus,
1806 768 1888 831 qui
1913 767 2053 815 talem
2077 785 2126 815 se
2151 768 2342 816 exhibet
2364 770 2433 816 in—

323 849 555 913 fidelibus.
579 851 816 907 Quantam
842 857 1001 894 autem
1023 847 1152 911 apud
1175 846 1389 894 infideles
1405 846 1682 910 dignitatem
1703 846 1874 894 devota
1899 847 1977 895 illa
2002 849 2188 914 templis
2211 850 2436 915 pudicitia

324 931 390 985 sit.
403 928 605 993 adepta,
631 928 838 991 vindicta
863 926 1132 981 violationis
1160 926 1352 975 indicat.
1381 929 1538 984 Quam
1563 926 1737 974 scilicet
1762 926 2019 974 vindictam
2045 929 2280 976 Juvenalis
2303 946 2435 977 com-

276 1027 279 1030 *
324 1004 595 1064 memorans
619 1008 667 1055 in
695 1010 756 1055 IV
774 1017 928 1071 satyra
954 1009 1133 1054 Contra
1160 1008 1452 1071 Crispinum,
1477 1006 1543 1053 sic
1571 1005 1760 1071 deipso
1785 1007 1848 1054 ait
1867 1009 1879 1031 ¹
1902 1025 1912 1052 :

1141 1141 1241 1181 Cum
1260 1151 1342 1194 quo
1362 1151 1490 1192 nuper
1509 1138 1647 1180 vitiata
1660 1117 1821 1199 jacebat

678 1214 679 1217 ’
751 1210 957 1264 Sanguine
976 1207 1110 1250 adhuc
1127 1208 1221 1248 vivo
1241 1213 1390 1248 terram
1407 1207 1594 1248 subitura
1612 1201 1816 1249 sacerdos.

326 1342 464 1391 Unde
487 1352 535 1390 et
561 1342 845 1405 Augustinus
867 1340 925 1388 de
953 1342 1148 1388 Ciuitate
1180 1343 1297 1398 Dei,
1335 1339 1418 1387 lib.
1452 1343 1513 1387 111
1529 1342 1544 1366 ³
1578 1358 1588 1387 :
1626 1360 1649 1386 «
1674 1343 1791 1387 Nam
1822 1350 1868 1387 et
1893 1341 2007 1404 ipsi,
2034 1358 2056 1384 n
2083 1342 2264 1405 inquit,
2302 1362 2323 1385 «
2347 1346 2441 1389 Ro-

326 1422 453 1486 mani
481 1421 664 1486 antiqui
698 1422 948 1485 inestupro
983 1420 1190 1468 detectas
1218 1423 1367 1468 Vestae
1397 1420 1667 1468 sacerdotes
1691 1421 1820 1468 vivas
1843 1420 2164 1469 defodiebant.
2196 1422 2440 1470 Adulteras

325 1510 485 1549 autem
515 1501 712 1548 feminas
740 1501 957 1564 quamvis
991 1500 1149 1564 aliqua
1186 1500 1523 1560 damnatione,
1553 1500 1684 1547 nulla
1717 1511 1875 1548 tamen
1914 1512 2068 1548 morte
2100 1502 2384 1567 plectebant.
2413 1524 2436 1547 »

327 1583 486 1646 Usque
514 1581 636 1630 adeo
661 1581 847 1645 gravius
874 1596 978 1645 quae
1012 1579 1244 1645 putabant
1275 1580 1436 1627 abdita
1467 1580 1655 1639 divina,
1683 1598 1829 1645 quam
1851 1581 2062 1629 humana
2087 1583 2260 1631 cubilia
2290 1584 2443 1631 vindi-

239 1685 257 1702 ο
325 1662 513 1710 cabant.
541 1661 679 1727 Apud
708 1677 797 1708 nos
823 1670 982 1708 autem
1007 1660 1375 1708 christianorum
1398 1677 1512 1708 cura
1538 1661 1807 1725 principum
1843 1671 1976 1709 tanto
2002 1663 2204 1728 amplius
2237 1674 2406 1711 nostrae
2430 1667 2443 1687 ⁴

325 1741 534 1807 providit
556 1741 874 1800 castimoniae,
905 1750 1086 1804 quanto
1112 1757 1218 1787 eam
1254 1740 1538 1788 sanctiorem
1569 1757 1669 1788 esse
1699 1757 1797 1788 non
1837 1741 2094 1789 dubitatur.
2139 1744 2276 1791 Unde
2306 1745 2443 1791 Justi-

329 1822 498 1869 nianus
527 1822 759 1884 Augustus
776 1822 822 1866 ⁸:
855 1820 947 1866 «Si
970 1819 1099 1884 quis,
1125 1838 1149 1865 υ
1180 1820 1329 1884 inquit
1349 1856 1362 1879 ,
1396 1839 1420 1864 «
1446 1837 1546 1867 non
1572 1820 1730 1867 dicam
1759 1837 1950 1885 rapere,
1982 1821 2067 1868 sed
2094 1832 2322 1870 attentare
2342 1834 2443 1870 tan·

327 1909 428 1951 tum
446 1917 627 1961 ‚causa
646 1899 880 1965 jungendi
905 1899 1265 1948 matrimonium
1281 1891 1307 1959 ,i
1325 1916 1482 1948 sacras
1503 1900 1707 1964 'virgines
1729 1917 1870 1948 ausus
1895 1901 2060 1960 fuerit,
2090 1903 2278 1966 capitali
2302 1920 2442 1967 poena

327 1983 532 2031 feriatur.
561 2002 584 2027 υ
612 1982 944 2031 Ecclesiasticae
977 1998 1172 2047 quoque
1207 1982 1388 2030 sanctio
1421 1981 1704 2046 disciplinae,
1743 1999 1848 2046 quae
1883 1983 2171 2046 poenitentiae
2201 1985 2409 2031 remedia
2429 2021 2440 2043 ,

329 2081 428 2113 non
462 2065 628 2112 mortis
663 2080 751 2130 sup
786 2063 893 2112 licia
927 2064 1121 2128 quaerit,
1149 2080 1294 2128 quam
1329 2079 1493 2110 severa
1526 2064 1758 2110 sententia
1789 2063 1949 2129 lapsus
1983 2074 2165 2111 vestros
2192 2068 2446 2130 praeveniat

328 2161 427 2192 non
461 2153 530 2191 est
561 2143 710 2191 dubiu
809 2143 947 2191 Unde
975 2142 1102 2191 illud
1128 2153 1199 2191 est
1223 2143 1487 2191 Innocentii
1515 2147 1666 2208 papae¹
1686 2143 1905 2191 Victricio
1943 2145 2168 2210 episcopo
2198 2144 2443 2193 rothoma-

330 2225 486 2290 gensi,
516 2216 621 2290 eap.
655 2226 765 2272 xxn‘
791 2243 801 2271 ε
828 2242 852 2270 «
874 2227 992 2283 Quae
1018 2224 1207 2272 Christo
1236 2223 1539 2290 spiritualiter
1563 2223 1779 2284 nubunt,
1807 2233 1855 2271 et
1880 2240 1907 2271 a
1934 2225 2179 2272 sacerdote
2202 2225 2442 2286 velantur,

330 2306 369 2353 si
397 2315 561 2371 postea
586 2305 661 2354 vel
689 2304 876 2371 publice
902 2305 1150 2370 nupserint
1171 2341 1183 2365 ,
1224 2304 1298 2352 vel
1323 2304 1509 2352 occulte
1532 2315 1768 2371 corruptae
1807 2305 1982 2352 fuerint
1999 2341 2012 2365 ,
2047 2323 2146 2353 non
2172 2323 2250 2354 eas
2279 2306 2447 2354 admit-

331 2386 497 2433 tendas
521 2401 622 2434 esse
654 2385 717 2433 ad
751 2385 985 2450 agendam
1011 2386 1364 2452 poenitentiam,
1394 2385 1552 2432 nisiis
1582 2386 1659 2432 cui
1692 2401 1742 2432 se
1777 2386 2120 2449 conjunxerant
2149 2386 2210 2433 de
2236 2387 2325 2434 hac
2354 2389 2446 2435 vita

331 2465 609 2513 discesserit.
633 2483 658 2510 »
691 2468 772 2515 Hae
797 2481 910 2512 vero
927 2501 941 2525 ,
969 2482 1074 2529 quae
1094 2465 1303 2513 necdum
1327 2481 1464 2512 sacro
1488 2464 1722 2512 velamine
1749 2474 1880 2512 tectae
1896 2501 1907 2523 ,
1935 2475 2093 2512 tamen
2125 2466 2172 2512 in
2199 2468 2446 2531 proposito

330 2545 544 2610 virginali
568 2561 756 2609 semper
776 2561 826 2593 se
843 2544 1167 2610 simulaverint
1184 2561 1464 2610 permanere
1482 2580 1493 2605 ‚
1520 2544 1628 2592 licet
1648 2544 1810 2592 velatae
1834 2561 1931 2591 non
1956 2545 2130 2592 fuerint
2143 2582 2155 2605 ,
2177 2546 2249 2593 his
2265 2547 2446 2611 agenda

331 2626 574 2691 aliquanto
600 2635 816 2690 tempore
841 2625 1118 2691 poenitentia
1142 2634 1213 2673 est
1236 2643 1246 2671 ε
1277 2625 1388 2689 quia
1415 2625 1610 2690 sponsio
1637 2641 1800 2672 earum
1824 2642 1850 2672 a
1874 2626 2084 2673 Domino
2111 2626 2375 2674 tenebatur..
2401 2629 2447 2693 Si

331 2722 444 2754 vero
470 2706 592 2754 inter
623 2705 844 2753 homines
868 2705 988 2753 solet
1022 2705 1164 2753 bonae
1199 2704 1308 2752 fidei
1345 2714 1617 2753 contractus
1640 2705 1770 2753 nulla
1795 2706 1977 2753 ratione
2005 2706 2226 2767 dissolvi,
2267 2718 2447 2772 quanto

334 2787 480 2851 magis
505 2787 590 2833 ista
608 2785 884 2851 pollicitatio
901 2822 913 2846 ,
947 2802 1093 2851 quam
1118 2802 1229 2833 cum
1259 2788 1365 2833 Deo
1388 2787 1696 2851 pepigerunt,
1727 2787 1848 2833 solvi
1872 2787 1974 2834 sine
1999 2788 2207 2836 vindicta
2234 2805 2330 2836 non
2364 2807 2448 2854 po-

333 2867 471 2916 terit?
495 2869 614 2914 Nam
638 2867 678 2914 si
701 2867 943 2932 apostolus
972 2867 1142 2915 Paulus
1159 2870 1172 2893 ⁷
1187 2902 1200 2925 ‚
1232 2884 1337 2932 quae
1359 2884 1387 2915 a
1415 2869 1664 2933 proposito
1701 2868 1941 2915 viduitatis
1968 2868 2301 2929 discesserant,
2331 2870 2448 2919 dixit

333 2965 411 2996 eas
433 2946 610 2995 habere
630 2946 1085 2995 condemnationem
1102 2983 1115 3007 ,
1143 2948 1255 3012 quia
1271 2948 1476 3013 primam
1499 2947 1646 2995 fidem
1670 2948 1852 2995 irritam
1874 2948 2086 2995 fecerunt
2109 2966 2118 2994 :
2145 2960 2326 3013 quanto
2354 2966 2450 2997 ma-

334 3028 401 3092 gis
438 3027 668 3091 virgines,
722 3043 827 3091 quae
864 3027 1036 3092 prioris
1071 3028 1412 3093 propositionis
1445 3027 1591 3075 fidem
1630 3028 1826 3074 minime
1862 3029 2204 3075 servaverunt?
2243 3030 2362 3076 Hinc
2405 3041 2450 3078 et

336 3107 546 3171 Pelagius
569 3107 647 3154 ille
670 3106 890 3155 notabilis
916 3107 978 3154 ad
1006 3106 1150 3155 filiam
1175 3108 1414 3155 Mauritii2:
1449 3127 1473 3153 <‹
1497 3108 1807 3154 Criminosior
1831 3117 1925 3167 est,
1947 3126 1973 3152 n
2014 3108 2194 3172 inquit,
2237 3129 2261 3154 «
2279 3110 2450 3156 Christi

334 3187 546 3236 adultera
569 3188 910 3252 quam-mariti.
952 3187 1089 3235 Unde
1116 3187 1315 3253 pulchre
1353 3204 1554 3236 romana
1590 3187 1784 3235 ecclesia
1820 3197 1916 3234 tam
1951 3203 2161 3235 severam
2197 3205 2350 3254 nuper
2390 3190 2451 3237 de

382 3339 390 3355 “
417 3339 479 3373 Vn.
498 3340 536 3373 S.
558 3340 669 3382 Greq„
685 3346 770 3374 auct.
783 3339 857 3374 Joh.
874 3339 1017 3374 Diacono
1029 3365 1037 3380 ,
1052 3339 1110 3373 lib.
1127 3338 1177 3380 11,
1194 3350 1268 3384 cap.
1284 3351 1369 3382 μιν,
1413 3339 1468 3373 lib.
1500 3340 1534 3378 l.
1552 3339 1600 3373 tit.
1616 3350 1656 3371 >n·
1668 3363 1676 3378 ,
1694 3339 1758 3382 leg.
1778 3340 1810 3372 5.
1830 3354 1874 3364 ·—-
1887 3338 1901 3359 ⁸
1916 3338 1989 3373 vid.
2008 3340 2147 3381 Epistol.
2165 3350 2290 3374 roman.
2311 3343 2452 3381 Pontifi-

340 3397 420 3437 Opp.
437 3403 461 3429 t.
485 3395 538 3437 Ν,
557 3397 621 3430 col.
638 3397 737 3430 59.-
751 3395 764 3414 ³
779 3396 849 3430 Juv.
864 3397 990 3440 satyr..
1006 3395 1061 3439 IV,
1074 3407 1106 3430 v.
1121 3396 1197 3429 9.-
1213 3395 1227 3414 ⁸
1241 3396 1323 3441 Cap.
1337 3407 1369 3437 v,
1415 3407 1508 3435 cum,
1524 3395 1611 3430 stud.
1628 3402 1662 3430 et
1680 3395 1745 3429 lab.
1765 3395 1800 3429 P.
1823 3395 1989 3429 Constant.
2019 3396 2166 3437 Parisiis,
2199 3399 2294 3436 ¹721.
2324 3398 2451 3436 ἐπι-ἰωὴ,

341 3453 420 3494 opp.
444 3459 467 3485 t.
489 3452 564 3493 vn,
593 3453 655 3486 col.
682 3454 736 3487 09.
751 3471 793 3477 -—
809 3453 822 3470 ⁴
843 3454 963 3487 Veserm
987 3453 1054 3486 MS.
1077 3453 1171 3486 Amb.
1195 3471 1227 3477 —-
1247 3453 1260 3471 ¹
1276 3454 1370 3493 Cod„
1414 3464 1450 3497 p.
1467 3453 1546 3487 755.
1561 3470 1602 3477 —
1619 3452 1630 3470 ⁷
1654 3453 1789 3486 Timoth.
1804 3454 1839 3492 Ι,
1856 3463 1931 3497 cap.
1948 3464 1982 3494 v,
2002 3463 2031 3487 ν.
2051 3455 2101 3487 12.
