2970 4152
1200 410 1517 458 EPISTOLAE.
2338 413 2355 457 1
2369 410 2429 456 93

311 504 504 552 multus.
534 507 631 552 Nec
662 504 818 551 solum
843 504 925 568 qui
955 503 1107 568 legem
1134 504 1327 569 suscipit
1344 540 1356 564 ,
1386 503 1471 550 sed
1495 503 1578 567 qui
1602 502 1756 567 legem
1788 503 2022 567 imponit,
2057 502 2306 568 provideat
2335 519 2424 561 ne,

313 585 632 649 multiplicatis
650 585 918 650 praeceptis,
938 585 1331 648 transgressiones
1353 582 1646 648 multiplicet.
1668 582 1879 630 Verbum
1902 584 1991 630 Dei
2008 585 2204 631 veniens
2228 582 2428 630 verbum

311 665 638 713 abbreviatum
676 665 785 713 fecit
816 682 959 731 super
997 676 1189 712 terram.
1228 664 1373 711 Multa
1401 666 1585 727 Moyses
1614 663 1802 710 locutus
1839 675 1938 723 est,
1978 675 2023 712 et
2054 675 2240 724 tamen,
2282 675 2334 711 ut
2367 665 2431 711 ait

315 746 567 810 Apostolus
585 747 596 770 ¹
615 781 627 804 ,
672 764 695 790 «
718 744 836 791 nihil
862 745 924 792 ad
948 744 1210 810 perfectum
1241 743 1437 790 adduxit
1462 742 1553 789 lex.
1582 762 1606 787 »
1643 743 1790 789 Multa
1828 743 2041 808 profecto
2079 755 2125 792 et
2161 745 2209 791 in
2242 754 2425 791 tantum

314 825 497 889 gravia,
530 835 581 872 ut
606 824 850 889 apostolus
878 827 1042 871 Petrus
1067 826 1168 888 ejus
1183 832 1418 888 praecepta
1435 823 1677 870 neminem
1698 823 1907 887 potuisse
1926 833 2118 887 portare
2133 823 2429 889 profiteatur,

316 907 531 953 dicens’:
559 906 702 952 «Viri
737 905 929 964 fratres,
973 904 1089 969 quid
1123 905 1312 952 tentatis
1339 906 1521 963 Deum,
1559 905 1806 968 imponere
1832 903 2000 967 jugum
2030 921 2173 969 super
2201 907 2435 952 cervicem

316 985 657 1051 discipulorum
676 1021 688 1044 ,
724 985 857 1049 quod
896 1001 986 1032 nec
1022 995 1179 1049 patres
1206 983 1356 1031 nostri
1384 1000 1541 1048 neque
1574 999 1664 1030 nos
1699 993 1889 1048 portare
1913 984 2191 1048 potuimus?
2234 985 2319 1032 sed
2352 1002 2438 1050 per

316 1067 514 1130 gratiam
538 1060 732 1112 Doinini
751 1068 858 1113 Jesu
879 1064 1118 1112 credimus
1141 1064 1310 1111 salvari
1336 1063 1747 1128 quemadmodum
1776 1073 1822 1110 et
1857 1062 1940 1109 illi.
1967 1082 1990 1107 »
2028 1065 2194 1111 Paucis
2227 1064 2439 1113 Christus

317 1147 378 1194 de
417 1145 727 1194 aedificatione
757 1161 947 1192 morum
982 1154 1028 1191 et
1052 1145 1297 1191 sanctitate
1325 1145 1431 1191 vitae
1457 1143 1701 1208 apostolos
1730 1144 1980 1206 instruxit,
2020 1155 2066 1191 et
2099 1145 2439 1210 perfectionem

316 1227 496 1274 docuit.
527 1230 720 1274 Austera
750 1243 1004 1273 removens
1033 1235 1080 1272 et
1113 1225 1298 1289 gravia,
1333 1225 1494 1272 suavia
1520 1225 1742 1290 praecepit
1771 1234 1820 1271 et
1854 1224 2004 1284 levia,
2036 1224 2209 1289 quibus
2246 1242 2441 1272 omnem

317 1308 667 1355 consummavit
690 1307 966 1371 religionem
992 1325 1001 1353 :
1027 1326 1050 1351 «
1075 1307 1241 1353 Venite
1260 1343 1272 1366 ‚
1298 1325 1322 1351 υ
1352 1306 1531 1370 inquit⁸
1547 1341 1560 1364 ,
1592 1325 1616 1350 «
1640 1305 1701 1353 ad
1728 1322 1804 1352 me
1827 1322 1995 1352 omnes
2030 1306 2113 1369 qui
2147 1305 2369 1353 laboratis
2398 1317 2443 1353 et

318 1388 502 1435 onerati
545 1388 653 1434 estis
672 1423 684 1446 ,
731 1397 777 1434 et
807 1403 895 1451 ego
941 1386 1151 1434 reficiam
1193 1402 1296 1433 vos.
1337 1385 1505 1433 Tollite
1542 1386 1711 1449 jugum
1750 1402 1912 1451 meum
1954 1402 2097 1450 super
2136 1402 2247 1445 vos,
2295 1396 2341 1433 et
2373 1387 2444 1433 di-

319 1469 433 1516 scite
458 1485 486 1515 a
516 1485 593 1515 me
611 1503 623 1526 ‚
653 1468 765 1532 quia
789 1468 915 1514 mitis
939 1484 1047 1514 sum
1079 1477 1126 1514 et
1158 1466 1353 1513 humilis
1386 1465 1564 1525 corde3
1597 1476 1644 1513 et
1668 1465 1918 1513 invenietis
1953 1467 2167 1530 requiem
2194 1467 2443 1513 animabus

321 1550 500 1597 vestris.
539 1552 711 1613 Jugum
736 1550 864 1596 enim
890 1565 1051 1596 meum
1075 1564 1221 1595 suave
1255 1558 1350 1609 est,
1377 1558 1423 1595 et
1451 1564 1575 1595 onus
1599 1564 1763 1595 meum
1786 1548 1903 1595 leve.
1934 1567 1953 1592 »
1989 1548 2066 1595 Sic
2090 1548 2218 1595 enim
2250 1565 2370 1613 saepe
2397 1549 2442 1594 in

323 1629 548 1695 operibus
571 1629 711 1677 bonis
731 1666 743 1690 ,
773 1630 894 1676 sicut
919 1630 967 1676 in
994 1629 1199 1694 negotiis
1222 1630 1375 1693 agitur
1399 1629 1560 1676 seculi.
1595 1629 1727 1675 Multi
1752 1630 1931 1694 quippe
1959 1630 2007 1675 in
2035 1630 2226 1693 negotio
2252 1629 2358 1694 plus
2383 1629 2446 1675 la-

322 1709 494 1757 borant
517 1721 563 1758 et
585 1711 743 1757 minus
769 1710 1030 1771 lucrantur,
1054 1720 1101 1757 et
1124 1710 1261 1757 multi
1284 1710 1486 1757 exterius
1510 1709 1714 1775 amplius
1737 1709 2035 1774 affliguntur,
2066 1719 2112 1756 et
2144 1711 2301 1756 minus
2331 1710 2447 1756 inte-

324 1791 420 1837 rius
447 1791 576 1855 apud
602 1794 756 1838 Deum
783 1790 1072 1856 proficiunt,
1102 1783 1184 1855 qui
1207 1790 1365 1837 cordis
1400 1790 1561 1855 potius
1597 1807 1742 1854 quam
1780 1791 1937 1855 operis
1966 1791 2206 1855 inspector
2230 1801 2316 1838 est.
2347 1781 2448 1848 ⁴Qui

323 1871 464 1919 etiam
490 1887 588 1935 quo
614 1872 662 1918 in
688 1870 1000 1918 exterioribus
1021 1871 1223 1935 amplius
1246 1881 1575 1936 occupantur,
1620 1872 1776 1918 minus
1800 1871 1861 1918 ad
1887 1871 2111 1918 interiora
2143 1888 2310 1919 vacare
2341 1888 2451 1935 pos-

324 1961 466 2011 sunt3
497 1961 545 1999 et
570 1961 750 2016 quanto
777 1951 904 2016 apud
936 1951 1157 1999 homiues
1176 1943 1201 2011 ,'
1217 1952 1299 2016 qui
1325 1951 1385 1998 de
1412 1949 1722 1998 exterioribus
1742 1951 1987 2015 judicant,
2031 1951 2235 2016 amplius
2271 1953 2453 1999 innote-

326 2042 463 2079 scunt
480 2068 492 2092 ,
520 2032 749 2095 majorem
773 2031 971 2096 gloriam
996 2031 1125 2097 apud
1145 2049 1228 2079 eos
1253 2041 1598 2096 assequuntur,
1630 2041 1677 2079 et
1705 2031 1883 2078 facilius
1908 2049 1994 2096 per
2024 2032 2277 2080 elationem
2311 2033 2450 2080 sedu-

326 2123 515 2160 cuntur.
555 2113 641 2159 Cui
676 2112 929 2178 Apostolus
954 2129 1211 2160 occurrens
1238 2113 1416 2172 errori,
1447 2128 1594 2178 opera
1633 2111 1942 2159 vehementer
1970 2122 2221 2172 extenuat,
2262 2123 2307 2160 et
2342 2113 2452 2160 fidei

322 2192 708 2256 justificationem
733 2192 1028 2258 amplificans
1053 2194 1116 2241 ait
1135 2196 1148 2219 ⁴
1173 2213 1182 2240 :
1214 2214 1237 2238 «
1261 2194 1309 2240 Si
1333 2194 1462 2241 enim
1492 2193 1728 2240 Abraham
1747 2209 1801 2240 ex
1823 2193 2050 2258 operibus
2064 2193 2346 2257 justificatus
2365 2205 2450 2252 est,

326 2274 471 2323 habet
495 2275 691 2340 gloriam
713 2311 725 2335 ‚
752 2276 835 2323 sed
863 2292 961 2323 non
985 2276 1115 2341 apud
1137 2277 1417 2323 Dominum.
1441 2275 1570 2334 Quid
1590 2276 1716 2323 enim
1744 2276 1857 2323 dicit
1876 2277 2142 2342 Scriptura⁶
2161 2277 2180 2322 ?
2201 2297 2223 2322 «
2245 2277 2455 2324 Credidit

328 2355 566 2403 Abraham
594 2358 696 2403 Deo
725 2366 773 2403 et
797 2366 1068 2421 reputatum
1092 2366 1161 2403 est
1187 2357 1230 2403 ei
1255 2356 1317 2403 ad
1337 2357 1584 2421 justitiam.
1614 2376 1637 2400 »
1666 2359 1725 2403 Et
1761 2356 1932 2404 iterum
1957 2376 1966 2403 :
1999 2377 2021 2402 «
2046 2357 2175 2415 Quid
2200 2374 2312 2422 ergo
2339 2357 2454 2404 dici-

331 2453 465 2496 muS,
506 2437 639 2502 quod
675 2447 839 2501 gentes
875 2454 982 2501 quae
1010 2454 1108 2484 non
1147 2437 1449 2485 sectabantur
1477 2438 1707 2501 justitiam
1744 2438 2166 2503 apprehenderunt
2191 2440 2450 2502 justitiam3

325 2517 552 2579 justitiam
580 2527 739 2565 autem
756 2554 768 2576 ,
798 2534 903 2581 quae
929 2534 987 2564 ex
1010 2517 1104 2565 fide
1129 2528 1200 2565 est
1223 2537 1233 2563 :
1263 2518 1404 2566 lsrael
1428 2534 1544 2565 vero
1570 2518 1797 2565 sectando
1821 2518 1974 2582 legem
1988 2520 2203 2582 justitiae,
2230 2520 2279 2566 in
2305 2520 2454 2584 legem

325 2598 513 2660 justitiae
537 2615 637 2645 non
662 2599 914 2663 pervenit?
939 2599 1134 2656 Quare?
1161 2600 1273 2663 quia
1302 2616 1401 2647 non
1429 2616 1485 2646 ex
1515 2599 1639 2658 fide,
1681 2599 1765 2647 sed
1801 2601 1934 2664 quasi
1971 2617 2027 2647 ex
2065 2601 2306 2665 operibus.
2333 2620 2356 2645 »
2386 2600 2455 2647 Illi

328 2679 461 2743 quod
483 2680 626 2726 catini
650 2690 720 2727 est
739 2680 813 2726 vel
832 2679 1099 2744 paropsidis
1123 2680 1185 2727 de
1212 2680 1325 2727 foris
1350 2680 1666 2739 mundantes,
1705 2680 1766 2727 de
1797 2681 2010 2728 interiori
2036 2681 2270 2728 munditia
2300 2682 2457 2728 minus

328 2759 614 2824 provident,
640 2770 690 2807 ’et
718 2762 848 2808 carni
874 2744 1022 2824 niagis
1046 2777 1191 2824 quam
1222 2761 1391 2808 animae
1427 2760 1673 2825 vigilantes
1691 2796 1703 2818 ‚
1737 2761 1950 2809 carnales
1985 2762 2143 2827 potius
2169 2772 2279 2810 sunt
2311 2780 2455 2826 quam

330 2841 610 2906 spirituales.
635 2844 732 2888 Nos
756 2857 870 2889 vero
895 2840 1135 2888 Christum
1157 2841 1205 2888 in
1227 2842 1447 2888 exteriori
1467 2841 1664 2889 homine
1689 2858 1775 2907 per
1797 2841 1941 2889 fidem
1961 2842 2174 2889 habitare
2191 2843 2452 2908 cupientes,

329 2937 420 2986 pro
444 2920 636 2968 modico
659 2920 879 2968 ducimus
903 2922 1134 2969 exteriora
1151 2957 1163 2980 ,
1192 2938 1298 2986 quae
1320 2931 1417 2968 tam
1447 2921 1663 2988 reprobis
1681 2938 1825 2986 quam
1846 2922 2005 2969 electis
2023 2932 2134 2969 sunt
2152 2923 2426 2970 communia
2441 2960 2452 2982 ‚

329 3001 628 3049 attendentes
646 3001 779 3066 quod
795 3003 1022 3067 scriptum
1046 3005 1169 3050 est⁶z
1191 3022 1213 3047 «
1231 3006 1284 3049 In
1310 3020 1389 3049 me
1414 3013 1548 3063 sunt,
1573 3006 1719 3063 Deus,
1742 3013 1850 3050 vota
1872 3014 1979 3063 tua3
2008 3021 2113 3068 quae
2135 3003 2333 3052 reddam
2359 3004 2457 3051 lau-

331 3081 549 3129 dationes
582 3080 694 3129 tibi!
729 3100 752 3125 »
799 3081 935 3129 Unde
971 3092 1019 3129 et
1059 3083 1341 3129 exteriorem
1379 3083 1507 3130 illam
1537 3083 1651 3147 legis
1684 3083 2015 3130 abstinentiam
2052 3101 2150 3131 non
2179 3084 2452 3149 sequimur,

331 3176 476 3225 quam
502 3160 619 3208 nihil
639 3161 827 3225 justitiae
851 3171 1034 3209 certum
1061 3171 1133 3209 est
1158 3162 1390 3210 conferre.
1422 3166 1518 3210 Nec
1539 3162 1807 3227 ⁸quidquam
1833 3162 1973 3210 nobis
2001 3164 2048 3210 in
2076 3163 2193 3211 cibis
2223 3164 2458 3212 Dominus

332 3241 596 3288 interdicit⁷
613 3277 625 3301 ,
659 3241 748 3288 nisi
767 3241 1010 3307 crapulam
1034 3252 1081 3289 et
1109 3241 1414 3303 ebrietatem,
1443 3242 1493 3289 id
1521 3252 1592 3290 est
1617 3243 2008 3306 superfluitatem.
2041 3245 2135 3302 Qui
2157 3244 2300 3292 etiam
2326 3245 2457 3309 quod

378 3445 387 3461 ¹
414 3447 510 3484 Heb„
537 3456 609 3490 cap.
638 3458 699 3487 vu,
720 3458 751 3480 v.
785 3448 835 3480 19,
855 3463 900 3471 ·—
919 3446 931 3463 ²
952 3449 1024 3480 Act.
1055 3448 1182 3490 Apost,
1213 3459 1287 3492 cap.
1318 3459 1372 3487 xv,
1420 3458 1496 3492 cap.
1518 3459 1561 3490 iv,
1580 3459 1609 3481 v.
1630 3450 1663 3481 2.
1683 3466 1723 3472 —
1738 3448 1750 3466 ⁸
1767 3449 1896 3488 Genes„
1913 3459 1988 3493 cap.
2006 3461 2061 3490 xv,
2077 3460 2107 3483 v.
2126 3451 2157 3484 6.
2175 3464 2219 3477 —
2236 3449 2249 3467 ⁶
2263 3450 2382 3484 Psalm.
2401 3462 2456 3490 u.

334 3512 364 3533 v.
390 3504 441 3534 10.
471 3519 510 3525 ··-
530 3501 543 3519 ⁸
562 3502 691 3545 Matar,
723 3513 795 3547 cap.
830 3514 882 3544 ιι,
913 3515 944 3536 ν.
975 3504 1016 3536 28
1048 3510 1082 3537 et
1108 3515 1157 3548 sq.
1174 3522 1217 3529 -
1235 3504 1247 3523 ⁴
1267 3505 1374 3545 Rom„
1420 3515 1453 3537 v.
1475 3506 1523 3538 12.
1542 3522 1582 3528 -
1598 3503 1611 3522 “’
1626 3504 1721 3546 Luc„
1738 3514 1811 3549 cap.
1834 3516 1911 3546 ιιι,
1928 3516 1960 3539 ν.
1976 3506 2032 3538 34.

495 3571 505 3600 1
2246 3566 2298 3605 25
