2970 4152
378 476 458 523 Qui
476 475 506 512 si
522 475 644 524 palma
655 488 731 512 non
744 475 926 525 pollemus
937 504 947 522 ‚
968 482 1138 513 nostrum

378 536 473 573 Vice
489 535 649 585 quadam
667 536 878 573 assistamus
895 536 1084 585 peditum3

378 593 417 630 Si
435 594 617 630 victorum
635 607 711 632 non
727 608 916 634 meremur
930 595 1103 633 brabium
1113 622 1123 639 ‚

380 654 544 691 Evasisse
559 655 647 692 satis
664 656 713 692 sit
726 656 947 704 periculum.

475 742 592 778 Multa
612 750 698 780 sunt
708 771 718 788 ,
738 750 808 781 etc.

773 868 967 905 LXXXII.

352 979 375 1015 J
379 985 546 1016 ustorum
564 979 783 1015 memoriam
807 979 961 1028 dignam
977 979 1149 1016 laudibus

352 1027 526 1085 Psalmis,
546 1039 714 1086 hymnis.
736 1040 891 1076 canticis
913 1039 1141 1088 spiritalibus

353 1099 473 1135 Mater
485 1110 596 1135 ovans
614 1099 776 1136 celebrat
791 1100 953 1136 Ecclesia
967 1115 977 1144 ;

353 1159 525 1205 Quorum
543 1159 660 1196 fidens
677 1160 840 1208 postulat
852 1159 1038 1209 suffragia.

350 1219 503 1256 Summe
515 1226 632 1268 pater,
648 1209 726 1257 tibi
740 1228 863 1269 grates
877 1228 916 1258 et
929 1221 1112 1257 solemnes
1129 1221 1259 1258 hostiae

286 1326 289 1327 ⁷
350 1278 405 1315 De
422 1279 563 1316 collatis
581 1288 652 1316 tuae
669 1279 777 1317 donis
794 1281 1035 1318 exsolvuntur
1054 1281 1198 1331 gratiae,

348 1337 422 1374 Per
437 1350 548 1388 quem
567 1347 654 1376 sunt
662 1339 755 1388 justi
775 1341 992 1390 quicunque
1007 1348 1112 1386 sunt,

349 1398 422 1434 Per
436 1405 549 1448 quem
566 1407 653 1436 sunt
670 1399 768 1437 beati
787 1401 1004 1450 quicunque
1020 1403 1143 1438 sunt·.

349 1498 495 1534 Horum
511 1498 608 1535 bona
624 1499 722 1536 dona
739 1507 826 1536 sunt
843 1507 914 1551 tuas
933 1501 1059 1549 gratiae
1070 1528 1081 1546 ‚

348 1557 495 1593 Horum
510 1558 637 1595 laudes
655 1559 785 1608 hymni
805 1566 893 1596 sunt
910 1567 980 1596 tuae
999 1560 1143 1609 gloriae;

347 1617 490 1654 Laudat
506 1619 693 1668 quisquiS,
712 1619 840 1656 laudat
855 1620 926 1657 hos
941 1621 1120 1658 veraciter
1130 1649 1139 1666 ‚

348 1677 404 1713 Te
426 1677 465 1713 in
484 1678 573 1726 ipsis
586 1706 595 1724 ,
618 1679 716 1728 ipsos
734 1680 775 1715 in
791 1686 830 1716 te
845 1681 998 1729 pariter.

346 1737 493 1773 Horum
511 1738 602 1775 festa
621 1739 831 1776 celebrandi
850 1752 995 1777 summa
1010 1753 1086 1777 non
1104 1748 1160 1778 est
1178 1740 1268 1786 alia,

345 1797 427 1834 Nisi
443 1798 610 1847 quaedam
629 1800 809 1836 recitandi
829 1807 894 1837 tua
915 1801 1093 1837 beneficia

346 1857 418 1894 Per
437 1870 548 1908 quem
566 1867 653 1896 sunt
667 1860 759 1908 justi
778 1862 994 1910 quicunque
1010 1868 1117 1908 sunt,
1138 1869 1210 1899 etc.

345 1956 390 1992 In
406 1958 542 1994 sanctis
558 1958 718 1995 mirabili
740 1960 819 1996 Deo
837 1959 973 2009 gloria,

345 2017 399 2052 Ex
416 2029 511 2066 quo,
531 2030 599 2066 per
618 2032 750 2068 quem,
779 2020 819 2056 in
840 2032 915 2070 quo
933 2028 1021 2057 sunt
1040 2021 1164 2058 omnia
1177 2050 1186 2065 ,

345 2076 462 2125 Cujus
477 2079 556 2127 agit
571 2079 759 2129 quidquid
775 2079 854 2117 vult
872 2082 1039 2129 potentia
1050 2109 1059 2126 ,

345 2136 575 2188 Optimeque
600 2139 766 2188 disponit
786 2141 983 2189 prudentia
998 2169 1008 2185 ,

345 2197 468 2244 Quem
488 2206 526 2235 et
545 2199 635 2236 velle
653 2200 733 2250 geri
745 2200 839 2238 bene
853 2201 1075 2251 disponique
1093 2202 1241 2250 singula

341 2257 514 2295 Dubitari
531 2272 605 2297 non
623 2261 810 2310 permittit
822 2261 901 2310 ejus
918 2275 1062 2300 summa
1080 2263 1222 2300 bonita.

752 2388 965 2426 LXXXIII.

439 2485 498 2520 Tu
518 2497 598 2534 quae
614 2498 763 2523 carnem
780 2487 929 2525 edomet

485 2537 758 2576 Abstinentiam
771 2569 781 2586 ,

440 2597 499 2633 Tu
518 2611 599 2647 quae
615 2612 763 2637 carnem
781 2600 934 2638 decoret

483 2659 762 2697 Continentiam
775 2689 784 2706 ,

364 2719 424 2754 Tu
442 2718 534 2756 velle
549 2719 651 2769 quod
666 2721 807 2758 bonum
823 2730 880 2760 est
896 2723 955 2760 his
974 2724 1113 2773 ingeris

362 2779 416 2814 Ac
430 2779 552 2826 ipsum
570 2780 746 2828 perficere
763 2788 805 2818 tu
820 2781 967 2819 tribuis.

507 2839 761 2877 Instrumenta

502 2899 599 2936 Sunt
614 2900 655 2936 hi
674 2907 738 2936 tua

431 2959 503 2996 Per
519 2972 614 3008 quos
630 2960 723 2997 mira
742 2963 906 3010 peragis,

500 3019 546 3056 Et
561 3020 726 3057 humana

502 3080 627 3116 Moves
644 3080 757 3117 corda

432 3140 557 3188 Signis
575 3147 612 3177 et
629 3140 830 3191 prodigiis,

335 3199 406 3236 Per
424 3211 537 3249 quem
557 3207 661 3247 sunt,
681 3208 752 3238 etc.

429 3297 608 3336 Obsessos
626 3299 854 3338 daemonibus

475 3358 534 3395 Ab
553 3360 612 3396 his
628 3359 789 3397 liberant
801 3389 812 3410 ,

1258 382 1542 433 GARMINA.
2381 379 2474 426 325

1535 475 1771 512 Audactum’
1791 475 2034 524 languoribus

1585 537 1739 573 Cunctis
1758 536 1965 584 imperant,

1467 596 1596 634 Verbo
1611 597 1832 645 paracliticis
1850 596 2075 632 subveniunt
2089 611 2098 639 ;

1466 658 1590 706 Leprae
1606 657 1679 694 fert
1696 657 1816 694 oratio
1831 657 2039 694 remedium
2054 672 2063 701 ;

1607 718 1719 755 Caecis
1736 718 1853 754 visum
1871 746 1880 762 ‚

1606 778 1759 815 Claudis
1772 790 1938 827 gressum
1947 808 1957 823 ,

1539 839 1668 876 Vitam
1686 837 1852 875 reddunt
1862 838 2040 883 mortuis;

1610 897 1809 948 Quidquid
1824 904 1974 947 petunt,

1607 959 1679 996 Per
1694 966 1732 995 te
1749 966 1903 1007 possunt
1915 986 1926 1002 ‚

1536 1021 1631 1067 Qui,
1650 1019 1853 1070 quae‚jubes
1867 1047 1876 1064 ,
1897 1018 2065 1067 perficis3

1440 1094 1511 1130 Per
1525 1105 1637 1142 quem
1649 1120 1660 1137 ,
1678 1100 1749 1130 etc.

1441 1194 1486 1229 In
1503 1194 1638 1230 sanctis
1649 1221 1659 1238 ‚
1679 1200 1750 1230 etc.

1843 1318 2056 1355 LXXXIV.
2076 1353 2081 1358 .

1438 1431 1600 1467 Praesens
1618 1430 1692 1467 vita
1710 1431 1783 1467 fuit
1799 1430 1859 1467 his
1878 1438 1977 1467 sexta
1995 1431 2088 1468 feria
2102 1460 2112 1477 ,

1439 1492 1524 1538 Qua
1541 1490 1694 1528 Christo
1708 1491 1888 1540 compassi
1909 1498 1997 1528 sunt
2013 1491 2252 1534 abstinentia,

1436 1551 1543 1588 Sicut
1557 1551 1635 1600 ipse
1653 1551 1731 1588 tolli
1749 1564 1899 1588 crucem
1919 1552 2086 1601 praecipit
2099 1581 2108 1597 ,
2261 1555 2265 1558 '

1437 1612 1485 1648 Et
1501 1623 1539 1648 se
1556 1611 1690 1648 Paulus
1708 1612 1906 1648 crucifixus
1922 1612 2066 1649 asserit.

1435 1672 1525 1709 Post
1542 1672 1639 1708 hanc
1662 1672 1771 1722 quies
1793 1673 2002 1709 animarum
2020 1672 2121 1709 subit
2141 1680 2319 1722 tanquam
2338 1673 2465 1709 sabba-

1530 1739 1612 1768 tum

1435 1793 1574 1831 Stolam
1591 1792 1741 1830 tandem
1759 1794 1799 1830 in
1815 1801 1941 1831 octava
1956 1793 2089 1831 reddes
2107 1793 2180 1831 illis
2197 1807 2409 1843 corporum.

1435 1853 1508 1889 Per
1525 1865 1637 1902 quem
1649 1880 1659 1898 ,
1681 1859 1753 1891 etc.

1436 1952 1697 2001 Persequentis
1716 1953 1861 2002 gladius
1878 1954 1951 1991 illis
1967 1955 2087 1992 defuit
2100 1984 2110 2000 ‚

1436 2012 1510 2050 Sed
1529 2020 1678 2062 paratus
1694 2014 1840 2051 animus
1854 2014 1866 2034 ³
1886 2015 2004 2052 affuit.

1435 2073 1475 2111 Si
1493 2086 1568 2110 non
1584 2073 1672 2111 tulit
1689 2086 1824 2123 corpus
1841 2075 1936 2112 ictus
1957 2076 2084 2126 gladii,

1432 2133 1599 2171 Palmam
1614 2141 1738 2171 tamen
1754 2135 1867 2173 habet
1882 2148 1986 2173 mens
2002 2139 2186 2186 martyrii.

1433 2194 1560 2231 Cesset
1575 2194 1698 2241 lictor,
1717 2203 1860 2234 cessent
1875 2203 2008 2234 cuncta
2024 2205 2299 2237 tormentorum
2315 2212 2461 2249 genera.

1434 2255 1496 2292 Tu
1512 2256 1577 2305 qui
1596 2255 1718 2293 cordis
1734 2269 1773 2294 es
1792 2257 1997 2307 inspector,
2018 2258 2067 2296 ad
2085 2259 2157 2297 hoc
2174 2260 2288 2298 refers
2304 2262 2463 2309 praemia.

1433 2316 1506 2353 Per
1521 2329 1632 2365 quem
1645 2345 1655 2362 ,
1673 2324 1744 2354 etc.

1435 2414 1479 2450 In
1497 2415 1631 2452 sanctis
1641 2443 1650 2460 ‚
1670 2422 1741 2452 etc.

1850 2558 2044 2597 LXXXV.

1429 2668 1451 2703 J
1456 2674 1623 2704 ustorum
1639 2670 1801 2718 exequiae
1818 2669 1945 2707 laudes
1960 2672 2134 2720 exigunt,

1430 2727 1639 2775 Impiorum
1654 2728 1785 2766 funera
1801 2729 1924 2767 luctus
1942 2732 2143 2780 ingerunt;

1429 2787 1508 2823 Hos
1528 2787 1576 2823 ad
1595 2788 1706 2824 vitam
1725 2801 1825 2826 mors
1844 2797 2017 2828 aeternam
2033 2793 2178 2839 evehit,

1428 2846 1517 2884 Illos
1537 2848 1673 2897 duplex
1690 2862 1791 2887 mors
1807 2851 1846 2887 in
1863 2856 1983 2890 morte
2000 2855 2174 2890 conterit.

1427 2907 1563 2944 Gravis
1578 2908 1646 2944 ista
1663 2910 1798 2946 sanctis
1814 2910 1887 2948 vita
1904 2924 2030 2949 carcer
2047 2920 2103 2950 est
2118 2921 2155 2950 et
2172 2914 2329 2952 vincula.

1427 2967 1496 3004 His
1512 2970 1684 3006 contritis
1700 2969 1747 3007 ad
1765 2978 1801 3008 te
1817 2971 1916 3020 sugit
1933 2979 2059 3022 erepta
2076 2974 2165 3013 hinc
2182 2977 2316 3013 anima.

1424 3029 1497 3066 Per
1510 3042 1623 3079 quem
1633 3058 1643 3077 ,
1663 3038 1735 3068 etc.

1422 3128 1482 3165 Ad
1501 3136 1539 3166 te
1555 3141 1673 3179 quum
1692 3131 1904 3179 pervenerit
1919 3131 2006 3168 felix
2021 3133 2143 3170 anima
2155 3163 2164 3179 ,

1426 3189 1521 3236 Quis
1539 3202 1689 3227 narrare
1705 3189 1839 3227 sufficit
1852 3177 1933 3239 esus
1949 3193 2109 3242 gandia?

1425 3251 1517 3297 Quae
1535 3251 1703 3298 majestas
1719 3251 1780 3287 illa
1798 3251 1865 3298 sit,
1883 3265 1996 3302 quam
2016 3256 2219 3304 conspicit,

1422 3311 1514 3357 Quae
1530 3311 1773 3348 circumstans
1794 3312 1914 3359 curia,
1937 3315 2022 3364 quis
2038 3313 2198 3354 dixerit?

1421 3370 1541 3408 Nemo
1557 3372 1670 3408 miser
1686 3371 1787 3409 illam
1806 3380 1928 3422 potest
1947 3372 2102 3424 gloriam
2119 3379 2331 3427 conspicere

381 3489 389 3506 ⁴
408 3490 539 3533 Legitur
551 3491 635 3524 inter
649 3492 769 3526 lineas:
789 3493 861 3526 Vel:
874 3497 942 3527 sine
955 3505 1016 3536 quo
1030 3497 1115 3530 bean·
1132 3499 1212 3531 num
1223 3506 1307 3533 sum.
1318 3518 1339 3523 -
1359 3494 1457 3544 meg.
1474 3490 1705 3535 andanem—⁸
1721 3501 1781 3537 Hic
1796 3502 1919 3547 aliquid
1931 3504 2046 3540 deesse
2060 3506 2184 3541 videtur
2201 3509 2240 3542 ad
2256 3510 2453 3555 rhythmum.
