2970 4152
567 385 660 434 658
1364 386 1534 435 PETRI
1571 387 1882 437 ABAELARDI

564 485 760 544 dicitur,
799 496 934 532 terrae
969 484 1207 531 dominari
1237 484 1313 531 vel
1346 502 1546 550 praeesse
1579 497 1740 552 posset
1768 487 1817 533 in
1850 502 1954 534 uno*
1980 482 2188 551 paradisi
2217 486 2326 533 loco
2355 501 2542 551 semper
2568 499 2686 533 con-

562 567 742 625 clusus,
768 567 946 614 caeteris
970 565 1195 613 omnibus
1218 567 1390 614 mundi
1417 567 1631 632 partibus
1661 569 1888 632 ignoratis
1918 578 2150 632 tanquam
2184 566 2407 614 nondum
2438 567 2575 614 visis?
2597 573 2689 614 Aut

561 649 694 711 quod
725 647 1038 713 postmodum
1061 647 1126 694 ait
1153 666 1163 694 ε
1194 667 1217 692 «
1248 648 1457 695 Crescite
1483 658 1530 696 et
1559 649 1943 714 multiplicamini
1983 658 2031 695 61.
2069 647 2248 714 replete
2275 658 2451 695 terram
2469 684 2480 706 ‚
2510 666 2533 691 »
2570 663 2691 712 quo-

562 729 709 775 modo
733 745 948 794 unquam
970 729 1182 775 eveniret
1201 766 1211 787 ,
1241 729 1280 775 si
1302 729 1352 775 in
1376 729 1562 777 tantula
1583 738 1718 795 parte
1743 729 1913 776 mundi
1935 728 2150 776 conclusi
2172 728 2393 776 nondum
2428 728 2609 775 exirent
2638 728 2687 774 in

560 809 769 856 diversas
804 809 974 856 mundi
1007 809 1257 872 regiones?
1292 809 1430 857 Nulla
1466 810 1627 875 itaque
1664 810 1786 857 ratio
1823 809 1970 857 habet
2004 819 2156 857 totam
2188 809 2445 856 hominum
2482 808 2690 855 futuram

560 889 918 936 multitudinem
939 890 989 936 in
1012 889 1093 936 illo
1118 906 1222 937 uno
1241 890 1452 955 paradisi
1474 890 1582 938 loco
1606 907 1796 955 semper
1827 900 2218 938 conversaturam
2241 906 2342 936 esse
2355 923 2368 947 ‚-
2391 889 2430 936 si
2452 905 2553 935 non
2576 905 2688 954 pec-

559 981 766 1031 cassent,
792 971 877 1018 sed
900 968 1013 1018 inde
1038 970 1353 1036 postmodum
1375 970 1496 1019 sicut
1520 983 1566 1019 et
1590 972 1651 1020 de
1674 988 1784 1019 arca
1813 986 1903 1037 per
1928 972 2164 1020 mundum
2190 970 2533 1036 dispergendos
2555 986 2657 1017 esse
2675 1008 2686 1029 ,

559 1049 678 1096 nihil
700 1051 889 1115 poenale
912 1051 1088 1099 alicubi
1110 1062 1408 1117 reperturos,
1430 1069 1582 1117 quum
1604 1052 1736 1099 nulla
1755 1051 2093 1099 maledictione
2117 1067 2206 1116 pro
2229 1060 2427 1115 peccato
2444 1060 2571 1097 terra
2585 1064 2690 1114 per-

559 1140 800 1178 cuteretur
823 1149 851 1179 a
873 1134 994 1179 Deo.
1022 1132 1137 1179 Ideo
1164 1141 1326 1180 tamen
1350 1133 1532 1198 primos
1557 1129 1780 1179 homines
1802 1133 1850 1179 in
1878 1131 2102 1197 paradiso
2134 1131 2316 1179 locatos
2348 1131 2559 1196 primum
2586 1145 2689 1176 cre-

560 1212 717 1260 dimus
733 1251 744 1271 ,
770 1230 868 1277 quo
891 1215 1146 1279 temperies
1168 1214 1248 1262 illa
1270 1211 1388 1274 loci,
1415 1230 1560 1279 quem
1583 1214 1821 1279 principio
1844 1214 2082 1261 Dominus
2103 1213 2432 1278 plantaverat,
2459 1210 2691 1258 fructibus

559 1291 821 1356 plurimum
845 1293 1136 1353 abundaret,
1165 1295 1387 1342 nondum
1409 1294 1484 1342 his
1510 1295 1577 1342 ita
1596 1294 1673 1341 vel
1700 1294 1879 1341 caeteris
1900 1310 1988 1358 per
2014 1292 2254 1340 mundum
2277 1291 2569 1357 propagatis.
2597 1289 2692 1337 Sed

561 1389 650 1419 nec
673 1372 734 1419 de
756 1372 887 1436 ligno
909 1374 1016 1421 vitae
1040 1373 1346 1422 diffitendum
1377 1385 1474 1435 est,
1498 1391 1561 1422 ne
1590 1384 1700 1421 ante
1735 1373 2125 1421 maledictionem
2147 1383 2283 1420 terrae
2311 1388 2398 1437 per
2431 1369 2690 1435 plantatio-

560 1469 674 1498 nem
696 1452 1000 1519 multiplicari
1022 1463 1185 1518 posset
1206 1455 1256 1501 in
1280 1455 1434 1502 terris.
1460 1458 1592 1501 Tunc
1614 1454 1780 1518 utique
1803 1454 2036 1501 universae
2065 1464 2201 1500 terrae
2231 1452 2382 1499 homo
2416 1466 2616 1515 praeesse
2645 1459 2693 1496 et

562 1531 802 1578 dominari
824 1543 1010 1597 posset,
1037 1543 1085 1579 et
1108 1533 1269 1580 multis
1292 1534 1457 1580 usibus
1480 1534 1524 1580 ei
1547 1534 1811 1580 animantia
1829 1543 1999 1580 caetera
2020 1549 2122 1580 esse
2146 1531 2357 1578 fortassis
2379 1528 2692 1594 postmodum

561 1621 609 1657 et
625 1611 674 1657 in
699 1628 833 1658 esum
855 1613 899 1658 ei
922 1629 1174 1672 concessa,
1200 1614 1321 1660 sicut
1344 1624 1454 1678 post
1476 1613 1712 1660 diluvium
1733 1629 1761 1659 a
1782 1613 1995 1660 Domino
2021 1613 2122 1658 Noe
2150 1626 2435 1658 concessum
2457 1619 2544 1656 est.
2573 1611 2694 1656 Pos-

561 1700 667 1737 sent
692 1701 739 1737 et
762 1691 1131 1739 delectationem
1156 1693 1443 1740 nonnullam
1468 1693 1656 1739 homini
1679 1692 1848 1739 afferre
1885 1690 2153 1739 secundum
2184 1706 2412 1737 sensuum
2442 1688 2691 1736 diversita-

562 1779 681 1829 tem,
716 1786 867 1835 quum
900 1788 956 1818 ex
986 1782 1132 1819 cantu
1165 1771 1384 1818 auditum
1417 1772 1683 1818 mulcerent
1701 1808 1712 1830 ,
1744 1770 1820 1817 vel
1855 1787 1912 1817 ex
1946 1769 2306 1835 pulchritudine
2341 1768 2506 1816 formae
2537 1764 2694 1816 visum

564 1850 886 1911 oblectarent,
908 1852 984 1899 vel
1008 1852 1172 1899 odoris
1204 1853 1436 1900 suavitate
1466 1852 1696 1899 olfactum
1723 1851 1998 1911 reficerent,
2032 1851 2108 1898 vel
2141 1851 2508 1916 quibuscunque
2537 1848 2694 1896 modis

564 1931 760 1979 diversae
783 1934 1001 1998 ipsorum
1024 1943 1206 1980 naturae
1229 1933 1481 1997 diligenter
1503 1934 1706 1997 cognitae
1728 1934 1779 1979 in
1804 1949 2017 1980 amorem
2042 1942 2090 1979 et
2118 1931 2314 1979 laudem
2342 1923 2570 1978 creatoris
2604 1945 2697 1976 nos

565 2013 768 2077 amplius
790 2014 1068 2074 excitarent,
1086 2014 1220 2078 juxta
1239 2014 1373 2078 quod
1388 2013 1449 2061 ad
1463 2031 1574 2061 eum
1587 2013 1832 2062 Psalmista
1849 2013 1966 2060 dicit
1977 2015 1989 2037 ¹
2008 2031 2018 2060 :
2044 2032 2066 2058 «
2087 2012 2341 2060 Delectasti
2355 2027 2449 2070 me,
2466 2010 2690 2068 Domine,

565 2093 614 2138 in
639 2093 820 2140 factura
842 2105 924 2141 tua
939 2132 950 2153 ,
978 2104 1025 2141 et
1047 2095 1097 2140 in
1122 2094 1350 2158 operibus
1372 2111 1607 2141 manuum
1628 2105 1822 2141 tuarum
1844 2093 2087 2141 exultabO.
2113 2113 2137 2138 »

631 2175 750 2220 Sunt
789 2174 999 2221 fortassis
1036 2173 1210 2238 quibus
1245 2174 1526 2237 hujusmodi
1560 2175 1845 2238 quaestiones
1880 2173 2060 2220 frivolae
2089 2189 2190 2219 esse
2225 2188 2315 2218 nec
2349 2169 2694 2218 rationabiliter

566 2254 750 2300 moveri
773 2253 1015 2313 videntur,
1042 2271 1192 2317 quum
1215 2254 1322 2318 quis
1344 2253 1566 2300 videlicet
1588 2254 1756 2318 quaerit
1778 2253 1840 2300 de
1873 2252 2033 2317 aliquo
2063 2267 2313 2316 nunquam
2342 2250 2592 2297 eveniente
2609 2285 2621 2308 ,
2647 2259 2694 2296 et

566 2332 681 2378 dicit
697 2332 815 2396 quid
837 2332 973 2380 fieret
995 2333 1035 2379 si
1056 2334 1122 2380 ita
1144 2343 1284 2380 esset.
1304 2336 1420 2390 Quae
1436 2349 1666 2398 namque,
1687 2334 1935 2398 inquiunt,
1956 2333 2079 2380 ratio
2098 2342 2170 2379 est
2185 2347 2401 2396 quaerere·
2415 2331 2454 2377 si
2470 2331 2536 2377 ita
2551 2340 2689 2389 esset,

566 2412 699 2475 quod
722 2430 811 2460 nec
834 2412 936 2459 fieri
958 2412 1106 2460 habet
1124 2450 1135 2471 ,
1165 2412 1288 2459 sicut
1310 2430 1400 2460 nec
1422 2412 1542 2460 illud
1564 2414 1693 2461 esse?
1717 2414 1895 2460 Dicunt
1918 2413 2079 2477 itaque
2101 2415 2258 2459 Deum
2287 2410 2537 2476 praescium
2566 2409 2693 2456 futu-

564 2509 732 2539 rorum
753 2493 848 2540 hoc
869 2493 1058 2540 homini
1079 2493 1394 2553 concessisse,
1420 2503 1474 2540 ut
1495 2511 1581 2558 per
1603 2494 1841 2541 rationem
1871 2493 2209 2540 dominaretur
2231 2491 2409 2538 caeteris
2438 2489 2694 2537 animanti-

565 2571 678 2632 bus,
706 2583 753 2620 et
775 2590 831 2621 ea
852 2574 1178 2638 constringere
1201 2584 1363 2638 posset
1385 2583 1527 2638 atque
1554 2574 1852 2639 opprimere,
1879 2573 2098 2637 quamvis
2128 2587 2333 2637 corpore
2361 2569 2616 2628 validiora,
2642 2578 2695 2616 ut

491 2715 497 2723 ¹
565 2653 786 2702 videlicet
820 2672 876 2702 ex
906 2672 1133 2704 concessa
1166 2655 1257 2702 sibi
1285 2656 1471 2703 ratione
1503 2665 1639 2703 tanto
1671 2670 1783 2702 eum
1822 2655 1972 2702 homo
2006 2653 2216 2719 amplius
2240 2651 2479 2715 diligeret,
2511 2659 2693 2714 quanto

567 2736 771 2801 amplius
792 2737 842 2782 in
866 2736 957 2784 hac
980 2754 1030 2784 se
1058 2737 1119 2784 ab
1152 2754 1210 2784 eo
1235 2737 1474 2802 accepisse
1497 2746 1825 2801 cognosceret.

634 2819 796 2873 Quum
822 2817 937 2864 dicit
951 2853 962 2875 ‚
990 2816 1300 2864 «volatilibus
1323 2817 1455 2878 coeli,
1474 2836 1496 2861 »
1518 2817 1614 2864 hoc
1637 2827 1708 2864 est
1727 2816 1912 2875 avibus,
1932 2831 2036 2862 non
2059 2813 2121 2862 ad
2144 2813 2464 2861 differentiam
2487 2811 2694 2876 aliquam

568 2897 833 2944 volatilium
870 2897 1089 2945 additum
1123 2908 1194 2945 est
1231 2918 1253 2943 «
1285 2898 1421 2958 coeli,
1453 2917 1476 2943 »
1515 2897 1600 2945 sed
1635 2898 1697 2945 ad
1732 2895 2166 2966 demonstrandum
2198 2911 2286 2960 per
2319 2910 2465 2959 quam
2509 2902 2693 2958 partem

568 2979 739 3026 mundi
754 2980 917 3026 volare
934 2979 1169 3039 habeant3
1189 2981 1312 3028 sicut
1328 2981 1472 3028 etiam
1497 2980 1681 3027 dictum
1704 2990 1775 3026 est
1799 2999 1822 3024 «
1841 2978 2051 3045 piscibus
2073 2978 2241 3036 maris,
2266 2995 2289 3022 »
2314 2976 2390 3024 vel
2412 2975 2566 3023 sidera
2588 2973 2694 3022 coeli

571 3058 729 3105 dicere
752 3059 960 3106 solemus
978 3097 989 3119 ,
1017 3075 1115 3106 non
1141 3059 1203 3107 ad
1227 3060 1497 3124 aliquorum
1521 3060 1996 3117 determinationem,
2022 3057 2107 3105 sed
2136 3057 2286 3120 magis
2320 3056 2382 3103 ad
2416 3071 2583 3103 eorum
2613 3071 2692 3101 ex-

570 3139 873 3201 primendam
895 3141 1240 3205 proprietatem
1263 3140 1348 3187 ubi
1370 3157 1471 3188 esse
1493 3139 1719 3187 habeant.
1748 3139 2070 3202 Coelumergo
2093 3138 2173 3184 hic
2202 3147 2301 3184 tam
2330 3152 2522 3183 aereum
2546 3150 2693 3198 quam

572 3217 830 3264 aethereum
853 3219 1296 3284 comprehendens,
1323 3219 1559 3284 quidquid
1583 3219 1645 3266 ab
1669 3219 1974 3267 inferioribus
1997 3218 2137 3282 aquis
2156 3233 2307 3281 usque
2330 3215 2391 3262 ad
2425 3213 2692 3279 superiores

572 3299 767 3345 interest
789 3299 884 3346 hoc
906 3300 1145 3348 vocabulo
1168 3311 1434 3367 nuncupat.

618 3480 628 3499 ¹
654 3481 771 3515 Psalm.
790 3491 863 3524 xm,
882 3493 912 3515 v.
935 3484 967 3515 5.
