2970 4152
835 397 955 445 CUM
990 397 1161 445 PETRI
1196 396 1510 444 ABAELARDl
1545 395 1983 445 SOLUTlONlBUS.
2395 397 2490 445 289

367 493 482 558 legis
498 492 546 540 id
564 508 757 557 quoque
774 492 824 538 in
842 492 1227 539 remuneratione
1247 491 1508 551 constituit,
1528 501 1581 538 ut
1595 491 1774 538 steriles
1793 491 1923 557 apud
1943 508 2024 538 eos
2042 507 2142 538 non
2161 503 2489 556 permaneant,

367 584 465 620 tam
483 574 531 620 in
558 572 834 620 hominibus
846 608 858 632 ‚
876 589 1019 636 quam
1040 573 1090 619 in
1110 572 1353 636 jumentiS.
1373 571 1449 625 Sic
1466 571 1645 636 quippe
1665 572 1894 636 scriptum
1913 581 1983 619 est
2000 572 2048 618 in
2066 574 2431 618 Deuteronomio
2447 574 2458 595 ¹
2478 591 2491 617 .-

370 673 393 698 «
421 654 469 700 Si
484 663 739 719 postquam
752 652 963 700 'audieris
981 653 1082 700 haec
1095 652 1272 716 judicia
1288 687 1301 711 ,
1330 650 1613 698 custodieris
1632 667 1709 711 63,
1736 651 1972 699 custodiet
1987 661 2033 699 te
2050 652 2287 699 Dominus
2301 687 2313 711 ,
2334 651 2493 715 diliget

367 744 415 781 et
432 733 763 799 multiplicabit
778 769 791 793 ,
820 732 1167 797 benedicetque
1190 731 1364 779 fructui
1386 732 1564 779 ventris
1588 732 1682 792 tui,
1711 742 1758 779 et
1779 742 1914 779 terrae
1938 742 2029 779 tuae
2061 733 2312 789 armentis,
2348 733 2495 796 gregi-

366 816 457 864 bus
498 817 678 863 ovium.
720 815 1002 862 Benedictus
1034 815 1125 861 eris
1170 815 1294 862 inter
1335 830 1505 861 omnes
1538 813 1762 879 populos.
1807 817 1914 860 Non
1959 814 2048 861 erit
2086 813 2216 879 apud
2250 824 2296 861 te
2329 813 2496 861 sterilis

369 897 615 960 utriusque
652 913 814 955 sexus,
853 905 949 942 tam
993 897 1042 943 in
1068 894 1346 942 hominibus
1375 911 1521 959 quam
1558 895 1608 941 in
1638 894 1858 959 gregibus
1894 895 2001 941 tuis.
2028 914 2051 938 υ
2091 894 2231 942 Unde
2258 905 2305 942 et
2339 894 2496 942 nuHos

368 986 644 1024 sanctorum
670 979 862 1022 Patrum
879 974 1078 1039 legimus
1102 976 1284 1022 semine
1309 974 1544 1039 privatos,
1572 975 1790 1039 quamvis
1821 974 2001 1021 steriles
2030 974 2263 1022 haberent
2294 991 2492 1034 uxores,

350 1064 487 1120 ’quas
510 1073 609 1103 non
641 1055 702 1103 ad
729 1055 1025 1120 voluptatem
1055 1055 1452 1121 concupiscentiae
1479 1054 1681 1102 carnalis
1703 1055 2041 1114 exercendam,
2070 1055 2153 1102 sed
2177 1054 2239 1102 ad
2262 1055 2495 1121 populum

369 1137 458 1184 Dei
481 1135 847 1202 propagandum
873 1134 1114 1182 ducebant
1133 1154 1142 1182 :
1166 1146 1338 1182 utnon
1358 1145 1457 1182 tam
1473 1135 1563 1182 sibi
1582 1152 1727 1200 quam
1741 1139 1844 1182 Deo
1864 1134 1985 1182 filios
2002 1146 2324 1201 procrearent.
2346 1134 2497 1192 Quale

370 1226 417 1262 et
434 1215 552 1263 illud
572 1226 642 1263 est
664 1215 820 1263 Tobiae
835 1217 874 1262 ²:
902 1235 924 1260 «
947 1217 1006 1262 Et
1023 1232 1153 1262 nunc
1167 1252 1179 1276 ,
1202 1216 1409 1262 Domine
1423 1252 1435 1276 ,
1460 1226 1511 1263 tu
1530 1216 1620 1263 scis
1634 1252 1646 1276 ,
1669 1216 1781 1280 quia
1807 1232 1908 1262 non
1935 1215 2130 1262 luxuriae
2156 1232 2297 1262 causa
2315 1215 2496 1280 accipio

368 1312 584 1342 sororem
612 1312 798 1356 meam;
830 1295 914 1342 sed
934 1295 1034 1343 sola
1057 1296 1344 1360 posteritatis
1362 1312 1534 1356 causa,-
1559 1297 1609 1343 in
1635 1313 1729 1360 qua
1753 1295 2064 1343 benedicetur
2083 1312 2262 1349 nomen
2288 1306 2423 1343 tuum
2448 1296 2496 1341 in

369 1375 538 1433 saecula
561 1375 858 1422 saeculorum.
885 1395 907 1420 »
937 1379 1036 1423 Hac
1060 1377 1324 1435 intentione
1357 1375 1597 1423 Abraham
1623 1376 1931 1423 matrimonio
1957 1375 2229 1441 copulatus,
2265 1375 2326 1422 de
2352 1391 2499 1422 uxore

369 1454 514 1502 sterili
537 1455 723 1520 prolem
756 1457 996 1521 suscipere
1021 1456 1234 1503 meruit³.
1275 1456 1352 1501 Sic
1385 1472 1580 1520 quoque
1615 1457 1785 1515 1saac⁸,
1827 1458 2002 1502 Manue
2035 1465 2170 1520 pater
2210 1455 2495 1513 Samsonis⁵,

369 1535 546 1583 Elcana
579 1536 640 1583 de
671 1539 806 1583 Anna
832 1537 873 1596 ⁶,
916 1536 1163 1583 Zacharias
1193 1535 1254 1583 de
1288 1535 1530 1582 Elizabeth
1550 1538 1563 1560 ⁷
1602 1546 1815 1601 optatam
1842 1535 2003 1600 adepti
2038 1545 2149 1582 sunt
2177 1535 2364 1601 prolem
2384 1571 2396 1594 ,
2440 1552 2500 1582 ne

370 1615 678 1664 maledictum
702 1617 817 1681 legis
842 1616 915 1664 vel
940 1616 1256 1683 opprobrium
1279 1616 1579 1662 incurrerent
1605 1615 1914 1662 matrimonii.
1944 1615 2089 1673 Quod
2119 1615 2232 1663 inde
2258 1615 2499 1662 matrimo-

370 1697 505 1744 nium
530 1708 600 1745 est
631 1698 836 1759 dictum,
874 1699 1008 1763 quod
1039 1698 1100 1746 ad
1134 1708 1335 1745 matrem
1362 1697 1561 1744 familias
1597 1697 1863 1744 faciendam
1903 1697 1960 1743 sit
1992 1697 2180 1743 initum.
2215 1700 2317 1744 Hoc
2358 1696 2501 1743 male·

371 1777 547 1825 dicium
579 1778 695 1842 legis
725 1780 887 1844 Jepte⁸
912 1779 1008 1827 filia
1032 1779 1368 1840 considerans,
1406 1778 1728 1845 virginitatem
1764 1794 1900 1827 suam
1931 1777 2166 1838 deflebat;
2198 1776 2331 1842 quod
2366 1777 2499 1841 virgo

372 1858 624 1919 moritura,
668 1875 829 1906 semen
863 1858 912 1906 in
948 1859 1090 1907 lsrael
1133 1876 1231 1908 non
1266 1868 1389 1909 esset
1429 1859 1666 1908 relictura.
1700 1859 1770 1907 Ab
1807 1859 1902 1907 1100
1932 1858 2196 1925 opprobrio
2228 1875 2278 1905 se
2312 1856 2501 1904 liberari

371 1938 614 1986 Elizabeth
644 1938 911 2002 exultabat,
948 1941 1166 1989 dicens⁹z
1197 1943 1363 2000 «Quia
1386 1943 1453 1990 sic
1481 1943 1588 1990 fecit
1608 1942 1725 1989 mihi
1744 1942 2010 2001 Dominus,
2034 1940 2083 1987 in
2109 1939 2300 1998 diebus,
2329 1937 2501 2003 quibus

371 2019 575 2084 respexit
610 2021 794 2070 auferre
831 2022 1147 2088 opprobrium
1190 2040 1352 2071 meum
1391 2023 1515 2071 inter
1552 2023 1791 2070 homines.
1820 2042 1842 2067 υ
1879 2025 1987 2068 Haec
2021 2021 2183 2068 omnia
2219 2035 2362 2084 supra
2402 2035 2500 2065 me-

371 2104 591 2147 moratus‘
624 2100 795 2149 doctor
834 2102 1083 2167 diligenter
1119 2103 1402 2165 attendens,
1455 2104 1590 2151 illum
1630 2103 1999 2167 conjugatorum
2033 2099 2342 2148 concubitum
2363 2135 2375 2159 ,
2419 2100 2501 2164 qui

372 2178 424 2226 fit
447 2190 647 2246 propter
673 2182 794 2230 filios
826 2200 926 2230 non
962 2194 1057 2231 tam
1083 2184 1382 2249 generandos
1406 2201 1552 2250 quam
1585 2185 1634 2232 in
1663 2184 1851 2232 Christo
1870 2181 2224 2248 regenerandos
2241 2217 2253 2240 ,
2279 2181 2344 2228 ita
2366 2196 2501 2227 com-

371 2259 593 2319 mendat,
621 2271 673 2308 ut
708 2262 843 2309 illum
877 2265 1026 2328 magis
1060 2281 1088 2311 a
1123 2275 1320 2330 peccato
1347 2266 1613 2312 immunem
1646 2264 1795 2325 dicat,
1833 2280 1979 2329 quam
2013 2279 2125 2311 eum
2161 2263 2244 2327 qui
2280 2261 2333 2308 fit
2363 2277 2503 2308 causa

371 2340 574 2388 vitandae
611 2342 938 2391 fornicationis
975 2363 985 2392 :
1020 2362 1166 2410 quam
1204 2356 1363 2393 tamen
1404 2346 1556 2393 solam
1596 2345 1851 2411 Apostolus
1890 2360 2085 2393 causam
2122 2343 2398 2400 constituit,
2443 2343 2503 2390 ad

371 2422 717 2471 continentiam
751 2425 1014 2489 plurimum
1043 2442 1133 2474 nos
1167 2427 1430 2474 adhortans
1446 2430 1502 2475 ¹⁰:
1536 2430 1653 2475 «De
1686 2427 1885 2492 quibus,
1916 2446 1940 2470 »
1969 2425 2149 2490 inquit,
2188 2443 2213 2469 «
2258 2423 2505 2489 scripsistis

373 2500 518 2560 mihi,
544 2501 730 2550 bonum
755 2515 825 2551 est
849 2505 1036 2552 homini
1060 2507 1309 2554 mulierem
1335 2524 1434 2554 non
1455 2517 1648 2572 tangere
1671 2525 1681 2554 ε
1702 2517 1901 2572 propter
1926 2506 2293 2553 fornicationem
2311 2515 2499 2563 autem,

375 2583 700 2646 unusquisque
736 2600 872 2630 suam
915 2602 1139 2646 uxorem,
1169 2596 1216 2633 et
1253 2602 1551 2651 unaquaeque
1590 2603 1730 2634 suum
1767 2587 1925 2632 virum
1956 2584 2146 2632 habeat.
2194 2603 2218 2628 »
2260 2587 2503 2648 Tanquam

373 2676 486 2724 ergo
511 2661 681 2709 melius
713 2661 790 2723 fit,
826 2664 1137 2712 concubitum
1174 2682 1369 2730 quoque
1400 2666 1702 2730 conjugalem
1734 2669 1837 2713 Deo
1876 2664 2028 2729 magis
2060 2679 2206 2728 quam
2242 2662 2383 2710 nobis
2419 2663 2505 2710 im-

373 2740 550 2804 pendi3
578 2752 630 2789 ut
648 2743 692 2789 ei
716 2743 892 2791 scilicet
909 2743 1032 2792 filios
1058 2762 1284 2810 generare
1309 2746 1458 2810 magis
1477 2762 1623 2810 quam
1649 2746 1836 2793 utilitati
1867 2755 2043 2792 nostrae
2067 2743 2372 2791 intendamus
2395 2759 2506 2808 pro-

373 2819 552 2869 videre.
589 2822 720 2870 Adeo
751 2824 1003 2889 praedictus
1037 2825 1210 2873 doctor
1242 2826 1373 2873 illam
1398 2827 1715 2874 intentionem
1740 2827 1813 2874 isti
1837 2825 2099 2892 praeponit,
2123 2835 2176 2871 ut
2200 2839 2503 2888 nequaquam

374 2899 508 2948 illum
527 2902 839 2951 concubitum
856 2905 918 2952 ad
943 2905 1289 2971 indulgentiam
1314 2906 1510 2968 referat,
1534 2924 1677 2972 quem
1696 2924 1723 2954 a
1739 2906 1879 2972 culpa
1899 2906 2091 2972 penitus
2109 2905 2282 2952 alienat
2302 2923 2311 2951 :
2337 2914 2388 2951 ut
2405 2919 2504 2951 non

372 2980 528 3028 solum
553 2992 780 3048 tanquam
805 2984 1052 3051 culpabilis
1086 3003 1187 3034 non
1217 2987 1417 3048 vitetur,
1447 2987 1532 3035 sed
1566 2998 1796 3052 tanquam
1821 2985 2074 3034 laudabilis
2109 2995 2370 3051 expetatur.
2413 2986 2507 3043 Qui

373 3061 515 3109 etiam
539 3064 816 3128 nuptiarum
841 3064 1027 3114 bonum
1045 3067 1375 3127 commendat,
1408 3078 1460 3115 ut
1490 3068 1527 3115 si
1552 3085 1696 3116 causa
1726 3085 1821 3133 qua
1855 3067 2084 3115 convenit
2117 3067 2363 3126 ineantur,
2396 3081 2509 3131 pro-

373 3141 566 3190 creandi
590 3143 810 3192 videlicet
842 3145 964 3194 filios
985 3165 994 3193 ι
1016 3147 1122 3195 11105
1156 3148 1299 3195 etiam
1323 3148 1608 3196 concubitus
1626 3158 1842 3208 excuset,
1866 3147 1951 3211 qui
1974 3163 2073 3193 non
2093 3146 2185 3193 hac
2210 3146 2475 3194 intentione
2491 3182 2502 3204 ,

373 3237 468 3285 qua
485 3225 736 3287 convenit,
767 3226 889 3275 113111
911 3245 920 3273 :
947 3237 1090 3292 atque
1112 3227 1162 3275 111
1187 3228 1351 3294 seipsis
1367 3264 1380 3290 ,
1410 3229 1558 3294 magis
1583 3245 1731 3295 quam
1750 3229 1799 3275 in
1826 3227 2159 3294 operationem
2182 3225 2389 3274 vitandae
2414 3226 2506 3273 for-

419 3379 429 3396 ·
450 3380 597 3421 Denter„
610 3393 685 3427 cap.
701 3395 762 3423 vu,
779 3395 808 3418 v.
832 3386 882 3418 13.
898 3404 935 3410 —
951 3384 963 3403 ¹
981 3386 1074 3426 Tob„
1093 3396 1165 3431 cap.
1181 3398 1256 3430 vni,
1270 3399 1300 3422 v.
1318 3388 1350 3422 9.
1365 3404 1411 3414 -
1473 3405 1511 3413 -
1525 3387 1538 3406 ⁷
1552 3388 1648 3430 Luc„
1663 3397 1737 3431 cap.
1757 3398 1788 3427 1,
1804 3397 1836 3420 ν.
1853 3388 1872 3420 5
1889 3393 1924 3421 et
1940 3396 1990 3431 sq.
2006 3403 2050 3411 —
2067 3384 2219 3424 'Judicn
2232 3395 2307 3428 cap·
2326 3393 2359 3416 ¹¹
2371 3406 2381 3423 ο
2399 3392 2429 3415 V·
2451 3382 2505 3415 3⁸·

375 3435 388 3453 ¹
407 3436 535 3478 cenes„
562 3449 636 3482 cap.
660 3451 733 3482 xvi,
757 3452 788 3475 v.
815 3444 827 3474 1
856 3449 889 3476 61
911 3454 963 3488 sq.
981 3461 1019 3468 —
1044 3442 1058 3461 ⁴
1079 3444 1208 3484 Genea,
1233 3455 1306 3489 cap.
1330 3455 1410 3482 xxv,
1471 3445 1542 3471 -⁹
1558 3445 1654 3486 Luc„
1671 3455 1746 3489 cap·
1762 3454 1792 3485 Ι,
1810 3455 1839 3477 V·
1857 3445 1912 3478 25·
1932 3463 1972 3470 —
1988 3443 2018 3462 ⁴⁰
2035 3443 2179 3478 Corinth.
2202 3442 2239 3481 1,
2260 3450 2333 3482 οεῬ·
2350 3449 2410 3479 V¹¹»
2427 3449 2456 3471 V·
2473 3442 2506 3472 2-

375 3503 406 3525 v.
427 3494 480 3527 20.
498 3511 540 3518 —
552 3495 566 3512 ¹⁵
578 3497 704 3540 Judic„
721 3508 794 3543 cap.
811 3510 881 3534 xm.
897 3518 936 3524 —
953 3499 966 3518 ⁶
981 3501 1062 3543 1129.
1089 3501 1124 3540 I,
1153 3512 1228 3545 cap.
1251 3513 1281 3542 1,
1295 3513 1326 3536 ν.
1357 3503 1410 3537 19.

537 3563 550 3592 1
2292 3555 2344 3596 37
