2970 4152
780 540 977 579 LXXVII.

555 653 620 688 Est
638 653 678 688 in
695 652 814 688 Rama

557 713 643 750 Vox
662 711 788 749 audita

553 773 696 809 Rachel
714 773 837 810 flentis
850 801 859 817 ‚

556 833 676 881 Super
694 840 800 869 natos

556 893 777 929 Interfectos

558 953 751 1001 Ejulantis.

558 1055 730 1089 Lacerata

557 1114 580 1149 J
582 1119 688 1150 acent
705 1112 871 1149 membra

557 1173 822 1218 Parmlorum,

558 1233 606 1268 Et
621 1239 698 1268 tam
715 1233 810 1269 lacte

560 1293 684 1339 Quam
704 1305 838 1329 cruore

559 1352 700 1401 Rigant
716 1353 890 1389 humum.

560 1453 630 1489 His
649 1452 871 1490 incumbens

561 1512 666 1550 Orba
682 1526 835 1562 parens,

562 1571 746 1619 Ejulando

562 1632 773 1670 Recollecta

565 1693 680 1729 Fovet
696 1693 834 1730 frustra
856 1746 858 1748 v

564 1754 657 1790 Sinu
674 1754 736 1802 pio
749 1755 759 1774 ¹
768 1782 775 1788 .

565 1865 707 1902 Fundit
724 1873 854 1915 pectus
866 1894 876 1911 ‚

567 1926 713 1963 scindit
730 1928 832 1963 sinus

566 1987 692 2023 Caecus
709 1987 815 2023 furor

568 2049 692 2094 Quem
709 2055 899 2084 maternus

538 2140 556 2158 ,
569 2108 616 2147 Et
632 2108 820 2144 humanus

568 2169 671 2206 Facit
688 2180 804 2205 amor.

569 2270 761 2306 Interfecti

569 2331 666 2367 Sunt
682 2331 811 2370 inviti.

572 2391 643 2427 Sed
661 2402 730 2440 pro
747 2391 820 2426 vita

572 2451 793 2487 Meritorum

571 2511 660 2546 Fuit
679 2510 845 2556 nullum,

572 2571 715 2607 Merces
732 2570 861 2606 multa.

573 2682 714 2718 Merces
733 2684 811 2730 ipsa

573 2743 663 2778 Fuit
678 2743 750 2778 vita
764 2770 773 2786 ,

574 2804 697 2849 Quam
716 2809 754 2838 et
771 2803 839 2850 ipsi

572 2862 770 2899 Moriendo
781 2890 791 2906 ,

571 2923 657 2959 Non
675 2922 883 2971 loquendo,

574 2983 670 3019 Sunt
690 2982 859 3018 confessi.

791 3108 1006 3146 LXXVIII.
1027 3114 1034 3120 ‘

500 3218 672 3264 Scutum,
690 3217 802 3261 Deus,
823 3218 991 3253 omnium
1002 3245 1012 3261 ‚

503 3279 550 3314 Et
568 3289 704 3314 corona
721 3283 927 3326 martyrum
941 3305 951 3322 ,

503 3339 596 3374 Tam
611 3327 723 3374 ¹causa
741 3338 985 3374 certaminum

432 3483 440 3499 ¹
470 3483 552 3516 cod.
578 3486 625 3516 sic
643 3486 747 3524 cupio.
768 3499 813 3507 —
835 3482 847 3499 ²
866 3482 919 3515 Sic
935 3482 1014 3515 Cod.

1283 399 1558 447 CARMINA.

1574 495 1699 540 Quam
1716 494 1838 543 palma
1854 493 2079 530 certantium
2090 521 2099 537 ,

1572 555 1645 591 Per
1659 555 1822 590 inermes
1839 553 2012 599 dimicas,

1573 615 1622 651 Et
1637 621 1797 651 armatos
1806 626 1976 663 superas.

1574 675 1683 711 Intus
1701 687 1802 710 arma
1819 673 1974 711 fabricas
1985 702 1996 719 ,

1577 734 1728 781 Quibus
1739 741 1884 782 pugnat
1902 735 2047 779 caritas.

1556 829 1625 864 His
1642 827 1779 864 confisa
1796 827 1891 863 bene
1911 827 2029 863 virtus

1556 888 1712 924 Nudum
1728 887 1829 924 hosti
1845 886 1984 935 praebet
2002 893 2131 935 pectus
2143 915 2152 932 ‚

1649 943 1772 990 Quam
1789 955 1809 979 a
1827 942 1967 979 dextris

1649 1004 1698 1039 Et
1715 1003 1874 1039 sinistris

1674 1064 1852 1099 Muniunt
1862 1091 1872 1108 ,

1650 1125 1684 1160 A
1700 1124 1838 1160 laesuris

1650 1184 1841 1220 Universis

1673 1244 1896 1293 Protegunt.

1652 1305 1697 1340 In
1715 1304 1812 1340 hanc
1829 1315 1961 1352 pugnae

1653 1366 1957 1413 Quantaecunque

1676 1425 1858 1470 Saeviunt,

1656 1485 1747 1534 Spes
1764 1497 1930 1521 securam
1940 1512 1950 1527 ,
1991 1491 1993 1494 “

1655 1545 1764 1582 Fides
1781 1552 1919 1582 certam

1678 1606 1846 1643 Faciunt.

1583 1721 1656 1758 Per
1673 1721 1769 1765 banc
1791 1727 1921 1769 pectus
1938 1720 2112 1768 martyris
2125 1748 2135 1765 ‚

1542 1810 1545 1813 ,
1586 1784 1720 1819 Turris
1736 1782 1970 1820 fortitudinis

1585 1845 1631 1880 In
1649 1843 1793 1880 cunctis
1811 1842 1985 1891 periculis

1587 1903 1757 1941 Persistit
1773 1902 1989 1940 immobilis.

1590 1965 1799 2013 Eriguntur
1813 1963 1994 2000 machinae

1590 2025 1690 2062 Hinc
1709 2023 1812 2061 illinc
1826 2025 2047 2068 innumerae3

1590 2085 1815 2133 Diriguntur
1831 2095 1942 2121 saxeae

1589 2144 1707 2182 Moles
1722 2145 1762 2181 in
1780 2145 1878 2181 hanc
1894 2143 2074 2194 undique.

1567 2260 1717 2309 Pugnat
1734 2259 1856 2295 thoris
1870 2264 1882 2280 ²
1899 2259 2065 2296 mundus
2078 2267 2179 2297 extra
2191 2289 2202 2308 ,

1567 2319 1694 2358 Salvat
1709 2330 1807 2356 unus
1824 2319 1924 2357 Deus
1941 2321 2053 2358 intra.

1659 2381 1794 2427 Ferro,
1814 2380 1974 2417 flammis

1661 2441 1787 2477 caecus
1804 2440 1923 2477 hostis

1685 2501 1864 2545 Saeviens;

1662 2561 1832 2597 Noscunt
1848 2561 1949 2596 intus

1664 2621 1756 2667 Quae
1773 2621 1822 2657 sit
1836 2620 1954 2657 virtus

1687 2681 1907 2729 protegens.

1662 2741 1825 2778 Crebros
1842 2741 1937 2777 ictus

1662 2802 1735 2838 Dat
1753 2801 1912 2838 assultus

1687 2862 1920 2907 Vehemens,

1664 2923 1737 2960 Sed
1752 2930 1808 2960 est
1823 2923 1926 2960 intus

1663 2985 1731 3021 Dei
1748 2985 1866 3021 virtus

1686 3044 1902 3081 Praevalens.

1594 3156 1711 3193 Multa
1730 3163 1835 3199 sunt,
1862 3167 1996 3205 magna
2012 3162 2099 3192 sunt

1591 3217 1636 3253 In
1650 3223 1793 3252 sanctos
1809 3215 1954 3264 praelia3

1595 3276 1669 3313 Sed
1686 3288 1802 3325 pauca
1818 3275 1874 3312 vel
1893 3288 2002 3325 parva

1595 3338 1789 3383 Quantum
1805 3335 1853 3373 ad
1869 3339 2032 3386 praemia.

2394 397 2489 446 323
