2970 4152
726 406 785 453 ΙΝ
817 404 994 452 FERIA
1028 402 1297 450 SECUNDA
1330 399 1739 449 PENTECOSTES
1773 399 1991 446 SERMO.
2326 401 2422 448 493

298 503 530 569 reprobus
559 501 753 549 efficiar.
777 519 800 544 »
830 503 889 547 Et
910 497 1102 546 attende
1131 496 1264 561 quod
1294 513 1446 560 quum
1480 495 1596 542 dicit
1626 495 1676 541 in
1711 494 1810 553 his,
1843 511 1965 559 quos
1998 494 2199 559 Spiritus
2233 504 2423 541 sanctus

297 583 472 649 replet,
504 582 720 629 interiori
752 580 903 627 verbo
928 579 1140 626 ‘exterius
1166 576 1417 640 conjungi,
1443 584 1672 640 patenter
1702 591 1785 638 005
1811 591 1839 621 3
1866 574 2172 622 daemoniacis
2199 575 2418 622 secernit.

296 665 430 720 Quos
467 662 597 709 enim
634 661 872 708 daemonia
907 659 1116 724 replent,
1157 667 1204 704 et
1241 655 1516 720 torquendo
1553 655 1604 700 in
1640 655 1878 702 insaniam
1911 664 2132 714 vertunt,
2172 653 2318 702 verba
2356 655 2422 701 eis

296 753 507 801 tantum,
546 759 646 789 non
682 758 877 789 sensum
908 741 1204 797 ministrant,
1242 747 1290 785 et
1322 736 1575 799 caliginem
1605 735 1721 782 fumi
1752 737 1913 801 potius
1942 752 2090 801 quam
2115 736 2423 802 splendorem

298 822 418 886 ignis
435 820 676 869 mentibus
683 826 859 867 'eorum
878 820 1158 867 immittunt.
1183 818 1384 883 Spiritus
1397 826 1559 864 autem
1574 826 1765 863 sanctus
1779 834 1929 881 quum
1942 817 1990 863 in
2012 817 2170 864 electis
2182 817 2416 882 loquitur,

297 903 508 966 primum
529 902 656 948 intus
672 900 910 947 illuminat
930 901 1061 965 ipsos
1074 936 1085 958 ,
1110 915 1258 963 quam
1279 896 1592 945 exterioribus
1610 913 1781 943 eorum
1803 895 1959 943 verbis
1976 896 2110 944 alios.
2136 897 2275 944 Unde
2297 896 2421 944 bene

297 978 392 1030 hoc
422 982 532 1029 loco
559 982 668 1029 voci
696 981 869 1028 divinae
887 1018 898 1039 ,
927 991 981 1027 ut
1001 980 1185 1027 dictum
1207 989 1300 1038 est,
1325 996 1419 1026 vox
1443 978 1658 1026 humana
1685 977 1859 1025 dicitur
1881 978 2069 1038 addita,
2101 988 2156 1025 ut
2181 979 2315 1043 quod
2336 995 2421 1043 per

297 1062 660 1128 inspirationem
684 1061 787 1109 aliis
814 1061 1206 1108 nuntietur.'Nec
1236 1069 1398 1107 tamen
1426 1059 1538 1107 ideo
1567 1058 1864 1106 credendum
1888 1069 1981 1118 est,
2010 1069 2063 1106 ut
2087 1060 2309 1124 quotiens
2336 1078 2422 1126 per

298 1143 556 1209 prophetas
576 1143 778 1208 Spiritus
799 1151 991 1190 sanctus
1021 1141 1209 1188 locutus
1240 1151 1312 1188 est
1328 1178 1340 1200 ,
1367 1139 1604 1206 quidquid
1626 1140 1676 1186 in
1700 1139 1859 1187 verbis
1883 1139 1972 1188 illis
1998 1141 2302 1201 intellexerit,
2328 1141 2422 1188 hoc

297 1233 454 1270 totum
475 1223 543 1271 eis
562 1240 648 1288 per
669 1239 791 1287 quos
814 1221 1103 1287 loquebatur
1127 1221 1431 1286 inspiraverit
1449 1239 1460 1268 :
1483 1220 1568 1267 sed
1589 1218 1739 1267 modo
1759 1236 1911 1267 unum
1936 1221 2273 1268 tantummodo
2287 1259 2298 1280 ,
2324 1221 2420 1268 for-

297 1304 432 1352 tassis
455 1304 615 1369 plures
646 1321 769 1368 quos
791 1303 858 1350 ibi
887 1302 1176 1368 providebat
1203 1319 1369 1350 sensus
1396 1301 1588 1360 haberi,
1623 1302 1690 1348 eis
1712 1300 1970 1348 revelabat.
1998 1302 2136 1349 Unde
2159 1319 2309 1366 quum
2337 1301 2421 1350 ali-

297 1401 443 1450 quam
470 1383 774 1449 prophetiam
798 1384 929 1431 varie
960 1400 988 1430 a
1012 1382 1295 1430 doctoribus
1324 1383 1500 1448 exponi
1527 1381 1770 1442 videmus,
1803 1398 2111 1446 nequaquam
2139 1399 2330 1430 necesse
2354 1394 2423 1430 est

298 1475 350 1513 ut
365 1481 534 1513 omnes
553 1464 659 1512 illos
678 1480 844 1511 sensus
860 1464 927 1511 ibi
949 1463 1240 1529 prophetam
1257 1462 1483 1511 habuisse
1505 1462 1757 1510 credamus
1778 1460 1790 1510 ι’
1811 1462 1897 1510 sed
1909 1462 2146 1528 quidquid
2163 1463 2421 1511 11110011νο-

298 1545 484 1593 nienter
517 1544 715 1608 intelligi
744 1546 924 1609 potuit,
964 1543 1167 1608 Spiritus
1207 1543 1458 1608 praescivit.
1495 1542 1627 1590 Sicut
1656 1559 1770 1606 ergo
1799 1542 1933 1591 dives
1971 1543 2140 1609 aliquis
2180 1560 2266 1609 per
2295 1560 2423 1591 0000-

297 1643 501 1674 11011111111
529 1642 672 1674 51111111
703 1625 901 1673 diversis
935 1624 1197 1673 artificibus
1222 1625 1476 1690 proprium
1502 1624 1650 1672 tradit
1673 1642 1869 1685 aurum,
1896 1637 1951 1673 ut
1973 1626 2160 1675 diversa
2182 1627 2225 1674 ei
2250 1625 2423 1675 faciant

298 1715 613 1755 ornamenta:
639 1706 706 1753 ita
730 1715 778 1753 et
798 1705 1000 1771 Spiritus
1018 1722 1105 1771 per
1124 1704 1386 1771 prophetas
1407 1720 1494 1752 sua
1525 1705 1667 1753 nobis
1703 1706 1850 1753 tradit
1877 1705 2067 1771 eloquia
2101 1706 2299 1755 diversis
2324 1725 2425 1756 sen-

297 1788 456 1835 tentiis
478 1787 673 1847 referta,
706 1804 812 1852 quae
838 1803 991 1851 quum
1019 1786 1217 1834 diversis
1239 1786 1524 1852 exponimus
1545 1786 1727 1847 modis,
1758 1797 1878 1852 quot
1899 1787 2013 1834 inde
2035 1789 2291 1837 sententias
2312 1794 2431 1854 ‘pro-

297 1869 540 1928 ducimus,
562 1868 699 1934 quasi
722 1877 796 1916 tot
820 1884 968 1933 opera
993 1868 1054 1915 de
1075 1884 1174 1916 una
1195 1870 1395 1918 materia
1418 1867 1722 1917 fabricamus.

365 1969 390 1996 «
414 1953 535 1998 Date
573 1949 776 2014 gloriam
813 1952 935 1996 Deo.
957 1968 981 1994 »
1022 1952 1184 2013 Regna
1217 1959 1376 2010 terrae‚
1412 1967 1517 2015 quae
1553 1951 1772 2016 superius
1804 1950 1867 1998 ad
1900 1950 2196 1999 cantandum
2227 1963 2274 1999 et
2298 1955 2423 2018 psal-

297 2031 495 2079 lendum
542 2034 646 2079 Deo
689 2031 999 2090 invitaverat,
1036 2048 1227 2079 rursum
1263 2032 1325 2079 ad
1351 2031 1719 2095 glorificandum
1749 2033 1907 2097 ipsum
1936 2032 2220 2080 adhortatur
2256 2050 2312 2081 ea
2330 2072 2340 2092 ,
2373 2045 2425 2081 ut

297 2112 358 2161 de
383 2123 515 2160 tanta
538 2112 612 2159 his
637 2111 807 2159 diebus
841 2111 1015 2159 collata
1037 2113 1189 2175 gratia
1217 2112 1492 2160 uberiorem
1522 2112 1721 2161 laudum
1750 2113 1867 2160 dent
1894 2113 2095 2177 gloriam
2118 2118 2238 2162 Deo.
2274 2119 2425 2163 Tanto

296 2194 426 2242 enim
447 2194 548 2241 haec
573 2193 723 2256 gratia
748 2192 927 2257 ubique
953 2202 1189 2239 terrarum
1217 2203 1287 2239 est
1318 2192 1522 2258 amplius
1550 2193 1879 2258 praedicanda,
1908 2204 2092 2258 quanto
2117 2196 2221 2261 ipsa
2247 2196 2427 2262 ubique

298 2274 464 2323 melius
485 2283 556 2321 est
577 2271 843 2339 operanda,
868 2282 916 2319 et
934 2288 1021 2337 per
1042 2288 1149 2320 eam
1172 2272 1394 2320 universa
1416 2275 1520 2320 Deo
1542 2283 1655 2319 sunt
1677 2273 1907 2337 acquisita
1928 2290 2093 2338 regna,
2119 2285 2167 2323 et
2195 2276 2255 2323 de
2277 2293 2426 2341 regno

297 2353 509 2402 diaboli
498 2371 547 2401 m
569 2370 772 2417 regnum
794 2352 970 2401 Christi
997 2352 1243 2400 translata.
1270 2352 1415 2410 Quod
1444 2352 1642 2417 quidem
1671 2369 1776 2418 per·
1784 2370 1907 2418 quos
1937 2354 2115 2402 sactum
2142 2356 2223 2413 sit,
2255 2374 2426 2405 conse-

296 2445 499 2501 quenter
521 2434 761 2498 adjungit,
787 2432 989 2480 dicens:
1019 2452 1041 2478 «
1065 2432 1420 2497 Magnificentia
1442 2433 1568 2496 ejus,
1593 2443 1643 2480 et
1672 2434 1819 2481 virtus
1849 2434 1951 2498 ejus
1978 2435 2028 2482 in
2059 2435 2336 2484 nubibus.»
2361 2441 2425 2485 Ac

296 2515 335 2562 si
357 2515 566 2563 diceret:
593 2512 711 2561 Inde
733 2512 844 2560 date
867 2511 1071 2576 gloriam
1093 2515 1221 2572 Deo,
1247 2513 1360 2576 quia
1382 2513 1483 2578 ipse
1507 2511 1718 2560 nubibus
1739 2514 1860 2573 suis,
1885 2513 1935 2561 id
1958 2524 2029 2562 est
2049 2517 2301 2580 apostolis,
2328 2534 2426 2564 ma-

297 2594 622 2659 gnificentiam
643 2603 690 2641 et
710 2593 939 2640 virtutem
961 2591 1119 2651 dedit,
1144 2608 1231 2658 per
1251 2609 1399 2657 quem
1420 2609 1508 2639 vos
1531 2592 1580 2639 in
1603 2609 1806 2656 regnum
1826 2610 1968 2641 suum
1990 2606 2307 2644 converteret.
2338 2600 2427 2644 Nu-

295 2675 381 2722 bes
411 2673 473 2721 de
506 2674 606 2721 imo
639 2682 840 2737 surgunt
870 2672 920 2719 in
955 2671 1132 2731 altum,
1158 2682 1206 2719 et
1233 2671 1294 2719 de
1322 2671 1420 2720 alto
1450 2671 1658 2719 imbrem
1680 2672 1930 2733 emittunt,
1955 2691 2053 2739 quo
2075 2675 2266 2740 irrigata
2299 2686 2424 2726 terra

297 2755 572 2814 fructificat,
597 2763 644 2802 et
665 2753 886 2802 sedentes
908 2752 1114 2819 apostoli
1136 2753 1367 2818 Spiritum
1389 2763 1732 2819 perceperunt3
1758 2755 1873 2819 quia
1898 2753 2160 2804 humilibus
2186 2760 2315 2805 Deus
2342 2757 2425 2806 dat

297 2835 520 2900 gratiam,
546 2845 595 2882 et
614 2834 832 2900 superbis
853 2834 1028 2882 resistit
1047 2850 1253 2900 semper.
1283 2836 1371 2882 Per
1392 2833 1520 2882 hanc
1542 2835 1743 2899 gratiam
1764 2834 1912 2883 hodie
1933 2837 1983 2883 in
2006 2837 2260 2886 virtutibus
2281 2838 2426 2886 subli-

296 2917 435 2976 mati,
452 2926 501 2964 et
522 2914 826 2963 uberioribus
844 2914 987 2963 donis
1001 2914 1316 2979 magnificati,
1331 2924 1565 2980 tanquam
1581 2915 1642 2963 de
1664 2915 1761 2963 alto
1781 2926 1960 2964 terram
1978 2918 2286 2983 compluunt,
2306 2919 2424 2967 dum

297 2997 446 3045 divini
469 2997 648 3062 eloquii
669 2995 828 3044 verbis
850 2995 999 3044 corda
1022 3006 1327 3044 terrenorum
1347 2995 1605 3044 hominum
1626 2997 1847 3044 omnium
1867 2997 2137 3061 linguarum
2171 2999 2425 3062 generibus

296 3076 548 3142 loquentes
569 3075 814 3124 erudiunt.
840 3078 974 3134 Quos
995 3076 1156 3141 itaque
1177 3078 1306 3124 Deus
1326 3077 1394 3124 sic
1414 3075 1760 3141 magnificavit,
1786 3087 1834 3125 et
1859 3077 1909 3124 in
1938 3087 2093 3125 tantas
2123 3078 2320 3126 virtutes
2353 3090 2426 3127 tot

297 3155 437 3204 donis
467 3157 568 3222 ipse
598 3156 843 3222 promovit
860 3193 872 3215 ,
898 3166 1028 3204 recte
1063 3155 1471 3221 magnificentiam
1503 3167 1552 3206 et
1580 3158 1808 3205 virtutem
1842 3158 1908 3205 eis
1939 3158 2197 3206 contulisse
2231 3159 2421 3219 dicitur,

296 3253 418 3302 quos
439 3247 488 3284 et
508 3236 749 3285 miraculis
771 3253 1049 3297 coruscare,
1075 3247 1124 3285 et
1145 3247 1245 3286 tam
1266 3237 1402 3285 verbi
1429 3254 1578 3303 quam
1606 3239 1754 3286 animi
1781 3239 1956 3286 virtute
1987 3238 2096 3287 fecit
2122 3241 2419 3305 praeminere.

297 3320 367 3365 De
389 3317 565 3382 quibus
587 3317 746 3366 adhuc
767 3316 1016 3365 subditur¹
1044 3337 1053 3365 ε
1084 3338 1106 3362 «
1126 3318 1356 3367 Mirabilis
1379 3321 1507 3367 Deus
1530 3320 1579 3367 in
1603 3320 1778 3367 sanctis
1807 3320 1926 3380 suis,
1949 3338 1973 3365 »
1998 3337 2084 3385 per
2112 3338 2234 3386 quos
2263 3322 2428 3370 videli-

347 3500 356 3517 ¹
383 3499 502 3534 psalm.
520 3511 625 3543 uvn,
644 3511 675 3534 v.
697 3502 751 3534 236.
