2970 4152
561 363 658 410 654
1364 362 1534 411 PETRI
1559 365 1872 415 ABAELARDI

560 460 823 518 elemento,
849 457 982 523 quod
1011 457 1060 504 in
1084 466 1384 506 sacramento
1413 458 1639 524 baptismi
1666 463 1815 526 magis
1838 463 2159 510 necessarium
2179 473 2354 512 nostrae
2375 476 2496 514 esset
2516 467 2672 516 saluti.

560 543 703 587 Recte
738 556 850 602 ergo
882 537 1154 585 benedictio
1186 539 1274 585 Dei
1302 555 1330 586 a
1358 540 1680 589 creationibus
1714 543 1943 607 aquaticis
1977 544 2178 609 incepit,
2214 541 2370 609 quum'
2393 562 2448 593 ex
2475 547 2594 607 hoc,
2625 559 2679 596 ut

562 620 744 667 dictum
765 629 836 666 est
851 656 862 678 ‚
890 618 1127 666 elemento
1153 628 1328 666 nostrae
1351 619 1808 669 salutis-benedictio
1830 623 2020 670 initium
2041 633 2164 671 esset
2190 623 2413 672 habitura
2436 626 2484 672 in
2513 628 2680 674 remis·

563 701 750 747 sionem
778 708 1088 764 peccatorum
1109 698 1334 763 perfecta.
1363 699 1472 748 Tal'e
1497 711 1709 765 estsergo
1731 720 1743 748 t
1766 702 2012 750 Benedixit
2039 703 2106 750 eis
2121 740 2132 762 ,
2159 713 2390 768 tanquam
2411 705 2451 752 si
2472 704 2650 753 diceret
2665 743 2677 763 ,

564 790 731 844 typum
753 778 1139 827 sanctificationis
1161 780 1600 843 regenerandorum
1622 798 1677 828 ex
1700 798 1825 845 aqua
1844 782 1921 828 vel
1938 782 2345 848 multiplicationis
2362 800 2532 832 eorum
2546 801 2680 832 com·

562 861 810 925 paratione
833 860 1238 921 circumcisorum
1245 860 1347 924 jam
1367 871 1485 908 tunc
1512 861 1815 925 providebat.
1841 863 2149 911 Circumcisio
2177 864 2357 929 quippe
2383 865 2605 929 quamvis
2631 865 2681 911 id

563 940 697 1004 quod
719 940 984 1004 baptismus
1009 949 1207 1004 ope-rata
1237 956 1339 987 esse
1367 940 1555 989 dicatur
1584 942 1634 988 in
1663 942 1996 990 remissionem
2026 951 2335 1007 peccatorum
2353 982 2364 1004 ‚
2392 961 2491 992 non
2520 954 2680 992 tamen

562 1022 688 1068 hanc
713 1020 974 1068 efficaciam
994 1021 1043 1068 in
1065 1020 1377 1069 tot'habuisse
1396 1022 1553 1087 potuit
1569 1022 1619 1068 in
1640 1032 1761 1086 quot
1774 1021 2000 1087 baptismi
2016 1024 2165 1085 gratia
2179 1023 2409 1090 persistit,
2430 1041 2531 1072 non
2555 1025 2683 1072 enim

564 1102 656 1149 nisi
678 1118 833 1149 mares
857 1101 1347 1161 circumcidebantur,
1373 1112 1420 1150 et
1444 1102 1533 1149 soli
1555 1102 1704 1150 Judaei
1726 1103 1824 1150 sive
1846 1103 2090 1168 proselyti.

633 1203 655 1228 «
681 1183 873 1230 Dicens.
905 1202 927 1227 υ
954 1183 1009 1229 Id
1031 1193 1102 1231 est
1123 1182 1254 1248 apud
1277 1200 1326 1231 se
1349 1183 1611 1248 disponens
1634 1183 1769 1248 quod
1791 1183 1945 1231 nobis*
1955 1183 2269 1249 postmodum
2292 1184 2553 1232 exhiberet.

634 1264 881 1311 «Crescite
899 1273 946 1311 et
959 1263 1357 1328 multiplicamini.
1377 1282 1400 1308 »
1425 1266 1529 1311 Hoc
1551 1273 1639 1323 est,
1666 1281 1870 1311 numero
1895 1264 2273 1324 individuorum,
2299 1281 2399 1311 non
2416 1264 2689 1312 diversitate

567 1345 833 1410 specierum
851 1381 863 1403 ‚
903 1353 1202 1391 crementum
1237 1344 1452 1409 accipite.
1491 1346 1599 1393 Non
1632 1344 1761 1391 enim
1793 1345 1859 1392 ita
1892 1354 1963 1392 est
1996 1344 2383 1408 intelligendum,
2408 1354 2462 1391 ut
2483 1345 2616 1409 prius
2638 1345 2687 1391 in

568 1425 733 1490 seipsis
761 1434 1030 1490 crescerent
1060 1424 1218 1471 donec
1246 1424 1309 1472 ad
1337 1424 1599 1489 perfectam
1625 1425 1844 1472 venirent
1871 1434 2057 1472 aetatem
2084 1441 2179 1490 qua
2213 1441 2441 1488 generare
2468 1435 2687 1490 possent,

567 1521 719 1568 quum
741 1505 901 1551 statim
923 1504 1102 1551 creatio
1127 1503 1294 1551 talium
1315 1504 1526 1568 perfecta
1553 1505 1695 1552 fuisse
1723 1504 1965 1551 credenda
1987 1504 2070 1563 sit,
2099 1504 2311 1568 alioquin
2335 1504 2419 1551 diu
2442 1502 2690 1551 educanda

569 1594 690 1631 esset
711 1594 765 1631 ut
788 1583 851 1631 ad
877 1584 1223 1649 perfectionem
1250 1584 1450 1631 veniret.
1477 1584 1622 1642 Quod
1651 1585 1692 1632 si
1719 1584 1780 1631 de
1810 1584 1980 1632 avibus
2001 1601 2197 1649 quoque
2224 1585 2566 1648 intelligamus,
2589 1599 2693 1631 non

571 1664 707 1712 facile
731 1674 930 1729 apparet
952 1664 1082 1711 unde
1105 1664 1445 1711 alimentorum
1467 1665 1739 1730 acciperent
1752 1665 2126 1712 nutrimentum.

637 1766 660 1790 ι(
687 1745 899 1811 Replete.
925 1765 950 1791 »
973 1749 1077 1793 Hoc
1099 1755 1170 1793 est
1182 1773 1200 1804 -,
1226 1755 1463 1810 quantum
1484 1746 1597 1793 satis
1618 1746 1680 1793 sit
1701 1746 1762 1793 ad
1783 1746 1880 1793 hoc
1905 1744 2202 1793 fructificate.

637 1845 661 1871 «
685 1829 842 1891 Aquas
870 1826 1032 1874 maris.
1056 1828 1271 1884 »Quum
1291 1836 1454 1874 tamen
1477 1836 1526 1873 et
1541 1843 1681 1891 aquae
1703 1826 1867 1874 dulces
1894 1836 1995 1874 tam
2026 1826 2179 1891 pisces
2207 1825 2421 1873 habeant
2441 1838 2586 1890 quam
2606 1836 2697 1871 vo·

569 1906 740 1954 lucres.
767 1907 863 1954 Sed
886 1915 1076 1954 constat
1094 1907 1209 1972 quia
1227 1907 1385 1953 omnis
1404 1907 1712 1971 congregatio
1729 1923 1960 1972 aquarum
1980 1917 2080 1955 tam
2098 1906 2221 1954 salsa
2235 1920 2382 1970 quam
2397 1905 2550 1952 dulcis
2566 1920 2700 1951 mare

571 1986 744 2034 dicitur
759 2025 770 2046 ,
797 1997 844 2034 et
865 2004 1036 2037 omnes
1052 2003 1188 2052 aquae
1203 1987 1399 2035 exmari
1408 1988 1726 2052 proveniunt.
1736 1986 1905 2035 Ubiet
1917 1987 2059 2052 quod
2073 1987 2138 2034 ait
2154 2022 2168 2047 ,-
2186 2005 2209 2032 «
2227 1988 2438 2034 animam
2458 1985 2699 2032 viventem

573 2076 716 2130 atque
748 2066 1028 2115 motabilem
1046 2104 1058 2126 ,
1083 2067 1192 2114 »de
1225 2066 1301 2114 his
1329 2067 1509 2114 scilicet
1543 2067 1868 2115 animantibus
1902 2084 2008 2132 quae
2037 2066 2275 2132 producta
2307 2075 2419 2112 sunt
2446 2064 2699 2128 exaquis,

575 2157 877 2194 sacramento
903 2147 1132 2211 baptismi
1160 2147 1421 2212 plurimum
1451 2163 1716 2211 congruere
1743 2147 1958 2205 videtur,
1988 2147 2073 2193 ubi
2105 2163 2132 2193 a
2173 2155 2372 2211 peccato
2404 2144 2613 2202 liberati,
2653 2149 2700 2190 et

578 2227 716 2290 quasi
739 2226 800 2273 de
823 2236 980 2274 morte
1001 2227 1213 2274 suscitati
1234 2243 1321 2291 per
1341 2225 1688 2273 vivificatorem
1710 2226 1931 2290 spiritum
1953 2226 2085 2272 nasci
2113 2240 2169 2272 ac
2190 2225 2351 2271 vivere
2378 2224 2427 2270 in
2451 2225 2555 2270 Deo
2580 2221 2700 2269 inci·

578 2308 760 2372 pimus,
787 2323 842 2354 ac
865 2307 927 2354 de
948 2307 1099 2354 veteri
1121 2307 1275 2354 Adam
1298 2307 1347 2353 in
1371 2323 1555 2354 novum
1577 2323 1922 2371 promovemur
1944 2316 1992 2353 et
2019 2306 2069 2352 in
2099 2304 2317 2352 membra
2344 2303 2520 2350 Christi
2545 2313 2703 2350 trans·

577 2388 860 2435 formamur.
901 2391 961 2434 Et
995 2387 1189 2434 attende
1225 2387 1358 2451 quod
1385 2386 1851 2434 solisanimantibus
1878 2387 1977 2433 istis
2008 2402 2064 2433 ex
2097 2401 2222 2450 aqua
2255 2384 2433 2432 scilicet
2461 2384 2629 2431 creatis
2657 2393 2704 2431 et

578 2468 892 2533 postmodum
914 2467 1196 2515 hominibus
1218 2477 1265 2515 et
1286 2467 1484 2515 tandem
1506 2467 1712 2532 septimo
1735 2467 1977 2514 dieiDeus
1999 2466 2125 2512 inter
2141 2465 2243 2512 haec
2259 2480 2406 2530 opera
2419 2464 2707 2511 benedicere

579 2560 898 2609 memoratur,
924 2549 1263 2597 benedictione
1284 2549 1497 2596 hominis
1519 2548 1678 2596 media
1705 2549 1990 2607 constituta,
2013 2557 2246 2611 tanquam
2274 2546 2337 2593 ad
2363 2545 2495 2593 illam
2527 2546 2707 2592 caeteris

581 2631 769 2679 duabus
791 2630 1210 2679 convenientibus.
1237 2630 1513 2677 Benedictio
1543 2631 1723 2695 quippe
1750 2628 1960 2676 hominis
1988 2644 2016 2676 a
2042 2628 2286 2693 baptismo
2317 2627 2506 2692 incipit,
2538 2625 2704 2672 remis·

579 2713 714 2760 sione
742 2701 957 2777 plenaria
987 2721 1298 2777 peccatorum
1326 2710 1394 2757 ibi
1421 2720 1647 2775 percepta
1661 2746 1673 2768 ,
1698 2725 1754 2756 ac
1785 2708 2098 2774 postmodum
2125 2708 2175 2754 in
2208 2706 2464 2755 sabbatum
2491 2719 2708 2770 supernae

580 2793 829 2840 felicitatis.
860 2803 1086 2858 promota
1131 2801 1519 2851 consummatur,
1565 2801 1618 2837 ut
1657 2790 1770 2837 hinc
1811 2806 2006 2854 quoque
2044 2787 2354 2836 benedictum
2393 2787 2453 2834 sit
2490 2785 2709 2851 superius

582 2873 787 2938 produci
816 2890 872 2920 ex
902 2874 1037 2937 aquis
1065 2873 1276 2920 animam
1304 2872 1546 2918 viventem
1577 2881 1719 2935 atque
1748 2869 2046 2917 motabilem.
2085 2872 2139 2915 In
2166 2868 2408 2933 baptismo
2439 2867 2618 2932 quippe
2638 2865 2709 2912 vi-

585 2970 697 3001 vere
731 2954 987 3018 incipimus
1000 2991 1011 3012 ,
1044 2962 1098 3000 ut
1132 2951 1246 3000 inde
1276 2951 1590 3017 postmodum
1619 2952 1669 2998 in
1698 2949 1980 3015 praedictum
2007 2948 2263 2997 sabbatum
2292 2947 2504 3014 promoti
2532 2945 2711 3012 pariter

587 3051 903 3099 qulescamus.

1470 3160 1530 3190 DE
1562 3160 1705 3190 SEXTA
1737 3160 1832 3189 DIE.

660 3294 681 3318 ι(
707 3275 927 3321 Animam
955 3275 1212 3322 viventem.
1238 3293 1262 3319 »
1286 3277 1390 3321 Hoc
1407 3284 1490 3321 -est
1514 3273 1784 3321 animatum
1810 3283 1873 3319 'ex
1902 3288 1952 3320 se
1975 3272 2163 3330 vivens,
2198 3285 2298 3316 non
2327 3283 2383 3314 ex
2410 3276 2536 3314 terra
2562 3264 2710 3311 vitam

589 3355 878 3403 contrahens
891 3392 902 3414 ,
927 3356 1145 3419 quamvis
1168 3371 1225 3401 ex
1247 3364 1372 3403 terra
1390 3355 1450 3402 sit
1466 3391 1477 3413 ,
1503 3354 1624 3401 sicut
1639 3370 1666 3401 e
1682 3353 1923 3400 contrario
1943 3351 2117 3418 plantae
2138 3350 2332 3397 faciunt.
2356 3366 2380 3392 «
2395 3347 2663 3402 Viventem,
2683 3362 2708 3387 »

592 3436 747 3499 inquit
765 3472 776 3493 ,
808 3455 831 3480 «
859 3434 908 3481 in
932 3450 1106 3498 genere
1127 3451 1215 3481 suo
1232 3471 1243 3491 ‚
1274 3453 1297 3499 '.'
1323 3434 1437 3497 quia
1459 3433 1546 3480 etsi
1563 3435 1664 3496 jam
1687 3431 1764 3479 illa
1787 3432 2048 3479 animantia
2070 3446 2175 3495 quae
2195 3428 2327 3494 prius
2348 3435 2506 3474 creata
2522 3424 2713 3471 fuerunt
