2970 4152
934 373 993 420 ΙΝ
1026 370 1207 419 RAMIS
1238 369 1560 417 PALMARUM
1593 369 1807 416 SERMO.
2333 365 2425 411 4⁴7

319 468 477 515 veri-us
500 482 644 531 quam
668 465 882 520 humano
907 464 1090 528 judicio
1118 464 1281 511 simus.
1307 462 1392 509 Ad
1416 462 1540 510 hanc
1565 465 1726 526 utique
1752 460 2069 524 Babylonem,
2098 457 2155 504 id·
2171 466 2240 504 est
2265 456 2428 503 confu-

317 547 501 594 sionem
525 544 812 592 laudabilem
836 561 985 608 quum
1009 542 1388 609 pervenerimus,
1406 541 1552 589 rut-de
1567 546 1773 606 peecato
1787 540 1964 587 scilicet
1986 537 2317 603 erubescamus
2331 572 2342 594 ,
2369 537 2429 583 ab

317 627 422 691 ipso
446 627 605 672 statim
632 622 955 684 liberabimur,
986 624 1138 689 parati
1161 623 1258 686 jem
1285 622 1347 668 ad
1371 621 1741 679 confessionem,
1769 631 1816 667 et
1841 619 2127 682 condignam
2159 616 2430 663 satisfactio—

318 722 445 753 nem.
477 706 615 753 Unde
652 715 699 752 et
720 704 1017 751 Psalmista¹z
1054 723 1078 748 «
1101 703 1335 750 Delictum
1367 718 1528 748 meum
1559 701 1802 765 cognitum
1835 699 1918 746 tibi
1942 699 2052 758 feci,
2082 708 2128 745 et
2156 697 2428 761 injustitiam

319 802 474 833 meam
500 788 599 832 non
625 783 872 831 abscondi.
911 784 1018 830 Dixi
1042 801 1053 829 ε
1078 782 1354 830 Confitebor
1381 781 1634 828 adversum
1664 797 1742 828 me
1768 780 2038 843 injustitiam
2066 794 2259 836 meam,
2286 788 2374 824 etc.
2403 796 2424 819 υ

318 865 708 913 Delictum-suum
731 865 972 927 cognitum
996 864 1099 910 Deo
1117 863 1247 921 facit,
1278 862 1360 926 qui
1385 862 1561 907 vicario
1586 861 1688 924 ejus
1710 860 1871 907 locum
1894 860 2040 924 ipsius
2059 859 2107 904 in
2136 857 2340 904 Ecclesia
2366 867 2429 902 te·

318 947 450 994 nenti
472 930 689 992 confiteri
716 954 965 1009 peccatum
989 959 1291 1008 nequaquam
1316 942 1566 990 erubescit.
1590 943 1719 989 Sicut
1743 942 1870 988 enim
1897 941 2068 1006 ipsein
2088 939 2312 986 membris
2334 939 2428 985 suis

318 1025 698 1090 persecutionem
723 1025 953 1071 sustinere
983 1023 1058 1070 vel
1090 1023 1374 1071 beneficium
1401 1023 1637 1087 suscipere
1661 1038 1711 1069 se
1737 1031 1949 1080 testatur,
1973 1021 2192 1068 dicens’:
2225 1020 2425 1078 «Saule,

318 1104 474 1164 Saule,
501 1104 617 1168 quid
638 1121 713 1151 me
731 1103 1057 1168 persequeris?
1082 1123 1103 1147 »
1126 1106 1221 1150 et⁸:
1254 1121 1276 1147 «
1299 1102 1442 1160 Quod
1465 1103 1546 1148 uni
1567 1119 1623 1149 ex
1650 1102 1857 1148 minimis
1873 1102 1990 1148 meis
2012 1101 2183 1159 fecisti,
2219 1099 2333 1145 mihi
2359 1100 2430 1145 fe-

318 1184 454 1242 cisti3
477 1184 581 1230 »ita
598 1193 643 1230 et
666 1183 715 1230 in
738 1182 1030 1235 vicariissuis
1055 1181 1378 1241 sacerdotibus
1394 1182 1638 1245 cognitum
1656 1180 1744 1228 sibi
1762 1181 1863 1228 fieri
1875 1183 2121 1245 peccatum
2138 1180 2265 1226 dicit.
2289 1179 2430 1236 Quod

321 1264 476 1311 statim
495 1262 887 1327 psalmographus
903 1278 1146 1327 exponens
1163 1262 1372 1308 adnectit
1393 1279 1402 1307 :
1427 1281 1449 1306 «
1472 1264 1527 1307 Et
1550 1261 1825 1323 injustitiam
1844 1277 1998 1308 meam
2013 1277 2111 1308 non
2131 1259 2385 1316 abscondi,
2405 1278 2427 1301 »

321 1342 416 1390 hoc
441 1352 531 1402 est,
556 1359 655 1389 non
670 1364 672 1366 ’
687 1342 840 1389 solum
865 1358 1034 1406 opera,
1058 1342 1374 1389 &verumetiam
1405 1342 1583 1388 meritis
1616 1342 1875 1405 nequitiam
1896 1342 1944 1387 in
1970 1341 2265 1413 confessione
2290 1356 2430 1386 accu-

319 1439 447 1471 sans.

391 1524 414 1550 «
431 1505 539 1551 Dixi
559 1524 568 1551 ε
593 1503 870 1552 Confitebor
895 1504 1148 1551 adversum
1174 1514 1251 1551 me
1273 1504 1546 1567 injustitiam
1565 1518 1733 1551 -meam
1753 1505 1979 1551 Domino.
2001 1523 2023 1547 ι)
2042 1506 2148 1554 Hoc
2176 1512 2271 1559 est,
2295 1500 2431 1547 stabi-

323 1584 404 1631 livi
428 1585 556 1650 apud
575 1602 676 1644 me,
706 1601 761 1631 ac
785 1584 1041 1631 deliberavi
1062 1584 1336 1647 injustitiam
1355 1598 1509 1630 meam
1530 1583 1747 1631 confiteri
1765 1584 2013 1631 sacerdoti.
2032 1582 2324 1639 Confitebor,
2353 1582 2432 1627 in·-

320 1665 447 1728 quit,
476 1664 729 1712 adversum
755 1680 856 1723 me,
891 1663 1078 1710 nullum
1103 1663 1248 1710 alium
1284 1664 1331 1710 in
1365 1679 1441 1710 me
1466 1663 1579 1711 inde
1604 1679 1846 1712 accusans.
1882 1665 2011 1710 Sunt·
2025 1665 2153 1711 enim
2180 1661 2427 1719 nonnulli,

316 1743 469 1807 quiin
490 1759 574 1790 sua
589 1743 887 1791 confessione
901 1778 913 1802 ,
934 1753 986 1789 ut
1002 1759 1136 1790 suam
1155 1741 1372 1790 minuant
1394 1743 1582 1807 culpam
1597 1779 1609 1801 ‚
1631 1743 1750 1790 alios
1775 1744 1921 1807 magis
1945 1743 2137 1790 trahunt
2156 1744 2202 1801 in
2222 1743 2426 1806 culpam,

319 1821 557 1882 dicentes,
580 1823 641 1871 ad
665 1839 719 1870 ea
749 1839 854 1887 quae
873 1823 1212 1870 commiserunt
1247 1822 1308 1870 ab
1339 1823 1440 1870 aliis
1464 1839 1514 1870 se
1538 1823 1758 1870 inductos
1789 1833 1839 1871 et
1864 1822 2312 1888 quasicompulsos,
2337 1824 2433 1870 sive

321 1901 513 1950 diabolo
527 1938 539 1961 ,
568 1919 651 1949 seu
669 1902 962 1950 hominibus.
992 1902 1154 1961 Qualis
1172 1889 1368 1967 quidem
1387 1903 1467 1950 illa
1489 1903 1724 1950 confessio
1746 1904 1827 1950 fuit
1844 1936 1856 1962 ‚
1876 1918 2024 1967 quum
2037 1903 2123 1950 ¹ille
2139 1905 2187 1950 in
2209 1918 2403 1950 uxorem
2419 1940 2429 1959 ‚

320 1981 400 2029 illa
425 1982 473 2028 in
495 1992 762 2047 serpentem
787 1982 978 2047 culpam
1009 1991 1312 2046 retorquens,
1340 1999 1391 2029 se
1413 1983 1562 2046 magis
1587 1998 1809 2030 excusare
1835 1999 1979 2047 quam
1998 1999 2224 2030 accusare
2242 1982 2433 2029 videba-

320 2070 413 2108 tur.
444 2061 581 2108 Unde
607 2071 654 2108 et
675 2062 831 2109 statim
862 2061 1032 2109 debitae
1056 2064 1209 2126 p'oenae
1238 2063 1518 2109 sententiam
1548 2063 1764 2127 excipere
1790 2057 2083 2110 meruerunt.
2111 2065 2268 2109 Justus
2291 2079 2431 2120 vero,

321 2143 403 2206 qui
422 2143 542 2189 sicut
559 2143 788 2207 scriptum
806 2144 911 2202 est⁴,
937 2143 986 2189 iu
1004 2143 1270 2208 primordio
1295 2154 1542 2191 accusator
1573 2154 1646 2191 est
1668 2145 1765 2202 sui,
1793 2161 1890 2208 quo
1914 2161 1967 2191 se
1990 2144 2194 2208 amplius
2215 2154 2402 2190 accusat
2421 2180 2431 2201 ,

321 2237 380 2269 eo
405 2238 456 2269 se
484 2223 631 2286 magis
655 2223 784 2288 apud
807 2239 1084 2288 supremum
1109 2239 1164 2270 ac
1180 2223 1681 2270 misericordissimum
1705 2224 2156 2283 Judicem-excusat;
2179 2234 2225 2272 et
2250 2225 2435 2271 veniam

279 2308 285 2314 '
321 2302 542 2367 impetrat
559 2319 609 2350 se
625 2303 918 2362 accusando,
940 2305 1030 2368 qui
1053 2320 1244 2369 poenam
1274 2305 1535 2352 incurreret
1559 2321 1609 2351 se
1632 2305 1919 2352 excusando.
1950 2308 2009 2352 Ut
2035 2306 2162 2352 enim
2187 2305 2363 2351 Tullius
2390 2308 2434 2351 in

324 2382 569 2429 Rhetorica
588 2382 753 2441 docet,
782 2383 1015 2430 confessio
1038 2385 1245 2448 peccati,
1274 2400 1379 2447 quae
1397 2401 1423 2430 a
1445 2383 1685 2447 judicibus
1710 2401 1901 2450 poenam
1918 2385 2179 2432 institutam
2204 2385 2431 2449 suscepit,

323 2461 451 2526 apud
467 2463 762 2526 superiorem
782 2472 973 2509 senatus
989 2472 1273 2527 potestatem
1296 2463 1639 2527 indulgentiam
1659 2475 1815 2529 potest
1834 2465 2035 2528 assequi:
2053 2465 2240 2511 Judices
2261 2466 2436 2529 quippe
2472 2482 2475 2485 ·

323 2556 351 2586 a
373 2540 606 2604 superiori
636 2550 867 2604 potestate
891 2541 1113 2600 instituti,
1142 2552 1189 2588 et
1223 2541 1406 2605 legibus
1430 2543 1599 2604 jurati,
1627 2559 1779 2608 poenae
1815 2544 2095 2590 sententiam
2131 2561 2228 2590 non
2262 2544 2437 2590 habent

324 2619 553 2679 relaxare,
583 2619 667 2667 sed
691 2620 879 2667 inferre.
906 2621 1132 2684 Superior
1149 2631 1307 2668 autem
1330 2631 1540 2686 potestas
1551 2656 1577 2680 ,⁴
1591 2623 1727 2686 cujus
1751 2633 1819 2670 est
1846 2633 1940 2670 tam
1964 2623 2116 2687 legem
2139 2624 2438 2688 promulgare

323 2716 468 2763 quam
488 2699 670 2763 judices
688 2700 930 2747 instituere
943 2737 955 2760 ,
981 2701 1030 2747 in
1056 2700 1250 2747 arbitrio
1269 2716 1357 2748 suo
1373 2701 1518 2748 habet
1535 2703 1738 2766 rigorem
1760 2702 1872 2767 legis
1891 2707 2180 2768 temperare,
2208 2714 2254 2750 et
2273 2721 2436 2768 poenas

322 2780 555 2828 institutas
572 2779 937 2827 misericorditer
959 2780 1185 2828 relaxare.
1207 2784 1312 2828 Non
1333 2782 1462 2828 enim
1482 2798 1624 2847 super
1640 2799 1690 2830 se
1706 2782 1850 2831 habet
1869 2793 2148 2848 potestatem
2172 2800 2317 2848 quam
2337 2802 2433 2830 me-

326 2869 446 2918 tuat,
467 2848 519 2907 ut
539 2876 635 2907 non
653 2859 800 2907 libere
824 2860 1196 2908 misericordiam
1214 2861 1292 2908 cui
1314 2860 1575 2909 decreverit
1593 2863 1853 2928 impendat.
1872 2865 2433 2928 Quantomagis'summa

325 2939 403 2986 illa
419 2940 620 2988 coelestis
636 2950 866 3006 potesne,
889 2957 994 3005 quae
1006 2940 1067 2990 de
1083 2941 1405 2988 misericordia
1421 2941 1497 2989 illa
1514 2943 1689 2990 coelesti
1707 2959 1795 2990 nos
1812 2943 2065 2991 consulens
2080 2945 2166 2991 ait⁵
2186 2962 2203 2990 :a
2221 2964 2245 2990 «
2258 2948 2433 2992 Euntes

324 3018 488 3080 discite
512 3020 630 3084 quid
657 3030 750 3067 est:
779 3020 1149 3067 Misericordiam
1175 3020 1311 3080 volo,
1350 3031 1398 3069 et
1422 3037 1522 3069 non
1547 3022 1828 3070 sacrificium
1848 3058 1862 3082 ‚
1891 3033 1939 3071 et
1957 3023 2200 3086 justitiamn
2217 3025 2305 3071 Dei
2330 3024 2434 3088 plus

324 3114 469 3162 quam
487 3098 780 3147 holocausta.
804 3118 827 3143 »
852 3103 876 3146 J
880 3100 1082 3147 ustitiam
1101 3100 1189 3147 Dei
1212 3101 1347 3165 quasi
1363 3102 1608 3166 propriam
1622 3102 1723 3165 ejus
1741 3102 1878 3162 dicit,
1900 3119 2046 3167 quam
2061 3104 2162 3168 ipse
2173 3103 2285 3162 sibi,
2302 3104 2434 3168 quod

325 3180 529 3228 maxime
553 3197 694 3228 suum
713 3190 820 3240 est,-
839 3191 886 3228 et
906 3187 1018 3228 eum
1048 3181 1312 3246 specialiter
1333 3181 1494 3242 decet,
1524 3183 1681 3231 reddit
1702 3202 1720 3229 z.
1750 3193 1852 3230 tum
1876 3184 1976 3248 ipse
2006 3183 2240 3232 videlicet*
2258 3186 2434 3234 miseri-

370 3386 380 3402 ·
408 3386 524 3420 Psalm.
547 3398 644 3425 xxxi,
659 3399 689 3421 v.
704 3390 735 3420 5.
754 3406 795 3412 —
810 3387 822 3405 ⁸
839 3390 912 3421 Act.
929 3389 1055 3430 Apose„
1072 3398 1145 3432 cap.
1165 3399 1217 3430 ix,
1231 3399 1262 3422 v.
1277 3390 1357 3423 4.-
1411 3389 1490 3424 mihi
1514 3390 1646 3424 fecistis.
1670 3403 1685 3419 ι
1709 3390 1859 3434 (Maium.
1877 3400 1950 3434 cap.
1981 3401 2045 3424 nv
2059 3416 2068 3431 ‚
2095 3401 2126 3422 v.
2157 3392 2207 3423 40.
2220 3390 2230 3432 )
2245 3409 2270 3414 -
2294 3391 2305 3407 ⁴
2322 3393 2433 3428 Prota,

335 3441 347 3458 ⁸
370 3454 384 3471 α
399 3442 547 3483 Quandiu
561 3443 681 3478 fecistis
705 3445 758 3477 uni
783 3456 824 3479 ex
849 3445 898 3478 his
926 3444 1075 3479 fratribus
1093 3445 1174 3479 meis
1192 3445 1332 3480 minimis
1344 3472 1353 3487 ‚
1409 3457 1480 3490 cap.
1501 3457 1598 3489 xviii,
1616 3459 1645 3481 v.
1671 3449 1722 3479 17.
1743 3465 1779 3472 --
1797 3446 1809 3464 ⁸
1826 3447 1955 3488 nauh„
1970 3457 2043 3491 cap.
2059 3458 2091 3481 ix
2104 3472 2112 3487 ‚
2130 3459 2160 3480 v.
2181 3448 2233 3479 13.

511 3511 521 3539 1
2196 3507 2247 3545 53
