2970 4152
356 455 373 467 .
1301 420 1495 468 NOTAE.
1661 434 1665 439 ·
2389 416 2449 462 65

343 519 522 550 statueret
538 513 662 550 sedem
689 513 843 550 abbatiae
866 513 1022 558 habere,
1050 514 1185 550 ducem
1215 513 1372 549 Alanum
1399 513 1689 561 episcopumque
1705 510 1940 549 venetensem
1966 522 2077 559 super
2096 512 2165 547 hac
2186 522 2226 545 re
2252 509 2450 545 consuluit.

343 574 402 610 Illi
434 575 642 611 convocatis
665 575 852 612 nobilibus
874 575 961 612 viris
975 603 986 621 ,
1008 574 1201 624 ,aliquibus
1226 575 1339 611 etiam
1365 574 1568 622 episcopis,
1599 580 1810 610 statuerunt
1830 573 1953 609 locum
1979 572 2103 609 Sancti
2125 571 2264 615 andan,
2289 571 2354 619 qui
2377 577 2454 606 erat

342 637 547 686 antiquior,
561 644 598 675 et
613 624 720 674 serrae
735 637 944 683 fertilitate,
967 637 1152 674 frumenti
1163 639 1274 673 etiam
1293 643 1332 672 et
1347 636 1453 682 vini,
1464 635 1716 684 arborumque
1738 636 2004 684 pomiferarum
2029 633 2279 670 abundantior
2299 649 2306 668 ε
2332 632 2456 668 diver-

341 710 469 734 sorum
491 711 641 748 quoque
659 711 880 749 magnorum
898 699 1057 748 piscium
1076 698 1275 748 generibus
1293 698 1368 734 suis
1388 696 1624 745 temporibus
1646 696 1870 734 affluentior.
1886 712 1904 730 υ
1929 700 2052 746 Atque
2073 697 2150 732 haec
2173 696 2269 732 sorte
2289 693 2458 730 diffusius

342 772 454 808 quam
470 762 639 809 oportuit
654 774 674 797 a
689 773 750 797 me
767 761 881 797 relata
898 769 1005 805 sunt,
1026 761 1296 797 sedoccasione
1311 759 1546 808 potissimum
1564 759 1666 795 Petri
1688 759 1890 803 Abaelardi,
1916 759 1980 808 qui
2006 766 2044 795 et
2065 760 2143 806 ipse
2168 759 2287 802 Brito,
2308 757 2459 792 demum

342 822 390 858 ad
410 822 509 859 illam
525 823 636 859 etiam
656 823 783 860 Sancti
805 823 926 860 Gildae
942 824 1128 860 abbatiam
1145 815 1322 859 concordi
1345 822 1506 858 fratrum
1524 821 1706 858 electione
1723 833 1808 856 cum
1825 832 1971 857 assensu
1991 821 2171 868 principis
2188 828 2294 856 tei-rae
2311 826 2460 855 vocatus

342 891 398 920 est
410 909 420 925 ,
438 891 479 921 ut
496 886 658 933 propriis
674 885 796 921 verbis
815 884 991 922 declarat.
1011 886 1058 922 Et
1080 893 1180 922 certe
1197 884 1299 934 quod
1315 884 1428 920 abbas
1445 884 1561 920 fuerit
1577 884 1616 919 in
1638 883 1828 919 Britannia
1841 911 1850 926 ‚
1876 883 1962 919 licet
1982 884 2095 919 tacito
2116 883 2267 918 abbatiae
2285 883 2457 925 nomine,

343 951 501 983 testatur
522 958 672 995 quoque
694 946 920 983 Guillelmus
948 947 1116 995 Nangius
1140 959 1259 996 quum
1280 947 1334 983 ait
1354 962 1362 981 :
1385 961 1402 979 «
1426 946 1560 982 Petrus
1585 944 1800 981 Abaelardus
1824 947 1999 993 magister
2024 946 2063 980 in
2090 945 2282 981 dialectice
2306 944 2462 991 insignis

342 1015 380 1044 et
394 1007 675 1052 celeberrimus,
693 1008 815 1056 primo
834 1015 1030 1055 uxoratus,
1045 1009 1181 1045 deinde
1199 1008 1324 1046 Sancti
1343 1007 1510 1055 Dionysii
1528 1008 1567 1043 in
1579 1007 1735 1044 Francia
1754 1007 1970 1051 monachus,
1989 1014 2072 1055 post
2088 1009 2126 1042 in
2145 1006 2347 1050 Britannia,
2363 1006 2462 1042 unde

344 1075 453 1106 natus
475 1069 615 1113 fuerat,
638 1069 752 1106 abbas
775 1071 1045 1107 constitutus.»

1171 1150 1270 1186 Νο13
1293 1149 1437 1194 XLIX,
1466 1161 1550 1198 pag.
1577 1152 1638 1187 30.

391 1234 581 1271 Accidit...
596 1242 636 1272 ut
649 1237 812 1272 abbas...
836 1235 968 1273 Sancti
982 1237 1161 1283 Dionysii
1172 1235 1395 1284 proedictam
1403 1237 1509 1273 illam
1517 1237 1744 1285 Argenteoli
1754 1237 1988 1272 abbatiam...
2008 1242 2187 1284 tanquam
2197 1235 2326 1285 adjus
2342 1249 2468 1272 mona-

343 1298 450 1332 steria·
455 1300 516 1333 sui
522 1300 729 1346 antiquitus
736 1301 996 1347 pertinentem.
1004 1326 1026 1335 ..
1039 1298 1401 1347 acquireret.—Fuit
1412 1298 1631 1348 Argenteoli
1644 1299 1911 1336 monasterium
1923 1298 1969 1334 ab
1982 1298 2070 1346 ipsis
2083 1297 2344 1333 fundatoribus
2355 1297 2467 1333 abba-

347 1357 405 1394 tiae
416 1357 541 1396 Sancti
554 1359 724 1408 Dionysii
741 1360 965 1409 subjectum.
984 1361 1117 1398 Postea
1132 1367 1257 1397 tamen
1274 1360 1430 1397 Carolus
1449 1373 1604 1410 magnus
1622 1359 1715 1396 illud
1731 1361 1962 1397 Theodradae
1982 1361 2062 1397 filiae
2080 1371 2150 1396 suae
2167 1359 2364 1396 commisit.
2379 1361 2469 1406 Quae

345 1422 580 1470 congregatis
600 1422 650 1458 ibi
673 1422 1015 1459 sanctimonialibus
1034 1435 1078 1459 eo
1097 1429 1206 1471 pacto
1226 1423 1367 1468 tenuit,
1386 1429 1430 1459 ut
1451 1430 1535 1472 post
1554 1430 1713 1459 mortem
1730 1423 1810 1471 ejus
1827 1424 1866 1460 in
1883 1435 1991 1459 usum
2007 1422 2166 1459 ecclesiae
2184 1422 2309 1458 Sancti
2326 1421 2468 1468 Diony-

346 1483 388 1518 sii
414 1491 676 1521 reverteretur.
697 1485 811 1532 Quod
834 1485 1028 1523 manifeste
1046 1485 1158 1522 docet
1173 1485 1247 1522 hoc
1267 1485 1443 1522 Ludovici
1461 1492 1499 1522 et
1518 1486 1685 1523 Lotharii
1706 1487 1973 1534 imperatorum
1992 1492 2218 1534 praeceptum
2235 1496 2255 1520 e
2271 1483 2469 1520 cartulario

346 1543 468 1581 Sancti
488 1546 655 1595 Dionysii
676 1545 942 1597 depromptum
968 1565 974 1583 τ

351 1634 592 1681 Confirmatio
609 1635 791 1671 Ludovici
815 1642 851 1671 et
873 1637 1045 1673 Lotharii
1059 1639 1340 1684 imperatorum,
1371 1650 1486 1685 super·
1506 1639 1661 1674 ecclesia
1685 1639 1914 1685 Argentolii,
1944 1650 2055 1685 quam
2082 1636 2186 1672 dedit
2205 1636 2467 1671 Hermenm'cus

985 1704 1022 1734 et
1039 1711 1137 1735 uxot·
1151 1711 1221 1735 sua
1244 1699 1413 1735 Mumma
1427 1700 1437 1720 ¹
1460 1700 1598 1736 Sancto
1618 1700 1813 1748 Dc'onysio.

394 1789 412 1806 α
429 1775 472 1810 111
493 1774 644 1811 nomine
661 1775 811 1811 Domini
834 1776 900 1812 Dei
915 1804 924 1820 ,
943 1782 981 1812 et
999 1775 1189 1812 salvatoris
1208 1777 1325 1813 nostri
1342 1778 1432 1813 Jesu
1449 1776 1590 1813 Christi
1605 1805 1615 1822 ,
1637 1776 1845 1813 Ludovicus
1863 1783 1901 1812 et
1918 1777 2116 1812 Lotharius
2133 1776 2255 1813 divina
2271 1775 2466 1812 ordinante

346 1835 577 1882 providentia
594 1836 838 1885 imperatores
855 1838 1019 1887 augusti.
1035 1837 1074 1874 Si
1095 1851 1135 1874 ea
1147 1867 1156 1883 ,
1189 1850 1269 1887 quae
1285 1851 1305 1874 a
1330 1839 1447 1875 Deum
1464 1839 1685 1875 timentibus
1705 1838 1922 1875 hominibus
1940 1838 1987 1875 ad
2002 1839 2080 1876 loca
2099 1838 2224 1874 divino
2257 1838 2373 1873 cultui
2399 1837 2465 1873 de-

345 1895 464 1932 dicata
477 1923 489 1944 ,
508 1897 677 1934 sollemni
696 1897 898 1935 donatione
914 1898 1047 1948 largita
1065 1898 1121 1935 vel
1138 1898 1347 1936 condonata
1366 1907 1454 1936 sunt
1464 1894 1486 1944 ,⁶
1496 1907 1534 1936 et
1550 1907 1678 1948 postea
1694 1899 1862 1949 qualibet
1878 1901 2070 1936 occasione
2088 1899 2175 1936 inde
2191 1900 2371 1935 abstracta
2391 1912 2468 1935 esse

346 1965 573 2004 noscuntur,
597 1966 721 1996 nostra
748 1960 970 1997 auctoritate
989 1960 1034 1997 ad
1056 1967 1192 1997 statum
1212 1973 1320 1997 suum
1346 1973 1580 2006 revocamus,
1603 1961 1796 1998 etiterum
1817 1967 1951 1997 nostrae
1973 1960 2151 2008 jussionis
2169 1959 2318 1996 oraculo
2339 1960 2476 1996 contir-

348 2033 490 2057 mamus
513 2038 520 2058 z
542 2023 614 2059 1100
637 2022 742 2059 1101113
773 2023 901 2071 procul
927 2023 1044 2060 dubio
1071 2023 1118 2060 ad
1143 2031 1318 2060 aeternam
1345 2023 1615 2060 beatitudinem
1647 2023 1944 2073 adipiscendam,
1972 2035 2037 2059 seu
2058 2022 2296 2059 stabilitatem
2321 2023 2470 2071 imperii

348 2085 464 2121 nostri
484 2084 732 2121 roborandam
747 2086 935 2134 pertinere
948 2085 1184 2122 confidimus.
1203 2086 1294 2123 Ideo
1311 2093 1441 2122 notum
1464 2087 1511 2123 sit
1527 2087 1698 2123 omnium
1715 2086 1880 2122 fidelium
1895 2093 2110 2123 nostrorum
2126 2093 2202 2121 tam
2222 2086 2472 2134 praesentium,

347 2158 457 2195 quam
477 2154 514 2183 et
532 2146 745 2184 futurorum
775 2147 986 2193 industriae,
1006 2148 1094 2198 quia
1113 2147 1270 2185 illustris
1293 2148 1431 2185 semina
1447 2178 1456 2193 ,
1486 2160 1591 2186 soror
1617 2148 1788 2186 videlicet
1813 2155 1939 2185 nostra
1959 2147 2182 2184 Theodrada
2202 2148 2280 2184 Deo
2308 2155 2444 2184 sacrata
2464 2178 2472 2193 ‚

347 2215 479 2245 nostrae
494 2210 678 2259 suggessit
695 2209 994 2255 mansuetudini,
1019 2210 1180 2260 qualiter
1200 2218 1435 2260 compertum
1450 2211 1662 2255 habuisset,
1683 2210 1785 2260 quod
1803 2211 2072 2247 monasterium
2094 2210 2272 2246 vocabulo
2289 2211 2475 2258 Argento-

344 2269 436 2306 lium
466 2271 578 2308 situm
598 2273 635 2308 in
666 2285 759 2320 pago
784 2272 965 2321 parisiaco
990 2284 1103 2321 super
1126 2272 1282 2309 fluvium
1310 2273 1536 2323 Sequanam,
1567 2273 1669 2323 quod
1695 2273 1770 2322 ipsa
1797 2274 1920 2322 primo
1947 2285 2013 2321 per
2033 2272 2254 2309 beneficium
2284 2272 2412 2309 domni
2437 2279 2472 2306 et

348 2333 525 2379 genitoris
541 2334 658 2370 nostri
676 2334 800 2371 Karoli
821 2334 1046 2370 serenissimi
1066 2334 1321 2383 imperatoris,
1346 2341 1383 2371 et
1401 2342 1528 2383 postea
1552 2348 1616 2384 per
1637 2342 1803 2371 nostram
1826 2334 2064 2383 largitionem
2086 2334 2254 2380 tenebat,
2277 2334 2323 2370 ad
2344 2347 2474 2370 mona-

347 2395 499 2431 sterium
530 2396 627 2433 beati
656 2403 693 2433 et
722 2395 871 2445 gloriosi
892 2396 1035 2433 Christi
1064 2396 1238 2444 martyris
1254 2396 1450 2446 Dionysii,
1479 2397 1543 2434 ubi
1563 2398 1731 2446 praesenti
1762 2404 1930 2446 tempore
1958 2398 2015 2433 vir
2033 2397 2254 2434 venerabilis
2273 2397 2476 2433 Hilduinus

349 2455 476 2501 abbas,
492 2464 530 2493 et
542 2458 633 2493 sacri
649 2457 775 2507 palatii
794 2457 912 2494 nostri
929 2457 1261 2507 archicapellanus,
1276 2465 1400 2495 rector
1416 2471 1568 2507 pra’esse
1587 2458 1749 2503 videtur,
1765 2459 1954 2507 pertinere
1966 2458 2129 2494 deberet.
2146 2459 2336 2507 Petiitque
2355 2466 2393 2493 ut
2411 2471 2476 2506 pro

349 2519 529 2555 mercedis
541 2526 674 2556 nostrae
685 2526 886 2567 augmento
899 2520 943 2556 ad
959 2526 1096 2556 statum
1108 2521 1308 2568 pristinum
1324 2519 1417 2556 illud
1429 2520 1592 2557 revocari
1605 2520 1819 2557 fecissemus
1833 2520 2050 2568 [faceremus
2061 2519 2108 2568 ?]‚
2125 2532 2170 2556 eo
2184 2519 2353 2556 videlicet
2364 2519 2475 2555 modo

348 2588 390 2617 ut
403 2588 650 2618 memoratum
670 2581 937 2618 monasterium
956 2588 1040 2631 post
1056 2593 1165 2617 suum
1184 2581 1230 2617 ab
1247 2582 1317 2617 hac
1334 2582 1415 2618 luce
1433 2581 1655 2629 discessum,
1674 2582 1703 2617 si
1721 2588 1844 2618 tamen
1857 2581 1958 2617 aliud
1978 2581 2242 2618 monasterium
2263 2582 2296 2617 ei
2316 2589 2422 2617 antea
2437 2582 2474 2617 in

346 2644 623 2692 comparatione
640 2656 708 2692 pro
726 2644 807 2692 ipso
831 2658 850 2680 a
877 2644 985 2680 nobis
1004 2644 1133 2680 datum
1154 2656 1229 2681 non
1247 2644 1375 2687 suerit,
1408 2651 1474 2680 aut
1499 2644 1648 2693 propria
1668 2644 1860 2680 voluntate
1879 2657 1964 2680 eum
1991 2644 2183 2680 dimittere
2200 2656 2273 2680 non
2291 2643 2447 2680 voluerit
2464 2673 2474 2692 ,

347 2705 393 2741 ad
410 2713 629 2754 potestatem
650 2706 863 2742 monasterii
883 2706 1009 2743 Sancti
1024 2706 1192 2754 Dionysii
1212 2706 1351 2755 absque
1370 2706 1443 2742 una
1459 2706 1722 2743 contrarietate
1740 2706 1793 2742 vel
1813 2706 2032 2756 cujusquam
2061 2706 2354 2754 interrogatione
2382 2706 2477 2743 reei-

348 2777 513 2817 peretur.
540 2769 616 2806 Nos
638 2781 725 2805 vero
747 2768 874 2805 audita
901 2769 1000 2805 illius
1029 2768 1166 2805 salubri
1194 2782 1236 2805 ac
1258 2768 1429 2816 religiosa
1449 2769 1646 2818 petitione,
1673 2768 1889 2817 praedictum
1911 2768 2157 2805 venerabilem
2179 2770 2298 2804 virum
2322 2769 2473 2805 111Ιά111-

349 2843 457 2875 num,
480 2831 567 2880 quia
590 2842 746 2879 praesens
760 2829 907 2875 aderat,
927 2831 957 2867 si
976 2831 1066 2880 quid
1085 2830 1132 2867 de
1153 2831 1222 2867 hae
1248 2843 1287 2867 re
1313 2838 1547 2879 compertum
1571 2830 1724 2868 haberet
1743 2831 2029 2880 interrogamus
2050 2831 2125 2876 Qui
2147 2831 2269 2883 statim
2299 2830 2472 2867 donatio-

348 2905 431 2929 nem
447 2892 638 2940 cnjusdam
659 2893 776 2929 Deum
794 2892 963 2929 timentis
981 2906 1022 2930 ac
1037 2893 1203 2941 religiosi
1221 2893 1386 2930 hominis
1406 2894 1558 2930 nomine
1574 2893 1782 2930 Ermenriei
1797 2921 1808 2941 ,
1823 2907 1864 2930 30
1881 2894 2051 2941 conjugis
2070 2905 2141 2929 suae
2160 2893 2391 2937 Nummanae,
2409 2896 2473 2944 qui

347 2955 536 3003 praefatum
553 2955 818 2991 monasterium
837 2956 874 2991 in
897 2967 964 2991 suo
982 2956 1135 3004 proprio
1153 2963 1461 2997 construxerant,
1484 2963 1521 2992 et
1541 2956 1579 2992 id
1598 2969 1662 3004 per
1681 2957 1891 2992 testamenti
1914 2956 2086 3004 paginam
2107 2955 2151 2992 ad
2180 2956 2280 2992 Beati
2302 2955 2471 3005 Dionysii

345 3018 517 3066 martyris
535 3017 678 3054 Christi
699 3018 965 3053 monasterium
986 3018 1156 3054 sollemni
1181 3019 1383 3055 donatione
1408 3019 1667 3063 contulerant,
1700 3031 1766 3055 nec
1792 3031 1864 3054 non
1882 3026 1918 3054 et
1938 3025 2160 3067 praeceptum
2180 3019 2472 3056 confirmationis

348 3079 512 3116 Lotbarii
529 3077 720 3129 quondam
740 3079 855 3127 regiS,
877 3080 977 3129 quod
998 3092 1109 3129 super
1129 3080 1297 3117 eamdem
1319 3080 1560 3118 donationem
1577 3080 1812 3119 conscribere
1823 3080 1996 3128 jusserat,
2019 3080 2125 3117 nobis
2145 3081 2317 3131 petitioni
2337 3095 2474 3118 memo-

348 3149 434 3178 ratae
459 3141 600 3178 ‹lilectae
624 3142 762 3178 sororis
777 3148 910 3178 nostrae
927 3141 1160 3179 Theodradae
1183 3156 1369 3187 annuere,
1401 3149 1438 3179 et
1462 3144 1558 3179 sicut
1578 3143 1745 3192 petebat,
1768 3154 1833 3190 per
1854 3150 2015 3179 nostram
2038 3145 2298 3181 auctoritatem
2318 3144 2471 3194 331110111-

346 3212 448 3240 0111111
483 3205 748 3241 monasterium
783 3203 1059 3253 argentogilum
1090 3205 1136 3241 ad
1166 3213 1386 3254 potestatem
1417 3206 1540 3243 Sancti
1571 3203 1763 3252 Dionysii,
1791 3205 2051 3254 pretiosissimi
2088 3207 2228 3243 Christi
2273 3207 2445 3255 martyris
2459 3236 2468 3250 ‚

346 3277 531 3304 revocare.
560 3268 800 3316 Quapropter
830 3267 927 3303 hanc
951 3275 1083 3304 nostrae
1111 3269 1341 3305 auctoritatis
1368 3268 1692 3305 confirmationem
1718 3268 1797 3303 fieri
1826 3267 2077 3317 pmcipimus,
2109 3282 2174 3317 per
2205 3283 2318 3319 quarn
2349 3270 2471 3305 omni-

344 3328 465 3364 modis
482 3328 718 3365 decernimus
738 3336 850 3379 atque
870 3329 1046 3376 jubemus
1060 3358 1071 3377 ,
1098 3337 1140 3366 ut
1162 3331 1238 3378 jam
1265 3330 1410 3368 dictum
1436 3331 1703 3368 monasterium
1722 3330 1996 3378 argentogilum
2019 3338 2100 3379 post
2119 3333 2235 3380 ipsius
2252 3332 2393 3368 dilectae
2411 3345 2471 3368 so-

344 3391 439 3426 roris
456 3397 588 3427 nostrae
600 3391 647 3427 ab
662 3392 732 3427 hac
749 3392 821 3428 vita
840 3391 1043 3428 discessum
1059 3392 1105 3428 ad
1127 3393 1394 3429 monasterium
1415 3399 1452 3428 et
1470 3399 1689 3440 potestatem
1709 3391 1893 3441 saepedicti
1915 3392 2116 3429 beatissimi
2138 3394 2280 3431 Christi
2302 3402 2408 3442 mart·
2425 3397 2473 3430 ris

384 3519 391 3535 ¹
413 3522 481 3555 Lege
494 3520 633 3547 Nummaun
639 3538 645 3547 .

507 3593 521 3620 1
2285 3583 2309 3621 9
