2970 4152
951 408 1010 454 IN
1042 407 1142 454 DIE
1174 393 1582 454 PENTECOSTES
1615 406 1831 453 SERMO.
2356 409 2451 455 489

334 504 587 552 dicationis
615 503 783 550 futurae
804 521 814 549 ε
840 502 916 550 vel
940 502 1203 567 quamdam
1224 502 1274 548 in
1297 501 1524 549 cordibus
1553 501 1730 548 factam
1755 517 1926 548 vocem
1950 490 2205 554 locutionis
2229 501 2448 562 internae,

330 583 507 648 Spiritu
529 582 708 630 scilicet
727 592 1007 647 suggerente
1027 582 1248 641 interius,
1267 581 1400 629 unde
1421 581 1732 645 loquerentur
1758 581 1978 628 exterius.
2005 580 2172 627 Merito
2194 580 2453 629 vehemens

329 680 478 711 sonus
505 664 584 711 ille
606 663 781 711 dicitur
802 664 938 728 quasi
962 664 1100 712 flatus
1123 655 1429 721 fortissimus,
1453 671 1508 708 ut
1533 661 1755 709 videlicet
1771 661 2044 725 ¹designaret
2065 660 2452 726 praedicationem

331 742 668 807 apostolicam,
694 759 795 790 non
813 742 938 791 infra
958 744 1190 790 terminos
1210 743 1353 790 unius
1375 741 1569 801 Judaeae,
1594 741 1715 788 sicut
1735 740 2105 806 prophetarum,
2132 758 2233 789 esse
2254 742 2451 793 conclu-

330 822 565 883 dendam,
591 823 676 871 sed
698 824 835 888 quasi
858 841 944 889 per
967 825 1245 872 universum
1270 823 1511 871 mundum
1538 822 1759 870 flaturam
1782 832 1829 868 et
1853 821 2163 869 dilatandam.
2194 823 2352 871 Flatus
2374 824 2452 871 ille

330 902 588 950 vehemens
603 903 806 951 domum
819 904 971 968 replet
981 941 992 963 ,
1013 921 1114 951 non
1131 903 1454 951 concutiendo
1470 902 1546 951 vel
1562 901 1855 967 impellendo
1875 901 2083 962 subruit,
2100 904 2235 966 quasi
2252 905 2452 969 Spiritus

328 983 480 1030 sancti
507 993 578 1030 est
613 983 834 1049 supplere
861 984 1165 1049 imperfecta,
1205 1001 1307 1031 non
1339 984 1584 1031 destruere
1610 982 1836 1030 inchoata
1864 982 2010 1030 bona.
2047 982 2187 1030 Unde
2216 985 2447 1032 Veritas¹z

333 1084 358 1108 «
372 1067 479 1112 Non
497 1066 608 1112 veni
632 1065 817 1113 solvere
835 1103 846 1125 ,
871 1085 896 1110 »
922 1067 1101 1131 inquit,
1127 1086 1150 1112 «
1165 1066 1344 1130 legem,
1369 1066 1455 1114 sed
1476 1064 1755 1130 adimplere.
1775 1083 1798 1108 »
1824 1066 1883 1110 Et
1910 1064 1971 1111 de
1998 1063 2093 1111 hoc
2115 1064 2220 1130 ipso
2244 1065 2451 1113 adventu

328 1144 553 1209 Spiritus,
593 1155 641 1192 et
678 1145 739 1192 de
774 1146 1067 1211 perfectione
1104 1146 1335 1194 doctrinae
1371 1146 1658 1212 promiserat
1673 1182 1684 1204 ,
1723 1145 1908 1193 dicens’
1933 1163 1943 1191 :
1975 1144 2103 1192 «Ille
2134 1144 2328 1193 docebit
2365 1163 2452 1193 vos

328 1241 525 1273 omnem
549 1227 821 1286 veritatem,
850 1236 898 1274 et
919 1238 1137 1291 suggeret
1157 1228 1296 1276 vobis
1320 1228 1486 1276 omnia
1506 1243 1804 1292 quaecunque
1828 1217 1993 1273 dixero
2012 1226 2167 1274 vobis.
2183 1245 2208 1271 »

392 1306 610 1369 Legimus
649 1316 848 1354 ventum
882 1323 910 1355 a
939 1309 1115 1356 Satana
1143 1308 1433 1368 immissum,
1471 1325 1583 1355 cum
1612 1307 1752 1354 ruina
1787 1306 1960 1354 domus
1997 1323 2144 1372 quam
2178 1309 2420 1355 concussit
2437 1347 2447 1367 ,

326 1384 450 1432 filios
474 1395 520 1432 et
551 1385 656 1434 filiae
683 1386 774 1434 Job
803 1388 1092 1447 extinxisse⁸,
1125 1389 1238 1453 quia
1260 1388 1385 1436 illius
1416 1398 1487 1436 est
1508 1388 1732 1454 perdere,
1761 1404 1861 1435 non
1893 1387 2098 1447 salvare,
2131 1397 2178 1434 et
2209 1387 2451 1436 destruere

326 1465 476 1529 magis
497 1482 645 1530 quam
677 1466 928 1514 aedificare.
966 1468 1053 1514 Hic
1081 1477 1243 1516 autem
1278 1468 1418 1516 ssatus
1446 1470 1579 1516 venti
1606 1484 1913 1533 nequaquam
1940 1467 2142 1516 domum
2174 1467 2448 1527 labefactat,

325 1545 410 1593 sed
430 1546 725 1595 incolumem
748 1558 1081 1596 conservatam
1102 1549 1271 1609 intrat,
1287 1559 1335 1597 et
1350 1549 1647 1597 vehementis
1673 1559 1832 1596 motus
1845 1550 2101 1613 agitatione
2119 1549 2280 1613 ignem
2297 1552 2455 1597 conci-

326 1635 431 1673 tans
450 1626 500 1672 in
523 1642 655 1686 aere,
675 1628 828 1692 ipsam
841 1644 988 1692 quam
1007 1628 1155 1676 intrat
1172 1628 1426 1677 illuminat.
1450 1630 1576 1693 Ignis
1594 1630 1677 1694 qui
1693 1639 1740 1676 et
1755 1628 1975 1694 splendet
1991 1638 2038 1676 et
2056 1628 2178 1676 calet
2189 1666 2201 1688 ,
2218 1629 2312 1676 hoc
2335 1629 2450 1676 flatu

325 1707 454 1754 venti
479 1724 621 1772 super
645 1708 890 1773 apostolos
914 1720 1166 1773 generatus
1186 1710 1235 1757 in
1261 1726 1392 1770 aere,
1418 1709 1705 1757 illuminatio
1732 1710 1906 1757 mentis
1930 1719 2022 1767 est,
2052 1720 2099 1756 et
2120 1709 2315 1757 flamma
2338 1711 2452 1758 cari·

324 1787 432 1834 tatis
454 1787 784 1852 apostolorum
808 1788 1038 1837 cordibus
1065 1789 1214 1838 hodie
1239 1791 1503 1856 inspiratae,
1529 1800 1576 1837 et
1598 1790 1648 1837 in
1673 1791 1919 1855 superiore
1942 1789 2152 1837 hominis
2175 1800 2333 1855 parte,
2355 1790 2449 1838 hoc

323 1875 394 1914 est
415 1866 464 1913 in
483 1867 694 1915 animam
709 1905 721 1927 ,
743 1885 830 1933 per
847 1869 1067 1935 spiritum
1090 1868 1240 1918 factae.
1269 1871 1395 1934 Ignis
1424 1870 1512 1917 iste
1534 1870 1582 1916 in
1610 1870 1766 1917 forma
1788 1869 2059 1933 linguarum
2082 1870 2284 1917 exterius
2311 1886 2453 1935 appa-

323 1947 441 2006 ruit,
457 1948 570 2012 quia
594 1964 680 2013 per
701 1948 847 1998 verba
870 1950 1246 2015 praedicationis,
1269 1951 1388 2016 quid
1417 1951 1545 1998 intus
1567 1951 1797 2009 scientiae,
1827 1950 1945 2015 quid
1966 1950 2174 1997 caritatis
2193 1950 2447 2008 habeatur,

324 2027 627 2076 audientibus
647 2018 919 2077 innotescit.
947 2031 1139 2095 Linguae
1159 2031 1332 2095 igneae,
1358 2031 1453 2079 hoc
1475 2041 1547 2079 est
1567 2030 1629 2077 de
1647 2031 1746 2094 igni
1770 2030 1902 2078 factae
1923 2040 2275 2089 memorantur,
2302 2048 2451 2094 quum

322 2108 528 2173 apostoli
556 2126 613 2156 ex
646 2110 749 2175 ipsa
781 2111 977 2160 caritate
1007 2128 1104 2176 qua
1132 2111 1408 2172 fervebant,
1442 2122 1490 2160 et
1518 2112 1716 2160 scientia
1748 2127 1895 2176 quam
1926 2110 1991 2158 ob
2020 2110 2115 2157 hoc
2141 2122 2447 2176 acceperant,

316 2188 579 2258 praedicare
609 2191 845 2256 compulsi
879 2210 889 2238 :
922 2191 997 2240 his
1033 2209 1230 2257 quoque
1261 2192 1453 2241 duobus
1487 2192 1638 2240 corda
1668 2192 1944 2245 auditorum
1974 2191 2286 2239 illuminaturi
2317 2203 2452 2240 erant

306 2281 464 2336 ‚atque
482 2273 744 2320 accensuri.
770 2273 1037 2338 Dispertitae
1059 2274 1109 2320 in
1132 2291 1182 2321 se
1203 2284 1317 2321 sunt
1336 2274 1533 2338 linguae,
1562 2290 1662 2321 uon
1685 2272 1843 2321 solum
1864 2289 1953 2338 pro
1971 2272 2244 2321 diversitate
2259 2289 2423 2320 earum
2436 2312 2448 2331 ,

322 2352 635 2399 verumetiam
656 2369 746 2417 pro
776 2352 1066 2404 discretione
1091 2354 1472 2419 praedicantium.
1504 2354 1635 2400 Sicut
1657 2353 1787 2401 enim
1818 2370 1908 2419 pro
1937 2352 2209 2400 diversitate
2239 2354 2450 2417 gentium

322 2431 520 2479 diversis
542 2431 777 2479 utendum
799 2443 870 2480 est
892 2433 1090 2498 linguis,
1118 2435 1185 2482 ita
1214 2436 1360 2482 etiam
1383 2451 1474 2500 pro
1498 2434 1728 2498 qualitate
1756 2433 2035 2481 auditorum
2062 2433 2450 2497 praedicationem

321 2514 577 2578 temperari
599 2514 850 2573 convenit,
866 2524 921 2561 ut
936 2514 1163 2579 parvulos
1184 2514 1306 2563 lacte
1326 2516 1593 2562 nutriamus
1607 2551 1619 2573 ,
1639 2514 1829 2561 adultos
1845 2530 1969 2578 pane
1988 2511 2272 2562 reficiamus.
2299 2516 2451 2580 Super

321 2593 541 2641 sedentes
561 2595 611 2640 in
629 2593 779 2641 domo
800 2595 921 2658 ignis
939 2594 1019 2643 ille
1043 2611 1280 2661 apparens
1301 2595 1479 2643 sedisse
1499 2595 1691 2654 dicitur,
1711 2595 1824 2659 quia
1848 2610 1991 2658 super
2006 2593 2239 2640 humilem
2255 2604 2302 2641 et
2324 2595 2452 2659 quie-

322 2683 425 2720 tum
459 2674 680 2739 spiritum
714 2692 856 2722 suum
883 2677 1181 2741 requiescere
1208 2677 1445 2724 Dominus
1474 2685 1696 2735 testatur;
1728 2685 1776 2723 et
1803 2675 1885 2740 qui
1911 2673 2105 2739 superbi
2134 2684 2267 2734 sunt,
2300 2675 2449 2723 divini

322 2755 498 2802 amoris
525 2755 687 2819 ignem
711 2756 951 2822 suscipere
977 2774 1077 2805 non
1107 2768 1369 2805 merentur.
1403 2759 1526 2805 Hinc
1557 2773 1752 2822 quoque
1782 2756 1908 2804 bene
1929 2755 2020 2803 illis
2045 2755 2273 2805 insedisse
2296 2757 2450 2804 dictus

321 2845 392 2882 est
409 2835 531 2900 ignis
549 2836 650 2896 ille,
675 2838 789 2901 quia
812 2849 1036 2904 percepta
1058 2838 1139 2887 illa
1161 2840 1311 2904 gratia
1328 2840 1445 2886 'cum
1471 2841 1537 2886 eis
1555 2848 1656 2886 erat
1677 2848 2037 2904 perseveratura
2063 2856 2073 2884 ε
2099 2838 2221 2885 sicut
2243 2848 2290 2885 et
2312 2848 2449 2885 antea

323 2916 559 2964 Dominus
581 2917 642 2964 de
673 2918 779 2983 ipso
810 2919 1030 2984 spiritum
1054 2921 1339 2986 promiserat
1366 2919 1551 2967 dicens‘
1580 2939 1590 2966 ε
1625 2923 1722 2966 «Ut
1746 2928 1940 2967 maneat
1969 2918 2220 2966 vobiscum
2247 2918 2296 2965 in
2324 2929 2451 2966 aeter—

322 3007 497 3043 num.»
523 2999 575 3043 In
602 3013 701 3045 una
722 2997 872 3045 domo
896 3001 1170 3064 congregati
1185 3000 1407 3066 spiritum
1430 2996 1771 3066 perceperunt,
1790 2999 1904 3064 quia
1919 2999 2194 3063 quicunque
2216 3014 2316 3044 non
2339 3009 2448 3045 sunt

323 3076 383 3123 de
405 3077 638 3138 Ecclesia,
662 3089 774 3126 sunt
795 3079 937 3127 alieni
967 3096 995 3128 a
1017 3081 1182 3144 gratia.
1211 3081 1350 3129 Unde
1372 3091 1420 3128 et
1447 3098 1598 3146 agnus
1628 3079 1864 3146 paschalis
1888 3079 1937 3126 in
1962 3095 2058 3126 una
2083 3078 2232 3126 domo
2259 3078 2449 3125 comedi

323 3156 619 3222 praecipitur,
650 3159 762 3223 quia
796 3169 928 3207 extra
955 3159 1216 3208 Ecclesiam
1247 3162 1348 3208 veri
1374 3160 1592 3209 sacrificii
1620 3161 1754 3208 locus
1776 3176 1877 3207 non
1906 3158 2111 3206 habetur
2140 3176 2149 3204 :
2182 3167 2229 3205 et
2256 3157 2452 3221 quicun-

320 3252 415 3299 que
438 3236 486 3284 in
520 3253 630 3285 arca
658 3255 757 3285 non
789 3239 1001 3300 fuerunt,
1032 3239 1267 3289 submersi
1294 3241 1476 3289 diluvio
1502 3242 1764 3307 perierunt.
1791 3243 1895 3287 Jam
1920 3239 2055 3303 juxta
2076 3237 2296 3302 quaedam
2321 3237 2450 3283 dona

323 3316 552 3380 Spiritum
589 3329 807 3367 sanctum
848 3330 1154 3385 acceperant,
1199 3321 1373 3386 quibus
1411 3321 1660 3369 insufflans
1696 3320 1879 3367 Veritas
1917 3319 2118 3367 dixerat¹⁵
2145 3337 2155 3365 :
2194 3338 2217 3363 «
2241 3317 2449 3382 Accipite

369 3441 380 3458 ⁸
408 3442 537 3483 Manu,
554 3455 628 3489 cap.
646 3457 676 3485 v,
691 3457 720 3479 v.
734 3424 790 3479 ¹17.
806 3465 843 3472 -
859 3446 871 3463 ²
886 3447 996 3488 Joam,
1011 3458 1086 3491 cap.
1104 3459 1171 3488 xiv,
1191 3460 1221 3481 v.
1241 3450 1297 3482 26.
1310 3467 1348 3473 —-
1367 3450 1379 3467 ⁵
1393 3450 1474 3487 Job,
1496 3459 1570 3492 cap.
1593 3460 1622 3489 ι,
1638 3459 1670 3481 v.
1691 3448 1794 3490 19.ss-
1814 3447 1826 3464 ⁴
1843 3447 1954 3488 ioan„
1972 3456 2042 3489 cap.
2063 3457 2127 3483 xiv,
2146 3457 2176 3478 v.
2201 3445 2297 3476 16.—
2314 3443 2326 3460 ¹⁵
2340 3444 2447 3484 Joan.‚

326 3510 400 3543 cap.
420 3513 460 3533 xx
475 3526 483 3540 ‚
501 3513 530 3534 v.
549 3504 602 3535 23.

487 3571 497 3600 ι
2234 3562 2342 3621 62ν
