2970 4152
1029 397 1341 445 EXPOSITIO
1375 398 1435 446 ΙΝ
1466 396 1861 446 HEXAMERON.
2409 399 2506 448 667

386 474 501 541 tiam
522 491 584 540 ad
606 502 797 540 terrena
818 491 1107 540 defluentem
1120 528 1132 551 ,
1157 491 1439 539 dum'variis
1461 492 1652 539 ducitur
1674 491 1942 552 desideriis,
1965 492 2065 556 jam
2094 492 2229 556 quasi
2259 509 2287 540 a
2308 496 2508 543 terrenis

385 573 448 621 ad
470 572 678 621 coelestia
697 571 901 620 sustollit
914 609 926 632 ,
953 582 1000 619 et
1021 572 1073 618 in
1095 571 1162 619 eis
1184 573 1285 635 ejus
1303 571 1519 618 animum
1541 571 1604 619 ad
1626 571 1776 620 multa
1799 572 2021 637 primitus
2050 571 2399 620 discurrentem
2425 572 2506 622 fir·

386 664 486 703 mat
507 671 563 702 ac
585 654 785 714 stabilit,
808 664 855 702 et
877 663 1046 701 contra
1067 652 1303 718 quaslibet
1327 652 1670 700 adversitatum
1691 653 1924 718 proceHas
1939 654 2074 718 quasi
2098 653 2310 700 anchora
2334 669 2507 702 navem

384 745 637 783 conservat
651 772 662 794 ‚
689 744 737 782 et
758 735 821 782 ad
844 734 1065 800 quaelibet
1086 733 1338 782 toleranda
1354 732 1431 781 vel
1454 733 1776 797 aggredienda
1797 733 2036 781 desiderio
2059 733 2322 781 coelestium
2345 750 2508 780 corro-

384 815 542 864 borat.
569 815 714 874 Quod
735 815 860 862 bene
890 816 1108 880 superior
1130 830 1366 879 aquarum
1393 814 1643 879 suspensio
1674 813 1797 862 facta
1826 813 2040 861 secundo
2072 814 2151 861 die
2179 813 2372 878 figurat,
2402 831 2506 879 quae

383 914 470 962 per
493 896 909 962 interpositionem
931 895 1038 943 coeli
1068 912 1256 943 sursum
1285 894 1484 944 firmiter
1517 904 1587 942 est
1620 894 1844 942 stabilita.
1869 897 2026 942 Tertio
2059 894 2137 942 die
2172 894 2507 943 recedentibus

382 977 517 1040 aquis
534 1013 546 1035 ,
571 976 647 1023 vel
675 992 762 1041 per
784 985 970 1023 meatus
990 975 1228 1039 quosdam
1261 984 1398 1022 terrae
1423 974 1670 1021 submissis
1685 1011 1698 1034 ‚
1723 974 1985 1021 exsiccatur
2014 983 2140 1021 terra
2174 984 2221 1021 et
2254 975 2388 1022 arida
2423 974 2477 1022 fit
2492 1014 2503 1034 ‚

380 1058 494 1121 quia
521 1057 631 1121 igne
661 1057 870 1104 caritatis
902 1056 1063 1103 anima
1094 1071 1344 1114 succensa,
1378 1054 1497 1102 dum
1531 1070 1727 1102 carnem
1757 1054 1943 1118 spiritui
1976 1054 2165 1118 subjicit
2179 1092 2190 1113 ,
2217 1070 2244 1102 a
2266 1055 2395 1102 fluxu
2432 1055 2507 1103 vel

381 1137 627 1186 desideriis
640 1137 904 1185 carnalium
916 1137 1412 1202 concupiscentiarum
1430 1135 1526 1183 hoc
1547 1135 1706 1183 calore
1719 1135 1892 1182 siccata
1905 1134 2270 1199 quodammodo
2284 1135 2338 1183 fit
2351 1136 2502 1196 arida,

380 1228 433 1266 ut
449 1219 551 1282 jam
570 1217 622 1266 fit
645 1219 705 1266 de
727 1218 817 1266 illis
838 1218 956 1266 locis
977 1218 1222 1283 inaquosis
1235 1254 1248 1277 ,
1273 1235 1359 1283 per
1379 1233 1487 1282 quae
1507 1216 1728 1265 diabolus
1750 1217 2132 1280 suggestionibus
2154 1218 2250 1264 suis
2271 1218 2506 1266 transiens

379 1299 595 1364 requiem
626 1316 727 1347 non
755 1300 965 1359 invenit,
997 1299 1109 1363 quia
1143 1298 1288 1347 talem
1321 1298 1533 1346 animam
1563 1314 1650 1363 per
1678 1298 2089 1362 concupiscentias
2120 1298 2182 1345 ad
2217 1315 2506 1347 consensum

379 1395 479 1426 non
499 1379 660 1427 trahit.
689 1383 751 1427 Ut
771 1389 932 1427 autem
958 1378 1064 1427 talis
1086 1380 1248 1427 anima
1269 1395 1355 1444 per
1378 1395 1525 1444 opera
1555 1379 1700 1426 etiam
1734 1389 2113 1438 consummetur,
2139 1380 2350 1443 primum
2381 1389 2507 1427 terra

378 1460 601 1526 producit
636 1461 846 1526 plantas,
882 1470 1050 1526 postea
1089 1459 1342 1508 luminaria
1386 1460 1436 1507 in
1476 1459 1783 1507 firmamento
1828 1460 1985 1524 posita
2019 1459 2177 1506 lucem
2215 1460 2502 1507 ministrant.

376 1543 517 1589 Terra
557 1542 742 1605 itaque,
774 1551 827 1589 ut
855 1541 1039 1589 dictum
1070 1550 1164 1599 est,
1198 1540 1403 1588 arefacta
1429 1540 1616 1605 plantas
1649 1539 1897 1606 producit,
1928 1556 2080 1605 quum
2103 1540 2265 1587 anima
2286 1539 2507 1604 quaelibet

377 1621 625 1668 caritatem
644 1638 740 1686 qua
761 1622 910 1670 fervet
931 1622 1130 1670 interius
1152 1622 1203 1669 in
1226 1621 1519 1670 exhibitione
1543 1621 1871 1687 corporalium
1902 1638 2107 1687 operum
2135 1620 2362 1668 ostendit.
2391 1624 2506 1678 Quae

376 1701 415 1748 si
436 1701 486 1748 in
510 1711 695 1750 tantam
715 1702 1060 1767 perfectionem
1082 1703 1366 1763 excreverit,
1394 1712 1446 1750 ut
1465 1702 1616 1749 verbo
1639 1718 1835 1767 quoque
1864 1701 2216 1767 praedicationis
2245 1701 2363 1748 alios
2391 1701 2505 1748 aedi-

375 1780 520 1829 ficare
543 1791 686 1846 atque
704 1781 975 1831 illuminare
997 1784 1172 1849 possit,
1194 1783 1449 1831 luminaria
1473 1783 1615 1831 fuerit
1636 1783 1687 1830 in
1711 1783 1858 1849 coeloss,
1880 1783 1931 1831 id
1953 1793 2024 1830 est
2040 1782 2188 1830 verba
2207 1781 2507 1847 praedicantis

374 1863 425 1910 in
449 1863 648 1912 ecclesia
670 1865 916 1913 minorum
939 1876 986 1914 et
1007 1867 1144 1931 quasi
1169 1865 1334 1914 »adhuc
1361 1876 1665 1914 terrenorum
1699 1867 1840 1914 fuerit
1868 1866 2154 1915 illuminatio
2174 1904 2185 1925 ,
2224 1876 2270 1913 et
2305 1865 2399 1913 hoc
2437 1876 2507 1914 est

374 1943 644 1993 illuminent
679 1956 872 1994 terram.
908 1949 1004 1995 Nec
1034 1947 1191 1995 solum
1212 1948 1262 1994 in
1286 1947 1391 2006 die,
1416 1964 1585 1995 verum
1613 1948 1758 1995 etiam
1786 1949 1835 1995 in
1867 1958 2033 2008 nocte,
2059 1949 2171 2012 quia
2194 1958 2293 1995 tam
2317 1948 2365 1994 in
2389 1965 2503 2013 pro·

373 2025 596 2090 speritate
624 2041 771 2090 quam
798 2027 848 2073 in
880 2026 1165 2075 adversitate
1199 2026 1401 2074 infirmis
1435 2027 1679 2074 mentibus
1709 2027 1984 2092 praedicatio
2024 2028 2291 2075 necessaria
2324 2038 2417 2087 est,
2444 2045 2504 2075 ne

372 2121 459 2170 per
484 2106 611 2154 hanc
644 2107 952 2168 extollantur,
982 2108 1057 2156 vel
1090 2125 1176 2173 per
1207 2108 1337 2156 illam
1373 2108 1670 2172 frangantur.
1706 2108 1937 2166 Qualibus
1971 2108 2167 2173 quidem
2190 2108 2505 2157 luminaribus

372 2202 473 2236 non
494 2188 651 2236 solum
681 2189 919 2254 exemplo,
945 2189 1030 2237 sed
1054 2190 1199 2237 etiam
1221 2189 1372 2237 verbo
1395 2189 1515 2238 alios
1537 2189 1882 2238 aedificantibus
1901 2190 2155 2255 Apostolus
2177 2191 2242 2237 ait
2257 2193 2268 2215 ²
2293 2209 2302 2238 ι
2333 2210 2356 2236 α
2376 2194 2503 2239 Inter

371 2285 493 2334 quos
516 2269 678 2318 lucent
698 2280 931 2335 tanquam
952 2269 1260 2319 luminaria.»
1284 2274 1342 2318 Et
1363 2271 1549 2319 Veritas
1571 2271 1699 2336 ipsa’
1718 2289 1729 2317 z
1754 2273 1890 2318 «Vos
1912 2271 2023 2318 estis
2046 2270 2126 2318 lux
2148 2271 2336 2318 mundi.
2356 2291 2380 2316 n
2400 2275 2502 2320 Hoc

370 2350 513 2414 igitur
534 2351 640 2398 viro
663 2351 875 2416 perfecto
898 2361 1002 2399 tum
1029 2351 1139 2400 luce
1169 2368 1373 2417 operum
1405 2362 1510 2399 tum
1533 2352 1678 2399 etiam
1691 2351 1988 2399 documento
2010 2351 2362 2416 praedicationis
2385 2352 2503 2400 alios

368 2428 634 2478 aedificante
652 2467 663 2489 ,
690 2431 817 2495 parit
841 2431 1057 2495 undique
1080 2431 1290 2478 mundus
1312 2431 1576 2478 animantia
1593 2467 1605 2489 ,
1630 2440 1729 2477 tam
1751 2430 1961 2478 volatilia
1977 2430 2178 2489 scilicet,
2203 2447 2349 2495 quam
2372 2448 2500 2495 gres-

367 2508 550 2568 sibilia,
587 2511 686 2557 sive
724 2511 935 2576 reptilia3
972 2511 1068 2559 hoc
1099 2521 1198 2572 est,
1235 2511 1383 2558 trium
1417 2510 1643 2558 ordinum
1680 2509 1867 2570 fideles,
1909 2511 2212 2558 continentes
2245 2510 2466 2559 videlicet
2485 2550 2496 2571 ,

369 2599 602 2650 rectoreS,
624 2607 708 2638 seu
731 2591 1031 2656 conjugatos.
1058 2592 1278 2657 Denique
1300 2591 1451 2639 homo
1475 2591 1553 2639 ille
1576 2601 1706 2639 extra
1729 2591 2006 2657 paradisum
2025 2601 2211 2639 creatus
2238 2593 2285 2639 in
2315 2593 2502 2657 paradi-

368 2688 474 2719 sum
496 2673 796 2732 transfertur,
825 2672 942 2720 dum
964 2673 1038 2720 his
1063 2673 1146 2738 qui
1167 2674 1217 2720 in
1240 2673 1331 2721 hac
1352 2673 1450 2720 vita
1471 2673 1615 2720 tantis
1636 2672 1780 2720 bonis
1806 2689 1893 2738 per
1915 2673 2116 2736 gratiam
2137 2674 2225 2720 Dei
2248 2673 2410 2721 floruit
2435 2674 2495 2722 ad

368 2751 572 2816 patriam
601 2751 843 2799 coelestem
876 2752 938 2800 de
967 2752 1062 2800 hoc
1085 2752 1248 2801 exsilio
1271 2751 1571 2813 transfertur,
1599 2769 1688 2818 pro
1720 2753 1900 2800 meritis
1928 2753 2087 2818 primo
2117 2752 2179 2801 ad
2209 2752 2462 2801 sabbatum
2480 2792 2492 2813 ,

370 2831 546 2880 deinde
569 2833 631 2881 ad
654 2843 875 2882 octavam
903 2835 1203 2900 perveniens.

1294 2980 1552 3011 ALLEGORIA
1559 3001 1568 3010 .

433 3091 522 3136 Sex
554 3098 714 3138 aetates
747 3090 903 3138 saeculi
932 3093 1145 3140 senarius
1178 3093 1266 3140 iste
1300 3092 1488 3140 dierum
1523 3091 1697 3158 quibus
1729 3091 1938 3139 mundus
1977 3091 2215 3157 perfectus
2249 3101 2320 3139 est
2350 3101 2493 3157 atque

367 3169 628 3218 adornatus
650 3172 888 3237 exprimit.
915 3172 1074 3222 Prima
1092 3183 1204 3221 aetas
1224 3173 1380 3222 saeculi
1402 3174 1537 3239 quasi
1558 3173 1659 3238 ejus
1681 3173 1881 3220 infantia
1903 3182 1974 3220 est
1991 3172 2052 3220 ab
2082 3172 2233 3221 Adam
2257 3190 2407 3238 usque
2429 3174 2490 3221 ad

370 3254 486 3299 Noe.
519 3252 638 3300 Inde
664 3253 875 3301 secunda
906 3270 1057 3319 usque
1085 3254 1147 3302 ad
1176 3254 1417 3303 Abraham
1448 3255 1583 3320 quasi
1614 3255 1833 3320 pueritia.
1867 3253 2053 3301 Deinde
2078 3254 2217 3301 tertia
2240 3254 2302 3303 ad
2335 3255 2486 3302 David

368 3341 597 3396 tanquam
635 3332 972 3382 adolescentia.
1011 3337 1179 3382 Postea
1214 3345 1385 3399 quarta
1427 3352 1579 3400 usque
1615 3335 1678 3382 ad
1720 3334 2191 3399 transmigrationem
2238 3334 2490 3398 Babylonis

413 3499 422 3516 ⁴
451 3501 583 3543 minist,
600 3510 675 3544 cap.
692 3512 712 3534 n
725 3528 734 3544 ,
753 3513 784 3536 v.
806 3503 857 3536 15.
875 3521 918 3527 -
933 3502 946 3519 ’
964 3503 1092 3543 Matth„
1109 3514 1184 3547 cap.
1200 3514 1234 3546 v,
1250 3514 1278 3537 v.
1302 3505 1353 3536 14.
