2970 4152
478 461 572 506 300

526 3554 538 3572 ⁴
581 3553 634 3588 Sic
646 3551 730 3586 Cod.
743 3568 782 3575 —
801 3548 814 3566 ¹
840 3549 894 3581 Sic
910 3547 993 3581 Cod.
1007 3547 1094 3580 -Ex
1112 3551 1202 3580 certe
1214 3544 1388 3578 delendum
1408 3550 1469 3576 est.

594 552 794 588 Rationem
812 560 880 597 pro
899 547 1044 583 cunctis
1059 545 1175 592 exigit

594 612 630 648 Is
647 612 710 660 qui
729 615 861 646 cuncta
875 619 945 656 pro
960 606 1068 642 nobis
1085 603 1267 641 condidit.

641 713 827 760 Disceptat
843 708 1005 746 mundus
1022 714 1153 743 contra
1167 717 1234 742 nos
1247 733 1259 753 ‚

639 772 772 808 Factus
790 777 942 806 ornatus
960 775 1114 817 propter
1134 778 1202 803 nos
1215 794 1225 808 ,

591 833 629 868 Si
648 844 715 867 nos
734 832 812 867 Deo
830 842 906 867 non
923 828 1059 864 subdat
1077 828 1193 876 gratia
1205 854 1216 870 ‚

592 891 738 938 Quibus
754 891 832 939 ipse
850 889 1009 937 subjecit
1028 889 1166 924 onmia.

638 990 832 1027 Placemus
846 990 969 1038 ipsum
986 986 1158 1023 laudibus
1168 1014 1178 1030 ‚

642 1051 766 1098 Quem
783 1050 973 1086 irritamus
989 1046 1146 1083 actibus.

593 1113 739 1157 Quanta
753 1109 874 1146 laudis
887 1110 936 1145 sit
953 1106 1180 1153 immolatio,

592 1172 669 1208 Nos
682 1171 907 1220 psalmorum
926 1169 1035 1206 docet
1053 1166 1262 1204 instructio.

648 1271 704 1308 Sit
719 1283 850 1321 perpes
866 1270 945 1306 Deo
964 1268 1101 1317 gloria,
1123 1273 1197 1302 etc.

946 1414 1016 1451 VI.

641 1524 837 1561 ornarunt
857 1528 994 1558 terram
1018 1520 1182 1569 germina
1195 1546 1205 1563 ,

637 1584 747 1620 Nunc
763 1582 896 1619 coelum
912 1579 1125 1617 luminaria.

595 1643 699 1687 Sole,
723 1643 832 1686 luna,
852 1641 966 1677 stellis
983 1639 1215 1688 depingitur,

592 1706 765 1752 Quorum
782 1702 922 1739 multus
938 1712 1026 1736 usus
1043 1698 1292 1747 cognoscitur.

637 1803 775 1838 Lucem
793 1800 1033 1847 distinguunt
1049 1805 1218 1845 tempora
1232 1822 1242 1838 ‚

636 1862 731 1899 Sunt
748 1860 907 1909 insignia
919 1860 929 1880 ¹
952 1857 1172 1901 certissima,

590 1923 735 1960 Cuncta
750 1922 829 1957 fere
844 1928 1032 1956 terrarum
1049 1916 1244 1954 commoda

590 1982 827 2018 Planetarum
843 1980 1030 2016 ministrat
1046 1978 1211 2027 physica.

641 2084 728 2120 Hae'c
745 2093 894 2131 quoque
912 2092 982 2129 pro
1001 2086 1040 2116 te
1057 2078 1207 2116 condita

638 2143 795 2182 Sursum
806 2170 816 2187 ,
835 2142 952 2177 homo
963 2168 973 2185 ‚
999 2138 1191 2176 considera
1205 2153 1214 2181 3

591 2204 679 2241 Esse
693 2210 797 2240 tuam
816 2209 855 2238 et
868 2200 952 2237 coeli
970 2199 1075 2247 regio

593 2265 640 2302 Se
655 2265 794 2301 fatetur
809 2262 947 2297 horum
965 2259 1128 2296 servitio.

639 2363 723 2401 Sole
740 2361 833 2399 calet
851 2361 891 2396 in
908 2360 1035 2396 hieme

638 2424 715 2471 Qui
733 2428 836 2458 caret
852 2420 951 2469 ignis
968 2429 1145 2461 munere;

590 2486 666 2522 Pro
683 2489 875 2519 nocturnae
890 2480 1050 2516 lucernae
1069 2478 1189 2527 gratia

591 2546 737 2593 Pauper
754 2542 870 2578 habet
887 2540 1013 2576 lunam
1030 2546 1067 2575 et
1085 2538 1217 2574 sidera.

638 2643 772 2681 Stratis
791 2641 893 2677 dives
909 2639 1103 2684 eburneis,

639 2705 786 2752 Pauper
802 2702 900 2749 jacet
917 2699 1118 2749 germineis
1132 2714 1142 2744 ;

592 2765 691 2802 Hinc
710 2765 835 2800 avium
851 2760 1038 2797 oblectant
1055 2758 1218 2802 cantica,

592 2825 686 2862 Inde
702 2824 838 2860 florum
855 2822 971 2870 spirat
987 2818 1202 2867 fragrantia.

641 2923 846 2973 Impensis,
866 2921 987 2965 dives,
1006 2919 1133 2955 nimiis

638 2987 803 3022 Domum
819 2993 987 3019 casuram
1005 2978 1211 3020 construis:

592 3047 696 3084 Falso
716 3045 791 3082 sole
810 3043 933 3092 pingis
948 3039 1194 3082 testudinem,

593 3107 707 3144 Falsis
730 3105 845 3142 stellis
861 3104 902 3139 in
918 3101 1002 3139 coeli
1015 3100 1189 3149 speciem.

640 3206 686 3241 In
703 3205 780 3241 veri
799 3203 882 3240 coeli
900 3212 1045 3238 camera

642 3265 788 3312 Pauper
802 3264 901 3311 jacet
915 3260 1170 3310 pulcherrima
1183 3274 1193 3302 ;

595 3326 699 3364 Vero
718 3324 811 3368 sole,
831 3323 927 3359 veris
946 3320 1134 3357 sideribus

594 3386 708 3422 Istam
724 3383 779 3420 illi
798 3382 969 3430 depinxit
983 3381 1178 3416 Dominus.

1282 450 1454 497 PETRI
1490 446 1802 496 ABAELARDI

1724 539 1833 587 Opus
1849 537 1967 585 magis
1983 535 2160 571 eximium

1659 627 1668 634 .
1724 599 1787 635 Est
1806 604 1946 633 naturae
1963 607 2076 644 quam
2094 595 2312 638 hominum,

1669 653 1791 705 ’Quod
1806 669 1874 693 nec
1890 656 2010 700 labor,
2030 667 2098 691 nec
2114 660 2284 702 sumptus
2301 661 2480 702 praeparat
2491 683 2501 697 ,

1679 719 1756 755 Nec
1772 723 1932 754 vetustas
1947 713 2122 752 solvendo
2141 713 2308 762 dissipat.

1722 811 1913 847 Ministrat
1930 810 2044 846 homo
2061 808 2187 854 diviti,

1726 870 1894 919 Angelus
1910 876 2036 906 autem
2052 868 2226 917 pauperi,

1678 932 1733 969 Ut
1749 931 1839 967 hinc
1854 942 2004 979 quoque
2019 934 2164 964 constet
2184 927 2344 964 coelestia

1680 992 1803 1038 Quam
1819 990 1895 1026 sint
1912 988 2020 1025 nobis
2037 1001 2057 1024 a
2074 988 2153 1023 Deo
2171 986 2333 1023 subdita.

1724 1085 1781 1121 Sit
1797 1095 1928 1132 perpes
1942 1083 2021 1119 Deo
2040 1082 2172 1131 gloria,
2189 1088 2261 1117 etc.

2030 1209 2122 1247 VII.

1730 1304 1886 1343 Ornatis
1902 1303 1985 1339 luce
2002 1302 2171 1351 partibus

1723 1365 1858 1402 Mundi
1875 1363 2142 1413 superioribus,

1679 1426 1774 1462 Loca
1793 1431 1907 1461 restat
1924 1423 2134 1460 ornandum
2153 1422 2300 1467 infima,

1681 1486 1736 1522 Ex
1753 1485 1813 1521 his
1828 1497 1873 1521 ex
1889 1485 1906 1505 ⁹
1921 1483 2058 1533 quibus
2074 1482 2139 1519 lux
2155 1489 2212 1519 est
2225 1482 2302 1529 jam
2319 1481 2481 1518 condita.

1728 1584 1906 1621 Educunt
1921 1593 2023 1631 aquae
2039 1581 2173 1630 reptile
2185 1609 2195 1625 ‚

1727 1643 1950 1682 Producunt
1966 1648 2004 1678 et
2019 1641 2167 1678 volatile
2183 1656 2194 1685 ;

1683 1705 1770 1742 Uno
1784 1703 1893 1751 jussu
1906 1703 2025 1751 pisces
2042 1708 2081 1738 et
2096 1700 2264 1737 volucres

1683 1763 1914 1801 Prodierunt
1931 1763 1971 1799 in
1987 1774 2071 1798 suas
2085 1761 2236 1810 specieS.

1728 1861 1849 1900 Simul
1865 1868 1904 1898 et
1919 1867 2001 1897 cete
2018 1858 2174 1909 grandia
2184 1886 2195 1903 ‚

1725 1922 1774 1959 Et
1797 1934 1910 1971 parva
1926 1920 2021 1956 fiunt
2037 1927 2159 1956 ostrea
2172 1946 2183 1963 ,

1679 1983 1767 2020 Uno
1786 1981 1931 2031 grypho
1948 1987 2140 2017 momento
2154 1979 2337 2015 maximus

1681 2042 1876 2080 Perfectus
1893 2048 1948 2078 est
1964 2048 2003 2078 et
2018 2051 2143 2089 passer
2160 2038 2344 2075 modicus.

1729 2146 1833 2182 Dixit
1849 2144 1971 2189 enim,
1989 2150 2027 2179 et
2041 2142 2138 2178 facta
2154 2148 2260 2185 sunt,

1730 2204 1940 2249 Mandavit,
1959 2210 1997 2239 et
2015 2208 2138 2238 creata
2154 2207 2241 2236 sunt
2257 2216 2268 2244 ;

1681 2266 1817 2315 Magna
1833 2263 1944 2301 simul
1963 2261 2126 2310 complet
2141 2267 2179 2297 et
2195 2259 2340 2296 modica
2352 2287 2361 2303 ‚

1683 2326 1756 2363 Cui
1773 2331 1861 2362 sunt
1878 2335 1980 2373 aeque
1996 2328 2129 2359 cuncta
2146 2319 2280 2356 facilia.

1728 2425 1786 2463 Sit
1801 2435 1933 2474 perpes
1955 2422 2034 2459 Deo
2052 2421 2187 2469 gloria,
2206 2426 2277 2456 etc.

2024 2547 2134 2586 VIII.

1731 2646 1826 2682 Laus
1841 2644 1957 2680 instat
1974 2648 2080 2678 sextae
2097 2641 2215 2684 seriae,

1729 2705 1805 2745 Pro
1821 2716 1894 2753 qua
1913 2703 2100 2739 debentur
2117 2700 2194 2736 aliae
2208 2727 2219 2745 ‚

1684 2767 1769 2814 Qua
1783 2765 1967 2802 formatur
1990 2763 2107 2798 homo
2125 2758 2346 2797 novissimus

1683 2824 1905 2875 Praeparatis
1923 2824 1958 2860 ei
1976 2823 2054 2871 jam
2072 2820 2259 2858 omnibus·

1731 2920 1811 2957 Hac
1828 2919 1868 2954 in
1885 2918 1968 2954 luce
1983 2916 2175 2953 terrestria

1732 2980 1918 3016 Creantur
1937 2976 2163 3021 animantia;

1688 3037 1813 3075 Omne
1829 3043 1935 3072 terrae
1953 3034 2001 3072 de
2018 3041 2119 3070 terra
2134 3031 2286 3080 reptile,

1687 3099 1812 3137 Omne
1832 3108 1948 3146 genus
1966 3094 2157 3144 profertur
2172 3092 2310 3129 bestiae.

1733 3193 1796 3230 Fit
1812 3191 1983 3228 omnium
1999 3187 2221 3226 novissimus

1731 3253 1857 3289 Homo
1873 3250 1938 3300 qui
1955 3249 2079 3299 praesit
2094 3245 2295 3289 omnibus;

1683 3312 1745 3351 Ad
1762 3313 1864 3348 hunc
1880 3316 2013 3348 cuncta
2030 3306 2246 3358 spectabant
2262 3305 2487 3349 terminum,

1685 3374 1880 3422 Tanquam
1899 3372 2010 3408 finem
2027 3374 2250 3405 cunctorum
2267 3365 2437 3401 unicum.
