2970 4152
874 399 937 447 IN
973 397 1368 447 DEDICATIONE
1403 395 1698 445 ECCLESIAE
1731 395 1946 445 SERMO.
2377 395 2468 442 535

354 512 405 543 se
432 495 586 544 fidelis
615 495 775 543 anima
795 496 932 560 quasi
953 510 1181 560 sponsam
1203 493 1421 558 copulat,
1446 503 1494 540 et
1515 493 1731 552 dedicat,
1756 503 1805 540 et
1825 493 1954 557 velut
1981 493 2031 538 in
2055 490 2350 556 amplexibus
2372 490 2472 552 ejus

351 574 527 623 lectulo
549 575 968 641 contemplationis
989 575 1170 622 dormit
1190 573 1519 638 corpore„sed
1538 573 1701 637 vigilat
1718 583 1879 620 mente
1892 610 1903 632 ,
1924 573 2059 636 juxta
2074 571 2198 620 ,illud
2219 572 2436 635 Sponsae?
2457 588 2467 614 :

355 673 382 700 «
405 659 506 720 Ego
531 656 722 703 dormio
744 666 791 702 et
812 672 897 702 cor
918 671 1081 703 meum
1101 654 1287 718 vigilat,
1316 673 1339 697 υ
1366 671 1491 700 unus
1514 670 1570 700 ex
1591 654 1824 701 universis
1847 653 2033 717 eligitur
2054 651 2310 718 lapidibus.
2336 654 2472 697 Juxta

350 737 486 800 quod
513 747 561 784 et
593 738 794 802 ipsemet
815 737 876 784 de
903 736 1079 784 dilecto
1108 736 1198 783 ait*
1224 754 1234 782 :
1264 755 1288 781 (ι
1317 734 1504 782 Electus
1532 752 1589 781 ex
1617 735 1843 782 millibus.
1875 754 1897 779 υ
1923 738 2061 782 Hunc
2083 734 2227 799 capiti
2248 748 2471 797 suo-sup·

351 817 490 881 ponit
511 827 566 863 ut
585 816 820 875 dormiat,
845 833 997 880 quum
1018 826 1169 864 totam
1192 831 1288 862 suae
1309 815 1483 879 mentis
1508 815 1829 862 intentionem
1850 816 1900 861 in
1923 831 1982 861 eo
2011 813 2197 877 defigit,
2223 824 2276 861 ut
2298 830 2325 860 a
2347 813 2473 860 curis

349 897 506 944 saeculi
523 897 713 962 penitus
730 897 960 960 quiescat,
983 907 1031 944 et
1054 906 1155 944 tota
1173 897 1218 943 ei
1239 912 1325 960 per
1347 895 1639 943 desiderium
1660 895 1904 942 inhaereat.
1925 897 2079 959 Caput
2101 895 2279 959 quippe
2300 893 2475 958 princi·

349 975 468 1040 palis
490 992 600 1040 pars
621 976 838 1040 corporis
851 986 1074 1023 mentem
1089 975 1308 1038 designat
1328 975 1377 1022 in
1402 974 1560 1022 nobis.
1586 978 1726 1022 Hunc
1742 974 1960 1039 profecto
1977 990 2202 1021 somnum
2219 973 2471 1020 continen-

348 1057 469 1104 tium
503 1057 703 1104 dilectus
736 1056 813 1104 ille
846 1057 1044 1104 Domini
1084 1067 1131 1103 et
1169 1057 1304 1120 virgo
1346 1059 1553 1105 Joannes
1584 1055 1851 1121 specialiter
1885 1055 2112 1120 expressit
2128 1092 2139 1114 ,
2180 1056 2263 1119 qui
2303 1056 2351 1101 in
2386 1055 2472 1101 Dei

349 1137 530 1200 gremio
553 1136 863 1197 recumbens,
889 1137 1027 1201 quasi
1047 1136 1143 1184 hoc
1165 1136 1324 1202 lapide
1349 1137 1599 1202 supposito
1623 1135 1768 1200 capiti
1797 1135 2109 1182 obdormivit.
2140 1134 2325 1181 Scalam
2359 1134 2473 1181 dor·

348 1217 500 1265 miens
522 1217 670 1264 Jacob
692 1218 922 1277 intuetur,
955 1218 1068 1282 quia
1090 1227 1227 1265 tanto
1260 1215 1466 1283 amplius
1492 1217 1779 1282 scripturam
1800 1233 1985 1264 sacram
2007 1216 2208 1280 quisque
2231 1214 2471 1278 intelligit,

345 1306 531 1360 quanto
552 1296 613 1343 ab
637 1298 954 1362 occupatione
976 1296 1275 1344 saecularium
1296 1314 1521 1344 curarum
1542 1297 1691 1361 magis
1707 1297 1923 1361 quiescit.
1941 1295 2076 1343 Scala
2092 1295 2194 1341 haec
2217 1294 2475 1341 dormienti

345 1376 563 1440 apposita
576 1376 800 1440 usquead
813 1376 989 1424 coelum
1001 1376 1278 1441 porrigitur,
1289 1376 1403 1440 quia
1417 1393 1502 1441 per
1515 1376 1789 1424 doctrinam
1802 1375 1949 1441 ipsius
1972 1375 2034 1422 de
2055 1374 2254 1421 terrenis
2277 1373 2338 1420 ad
2354 1373 2476 1419 desi-

345 1454 560 1503 deranda
581 1456 790 1506 coelestia
810 1456 1136 1515 sublevamur,
1161 1467 1208 1504 et
1230 1456 1342 1504 illuc
1365 1467 1525 1504 mente
1547 1456 1941 1515 conscendimus,
1968 1455 2053 1502 ubi
2075 1454 2287 1502 Christus
2325 1463 2395 1500 est
2423 1454 2472 1499 in

345 1533 539 1582 dextera
550 1537 638 1583 Dei
647 1536 838 1584 sedens.
855 1537 976 1583 Huic
989 1536 1125 1584 scalae
1138 1537 1375 1584 Dominus
1391 1537 1629 1595 innititur,
1652 1546 1699 1584 et
1711 1536 1827 1583 inde
1850 1535 1992 1583 nobis
2013 1535 2243 1599 loquitur,
2263 1534 2376 1599 quia
2388 1550 2474 1597 per

343 1613 446 1678 ejus
469 1614 741 1663 doctrinam
762 1616 939 1664 nostris
960 1616 1251 1682 imprimitur
1264 1616 1523 1676 mentibus,
1537 1627 1585 1664 et
1602 1617 1664 1664 de
1678 1617 1779 1680 ejus
1792 1616 1950 1664 verbis
1964 1625 2152 1663 nostras
2165 1615 2214 1661 in
2229 1631 2279 1660 se
2290 1623 2473 1661 mentes
2501 1623 2505 1627 “

344 1693 568 1741 erudiens
589 1694 824 1742 accendit.
856 1695 1007 1758 Hujus
1029 1695 1188 1754 scalae,
1220 1694 1319 1742 hoc
1344 1705 1415 1742 est
1442 1711 1586 1742 sacrae
1613 1696 1887 1759 scripturae,
1920 1696 2056 1759 quasi
2085 1695 2185 1751 duo
2207 1693 2353 1741 latera
2374 1693 2472 1740 duo

341 1781 455 1819 sunt
475 1775 792 1832 Testamenta,
809 1789 914 1837 quae
930 1774 1128 1837 quidem
1144 1773 1207 1820 ad
1225 1774 1434 1820 invicem
1445 1773 1582 1837 quasi
1599 1773 1890 1837 quibusdam
1905 1772 2130 1837 gradibus
2152 1773 2341 1820 insertis
2362 1789 2475 1830 con·

343 1861 618 1911 nectuntur,
643 1852 763 1900 dum
784 1869 872 1917 per
893 1854 1216 1918 expositiones
1235 1853 1493 1901 doctorum
1512 1863 1619 1901 rota
1640 1863 1756 1901 rotae
1778 1853 2062 1918 applicatur,
2088 1863 2135 1900 et
2157 1853 2291 1917 quod
2311 1853 2362 1900 in
2385 1856 2475 1913 Ve-

343 1930 432 1977 teri
455 1930 608 1978 fuerat
628 1932 936 1997 praedictum,
963 1933 1012 1980 in
1038 1936 1173 1980 Novo
1196 1943 1493 1982 monstratur
1520 1933 1802 1981 exhibitum.
1841 1933 2008 1997 Angeli
2030 1951 2116 1998 per
2144 1933 2270 1980 hanc
2297 1933 2474 1981 scalam

342 2010 653 2059 ascendentes
675 2021 722 2058 et
744 2011 1107 2071 descendentes,
1125 2013 1276 2060 sancti
1295 2023 1407 2060 sunt
1419 2013 1773 2078 praedicatores,
1790 2030 1999 2078 quorum
2014 2030 2137 2060 unus
2155 2013 2215 2060 de
2237 2030 2288 2060 se
2309 2023 2357 2061 et
2373 2013 2474 2062 aliis

341 2090 432 2138 ait³
458 2109 468 2138 ε
499 2110 523 2135 «
549 2091 810 2149 Quomodo
831 2092 1184 2156 praedicabunt,
1209 2093 1302 2140 nisi
1320 2094 1597 2141 mittantur?
1622 2113 1647 2139 »
1669 2097 1740 2141 De
1762 2094 1982 2158 qualibus
2005 2103 2053 2141 et
2086 2110 2172 2158 per
2193 2093 2474 2141 Malachiam

341 2169 516 2219 dicitur
536 2173 550 2196 ⁴
581 2189 593 2218 :
631 2191 654 2216 ι(
682 2171 828 2220 Labia
856 2172 1118 2231 sacerdotis
1154 2173 1434 2221 custodiunt
1460 2174 1736 2233 scientiam,
1769 2184 1815 2221 et
1848 2174 2003 2238 legem
2032 2175 2276 2239 inquirent
2304 2191 2361 2222 ex
2390 2191 2473 2222 ore

342 2249 467 2297 illius
479 2251 594 2315 quia
609 2251 804 2315 angelus
824 2253 1021 2301 Domini
1034 2253 1326 2302 exercituum
1340 2264 1428 2302 est.
1453 2273 1477 2299 »
1493 2254 1771 2303 Ascendunt
1791 2272 1906 2303 vero
1930 2272 2016 2321 per
2037 2255 2215 2303 scalam
2237 2256 2375 2303 istam
2397 2257 2473 2303 vel

341 2328 641 2378 descendunt
663 2331 933 2380 dummodo
955 2333 1005 2380 in
1034 2350 1122 2381 sua
1143 2333 1487 2398 praedicatione
1507 2333 1569 2382 de
1592 2345 1764 2383 natura
1786 2335 2049 2383 divinitatis
2071 2336 2145 2383 vel
2168 2337 2360 2383 secretis
2383 2352 2474 2382 coe-

339 2407 536 2456 lestibus
559 2426 648 2457 nos
676 2411 945 2471 instruunt,
971 2412 1121 2460 modo
1155 2413 1217 2460 de
1249 2423 1494 2478 assumpta
1521 2414 1845 2474 humanitate,
1878 2415 1956 2462 vel
1984 2415 2334 2480 componendis
2364 2431 2470 2462 mo-

340 2487 472 2535 ribus
495 2489 670 2536 nostris
693 2489 943 2549 erudiunt3
969 2490 1048 2538 vel
1069 2508 1220 2555 quum
1242 2491 1392 2539 modo
1415 2492 1477 2539 ad
1497 2491 1643 2540 altam
1665 2494 1974 2541 continentiae
1994 2495 2219 2541 virtutem
2243 2510 2332 2540 nos
2355 2493 2469 2540 hor·

340 2578 519 2628 tantur,
537 2570 686 2617 modo
708 2569 975 2618 infirmitati
997 2581 1172 2619 nostrae
1193 2589 1280 2637 per
1302 2572 1650 2636 indulgentiam
1673 2575 1952 2638 nuptiarum
1974 2574 2251 2621 consulunt.
2278 2577 2470 2622 Terram

340 2650 389 2697 in
425 2667 520 2714 qua
551 2651 732 2698 dormit
758 2651 908 2700 Jacob
937 2653 980 2699 ei
1009 2663 1056 2700 et
1084 2653 1255 2701 semini
1285 2654 1388 2717 ejus
1416 2655 1653 2702 Dominus
1681 2656 1942 2719 promittit,
1968 2658 2080 2720 quia
2108 2666 2285 2703 terram
2308 2656 2470 2703 viven-
2504 2692 2506 2694 -

339 2730 478 2790 tium,
503 2732 637 2795 cujus
659 2731 898 2780 desiderio
921 2734 1080 2782 anima
1102 2734 1475 2799 contemplativa
1497 2752 1527 2783 a
1547 2736 1748 2784 terrenis
1769 2737 1895 2783 curis
1933 2738 2151 2801 quiescit,
2177 2738 2225 2783 in
2249 2754 2469 2784 remune-

340 2812 526 2858 ratione
554 2812 807 2876 pollicetur
827 2823 927 2861 tam
950 2814 993 2861 ei
1015 2831 1162 2879 quam
1184 2815 1468 2879 sequacibus
1489 2817 1614 2879 ejus,
1639 2826 1687 2864 et
1707 2817 1758 2863 in
1782 2817 1876 2864 hoc
1905 2819 2155 2882 proposito
2183 2818 2336 2882 ipsam
2358 2818 2466 2864 imi-

340 2890 567 2939 tantibus.
617 2892 853 2957 Evigilans
887 2894 948 2942 de
977 2911 1153 2942 somno
1186 2896 1605 2961 contemplationis
1639 2897 1799 2945 anima
1841 2897 1943 2957 illa,
1982 2909 2029 2946 et
2070 2898 2131 2945 de
2172 2897 2252 2945 illa
2289 2897 2466 2946 coelesti

339 2970 636 3019 habitatione
657 2972 719 3020 ad
740 2983 905 3021 sancta
919 2974 1076 3023 studia
1091 2976 1238 3023 totius
1259 2977 1680 3042 contemplationis
1699 2978 1865 3025 oculos
1881 2978 2147 3037 reflectens,
2165 2989 2211 3025 et
2228 2980 2363 3043 quasi
2375 2978 2465 3024 ho-

339 3051 492 3098 mines
525 3052 703 3116 pariter
735 3053 1020 3114 admonens,
1039 3065 1093 3102 ut
1113 3072 1198 3121 spe
1219 3057 1465 3121 promissae
1486 3057 1577 3104 sibi
1600 3067 1735 3105 terrae
1756 3058 1806 3105 in
1830 3059 2080 3123 proposito
2103 3068 2408 3123 perseverent
2426 3061 2459 3105 ⁵:

343 3150 366 3176 «
393 3134 514 3178 Vere
537 3132 773 3180 Dominus
795 3144 888 3193 est,
911 3154 935 3179 υ
961 3135 1139 3200 inquit,
1170 3155 1194 3181 «
1213 3136 1263 3183 in
1286 3136 1396 3184 loco
1419 3138 1535 3197 istc,
1561 3148 1608 3185 et
1630 3154 1718 3202 ego
1742 3138 2031 3186 nesciebam.
2060 3158 2082 3182 υ
2104 3144 2169 3186 Ac
2191 3139 2230 3186 si
2252 3139 2459 3186 diceret:

339 3213 433 3268 Qui
455 3212 633 3278 ubique
655 3224 726 3262 est
745 3231 833 3280 per
854 3215 1114 3264 divinitatis
1130 3219 1430 3282 praesentiam
1445 3257 1457 3279 ,
1476 3219 1555 3267 hic
1576 3219 1841 3284 specialiter
1862 3220 2098 3268 inhabitat
2129 3238 2215 3286 per
2243 3222 2458 3285 gratiam.

386 3407 396 3426 ’
425 3409 532 3450 cam„
549 3420 622 3454 cap.
640 3422 672 3451 v,
691 3422 721 3445 v.
739 3413 773 3446 9.
790 3431 828 3438 -
843 3412 855 3430 ’
871 3413 969 3455 lbid.,
989 3424 1022 3448 v.
1041 3415 1135 3449 10.—
1155 3415 1168 3433 ⁸
1183 3416 1292 3456 Rom„
1308 3426 1383 3461 cap.
1403 3428 1445 3460 x,
1461 3418 1563 3452 v.15.
1577 3435 1621 3444 —
1635 3417 1877 3463 ‘Malac.,cap.
1892 3430 1936 3459 n,
1952 3430 1982 3452 v.
2002 3420 2103 3453 'le-⁸
2115 3421 2242 3458 Germ„
2259 3430 2331 3463 cap.
2347 3430 2459 3458 xxvm,

342 3477 370 3499 v.
403 3469 451 3501 16.
