2970 4152
557 378 651 425 688
1360 381 1532 428 PETRI
1570 382 1884 432 ABAELARDI

1170 475 1361 514 Annuant
1380 476 1486 516 votis
1505 476 1735 531 supplicum
1747 509 1758 529 ,

1176 543 1226 583 Et
1244 542 1338 583 vitae
1357 550 1530 597 poscant
1549 546 1774 599 praemium.

552 658 706 704 Audio
729 668 776 704 te
798 667 959 705 tamen
984 656 1137 704 solere
1159 674 1407 722 opponere
1430 659 1710 707 nobisillud
1732 677 1927 726 quoque
1948 662 2227 726 Hieronymi
2249 663 2452 711 nostri¹:
2477 682 2503 709 «
2517 666 2684 713 Mona·

552 738 694 797 chus,
721 739 759 785 si
783 738 1031 796 ceciderit,
1059 737 1247 801 rogabit
1269 755 1359 803 pro
1384 755 1442 786 eo
1466 741 1688 788 sacerdos
1710 760 1720 787 ε
1748 758 1838 806 pro
1863 742 2123 789 sacerdotis
2145 742 2281 808 lapsu
2303 740 2407 808 quis
2429 754 2682 808 rogaturus

551 819 649 864 est?
668 837 690 862 »
717 818 862 875 Quod
884 828 1012 865 certe
1035 834 1323 882 quacunque
1345 820 1536 867 ratione
1559 820 1759 880 diceres,
1776 822 1816 868 si
1833 822 2103 869 nullatenus
2121 823 2386 871 monachos
2409 824 2680 872 sacerdotes

550 916 651 947 esse
666 900 983 963 contingeret.
1002 902 1163 956 Quum
1180 916 1296 946 vero
1311 900 1426 948 dicit
1445 920 1454 947 ε
1474 922 1497 947 α
1515 902 1780 949 Monachus
1798 912 1869 950 est
1883 903 2105 951 sacerdos
2127 905 2314 969 utique,
2333 905 2491 952 »illud
2515 905 2681 953 distin-

550 979 649 1042 guit
666 979 962 1026 monachum
977 996 1005 1026 a
1016 980 1200 1026 ditione
1222 980 1483 1028 sacerdotis
1500 982 1582 1045 qui
1599 981 1822 1029 sacerdos
1839 999 1940 1028 non
1957 983 2033 1029 sit.
2051 983 2126 1029 Sic
2144 985 2272 1030 enim
2289 1002 2440 1049 quum
2456 985 2676 1044 dicimus,

548 1075 630 1105 rex
653 1069 699 1106 et
722 1059 882 1119 miles;
910 1058 986 1105 vel
1009 1059 1263 1124 episcopus
1285 1069 1331 1106 et
1350 1060 1593 1119 sacerdos,
1615 1060 1688 1107 vel
1713 1061 1935 1108 sacerdos
1955 1071 2001 1108 et
2025 1062 2274 1122 diaconus,
2300 1064 2518 1127 quamvis
2536 1063 2680 1111 etiam

547 1157 681 1203 reges
705 1141 800 1187 sint
823 1140 1014 1199 milites,
1040 1139 1116 1187 vel
1140 1141 1352 1205 episcopi
1375 1141 1671 1201 sacerdotes,
1698 1142 1773 1188 vel
1796 1143 2069 1190 sacerdotes
2093 1143 2308 1203 diaconi3
2340 1144 2542 1192 militem
2569 1161 2680 1192 eum

547 1221 856 1286 intelligimus
871 1259 882 1281 ,
907 1222 990 1286 qui
1011 1238 1096 1267 rex
1117 1238 1218 1268 non
1248 1222 1331 1280 sit,
1358 1231 1405 1268 et
1427 1221 1727 1269 sacerdotem
1751 1223 1834 1287 qui
1856 1239 1957 1270 non
1980 1224 2040 1270 sit
2062 1225 2332 1290 episcopus,
2352 1235 2400 1273 et
2421 1226 2680 1274 diaconum

547 1302 830 1367 simplicem.
863 1302 956 1349 Ubi
979 1303 1124 1349 etiam
1147 1319 1297 1366 quum
1321 1301 1437 1348 dicit
1460 1320 1470 1348 ε
1503 1322 1525 1346 «
1545 1302 1749 1365 Rogabit
1770 1319 1860 1367 pro
1881 1320 1939 1350 eo
1963 1303 2204 1364 sacerdos,
2225 1323 2248 1349 »
2275 1305 2529 1370 specialem
2550 1306 2681 1354 illam

548 1384 741 1432 missam
771 1385 1042 1432 orationem
1075 1383 1313 1447 intelligit,
1340 1400 1445 1448 quae
1467 1384 1664 1449 propria
1686 1394 1757 1431 est
1781 1385 2062 1446 sacerdotis,
2091 1403 2192 1433 non
2212 1403 2316 1451 quae
2339 1386 2535 1434 cuilibet
2549 1387 2679 1451 justo

547 1465 794 1529 competit.
838 1467 996 1521 Quam
1032 1474 1079 1511 et
1113 1463 1360 1529 apostolus
1397 1463 1681 1527 generaliter
1709 1465 2057 1512 commendans
2075 1503 2086 1524 ,
2125 1466 2220 1513 ait²
2247 1484 2257 1513 ε
2288 1485 2312 1511 «
2329 1466 2532 1513 Multum
2557 1466 2680 1514 valet

547 1544 676 1589 enim
713 1543 989 1609 deprecatio
1016 1544 1131 1607 justi
1161 1543 1366 1590 assidua.
1389 1563 1412 1588 »
1451 1546 1561 1601 Quo
1585 1544 1714 1591 enim
1741 1545 1943 1610 quisque
1968 1546 2140 1609 justior
2169 1555 2268 1607 est,
2302 1545 2363 1593 ab
2386 1562 2445 1593 eo
2468 1545 2681 1593 exaudiri

547 1634 780 1684 meretur,
804 1626 887 1690 qui
909 1642 1010 1672 non
1030 1635 1130 1672 tam
1154 1624 1302 1672 verba
1324 1642 1469 1690 quam
1496 1643 1643 1691 opera
1667 1636 1861 1691 pensat,
1888 1643 1977 1673 nec
1999 1636 2099 1674 tam
2126 1626 2340 1690 linguam
2362 1643 2510 1691 quam
2532 1615 2681 1674 vitam

546 1706 836 1754 considerat.
874 1709 1120 1764 Quantum
1151 1717 1312 1754 autem
1335 1706 1396 1754 de
1419 1707 1713 1772 perfectione
1736 1724 1822 1755 sua
1845 1708 1992 1755 vitam
2014 1708 2332 1756 monasticam
2355 1707 2486 1754 idem
2508 1696 2680 1755 doctor

546 1796 714 1833 vestrae
726 1787 963 1852 praeferat,
979 1797 1201 1852 patenter
1218 1788 1430 1835 insinuat
1445 1788 1513 1835 ad
1519 1788 1827 1836 Heliodorum
1844 1789 2141 1838 monachum
2153 1789 2227 1854 his
2244 1788 2458 1836 scribens
2470 1787 2676 1836 verbis':

549 1888 572 1914 «
591 1872 909 1935 Interpretare
927 1870 1221 1918 vocabulum
1245 1871 1496 1931 monachi,
1529 1871 1624 1919 hoc
1653 1882 1723 1919 est
1757 1889 1937 1919 nomen
1972 1882 2127 1919 tuum.
2167 1871 2296 1929 Quid
2323 1871 2436 1918 facis
2465 1871 2514 1917 in
2537 1869 2680 1919 turha

545 1951 628 2014 qui
650 1950 780 1998 solus
808 1952 885 1998 es?
917 1951 1046 2009 Quid
1069 1953 1210 2016 ergo?
1242 1953 1530 2017 Quicunque
1558 1952 1608 1998 in
1637 1953 1828 2000 civitate
1856 1962 1989 2013 sunt,
2017 1952 2264 1999 christiani
2286 1968 2388 1998 non
2416 1951 2554 1998 sunt?
2577 1966 2678 1998 non

545 2041 615 2077 est
630 2031 719 2078 tibi
735 2031 905 2079 eadem
917 2049 1060 2079 causa
1075 2050 1181 2097 quae
1196 2034 1404 2080 caeteris?
1426 2033 1693 2080 Dominum
1711 2034 1923 2081 ausculta
1940 2034 2204 2081 dicentemss
2221 2051 2232 2080 :
2254 2052 2276 2078 «
2295 2033 2343 2079 Si
2355 2033 2427 2080 vis
2443 2031 2680 2098 perfectus

549 2130 571 2154 α
598 2127 717 2170 esse,
744 2111 884 2171 vade,
910 2112 1068 2159 vende
1093 2113 1258 2160 omnia
1281 2130 1386 2178 quae
1407 2113 1557 2160 habes
1580 2124 1627 2160 et
1650 2114 1714 2161 da
1736 2113 2028 2180 pauperihus
2042 2151 2053 2173 ,
2083 2123 2129 2161 et
2152 2114 2280 2173 veni,
2309 2129 2509 2178 sequere
2530 2128 2626 2159 me.
2652 2130 2676 2157 »

544 2194 612 2240 Tu
635 2203 795 2240 autem
817 2195 1085 2259 perfectum
1107 2205 1154 2242 te
1177 2212 1277 2242 esse
1296 2195 1536 2260 pollicitus
1560 2212 1626 2242 es.
1645 2198 1766 2242 Nam
1790 2213 1959 2260 quum,
1981 2194 2211 2243 derelicta
2233 2194 2403 2241 militia
2424 2193 2675 2253 mundiali,

545 2275 760 2320 castrasti
784 2284 828 2320 te
851 2284 1051 2339 propter
1073 2269 1276 2338 regnum
1299 2275 1551 2335 coelorum,
1575 2275 1693 2339 quid
1717 2275 1848 2323 aliud
1870 2291 2018 2340 quam
2040 2275 2301 2340 perfectam
2323 2283 2512 2321 secutus
2536 2288 2586 2320 es
2607 2273 2678 2319 vi-

544 2354 670 2400 tam?
689 2373 711 2398 »
737 2349 796 2400 Et
817 2364 928 2419 post
953 2354 1112 2419 aliqua
1140 2373 1150 2402 :
1179 2355 1335 2414 «Alia,
1357 2374 1380 2400 υ
1419 2356 1592 2420 inquit,
1624 2375 1647 2400 «
1668 2365 1721 2402 ut
1744 2365 1855 2403 ante
1878 2355 2151 2421 perstrinxi,
2178 2353 2405 2401 monachi
2427 2369 2567 2401 causa
2587 2362 2675 2412 est,

544 2434 634 2482 alia
669 2435 984 2483 clericorum:
1009 2455 1033 2481 »
1070 2436 1166 2484 hoc
1198 2447 1291 2496 est,
1317 2437 1462 2501 longe
1492 2437 1554 2484 ab
1586 2438 1794 2485 invicem
1827 2454 1997 2484 eorum
2027 2436 2263 2502 professio
2294 2446 2342 2483 et
2377 2435 2677 2483 conversatio

543 2514 703 2575 distat,
723 2526 769 2563 et
785 2517 1002 2582 ipsorum
1018 2519 1324 2583 propositum
1339 2518 1493 2565 tendit
1513 2517 1575 2565 ad
1589 2518 1795 2579 diversa,
1819 2537 1843 2563 «
1860 2519 1999 2578 sicut,
2019 2536 2043 2560 »
2070 2518 2152 2576 ait,
2185 2536 2208 2562 «
2227 2526 2338 2564 ante
2359 2515 2629 2581 perstrinxi.
2650 2534 2674 2561 »

543 2598 687 2655 Quod
713 2599 909 2664 quidem
933 2600 1018 2647 ubi
1047 2600 1239 2659 faceret,
1267 2601 1497 2665 assignari
1519 2617 1620 2649 non
1646 2610 1823 2666 potest,
1851 2600 1943 2647 nisi
1971 2598 2056 2646 ubi
2078 2598 2424 2664 perfectionem
2446 2597 2679 2644 monasti-

542 2696 649 2727 cam
673 2698 700 2729 a
722 2682 818 2729 vita
848 2681 1061 2729 fidelium
1095 2682 1143 2728 in
1178 2683 1368 2730 civitate
1400 2683 1809 2730 commorantium
1836 2681 2074 2740 distinxit,
2109 2680 2306 2728 dicens:
2337 2679 2506 2737 «Quid
2537 2678 2678 2742 ergo?

542 2761 828 2826 Quicunque
838 2763 893 2808 'in
904 2763 1094 2810 civitate
1111 2762 1212 2810 non
1227 2774 1356 2823 sunt,
1374 2764 1621 2811 christiani
1644 2765 1782 2811 sunt?
1794 2782 1817 2808 υ
1845 2763 1938 2821 Qui
1963 2763 2107 2810 etiam
2124 2761 2191 2808 ad
2204 2761 2464 2808 Paulinum
2478 2759 2677 2826 presby-

541 2850 697 2888 terum
717 2842 858 2888 simul
874 2852 921 2889 et
944 2843 1240 2890 monachum
1263 2844 1501 2902 scribens,
1528 2844 1728 2890 clericos
1750 2843 1901 2907 magis
1917 2843 2042 2889 inter
2058 2842 2282 2889 homines
2295 2839 2570 2888 conversari
2591 2838 2676 2886 de-

540 2920 678 2980 bere,
705 2938 852 2986 quam
875 2923 1152 2970 monasticae
1181 2923 1454 2970 solitudinis
1479 2923 1828 2988 perfectionem
1856 2933 2022 2970 tenere
2048 2931 2268 2990 patenter
2291 2921 2365 2967 his
2389 2919 2548 2968 verbis
2567 2919 2678 2966 insi·

541 3005 680 3049 nuat¹⁵
701 3021 710 3049 :
739 3022 761 3047 «
781 3004 904 3060 Quia
927 3004 1085 3066 igitur,
1109 3003 1271 3062 frater,
1296 3021 1373 3050 me
1399 3004 1682 3067 interrogas,
1705 3020 1793 3068 per
1817 3019 1965 3067 quam
1990 3003 2120 3050 viam
2136 3001 2361 3049 incedere
2385 3000 2579 3058 debeas,
2599 3015 2674 3046 re-

540 3081 694 3129 velata
714 3092 875 3129 tecum
900 3083 1019 3130 facie
1041 3083 1229 3147 loquar.
1264 3085 1311 3130 Si
1336 3083 1551 3130 officium
1575 3084 1646 3130 vis
1675 3099 1894 3130 exercere
1925 3082 2216 3147 presbyteri,
2241 3081 2280 3128 si
2303 3081 2604 3146 episcopatus
2628 3087 2675 3124 te

539 3159 614 3207 vel
637 3177 759 3225 opus
781 3160 856 3208 vel
877 3161 1039 3208 honor
1061 3161 1185 3209 forte
1219 3162 1447 3221 delectat,
1474 3163 1582 3209 vive
1603 3162 1653 3209 in
1678 3161 1880 3209 urbibus
1909 3171 1957 3209 et
1986 3160 2214 3220 castelliS,
2248 3170 2296 3207 et
2319 3159 2524 3206 aliorum
2546 3156 2673 3204 salu-

539 3249 636 3287 tem
661 3241 734 3288 sac
760 3241 948 3289 lucrum
972 3243 1142 3290 animae
1163 3252 1272 3290 tuae.
1299 3243 1381 3290 Sin
1415 3253 1577 3290 autem
1609 3243 1745 3308 cupis
1775 3259 1877 3290 esse
1905 3241 2040 3308 quod
2074 3241 2271 3300 diceris,
2300 3237 2591 3298 monachus,
2623 3237 2672 3284 id

586 3427 596 3444 ¹
626 3429 721 3470 opp„
744 3437 767 3462 t.
795 3429 850 3469 Ν,
871 3437 956 3473 part.
984 3431 1032 3471 11,
1050 3431 1114 3464 col.
1137 3434 1169 3463 11
1203 3449 1247 3455 -
1261 3430 1274 3448 ’
1294 3431 1422 3471 Jacob„
1440 3442 1514 3475 cap.
1537 3442 1576 3469 v,
1636 3441 1711 3474 cap.
1731 3442 1807 3471 xix,
1826 3442 1856 3464 v.
1875 3433 1930 3465 21.
1948 3448 1991 3455 -
2009 3430 2140 3474 'Epish
2168 3439 2244 3463 xux
2260 3452 2270 3470 ‚
2299 3429 2380 3469 Opp.
2400 3432 2424 3460 t.
2442 3425 2498 3466 lv,
2520 3431 2604 3469 part.
2621 3426 2671 3467 ll,

543 3495 572 3517 v.
589 3486 702 3518 16.-³
714 3486 818 3530 Epist.
830 3498 863 3528 v,
881 3488 976 3529 Opp.,
994 3495 1018 3521 t.
1037 3488 1091 3529 lV,
1105 3495 1190 3532 part.
1208 3489 1252 3529 ll,
1264 3489 1328 3522 ool.
1345 3487 1440 3522 9.-·⁴
1450 3488 1579 3529 Matth„
1636 3488 1701 3521 col.
1717 3489 1793 3521 565.
