2970 4152
500 426 595 475 332

594 519 695 554 Deus
711 526 815 567 pater
830 526 976 554 tantum
989 517 1080 563 Dei,

595 579 714 628 Virgo
732 586 850 615 mater
865 578 928 615 sed
943 584 982 613 et
997 577 1076 613 Dei.

595 641 636 675 In
654 647 728 676 tam
747 652 836 676 nova
853 639 1014 686 ligatura

592 700 652 736 Sic
670 707 826 749 utraque
845 705 917 734 stat
932 705 1084 742 natura,

592 761 645 796 Ut
662 766 851 797 conservet
869 756 1055 808 quidquid
1072 764 1170 802 erat,

592 823 699 858 Facta
715 819 894 870 quiddam
910 817 1012 868 quod
1029 829 1104 853 uon
1119 824 1209 853 erat.

590 882 724 917 Noster
743 881 811 917 iste
830 878 1026 924 mediator,

588 942 663 978 Iste
681 947 807 978 noster
822 939 1025 989 legislator,

586 1003 838 1039 Circumcisus
849 1029 859 1047 ‚
878 1000 1108 1049 baptizatus,
1150 1010 1154 1014 ·
1192 990 1206 1003 ”

551 1071 555 1074 “
587 1062 795 1099 Crucifixus
806 1089 815 1107 ,
835 1060 1042 1098 tumulatus
1052 1088 1063 1106 ,

587 1122 829 1160 Ohdormivit
843 1129 880 1158 et
897 1119 1090 1158 descendit
1102 1149 1112 1165 ‚

586 1184 805 1220 Resurrexit
822 1190 859 1220 et
874 1181 1054 1219 ascendit.

587 1247 648 1284 Sic
667 1260 708 1283 ac
722 1246 833 1283 coelos
849 1245 1011 1282 elevatus

583 1309 604 1343 J
607 1307 774 1343 udicabit
785 1305 988 1354 judicatus.

585 1367 789 1404 Paraclitus
805 1368 991 1403 increatus
1000 1394 1010 1411 ‚

583 1429 715 1478 Neque
730 1428 865 1471 factus,
885 1439 1007 1476 neque
1023 1432 1130 1462 natus
1140 1453 1150 1470 ,

583 1489 687 1526 Patri
705 1500 856 1538 consors
873 1487 1074 1536 genitoque
1085 1513 1101 1528 ,»

583 1551 644 1586 Sic
663 1549 831 1598 procedit
848 1547 894 1584 ab
911 1554 1071 1596 utroque
1083 1574 1093 1591 ‚

583 1610 639 1646 Ne
656 1610 703 1645 sit
724 1609 847 1644 minor
865 1614 1044 1656 potestate
1055 1634 1066 1649 ‚

585 1669 656 1707 Vel
672 1669 855 1705 discretus
872 1667 1064 1716 qualitate.

582 1730 725 1777 Quanti
743 1729 815 1775 illi,
836 1735 960 1765 tantus
977 1729 1065 1771 iste,

582 1790 719 1837 Quales
736 1789 812 1834 illi,
832 1788 915 1826 talis
932 1789 1015 1826 iste.

582 1851 635 1886 Ex
654 1862 729 1899 quo
745 1849 822 1897 illi,
837 1862 880 1885 ex
899 1856 989 1885 tunc
1007 1849 1099 1894 iste,

581 1912 775 1958 Quantum
793 1910 870 1955 illi,
889 1917 1036 1946 tantum
1055 1909 1143 1944 iste,

579 1973 690 2008 Pater
704 1971 809 2016 alter,
828 1969 892 2006 sed
908 1969 1097 2019 gignendo
1111 1996 1126 2012 ‚

580 2033 699 2069 Natus
715 2031 819 2075 alter,
838 2029 901 2066 sed
917 2029 1100 2067 nascendo
1114 2045 1124 2074 ;

580 2093 732 2129 Flamen
750 2091 796 2127 ab
813 2091 872 2127 his
889 2089 1125 2139 procedendo
1139 2118 1150 2134 ‚

580 2154 674 2189 Tres
690 2158 778 2188 sunt
793 2163 911 2187 unum
927 2149 1178 2187 subsistendo.

580 2215 749 2262 Quisque
763 2212 881 2248 trium
900 2211 1031 2260 plenus
1047 2211 1146 2246 Deus
1157 2237 1167 2251 ,

578 2273 663 2310 Non
680 2280 754 2308 tres
771 2278 858 2307 sunt
876 2271 963 2316 Dii,
981 2269 1046 2306 sed
1062 2270 1173 2306 Deus.

578 2334 624 2369 In
639 2334 711 2369 hoc
725 2333 804 2368 Deo
814 2360 824 2377 ‚
841 2331 920 2367 Deo
936 2342 1021 2367 vero
1031 2358 1041 2375 ‚

579 2395 673 2430 Tres
688 2400 726 2429 et
743 2404 861 2428 unum
878 2403 1043 2427 assevero
1054 2418 1070 2435 r

578 2455 676 2491 Dans
694 2454 781 2489 usiae
798 2453 982 2488 unitatem

578 2515 626 2550 Et
645 2513 813 2562 personis
830 2511 1056 2548 trinitatem.

582 2575 626 2611 In
643 2574 810 2623 personis
828 2571 927 2608 nulla
948 2572 1064 2620 prior,

581 2635 690 2671 Nulla
710 2634 841 2682 major,
862 2631 962 2668 nulla
979 2633 1116 2668 minor.

581 2695 821 2744 Unaquaeque
838 2704 983 2741 semper
999 2693 1079 2740 ipsa

581 2758 642 2795 Sic
660 2764 716 2793 est
731 2762 904 2792 constans
919 2761 1030 2800 atque
1048 2754 1115 2790 fixa
1129 2781 1141 2800 ‚

583 2819 635 2855 Ut
651 2831 719 2854 nec
736 2817 814 2865 ipsa
829 2815 1005 2858 varietur,

582 2879 659 2915 Nec
675 2879 713 2914 in
731 2876 850 2912 ullum
866 2881 1152 2911 transmutetur.

581 2940 666 2975 Haec
685 2945 740 2974 est
756 2936 846 2972 fides
865 2934 1070 2971 orthodoxa
1086 2963 1095 2978 ‚

582 3000 667 3036 Non
682 2999 746 3034 hic
760 3008 866 3033 error
882 2995 956 3031 sive
973 3006 1079 3031 noxa.

582 3061 687 3097 Sicut
702 3058 786 3094 dico
799 3086 808 3102 ‚
831 3057 883 3092 sic
900 3063 938 3093 et
953 3054 1066 3092 credo
1080 3083 1091 3100 ‚

583 3120 661 3155 Nec
676 3119 715 3154 iu
731 3129 880 3166 pravam
896 3123 1040 3165 partem
1058 3114 1173 3157 cedo;

582 3178 675 3215 lnde
693 3178 793 3213 venit
811 3177 930 3213 bonus
945 3176 1046 3213 Deus
1056 3203 1068 3220 ,

583 3240 639 3275 Ne
655 3238 826 3285 desperes
843 3238 1008 3285 quamvis
1028 3248 1125 3272 reus.

582 3299 683 3335 Reus
702 3297 832 3332 mortis
849 3309 924 3332 non
942 3296 1118 3346 despero,

583 3358 657 3396 Sed
673 3358 711 3392 in
728 3363 848 3392 morte
865 3357 977 3392 vitam
996 3369 1134 3405 quaerO.

583 3420 670 3466 Quo
687 3424 723 3453 te
741 3416 883 3464 placem
899 3416 953 3452 nil
970 3417 1158 3464 praetendo
1169 3446 1179 3461 ‚

582 3479 663 3516 Nisi
679 3476 790 3513 fidem
807 3489 919 3526 quam
936 3475 1096 3513 defendo

582 3538 713 3576 Fidem
730 3536 832 3573 vides
843 3564 853 3582 ‚
875 3536 973 3573 hanc
989 3536 1147 3586 imploro
1161 3565 1170 3581 ‚

1302 423 1472 471 PETm
1508 415 1820 478 ABAELARm

1681 522 1774 558 Leva
1789 522 1923 559 fascem
1940 534 2016 571 quo
2031 521 2173 557 laboro,

1680 582 1752 618 Per
1771 583 1843 619 hoc
1862 594 2006 618 sacrum
2023 580 2240 629 cataplasma

1679 632 1918 680 convalescat
1933 654 2072 690 aegrum
2091 641 2249 690 plasma,

1681 703 1792 739 Extra
1808 710 1955 752 portam
1968 702 2045 750 jam
2060 701 2226 738 delatum
2239 729 2249 742 ,

1678 765 1700 800 J
1702 776 1760 799 am
1778 764 1969 800 foetentem
1984 761 2224 799 tumulatum.

1682 824 1785 861 Vitta
1802 824 1892 872 ligat
1903 852 1913 869 ,
1930 823 2024 872 lapis
2039 830 2149 872 urget
2161 851 2170 868 ‚

1680 883 1755 920 Sed
1771 884 1801 919 si
1813 884 1923 931 jubes
1940 884 2003 920 hic
2022 890 2206 931 resurget,

1678 943 1796 979 Jube:
1816 943 1909 991 lapis
1924 943 2133 980 revolvetur
2148 958 2157 987 ;

1678 1001 1774 1039 Jube
1794 1019 1800 1038 :
1822 1003 1912 1039 vitta
1931 1002 2188 1051 dirumpetur3

1678 1062 1856 1099 Exiturus
1874 1062 1991 1099 nescit
2010 1074 2150 1107 moras,

1678 1122 1880 1172 Postquam
1896 1123 2030 1160 clamas
2045 1139 2051 1159 ε
2070 1123 2136 1160 Exi
2151 1123 2261 1159 foras.

1632 1197 1639 1200 ·
1677 1183 1723 1218 In
1739 1183 1812 1220 hoc
1829 1184 1903 1220 salo
1922 1197 2004 1220 mea
2018 1184 2108 1220 ratis

1677 1243 1880 1280 Infestatur
1895 1258 1914 1280 a
1931 1245 2075 1294 piratis.

1675 1304 1775 1340 Hinc
1791 1305 1950 1341 assultus
1963 1333 1973 1349 ,
1995 1304 2083 1341 inde
2100 1304 2255 1347 fluctus,

1675 1363 1776 1401 Hinc
1791 1372 1829 1401 et
1844 1363 1932 1402 inde
1950 1377 2050 1402 mors
2071 1372 2110 1402 et
2125 1364 2259 1401 luctus.

1648 1437 1652 1443 ·
1676 1424 1749 1461 Sed
1764 1431 1825 1470 tu,
1845 1425 1941 1462 bone
1956 1433 2081 1472 nauta,
2102 1426 2208 1470 veni,

1674 1486 1810 1522 Preme
1826 1493 1975 1532 ventos,
1994 1498 2096 1522 mare
2110 1486 2208 1530 leni,

1675 1546 1749 1581 Fac
1765 1546 1964 1582 abscedant
1978 1546 2020 1581 hi
2039 1546 2181 1595 piratae,

1675 1606 1757 1642 Duc
1773 1606 1820 1642 ad
1835 1613 1988 1654 portum
2007 1605 2103 1642 salva
2119 1611 2211 1641 rate.

1675 1666 1894 1702 Infoecunda
1911 1679 1991 1703 mea
2008 1666 2118 1710 ficus,

1675 1727 1794 1774 Cujus
1813 1739 1938 1763 ramus
1955 1739 2079 1764 ramus
2096 1727 2234 1770 siccus,

1675 1787 1883 1835 Incidetur,
1901 1788 2138 1834 incendetur,

1673 1848 1712 1885 Si
1732 1848 1946 1897 promulgas
1961 1848 2066 1898 quod
2084 1855 2264 1885 meretur.

1675 1908 1748 1945 Sed
1764 1909 1837 1945 hoc
1853 1921 1951 1946 anno
1966 1909 2195 1953 dimittatur,

1674 1969 1923 2016 &erem-etur,
1942 1970 2120 2006 fodiatur.

1674 2029 1787 2075 Quod
1803 2030 1832 2066 si
1849 2029 2010 2066 necdum
2028 2029 2289 2078 respondebit,

1672 2089 1782 2126 Flens
1797 2089 1870 2126 hoc
1884 2090 2031 2139 loquar,
2049 2097 2141 2127 tunc
2156 2090 2315 2127 ardebit·

1673 2149 1794 2186 Vetus
1811 2150 1930 2187 hostis
1944 2151 1984 2186 in
2002 2163 2062 2187 me
2080 2151 2193 2195 furit,

1672 2210 1792 2259 Aquis
1807 2217 1963 2256 mersat,
1981 2210 2141 2247 flammis
2156 2210 2245 2246 urit.

1673 2269 1767 2305 Inde
1781 2269 1963 2319 languens
1978 2277 2016 2306 et
2032 2269 2208 2314 afflictus,

1674 2329 1762 2365 Tibi
1779 2329 1845 2365 soli
1863 2342 1946 2366 sum
1963 2330 2128 2373 relictus.

1673 2389 1726 2426 Ut
1744 2390 1808 2426 hic
1823 2390 1943 2426 hostis
1958 2397 2148 2427 evanescat
2161 2418 2171 2435 ,

1675 2450 1728 2486 Ut
1744 2450 1927 2496 infirmus·
1935 2449 2164 2487 convalescat
2172 2477 2182 2495 ,

1675 2510 1736 2546 Tu
1754 2511 1932 2548 virtutem
1944 2510 2142 2558 jejunandi

1674 2571 1747 2607 Des
1762 2571 1912 2607 infirmo
1925 2599 1935 2615 ‚
1956 2570 2020 2607 des
2039 2571 2186 2608 orandi.

1673 2631 1746 2668 Per
1761 2631 1839 2668 haec
1858 2631 1954 2679 duo,
1974 2631 2129 2668 Christo
2145 2638 2238 2668 teste
2250 2660 2261 2676 ‚

1674 2693 1878 2730 Liberabor
1892 2693 1939 2729 ab
1954 2692 2026 2729 hac
2044 2699 2161 2741 peste.

1672 2754 1733 2790 Ab
1750 2754 1821 2790 hac
1836 2761 1939 2803 peste
1957 2753 2054 2790 solve
2072 2759 2234 2797 mentem
2248 2780 2260 2796 ‚

1673 2814 1746 2850 Fac
1763 2813 1942 2850 devotum
1961 2814 2218 2863 poenitentem.

1675 2874 1728 2910 Da
1746 2874 1921 2910 timorem
1937 2902 1946 2919 ,
1966 2886 2043 2924 quo
2064 2872 2232 2923 projecto

1674 2934 1728 2970 De
1744 2934 1861 2971 salute
1876 2934 1930 2971 nil
1945 2934 2127 2982 conjecto.

1671 2994 1727 3031 Da
1744 3007 1866 3043 spem,
1886 2994 1999 3031 fldem
2011 3023 2020 3039 ‚
2040 2994 2255 3038 caritatem,

1673 3054 1728 3091 Da
1746 3056 1945 3091 discretam
1960 3056 2060 3104 pieta
2077 3062 2144 3101 tm,

1672 3113 1727 3150 Da
1744 3122 2002 3164 contemptum
2017 3122 2254 3152 terrenorum
2267 3141 2277 3158 ‚

1672 3176 1893 3224 Appetitum
1910 3186 2171 3224 supernorum.

1672 3236 1831 3281 Totum,
1849 3235 1970 3280 Deus,
1989 3235 2029 3271 in
2044 3241 2083 3271 te
2097 3246 2229 3283 spero,

1671 3296 1771 3333 Deus
1781 3324 1790 3341 ,
1809 3308 1853 3332 ex
1868 3302 1905 3332 te
1920 3301 2045 3331 totum
2061 3306 2198 3344 quaero.

1672 3356 1734 3392 Tu
1750 3355 1830 3392 laus
1849 3367 1930 3392 mea
1943 3383 1952 3400 ,
1974 3367 2102 3391 meum
2117 3355 2260 3392 bonum
2273 3383 2284 3399 ‚

1671 3417 1753 3452 Mea
1770 3422 1903 3451 cuncta
1919 3422 2029 3451 tuum
2047 3413 2203 3450 donum.

1671 3476 1732 3512 Tu
1749 3474 1912 3525 solamen
1928 3475 1969 3511 iu
1986 3473 2131 3519 labore,

1670 3527 1902 3590 Medicamen
1922 3534 2128 3582 in.dolore‚
