2970 4152
554 348 649 397 642
1353 349 1523 397 PETRI
1560 352 1869 402 ABAELARDI

552 454 667 490 tunc
703 443 922 492 videlicet
958 442 1100 489 rebus
1130 443 1244 508 ipsis
1280 444 1382 508 jam
1409 445 1475 492 ita
1511 449 1807 513 praeparatis,
1839 458 1893 495 ut
1929 448 1989 495 ad
2030 447 2250 512 quaelibet
2286 446 2387 496 sine
2424 447 2664 497 miraculis

552 523 768 570 facienda
798 523 878 569 illa
905 538 1075 569 eorum
1107 523 1385 571 constitutio
1422 524 1498 572 vel
1530 528 1815 592 praeparatio
1852 526 2106 574 sufficeret.
2145 527 2283 575 Unde
2323 527 2403 575 illa
2434 545 2538 591 quae
2577 544 2662 593 per

551 602 778 649 miracula
801 601 923 648 fiunt
947 602 1095 666 magis
1117 612 1287 650 contra
1314 603 1389 650 vel
1417 621 1562 670 supra
1592 617 1813 654 naturam
1844 623 1991 670 quam
2020 607 2286 654 secundum
2314 616 2533 655 naturam
2560 606 2662 656 fieri

550 682 769 740 fatemur,
802 700 951 747 quum
985 683 1047 731 ad
1080 683 1198 730 illud
1230 684 1408 732 scilicet
1442 685 1716 735 faciendum
1749 704 2054 753 nequaquam
2082 687 2162 735 illa
2191 704 2352 735 rerum
2379 688 2662 752 praeparatio

547 762 679 825 prior
707 762 923 809 sufficere
963 763 1136 827 possit,
1170 764 1260 810 nisi
1294 765 1556 828 quamdam
1583 768 1683 814 vim
1713 784 1892 814 novam
1923 767 2067 814 rebus
2094 768 2208 832 ipsis
2238 770 2366 814 Deus
2397 766 2659 827 conferret,

546 844 667 889 sicut
691 853 737 890 et
759 843 808 889 in
834 843 922 890 illis
945 860 1024 890 sex
1044 843 1211 892 diebus
1235 844 1437 894 faciebat
1451 884 1462 906 ,
1488 847 1571 894 ubi
1599 848 1700 896 sola
1723 849 1822 912 ejus
1845 848 2068 896 voluntas
2089 849 2187 895 vim
2212 858 2392 896 naturae
2413 847 2663 896 obtinebat

546 924 593 970 in
615 925 810 989 singulis
828 925 1105 973 efficiendis.
1126 928 1242 983 Quae
1264 927 1461 992 quidem
1483 929 1521 975 si
1544 946 1673 976 nunc
1695 946 1907 994 quoque,
1927 930 2049 976 sicut
2070 939 2203 988 tunc,
2228 929 2426 988 faceret,
2445 929 2661 994 profecto

545 1015 713 1051 contra
736 1015 957 1052 naturam
979 1005 1079 1052 haec
1101 1005 1204 1053 fieri
1230 1006 1514 1055 diceremus.
1541 1008 1699 1056 Veluti
1727 1009 1765 1055 si
1793 1019 1920 1057 terra
1951 1019 2125 1073 sponte
2159 1025 2244 1056 sua
2270 1009 2375 1075 sine
2406 1009 2661 1057 seminario

543 1085 704 1149 aliquo
727 1085 913 1150 plantas
941 1086 1251 1151 produceret,
1278 1087 1354 1134 vel
1382 1087 1557 1135 bestias
1580 1106 1636 1135 ex
1659 1106 1709 1136 se
1737 1089 1811 1136 vel
1841 1105 1965 1154 aqua
1992 1089 2210 1136 volucres
2238 1089 2481 1136 formaret.
2516 1092 2663 1138 Natu-

543 1181 645 1212 ram
668 1167 829 1230 itaque
851 1167 1053 1214 dicimus
1074 1168 1173 1214 vim
1196 1184 1357 1214 rerum
1381 1185 1436 1215 ex
1459 1169 1539 1216 illa
1566 1170 1722 1234 prima
1743 1169 2091 1234 praeparatione
2119 1169 2210 1216 illis
2233 1169 2456 1216 collatam
2485 1169 2547 1216 ad
2576 1169 2662 1217 ali-

541 1245 657 1309 quid
679 1246 792 1293 inde
815 1246 1135 1306 nascendum,
1157 1247 1253 1294 hoc
1274 1257 1345 1295 est
1366 1247 1673 1295 efficiendum
1695 1248 2027 1296 sufficientem.
2056 1251 2206 1295 Nemo
2229 1265 2342 1312 ergo
2365 1258 2544 1312 quaerat
2567 1264 2663 1313 qua

540 1335 711 1372 natura
733 1325 834 1373 illas
856 1326 1124 1391 superiores
1147 1343 1294 1391 aquas
1323 1344 1466 1392 super
1494 1328 1656 1391 ignem
1688 1329 1971 1375 constitutas
1998 1327 2215 1375 duruerit
2249 1328 2298 1374 in
2332 1327 2558 1391 glaciem,
2587 1328 2662 1393 vel

539 1421 617 1451 eas
640 1406 784 1452 etiam
814 1423 1003 1453 sursum
1020 1405 1263 1466 extulerit,
1298 1424 1450 1472 quum
1480 1418 1597 1454 tunc
1629 1408 1732 1456 sola
1759 1408 1860 1472 ejus
1883 1408 2131 1467 voluntas,
2163 1418 2218 1455 ut
2239 1407 2421 1455 dictum
2443 1417 2536 1466 est,
2562 1408 2662 1455 vim

537 1495 718 1532 naturae
742 1486 1004 1533 obtinuerit
1033 1506 1043 1534 :
1066 1504 1214 1551 quam
1242 1498 1289 1534 et
1320 1488 1452 1535 Plato
1485 1488 1535 1534 in
1564 1488 1707 1535 rebus
1737 1488 1999 1536 efficiendis
2028 1489 2127 1535 sive
2158 1487 2499 1535 conservandis
2526 1488 2660 1535 omni

537 1575 705 1616 natura
728 1582 894 1612 earum
916 1566 1197 1614 validiorem
1220 1584 1321 1614 esse
1343 1567 1611 1632 profitetur,
1641 1567 1764 1615 ubi..
1777 1604 1809 1614 ..
1830 1570 1986 1614 Deum
2007 1568 2057 1614 in
2086 1569 2257 1614 Timaeo
2272 1583 2360 1615 suo
2382 1566 2660 1630 loquentem

536 1645 597 1692 ad
618 1646 829 1693 sidereos
851 1650 978 1694 Deos
1005 1647 1292 1706 introducit,
1325 1664 1476 1711 quum
1499 1647 1565 1694 ait
1590 1666 1601 1695 ε
1632 1667 1656 1692 «
1675 1647 1973 1696 Immortales
1996 1648 2195 1713 quidem
2216 1663 2545 1712 nequaquam,
2571 1663 2663 1695 nec

535 1728 736 1775 omnino
759 1728 1112 1776 indissolubiles
1126 1767 1137 1788 ,
1171 1745 1264 1776 nec·
1284 1739 1448 1776 tamen
1470 1746 1688 1794 unquam
1710 1729 2067 1788 dissolvemini,
2099 1746 2189 1776 nec
2212 1729 2381 1777 mortis
2403 1728 2658 1779 necessita·

533 1819 631 1855 tem
653 1808 895 1868 subibitis,
924 1811 1037 1874 quia
1064 1809 1288 1857 voluntas
1318 1827 1425 1857 mea
1452 1810 1608 1874 major
1636 1821 1706 1858 est
1732 1827 1881 1858 nexus
1915 1821 1962 1858 et
1995 1810 2258 1874 vegetatior
2293 1809 2355 1856 ad
2388 1809 2662 1861 aeternitatis·

532 1889 800 1937 custodiam
818 1927 831 1949 ,
868 1907 1015 1954 quam
1049 1891 1116 1937 illi
1151 1907 1300 1938 nexus
1333 1891 1499 1938 vitales
1534 1908 1591 1938 ex
1627 1891 1802 1955 quibus
1835 1891 2071 1938 aeternitas
2105 1900 2261 1937 vestra
2294 1900 2662 1953 coaugmentata

533 1980 675 2034 atque
694 1971 962 2035 composita
984 1980 1110 2017 est.»
1135 1974 1295 2017 Potest
1317 1981 1364 2017 et
1386 1970 1597 2017 fortassis
1617 1970 1932 2034 probabiliter
1948 1970 2065 2029 dici,
2086 1969 2219 2035 quod
2241 1970 2342 2034 ipse
2363 1980 2558 2029 ventus,
2576 1970 2661 2034 qui

533 2066 611 2096 eas
640 2066 828 2095 sursum
850 2049 1126 2113 projecerit,
1153 2049 1408 2112 frigiditate
1430 2049 1504 2095 sui
1532 2049 1673 2096 flatus
1702 2065 1810 2096 eam
1837 2050 1887 2096 in
1917 2049 2116 2113 glaciem
2145 2048 2471 2107 adstrinxerit,
2507 2058 2561 2096 ut
2593 2049 2660 2097 ita

531 2128 743 2175 secunda
771 2129 848 2175 die
877 2128 1234 2175 firmamentum
1262 2127 1419 2187 fieret3
1459 2128 1526 2175 eis
1556 2127 1780 2175 videlicet
1808 2138 1924 2175 tunc
1954 2129 2021 2175 ita
2055 2127 2292 2186 solidatis,
2320 2144 2426 2191 quae
2451 2127 2518 2174 ibi
2546 2138 2658 2177 ante

532 2208 721 2254 fuerant
743 2224 887 2272 quam
911 2209 977 2255 sic
1003 2207 1342 2255 solidarentur.
1368 2207 1515 2266 Quod
1544 2208 1674 2254 enim
1701 2207 1768 2255 ibi
1791 2209 1894 2272 jam
1916 2217 2073 2255 essent
2097 2217 2356 2272 antequam
2385 2207 2452 2254 sie
2479 2206 2655 2254 solida-

531 2300 713 2348 rentur,
740 2289 989 2337 manifeste
1003 2327 1014 2348 ,
1036 2299 1091 2336 ut
1111 2305 1256 2353 supra
1277 2289 1584 2336 meminimus
1598 2326 1609 2348 ,
1626 2289 1912 2349 insinuatur,
1929 2288 2276 2354 quumdicitur
2301 2307 2324 2332 «
2345 2304 2451 2352 quae
2471 2296 2609 2354 erant
2626 2306 2653 2330 n

530 2371 688 2434 potius
712 2387 857 2434 quam
897 2389 920 2414 «
939 2386 1044 2433 quae
1066 2380 1194 2416 sunt.
1218 2389 1242 2414 υ
1267 2369 1558 2417 Hebraicum
1580 2380 1765 2430 tamen,
1797 2380 1851 2417 ut
1873 2371 1975 2434 jam
2001 2386 2196 2435 quoque
2219 2369 2401 2416 dictum
2429 2379 2522 2428 est,
2554 2385 2655 2417 non

529 2450 675 2497 habet
701 2469 724 2495 «
745 2460 904 2509 erant,
929 2469 951 2494 »
979 2466 1076 2514 quo
1100 2450 1259 2497 minus
1276 2449 1454 2497 habeat
1475 2450 1767 2514 quaestionis.

598 2549 621 2574 «
641 2533 699 2576 Et
717 2530 895 2576 factum
915 2539 986 2576 est
1004 2530 1085 2576 ita.
1108 2548 1131 2573 »
1157 2532 1261 2576 Hoc
1284 2539 1355 2576 est
1368 2566 1379 2588 ,
1405 2528 1595 2576 firmata
1616 2539 1687 2576 est
1705 2530 1755 2576 in
1779 2538 2067 2594 perpetuum
2085 2528 2189 2575 haec
2204 2542 2437 2592 aquarum
2456 2527 2626 2578 divisio
2639 2565 2652 2587 ,

531 2621 581 2657 ut
603 2608 855 2674 nunquam
876 2610 1074 2657 ulterius
1095 2609 1184 2656 illae
1205 2610 1476 2675 superiores
1508 2626 1643 2674 aquae
1674 2609 1736 2657 ad
1765 2610 1878 2657 istas
1907 2609 2155 2656 inferiores
2188 2608 2479 2657 relabantur.
2510 2607 2654 2665 Quod

524 2692 722 2755 quidem
758 2691 869 2738 ideo
905 2691 1000 2737 dici
1035 2690 1259 2748 arbitror,
1294 2707 1355 2737 ne
1380 2691 1486 2755 quis
1517 2700 1708 2755 putaret
1735 2708 1791 2737 ex
1815 2690 1906 2737 illis
1928 2689 2256 2755 superioribus
2277 2690 2412 2754 aquis·
2439 2688 2652 2753 pluviam

525 2772 720 2833 stillare,
747 2783 795 2820 et
816 2772 975 2819 adhue
997 2771 1099 2819 illas
1121 2772 1338 2837 superius
1366 2788 1620 2837 suspensas
1643 2772 1811 2831 fuisse,
1840 2772 1962 2819 sicut
1983 2781 2031 2818 et
2053 2770 2288 2836 Jo‘sephus
2310 2771 2534 2836 opinatus
2556 2778 2648 2827 est,

528 2863 580 2898 ut
603 2869 744 2917 supra
770 2852 1116 2898 meminimus*

593 2952 615 2976 «
638 2932 950 2995 Vocavitque.
975 2950 997 2975 υ
1024 2931 1078 2978 Id
1101 2940 1194 2989 est,
1222 2929 1334 2976 fecit
1362 2947 1449 2995 per
1470 2930 1565 2978 hoc
1593 2931 1723 2978 unde
1752 2931 1910 2996 ipsum
1941 2931 2299 2979 firmamentum
2331 2928 2649 2995 appellaretur
2683 2972 2686 2975 ,

525 3013 838 3077 postmodum
860 3029 889 3059 a
910 3012 1051 3059 nobis
1074 3011 1272 3071 coelum,
1298 3028 1449 3075 quum
1477 3011 1698 3059 videlicet
1726 3022 1825 3059 tam
1853 3028 2047 3060 aereum
2082 3028 2229 3076 quam
2262 3010 2521 3058 aethereum
2557 3026 2650 3056 coe*

524 3094 624 3139 lum
646 3111 776 3140 nunc
804 3093 1019 3140 dicamus
1046 3093 1182 3156 quasi
1205 3092 1475 3156 superiores
1497 3092 1668 3139 mundi
1698 3101 1857 3157 partes
1879 3087 2242 3157 comparatione
2264 3100 2438 3137 nostrae
2463 3089 2650 3137 habita-

523 3174 683 3219 tioniS.
711 3176 872 3230 Quum
892 3182 1052 3220 autem
1074 3173 1123 3219 in
1147 3172 1383 3220 Hebraico
1404 3189 1495 3237 pro
1515 3172 1636 3219 coelo
1659 3192 1682 3217 α
1703 3173 1912 3220 Samaim
1933 3191 1956 3218 »
1976 3172 2227 3230 habeatur,
2250 3170 2383 3233 quod
2406 3187 2463 3217 ex
2484 3169 2642 3234 aquis,

523 3263 575 3300 ut
597 3253 779 3299 dictum
801 3263 899 3311 est,
925 3252 1216 3300 vocabulum
1250 3252 1421 3313 trahit,
1453 3263 1581 3299 recte
1614 3272 1636 3296 «
1657 3253 1866 3300 Samaim
1885 3272 1908 3297 »
1941 3253 2036 3300 dici
2063 3252 2253 3300 videtur
2286 3268 2375 3317 pro
2410 3250 2646 3298 divisione

527 3349 759 3397 aquarum
783 3332 859 3380 vel
880 3334 1193 3398 suspensione
1213 3343 1260 3381 et
1281 3333 1650 3381 confirmatione
1673 3333 1860 3382 illarum
1882 3334 2202 3399 superiorum.

591 3434 613 3456 (ι
635 3416 694 3459 Et
711 3413 887 3459 factum
907 3422 977 3460 est
992 3429 1205 3477 vespere.
1232 3432 1256 3457 »
1282 3414 1413 3460 Sicut
1433 3414 1651 3479 superius
1669 3430 1919 3479 vesperam
1937 3423 1984 3462 et
2002 3430 2145 3462 mane
2163 3421 2452 3477 conceptum
2471 3409 2643 3458 divinae
