2970 4152
529 422 623 470 338
1333 416 1501 464 PETRI
1536 414 1846 463 ABAELARDI

692 512 825 548 Sinum
842 510 959 560 aspidi
1457 514 1459 518 '
1661 507 1754 545 Fide
1772 515 1898 544 nostra
1916 506 2032 543 fidens
2048 508 2252 552 corruisti,

628 572 699 610 Vel
717 573 797 621 igni
815 579 944 620 pectus
962 570 1084 620 aperi,
1662 569 1746 614 Qua
1762 567 1809 604 de
1826 575 1890 603 tua
1905 567 1960 602 vir
1978 579 2084 603 verax
2101 568 2282 615 pensasti,
2311 596 2313 599 .

672 632 850 681 Quisquis
867 631 980 679 sapis,
1609 652 1616 666 x
1698 629 1856 664 ‘Armati
1875 628 1941 677 qui
1959 627 2111 664 horruit

674 693 796 739 Quam
815 692 984 728 femineis
1471 709 1475 713 ’
1806 689 1953 724 Nomen
1968 688 2113 735 Abner,

628 754 681 788 Te
699 752 908 788 committas
923 750 1124 796 illecebris,
1733 751 1873 785 Inermi
1891 748 2083 798 praevaluit
2346 756 2379 789 ο

603 813 682 848 Nisi
700 812 806 848 malis
821 811 868 847 ad
885 811 1042 847 exitium
1805 809 1893 845 Tibi
1911 809 2052 846 Abner.

626 874 830 922 Properare
846 871 1094 908 certissimum
1641 871 1718 907 Nec
1738 872 1776 906 in
1794 871 1851 905 via
1866 870 2046 918 congredi
2065 877 2189 907 tecum
2206 882 2315 907 ausus
2327 899 2337 914 ,

719 933 816 969 Cum
833 932 1031 981 praedictis.
1639 932 1769 967 Portas
1788 930 1891 966 urbis
1907 930 2042 979 polluit
2059 944 2126 980 per
2141 931 2215 968 hoc
2232 931 2363 968 scelus.

1735 1017 1874 1053 Milites
1893 1017 2035 1054 militiae
2045 1046 2054 1063 ,

1805 1078 1948 1114 Ducem
1966 1084 2113 1115 tantum

1020 1095 1057 1132 V
1734 1135 1996 1181 Lacrymantes
2011 1132 2178 1182 plangite

550 1196 717 1219 meinerus
744 1195 852 1219 nAvm
878 1195 976 1219 sures
1002 1188 1108 1217 ABNER
1135 1191 1230 1217 rum
1256 1193 1318 1216 nnn
1345 1193 1437 1224 QUEM
1465 1194 1544 1216 Joan
1804 1194 1865 1230 Sic
1883 1195 2135 1242 prostratum!

972 1253 1121 1277 occmrr.

650 1418 776 1454 Abner
795 1417 1004 1453 fidelissime
1017 1445 1026 1461 ,

652 1479 750 1515 Bello
767 1478 1021 1515 strenuissime
1036 1505 1045 1521 ‚

648 1540 766 1575 Amor
783 1551 824 1574 ac
840 1538 979 1574 deliciae

651 1599 821 1635 Militaris
839 1598 982 1646 gloriae,

649 1685 762 1731 Quod
781 1685 834 1721 vis
852 1697 927 1720 non
945 1683 1132 1732 praevaluit
1149 1713 1159 1728 ,

647 1746 764 1782 Dolus
781 1746 821 1781 in
837 1752 874 1782 te
891 1746 1033 1794 potuit3

648 1807 718 1842 Per
735 1819 848 1855 quem
865 1807 965 1854 peris
980 1805 1151 1854 perditus

647 1867 718 1902 Par
735 1867 814 1913 ejus
835 1866 883 1901 sit
901 1866 1034 1902 exitus.

647 1952 769 1988 Nullis
786 1951 924 1999 dignus
940 1951 1090 1988 fletibus
1101 1980 1110 1995 ‚

648 2014 752 2059 Quos
770 2020 854 2048 tuus
873 2012 938 2048 dat
958 2012 1132 2049 omnibus

648 2073 763 2109 Dolus
782 2072 1010 2110 execrabilis.

649 2135 765 2170 Casus
783 2132 1005 2169 miserabilis

649 2194 761 2243 Cogit
778 2193 824 2230 ad
840 2194 1034 2230 continuas

647 2255 802 2290 Hostem
820 2266 970 2303 quoque
986 2253 1161 2301 lacrymas
1172 2282 1182 2298 ,

647 2313 898 2363 Dissolvitque
915 2315 1033 2363 pietas

648 2375 792 2410 Mentes
809 2374 1079 2419 adamantinas,

532 2435 657 2471 Hostis
674 2435 780 2482 regni
800 2434 892 2470 dum
905 2434 1010 2470 fuisti
1029 2434 1245 2470 manifestus

532 2495 685 2544 Semper
702 2494 809 2530 claris
824 2501 862 2531 et
877 2494 1082 2542 triumphis
1100 2492 1329 2530 sublimatus.

602 2580 731 2617 Multis
748 2580 894 2616 damnis
910 2592 978 2616 nos
995 2579 1203 2622 mulctasti,

626 2641 736 2677 Nulla
753 2653 880 2689 passus
899 2641 1012 2677 armis
1031 2647 1180 2688 potens,

1733 1254 1928 1302 Principes
1941 1254 2095 1302 justitiae

1780 1314 1937 1351 sumant
1950 1314 2072 1350 zelum

1735 1376 1781 1411 In
1798 1382 1873 1411 tam
1892 1374 2135 1411 execrabilem

1806 1435 2102 1473 Vindicandum.

2099 1573 2167 1609 Vl.

1726 1673 2027 1701 PLANCTUSQAWD
2051 1672 2152 1696 SUPER
2178 1672 2263 1696 sAUL
2294 1672 2336 1695 ET
2364 1671 2549 1696 JoNATflAN.

1739 1822 1920 1857 Dolorum
1939 1821 2132 1866 solatium,

1739 1882 1926 1918 Laborum
1943 1881 2171 1925 remedium,

1738 1942 1833 1978 Mihi
1852 1954 1933 1978 mea
1950 1941 2092 1978 cithara
2104 1971 2114 1987 ,

1738 2003 1848 2039 Nunc
1865 2015 1941 2052 quo
1959 2003 2077 2050 major
2094 2002 2201 2038 dolor
2218 2009 2291 2046 est,

1735 2066 1756 2101 J
1759 2064 1951 2112 ustiorque
1968 2075 2107 2099 moeror
2122 2070 2177 2099 est

1735 2124 1823 2160 Plus
1841 2131 1898 2159 est
1911 2124 2128 2160 necessaria.

1735 2211 1883 2258 Strages
1901 2221 2035 2257 magna
2053 2208 2200 2257 populi,

1735 2270 1849 2318 Regis
1866 2281 1965 2305 mors
1982 2275 2020 2304 et
2038 2268 2122 2313 filii,

1735 2329 1911 2365 Hostium
1927 2329 2081 2364 victoria
2094 2357 2104 2373 ,

1736 2390 1885 2425 Ducum
1904 2388 2102 2433 desolatio,

1737 2449 1855 2497 Vulgi
1873 2449 2082 2498 desperatio
2093 2476 2104 2495 ,

1738 2514 1855 2548 Luctu
1874 2511 2021 2560 replent
2036 2512 2175 2548 omnia.

1735 2597 1915 2634 Amalech
1934 2598 2093 2633 invaluit

1735 2659 1850 2695 Israel
1867 2658 1959 2694 dum
1977 2658 2141 2702 corruit,

719 2702 837 2769 Sefffiu
856 2709 1009 2750 P0tffl182
1736 2719 1901 2755 Infidelis
1914 2718 2052 2766 jubilat

719 2762 793 2800 Vir
812 2762 994 2810 perfectus
1005 2790 1014 2807 ,
1754 2805 1761 2811 ί
1807 2779 1993 2815 Philistaea

627 2823 773 2859 Israelis
790 2822 896 2859 fortis
915 2834 1065 2866 murus'
1737 2840 1836 2874 Dum
1852 2838 2025 2875 lamentis
2041 2846 2203 2876 macerat

628 2883 726 2921 Vide
739 2888 746 2901 ¹
768 2895 916 2918 mecum
934 2882 1126 2926 inimicus,
1807 2899 1853 2936 Se
1869 2898 1994 2935 Judaea
2007 2898 2035 2934 3·

627 2944 674 2979 Et
689 2944 829 2979 amicus
844 2955 925 2979 eras
939 2943 1127 2978 summus!
1742 2980 1903 3016 Insultat
1920 2980 2091 3017 fidelibus

627 3043 796 3078 Tandem
816 3043 952 3079 nostris
969 3041 1104 3078 cedens
1120 3041 1234 3085 votis,
1743 3039 1909 3076 Infidelis
1924 3041 2104 3089 populus;

627 3103 671 3138 In
690 3103 750 3138 his
769 3103 889 3139 foedus
905 3109 943 3139 et
960 3111 1046 3151 spe²
1064 3102 1181 3150 pacis,

626 3163 741 3198 Arma
757 3163 864 3210 ponis
879 3162 974 3199 male
992 3169 1115 3206 tutus,

582 3223 679 3257 Dum
696 3222 906 3258 timendum
923 3223 993 3259 tibi
1013 3222 1225 3268 credidisti,

579 3281 759 3318 Pei-iculis
775 3283 918 3318 cunctis
933 3283 1141 3331 providisti.

1740 3103 1784 3137 In
1801 3101 1984 3138 honorem
1999 3103 2201 3138 maximum

1806 3162 1915 3198 Plebs
1931 3161 2082 3198 adversa
2096 3188 2106 3203 ‚

1737 3223 1782 3258 In
1801 3222 1965 3258 derisum
1984 3222 2152 3258 omnium

1811 3283 1872 3318 Fit
1889 3282 2017 3318 divisa.

581 3409 589 3424 ⁴
621 3407 727 3438 Valde
743 3406 824 3439 forte
842 3405 1075 3448 legendum—
1088 3405 1207 3439 'Forte
1226 3407 1291 3450 leg.
1309 3407 1373 3439 Im's
1382 3407 1491 3448 foedus
1512 3413 1540 3437 ec
1556 3415 1654 3446 spem.
1669 3424 1690 3428 »κ
1723 3407 1735 3423 ³
1752 3406 1880 3440 Greith:

1846 3483 1966 3509 lutidelis
1974 3482 2074 3516 jubilat
2088 3481 2222 3507 Philistaea

1845 3533 1913 3558 num
1927 3532 2050 3558 lamentis
2064 3535 2180 3557 macerat
2193 3539 2222 3557 se
2234 3531 2249 3556 J
2253 3530 2338 3558 udaea.
