<?xml version="1.0" encoding="UTF-8"?>
<!DOCTYPE html PUBLIC "-//W3C//DTD XHTML 1.0 Transitional//EN"
    "http://www.w3.org/TR/xhtml1/DTD/xhtml1-transitional.dtd">
<html xmlns="http://www.w3.org/1999/xhtml" xml:lang="en" lang="en">
 <head>
  <title>
</title>
<meta http-equiv="Content-Type" content="text/html;charset=utf-8" />
  <meta name='ocr-system' content='tesseract 3.04.00' />
  <meta name='ocr-capabilities' content='ocr_page ocr_carea ocr_par ocr_line ocrx_word'/>
</head>
<body>
  <div class='ocr_page' id='page_1' title='image "./operahactenusseo01abeluoft_0409.png"; bbox 0 0 2970 4152; ppageno 0'>
   <div class='ocr_carea' id='block_1_1' title="bbox 755 394 2461 445">
    <p class='ocr_par' dir='ltr' id='par_1_1' title="bbox 755 394 2461 445">
     <span class='ocr_line' id='line_1_1' title="bbox 755 394 2461 445; baseline 0.002 -3"><span class='ocrx_word' id='word_1_1' title='bbox 755 396 812 444; x_wconf 90' lang='lat' dir='ltr'>lN</span> <span class='ocrx_word' id='word_1_2' title='bbox 847 396 1294 445; x_wconf 88' lang='lat' dir='ltr'>PURlFlCATlONE</span> <span class='ocrx_word' id='word_1_3' title='bbox 1327 394 1571 444; x_wconf 84' lang='lat' dir='ltr'>SANCTAE</span> <span class='ocrx_word' id='word_1_4' title='bbox 1603 395 1811 443; x_wconf 87' lang='lat' dir='ltr'><strong>MARIAE</strong></span> <span class='ocrx_word' id='word_1_5' title='bbox 1844 395 2058 442; x_wconf 85' lang='lat' dir='ltr'>SERMO.</span> <span class='ocrx_word' id='word_1_6' title='bbox 2367 397 2461 445; x_wconf 88' lang='lat'>395</span> 
     </span>
    </p>
   </div>
   <div class='ocr_carea' id='block_1_2' title="bbox 350 489 2525 3286">
    <p class='ocr_par' dir='ltr' id='par_1_2' title="bbox 350 489 2525 2163">
     <span class='ocr_line' id='line_1_2' title="bbox 350 489 2463 556; baseline 0.001 -20"><span class='ocrx_word' id='word_1_7' title='bbox 350 489 486 537; x_wconf 83' lang='lat' dir='ltr'>dicit¹</span> <span class='ocrx_word' id='word_1_8' title='bbox 506 506 517 536; x_wconf 70' lang='grc' dir='ltr'><strong>ε</strong></span> <span class='ocrx_word' id='word_1_9' title='bbox 543 507 567 534; x_wconf 90' lang='lat'>«</span> <span class='ocrx_word' id='word_1_10' title='bbox 586 490 740 549; x_wconf 91' lang='lat' dir='ltr'>Servi,</span> <span class='ocrx_word' id='word_1_11' title='bbox 766 490 956 538; x_wconf 91' lang='lat' dir='ltr'>obedite</span> <span class='ocrx_word' id='word_1_12' title='bbox 974 491 1182 539; x_wconf 90' lang='lat' dir='ltr'>dominis</span> <span class='ocrx_word' id='word_1_13' title='bbox 1199 490 1466 538; x_wconf 88' lang='lat' dir='ltr'>carnalibus</span> <span class='ocrx_word' id='word_1_14' title='bbox 1484 507 1595 537; x_wconf 92' lang='lat' dir='ltr'>cum</span> <span class='ocrx_word' id='word_1_15' title='bbox 1612 490 1783 537; x_wconf 89' lang='lat' dir='ltr'>timore</span> <span class='ocrx_word' id='word_1_16' title='bbox 1804 500 1850 537; x_wconf 90' lang='lat' dir='ltr'>et</span> <span class='ocrx_word' id='word_1_17' title='bbox 1867 499 2071 537; x_wconf 90' lang='lat' dir='ltr'>tremore</span> <span class='ocrx_word' id='word_1_18' title='bbox 2095 490 2142 536; x_wconf 93' lang='lat' dir='ltr'>in</span> <span class='ocrx_word' id='word_1_19' title='bbox 2168 489 2463 556; x_wconf 80' lang='lat' dir='ltr'>simplicitate</span> 
     </span>
     <span class='ocr_line' id='line_1_3' title="bbox 352 562 2463 634; baseline 0 -18"><span class='ocrx_word' id='word_1_20' title='bbox 352 562 510 616; x_wconf 89' lang='lat' dir='ltr'>cordis</span> <span class='ocrx_word' id='word_1_21' title='bbox 533 569 675 617; x_wconf 88' lang='lat' dir='ltr'>vestri</span> <span class='ocrx_word' id='word_1_22' title='bbox 696 569 816 617; x_wconf 89' lang='lat' dir='ltr'>sicut</span> <span class='ocrx_word' id='word_1_23' title='bbox 839 570 1025 618; x_wconf 90' lang='lat' dir='ltr'>Christo</span> <span class='ocrx_word' id='word_1_24' title='bbox 1048 589 1058 617; x_wconf 94' lang='lat'><strong>:</strong></span> <span class='ocrx_word' id='word_1_25' title='bbox 1087 587 1186 619; x_wconf 87' lang='lat' dir='ltr'>non</span> <span class='ocrx_word' id='word_1_26' title='bbox 1211 570 1273 619; x_wconf 88' lang='lat' dir='ltr'>ad</span> <span class='ocrx_word' id='word_1_27' title='bbox 1299 569 1493 617; x_wconf 88' lang='lat' dir='ltr'>oculum</span> <span class='ocrx_word' id='word_1_28' title='bbox 1517 570 1795 629; x_wconf 90' lang='lat' dir='ltr'>servientes,</span> <span class='ocrx_word' id='word_1_29' title='bbox 1819 570 1954 633; x_wconf 91' lang='lat' dir='ltr'>quasi</span> <span class='ocrx_word' id='word_1_30' title='bbox 1976 567 2250 615; x_wconf 90' lang='lat' dir='ltr'>hominibus</span> <span class='ocrx_word' id='word_1_31' title='bbox 2273 569 2463 634; x_wconf 91' lang='lat' dir='ltr'>placen—</span> 
     </span>
     <span class='ocr_line' id='line_1_4' title="bbox 353 649 2465 711; baseline 0 -14"><span class='ocrx_word' id='word_1_32' title='bbox 353 659 448 710; x_wconf 81' lang='lat' dir='ltr'>tes3</span> <span class='ocrx_word' id='word_1_33' title='bbox 473 649 557 697; x_wconf 91' lang='lat' dir='ltr'>sed</span> <span class='ocrx_word' id='word_1_34' title='bbox 576 660 627 697; x_wconf 93' lang='lat' dir='ltr'>ut</span> <span class='ocrx_word' id='word_1_35' title='bbox 643 651 765 698; x_wconf 89' lang='lat' dir='ltr'>servi</span> <span class='ocrx_word' id='word_1_36' title='bbox 782 651 952 698; x_wconf 88' lang='lat' dir='ltr'>Christi</span> <span class='ocrx_word' id='word_1_37' title='bbox 967 687 979 711; x_wconf 93' lang='lat'>,</span> <span class='ocrx_word' id='word_1_38' title='bbox 1002 652 1222 699; x_wconf 85' lang='lat' dir='ltr'>facientes</span> <span class='ocrx_word' id='word_1_39' title='bbox 1242 650 1538 698; x_wconf 87' lang='lat' dir='ltr'>voluntatem</span> <span class='ocrx_word' id='word_1_40' title='bbox 1552 651 1639 699; x_wconf 94' lang='lat' dir='ltr'>Dei</span> <span class='ocrx_word' id='word_1_41' title='bbox 1656 667 1713 698; x_wconf 87' lang='lat' dir='ltr'>ex</span> <span class='ocrx_word' id='word_1_42' title='bbox 1729 651 1914 710; x_wconf 87' lang='lat' dir='ltr'>animo,</span> <span class='ocrx_word' id='word_1_43' title='bbox 1934 667 2044 697; x_wconf 91' lang='lat' dir='ltr'>cum</span> <span class='ocrx_word' id='word_1_44' title='bbox 2068 649 2198 696; x_wconf 91' lang='lat' dir='ltr'>bona</span> <span class='ocrx_word' id='word_1_45' title='bbox 2222 649 2465 697; x_wconf 86' lang='lat' dir='ltr'>voluntate</span> 
     </span>
     <span class='ocr_line' id='line_1_5' title="bbox 352 728 2468 796; baseline 0 -20"><span class='ocrx_word' id='word_1_46' title='bbox 352 730 609 779; x_wconf 87' lang='lat' dir='ltr'>servientes</span> <span class='ocrx_word' id='word_1_47' title='bbox 633 731 754 778; x_wconf 89' lang='lat' dir='ltr'>sicut</span> <span class='ocrx_word' id='word_1_48' title='bbox 768 732 978 779; x_wconf 90' lang='lat' dir='ltr'>Domino</span> <span class='ocrx_word' id='word_1_49' title='bbox 991 768 1004 792; x_wconf 94' lang='lat'>,</span> <span class='ocrx_word' id='word_1_50' title='bbox 1032 742 1079 779; x_wconf 90' lang='lat' dir='ltr'>et</span> <span class='ocrx_word' id='word_1_51' title='bbox 1095 748 1194 779; x_wconf 90' lang='lat' dir='ltr'>non</span> <span class='ocrx_word' id='word_1_52' title='bbox 1209 731 1504 779; x_wconf 88' lang='lat' dir='ltr'>hominibus.</span> <span class='ocrx_word' id='word_1_53' title='bbox 1531 750 1555 775; x_wconf 88' lang='lat'>»</span> <span class='ocrx_word' id='word_1_54' title='bbox 1574 734 1734 789; x_wconf 89' lang='lat' dir='ltr'>Quum</span> <span class='ocrx_word' id='word_1_55' title='bbox 1756 731 1883 778; x_wconf 93' lang='lat' dir='ltr'>enim</span> <span class='ocrx_word' id='word_1_56' title='bbox 1899 740 2094 796; x_wconf 86' lang='lat' dir='ltr'>propter</span> <span class='ocrx_word' id='word_1_57' title='bbox 2109 733 2264 776; x_wconf 92' lang='lat' dir='ltr'>Deum</span> <span class='ocrx_word' id='word_1_58' title='bbox 2283 728 2468 776; x_wconf 91' lang='lat' dir='ltr'>homini</span> 
     </span>
     <span class='ocr_line' id='line_1_6' title="bbox 354 810 2463 877; baseline -0 -20"><span class='ocrx_word' id='word_1_59' title='bbox 354 811 571 870; x_wconf 78' lang='lat' dir='ltr'>servitur,</span> <span class='ocrx_word' id='word_1_60' title='bbox 605 814 707 858; x_wconf 93' lang='lat' dir='ltr'>Deo</span> <span class='ocrx_word' id='word_1_61' title='bbox 731 812 878 876; x_wconf 84' lang='lat' dir='ltr'>magis</span> <span class='ocrx_word' id='word_1_62' title='bbox 903 828 1046 876; x_wconf 92' lang='lat' dir='ltr'>quam</span> <span class='ocrx_word' id='word_1_63' title='bbox 1069 812 1256 859; x_wconf 89' lang='lat' dir='ltr'>homini</span> <span class='ocrx_word' id='word_1_64' title='bbox 1284 811 1527 859; x_wconf 85' lang='lat' dir='ltr'>servitium</span> <span class='ocrx_word' id='word_1_65' title='bbox 1562 811 1868 877; x_wconf 91' lang='lat' dir='ltr'>impenditur.</span> <span class='ocrx_word' id='word_1_66' title='bbox 1907 810 2045 857; x_wconf 86' lang='lat' dir='ltr'>Unde</span> <span class='ocrx_word' id='word_1_67' title='bbox 2079 811 2306 875; x_wconf 88' lang='lat' dir='ltr'>scriptum</span> <span class='ocrx_word' id='word_1_68' title='bbox 2332 813 2427 857; x_wconf 82' lang='lat' dir='ltr'>est²</span> <span class='ocrx_word' id='word_1_69' title='bbox 2454 830 2463 855; x_wconf 90' lang='lat'>:</span> 
     </span>
     <span class='ocr_line' id='line_1_7' title="bbox 358 890 2469 955; baseline -0 -18"><span class='ocrx_word' id='word_1_70' title='bbox 358 909 382 937; x_wconf 70' lang='grc' dir='ltr'>ι(</span> <span class='ocrx_word' id='word_1_71' title='bbox 396 891 655 938; x_wconf 88' lang='lat' dir='ltr'>Dominum</span> <span class='ocrx_word' id='word_1_72' title='bbox 669 894 824 938; x_wconf 91' lang='lat' dir='ltr'>Deum</span> <span class='ocrx_word' id='word_1_73' title='bbox 837 901 971 939; x_wconf 90' lang='lat' dir='ltr'>tuum</span> <span class='ocrx_word' id='word_1_74' title='bbox 986 892 1224 954; x_wconf 82' lang='lat' dir='ltr'>adorabis,</span> <span class='ocrx_word' id='word_1_75' title='bbox 1247 902 1294 940; x_wconf 89' lang='lat' dir='ltr'>et</span> <span class='ocrx_word' id='word_1_76' title='bbox 1306 892 1373 940; x_wconf 92' lang='lat' dir='ltr'>illi</span> <span class='ocrx_word' id='word_1_77' title='bbox 1389 891 1480 939; x_wconf 92' lang='lat' dir='ltr'>soli</span> <span class='ocrx_word' id='word_1_78' title='bbox 1491 892 1682 939; x_wconf 90' lang='lat' dir='ltr'>servies.</span> <span class='ocrx_word' id='word_1_79' title='bbox 1706 910 1730 936; x_wconf 71' lang='grc' dir='ltr'><strong>υ</strong></span> <span class='ocrx_word' id='word_1_80' title='bbox 1748 891 1892 949; x_wconf 90' lang='lat' dir='ltr'>Quod</span> <span class='ocrx_word' id='word_1_81' title='bbox 1911 902 1963 938; x_wconf 88' lang='lat' dir='ltr'>ut</span> <span class='ocrx_word' id='word_1_82' title='bbox 1988 890 2190 938; x_wconf 90' lang='lat' dir='ltr'>liberum</span> <span class='ocrx_word' id='word_1_83' title='bbox 2203 891 2352 955; x_wconf 91' lang='lat' dir='ltr'>possit</span> <span class='ocrx_word' id='word_1_84' title='bbox 2369 906 2469 937; x_wconf 85' lang='lat' dir='ltr'>esse</span> 
     </span>
     <span class='ocr_line' id='line_1_8' title="bbox 352 969 2470 1038; baseline 0 -22"><span class='ocrx_word' id='word_1_85' title='bbox 352 970 624 1030; x_wconf 87' lang='lat' dir='ltr'>servitium,</span> <span class='ocrx_word' id='word_1_86' title='bbox 656 971 756 1036; x_wconf 91' lang='lat' dir='ltr'>ipse</span> <span class='ocrx_word' id='word_1_87' title='bbox 780 972 1016 1019; x_wconf 91' lang='lat' dir='ltr'>Dominus</span> <span class='ocrx_word' id='word_1_88' title='bbox 1047 972 1136 1019; x_wconf 92' lang='lat' dir='ltr'>sub</span> <span class='ocrx_word' id='word_1_89' title='bbox 1164 973 1267 1038; x_wconf 88' lang='lat' dir='ltr'>lege</span> <span class='ocrx_word' id='word_1_90' title='bbox 1292 973 1439 1020; x_wconf 88' lang='lat' dir='ltr'>factus</span> <span class='ocrx_word' id='word_1_91' title='bbox 1466 989 1556 1019; x_wconf 91' lang='lat' dir='ltr'>nos</span> <span class='ocrx_word' id='word_1_92' title='bbox 1576 988 1602 1020; x_wconf 87' lang='lat' dir='ltr'>a</span> <span class='ocrx_word' id='word_1_93' title='bbox 1626 973 1849 1019; x_wconf 85' lang='lat' dir='ltr'>servitute</span> <span class='ocrx_word' id='word_1_94' title='bbox 1876 971 1990 1036; x_wconf 87' lang='lat' dir='ltr'>legis</span> <span class='ocrx_word' id='word_1_95' title='bbox 2022 970 2244 1029; x_wconf 85' lang='lat' dir='ltr'>redemit,</span> <span class='ocrx_word' id='word_1_96' title='bbox 2276 979 2329 1016; x_wconf 88' lang='lat' dir='ltr'>ut</span> <span class='ocrx_word' id='word_1_97' title='bbox 2355 969 2470 1017; x_wconf 88' lang='lat' dir='ltr'>ado-</span> 
     </span>
     <span class='ocr_line' id='line_1_9' title="bbox 356 1050 2473 1118; baseline 0 -21"><span class='ocrx_word' id='word_1_98' title='bbox 356 1050 571 1114; x_wconf 86' lang='lat' dir='ltr'>ptionem</span> <span class='ocrx_word' id='word_1_99' title='bbox 590 1050 798 1099; x_wconf 87' lang='lat' dir='ltr'>filiorum</span> <span class='ocrx_word' id='word_1_100' title='bbox 817 1053 1154 1118; x_wconf 86' lang='lat' dir='ltr'>reciperemus.</span> <span class='ocrx_word' id='word_1_101' title='bbox 1170 1053 1311 1101; x_wconf 91' lang='lat' dir='ltr'>Filius</span> <span class='ocrx_word' id='word_1_102' title='bbox 1334 1053 1446 1113; x_wconf 90' lang='lat' dir='ltr'>Dei,</span> <span class='ocrx_word' id='word_1_103' title='bbox 1467 1052 1629 1100; x_wconf 84' lang='lat' dir='ltr'>fratres</span> <span class='ocrx_word' id='word_1_104' title='bbox 1643 1089 1656 1113; x_wconf 90' lang='lat'>,</span> <span class='ocrx_word' id='word_1_105' title='bbox 1679 1052 1832 1100; x_wconf 90' lang='lat' dir='ltr'>facere</span> <span class='ocrx_word' id='word_1_106' title='bbox 1856 1053 2012 1113; x_wconf 89' lang='lat' dir='ltr'>venit,</span> <span class='ocrx_word' id='word_1_107' title='bbox 2035 1062 2082 1100; x_wconf 89' lang='lat' dir='ltr'>et</span> <span class='ocrx_word' id='word_1_108' title='bbox 2104 1062 2155 1098; x_wconf 88' lang='lat' dir='ltr'>ut</span> <span class='ocrx_word' id='word_1_109' title='bbox 2173 1067 2262 1098; x_wconf 89' lang='lat' dir='ltr'>nos</span> <span class='ocrx_word' id='word_1_110' title='bbox 2281 1052 2327 1097; x_wconf 91' lang='lat' dir='ltr'>in</span> <span class='ocrx_word' id='word_1_111' title='bbox 2353 1050 2473 1097; x_wconf 83' lang='lat' dir='ltr'>filios</span> 
     </span>
     <span class='ocr_line' id='line_1_10' title="bbox 356 1129 2469 1198; baseline 0 -21"><span class='ocrx_word' id='word_1_112' title='bbox 356 1129 631 1179; x_wconf 87' lang='lat' dir='ltr'>sublimaret</span> <span class='ocrx_word' id='word_1_113' title='bbox 655 1131 716 1179; x_wconf 93' lang='lat' dir='ltr'>de</span> <span class='ocrx_word' id='word_1_114' title='bbox 741 1133 904 1180; x_wconf 88' lang='lat' dir='ltr'>servis.</span> <span class='ocrx_word' id='word_1_115' title='bbox 935 1133 1072 1181; x_wconf 91' lang='lat' dir='ltr'>Unde</span> <span class='ocrx_word' id='word_1_116' title='bbox 1096 1144 1144 1181; x_wconf 91' lang='lat' dir='ltr'>et</span> <span class='ocrx_word' id='word_1_117' title='bbox 1167 1133 1452 1198; x_wconf 87' lang='lat' dir='ltr'>evangelista</span> <span class='ocrx_word' id='word_1_118' title='bbox 1476 1133 1693 1180; x_wconf 89' lang='lat' dir='ltr'>meminit</span> <span class='ocrx_word' id='word_1_119' title='bbox 1720 1133 1909 1180; x_wconf 83' lang='lat' dir='ltr'>dicens³</span> <span class='ocrx_word' id='word_1_120' title='bbox 1931 1151 1940 1179; x_wconf 75' lang='grc' dir='ltr'><strong>ε</strong></span> <span class='ocrx_word' id='word_1_121' title='bbox 1969 1152 1993 1178; x_wconf 89' lang='lat'>«</span> <span class='ocrx_word' id='word_1_122' title='bbox 2015 1136 2068 1179; x_wconf 89' lang='lat' dir='ltr'>In</span> <span class='ocrx_word' id='word_1_123' title='bbox 2094 1133 2287 1198; x_wconf 88' lang='lat' dir='ltr'>propria</span> <span class='ocrx_word' id='word_1_124' title='bbox 2315 1132 2469 1190; x_wconf 89' lang='lat' dir='ltr'>venit,</span> 
     </span>
     <span class='ocr_line' id='line_1_11' title="bbox 358 1212 2475 1279; baseline 0 -21"><span class='ocrx_word' id='word_1_125' title='bbox 358 1220 406 1259; x_wconf 87' lang='lat' dir='ltr'>et</span> <span class='ocrx_word' id='word_1_126' title='bbox 427 1212 500 1259; x_wconf 91' lang='lat' dir='ltr'>sui</span> <span class='ocrx_word' id='word_1_127' title='bbox 533 1228 642 1259; x_wconf 88' lang='lat' dir='ltr'>eum</span> <span class='ocrx_word' id='word_1_128' title='bbox 669 1229 770 1260; x_wconf 93' lang='lat' dir='ltr'>non</span> <span class='ocrx_word' id='word_1_129' title='bbox 788 1224 1085 1278; x_wconf 89' lang='lat' dir='ltr'>receperunt.</span> <span class='ocrx_word' id='word_1_130' title='bbox 1115 1216 1365 1279; x_wconf 85' lang='lat' dir='ltr'>Quotquot</span> <span class='ocrx_word' id='word_1_131' title='bbox 1389 1223 1549 1261; x_wconf 91' lang='lat' dir='ltr'>autem</span> <span class='ocrx_word' id='word_1_132' title='bbox 1567 1223 1850 1279; x_wconf 87' lang='lat' dir='ltr'>receperunt</span> <span class='ocrx_word' id='word_1_133' title='bbox 1874 1230 2009 1274; x_wconf 89' lang='lat' dir='ltr'>eum,</span> <span class='ocrx_word' id='word_1_134' title='bbox 2036 1212 2167 1260; x_wconf 92' lang='lat' dir='ltr'>dedit</span> <span class='ocrx_word' id='word_1_135' title='bbox 2185 1213 2250 1260; x_wconf 92' lang='lat' dir='ltr'>eis</span> <span class='ocrx_word' id='word_1_136' title='bbox 2269 1221 2475 1277; x_wconf 88' lang='lat' dir='ltr'>potesta—</span> 
     </span>
     <span class='ocr_line' id='line_1_12' title="bbox 356 1290 2478 1359; baseline 0 -21"><span class='ocrx_word' id='word_1_137' title='bbox 356 1300 452 1339; x_wconf 87' lang='lat' dir='ltr'>tem</span> <span class='ocrx_word' id='word_1_138' title='bbox 481 1290 603 1340; x_wconf 87' lang='lat' dir='ltr'>filios</span> <span class='ocrx_word' id='word_1_139' title='bbox 623 1293 711 1340; x_wconf 91' lang='lat' dir='ltr'>Dei</span> <span class='ocrx_word' id='word_1_140' title='bbox 738 1292 857 1340; x_wconf 85' lang='lat' dir='ltr'>fleri.</span> <span class='ocrx_word' id='word_1_141' title='bbox 882 1312 907 1338; x_wconf 86' lang='grc'><em>»</em></span> <span class='ocrx_word' id='word_1_142' title='bbox 938 1297 1136 1359; x_wconf 87' lang='lat' dir='ltr'>Propter</span> <span class='ocrx_word' id='word_1_143' title='bbox 1158 1311 1304 1357; x_wconf 90' lang='lat' dir='ltr'>quam</span> <span class='ocrx_word' id='word_1_144' title='bbox 1329 1310 1543 1354; x_wconf 86' lang='lat' dir='ltr'>causam,</span> <span class='ocrx_word' id='word_1_145' title='bbox 1572 1304 1624 1341; x_wconf 91' lang='lat' dir='ltr'>ut</span> <span class='ocrx_word' id='word_1_146' title='bbox 1647 1294 1725 1352; x_wconf 89' lang='lat' dir='ltr'>hic</span> <span class='ocrx_word' id='word_1_147' title='bbox 1750 1293 1879 1340; x_wconf 89' lang='lat' dir='ltr'>idem</span> <span class='ocrx_word' id='word_1_148' title='bbox 1910 1293 2154 1358; x_wconf 89' lang='lat' dir='ltr'>apostolus</span> <span class='ocrx_word' id='word_1_149' title='bbox 2177 1292 2238 1339; x_wconf 89' lang='lat' dir='ltr'>ad</span> <span class='ocrx_word' id='word_1_150' title='bbox 2256 1291 2478 1339; x_wconf 87' lang='lat' dir='ltr'>Hebraeos</span> 
     </span>
     <span class='ocr_line' id='line_1_13' title="bbox 355 1370 2479 1433; baseline 0 -15"><span class='ocrx_word' id='word_1_151' title='bbox 355 1370 541 1432; x_wconf 88' lang='lat' dir='ltr'>scribit,</span> <span class='ocrx_word' id='word_1_152' title='bbox 564 1389 664 1419; x_wconf 90' lang='lat' dir='ltr'>non</span> <span class='ocrx_word' id='word_1_153' title='bbox 686 1372 995 1420; x_wconf 88' lang='lat' dir='ltr'>confunditur</span> <span class='ocrx_word' id='word_1_154' title='bbox 1023 1373 1187 1420; x_wconf 89' lang='lat' dir='ltr'>fratres</span> <span class='ocrx_word' id='word_1_155' title='bbox 1205 1389 1288 1420; x_wconf 92' lang='lat' dir='ltr'>eos</span> <span class='ocrx_word' id='word_1_156' title='bbox 1315 1390 1514 1433; x_wconf 88' lang='lat' dir='ltr'>vocare,</span> <span class='ocrx_word' id='word_1_157' title='bbox 1543 1373 1706 1420; x_wconf 88' lang='lat' dir='ltr'>dicens</span> <span class='ocrx_word' id='word_1_158' title='bbox 1723 1373 1784 1420; x_wconf 88' lang='lat' dir='ltr'>ad</span> <span class='ocrx_word' id='word_1_159' title='bbox 1808 1376 2047 1420; x_wconf 71' lang='lat' dir='ltr'>Patrem⁴z</span> <span class='ocrx_word' id='word_1_160' title='bbox 2078 1385 2107 1418; x_wconf 77' lang='grc' dir='ltr'>ἀ</span> <span class='ocrx_word' id='word_1_161' title='bbox 2128 1371 2365 1420; x_wconf 90' lang='lat' dir='ltr'>Nuntiabo</span> <span class='ocrx_word' id='word_1_162' title='bbox 2391 1388 2479 1418; x_wconf 92' lang='lat' dir='ltr'>no-</span> 
     </span>
     <span class='ocr_line' id='line_1_14' title="bbox 358 1450 2525 1517; baseline -0 -20"><span class='ocrx_word' id='word_1_163' title='bbox 358 1466 468 1498; x_wconf 91' lang='lat' dir='ltr'>men</span> <span class='ocrx_word' id='word_1_164' title='bbox 506 1460 641 1498; x_wconf 89' lang='lat' dir='ltr'>tuum</span> <span class='ocrx_word' id='word_1_165' title='bbox 675 1451 894 1499; x_wconf 85' lang='lat' dir='ltr'>fratribus</span> <span class='ocrx_word' id='word_1_166' title='bbox 927 1452 1061 1500; x_wconf 90' lang='lat' dir='ltr'>meis.</span> <span class='ocrx_word' id='word_1_167' title='bbox 1096 1472 1119 1497; x_wconf 88' lang='lat'>»</span> <span class='ocrx_word' id='word_1_168' title='bbox 1153 1455 1211 1499; x_wconf 91' lang='lat' dir='ltr'>Et</span> <span class='ocrx_word' id='word_1_169' title='bbox 1241 1453 1290 1499; x_wconf 94' lang='lat' dir='ltr'>in</span> <span class='ocrx_word' id='word_1_170' title='bbox 1319 1452 1577 1517; x_wconf 85' lang='lat' dir='ltr'>Evangelio</span> <span class='ocrx_word' id='word_1_171' title='bbox 1609 1452 1671 1499; x_wconf 89' lang='lat' dir='ltr'>ad</span> <span class='ocrx_word' id='word_1_172' title='bbox 1700 1453 1895 1499; x_wconf 86' lang='lat' dir='ltr'>Mariam</span> <span class='ocrx_word' id='word_1_173' title='bbox 1923 1452 2188 1517; x_wconf 77' lang='lat' dir='ltr'>loquitur³t</span> <span class='ocrx_word' id='word_1_174' title='bbox 2217 1470 2240 1497; x_wconf 85' lang='lat'>«</span> <span class='ocrx_word' id='word_1_175' title='bbox 2265 1450 2397 1498; x_wconf 88' lang='lat' dir='ltr'>Vade</span> <span class='ocrx_word' id='word_1_176' title='bbox 2419 1450 2480 1497; x_wconf 94' lang='lat' dir='ltr'>ad</span> <span class='ocrx_word' id='word_1_177' title='bbox 2521 1492 2525 1496; x_wconf 88' lang='lat'>.</span> 
     </span>
     <span class='ocr_line' id='line_1_15' title="bbox 358 1530 2482 1599; baseline 0 -21"><span class='ocrx_word' id='word_1_178' title='bbox 358 1530 522 1579; x_wconf 90' lang='lat' dir='ltr'>fratres</span> <span class='ocrx_word' id='word_1_179' title='bbox 548 1549 707 1593; x_wconf 91' lang='lat' dir='ltr'>meos,</span> <span class='ocrx_word' id='word_1_180' title='bbox 743 1542 791 1579; x_wconf 88' lang='lat' dir='ltr'>et</span> <span class='ocrx_word' id='word_1_181' title='bbox 824 1533 901 1580; x_wconf 91' lang='lat' dir='ltr'>dic</span> <span class='ocrx_word' id='word_1_182' title='bbox 933 1533 999 1580; x_wconf 90' lang='lat' dir='ltr'>eis</span> <span class='ocrx_word' id='word_1_183' title='bbox 1023 1551 1032 1579; x_wconf 90' lang='lat'><strong>:</strong></span> <span class='ocrx_word' id='word_1_184' title='bbox 1056 1532 1273 1581; x_wconf 86' lang='lat' dir='ltr'>Ascendo</span> <span class='ocrx_word' id='word_1_185' title='bbox 1300 1532 1362 1580; x_wconf 92' lang='lat' dir='ltr'>ad</span> <span class='ocrx_word' id='word_1_186' title='bbox 1391 1542 1576 1598; x_wconf 90' lang='lat' dir='ltr'>patrem</span> <span class='ocrx_word' id='word_1_187' title='bbox 1601 1550 1763 1581; x_wconf 89' lang='lat' dir='ltr'>meum</span> <span class='ocrx_word' id='word_1_188' title='bbox 1783 1543 1829 1581; x_wconf 92' lang='lat' dir='ltr'>et</span> <span class='ocrx_word' id='word_1_189' title='bbox 1846 1543 2031 1599; x_wconf 87' lang='lat' dir='ltr'>patrem</span> <span class='ocrx_word' id='word_1_190' title='bbox 2053 1543 2292 1593; x_wconf 90' lang='lat' dir='ltr'>vestrum,</span> <span class='ocrx_word' id='word_1_191' title='bbox 2326 1535 2482 1579; x_wconf 90' lang='lat' dir='ltr'>Deum</span> 
     </span>
     <span class='ocr_line' id='line_1_16' title="bbox 361 1613 2484 1672; baseline 0 -13"><span class='ocrx_word' id='word_1_192' title='bbox 361 1627 523 1659; x_wconf 90' lang='lat' dir='ltr'>meum</span> <span class='ocrx_word' id='word_1_193' title='bbox 553 1622 599 1660; x_wconf 89' lang='lat' dir='ltr'>et</span> <span class='ocrx_word' id='word_1_194' title='bbox 627 1615 781 1660; x_wconf 90' lang='lat' dir='ltr'>Deum</span> <span class='ocrx_word' id='word_1_195' title='bbox 816 1623 1044 1661; x_wconf 89' lang='lat' dir='ltr'>vestrum.</span> <span class='ocrx_word' id='word_1_196' title='bbox 1079 1632 1102 1658; x_wconf 71' lang='lat'>&gt;2</span> <span class='ocrx_word' id='word_1_197' title='bbox 1134 1614 1229 1672; x_wconf 90' lang='lat' dir='ltr'>Qui</span> <span class='ocrx_word' id='word_1_198' title='bbox 1262 1624 1310 1661; x_wconf 89' lang='lat' dir='ltr'>et</span> <span class='ocrx_word' id='word_1_199' title='bbox 1336 1614 1536 1661; x_wconf 89' lang='lat' dir='ltr'>omnino</span> <span class='ocrx_word' id='word_1_200' title='bbox 1562 1630 1809 1662; x_wconf 88' lang='lat' dir='ltr'>servorum</span> <span class='ocrx_word' id='word_1_201' title='bbox 1833 1630 2010 1661; x_wconf 92' lang='lat' dir='ltr'>nomen</span> <span class='ocrx_word' id='word_1_202' title='bbox 2042 1631 2069 1661; x_wconf 90' lang='lat' dir='ltr'>a</span> <span class='ocrx_word' id='word_1_203' title='bbox 2100 1613 2206 1661; x_wconf 88' lang='lat' dir='ltr'>filiis</span> <span class='ocrx_word' id='word_1_204' title='bbox 2234 1629 2484 1661; x_wconf 88' lang='lat' dir='ltr'>removens</span> 
     </span>
     <span class='ocr_line' id='line_1_17' title="bbox 357 1690 2482 1753; baseline -0 -15"><span class='ocrx_word' id='word_1_205' title='bbox 357 1690 491 1753; x_wconf 86' lang='lat' dir='ltr'>juxta</span> <span class='ocrx_word' id='word_1_206' title='bbox 515 1690 632 1739; x_wconf 86' lang='lat' dir='ltr'>illud</span> <span class='ocrx_word' id='word_1_207' title='bbox 649 1692 800 1740; x_wconf 79' lang='lat' dir='ltr'>lsaiae⁸</span> <span class='ocrx_word' id='word_1_208' title='bbox 820 1711 829 1739; x_wconf 93' lang='lat'>:</span> <span class='ocrx_word' id='word_1_209' title='bbox 862 1711 887 1738; x_wconf 79' lang='grc' dir='ltr'><em>α</em></span> <span class='ocrx_word' id='word_1_210' title='bbox 908 1696 965 1740; x_wconf 91' lang='lat' dir='ltr'>Et</span> <span class='ocrx_word' id='word_1_211' title='bbox 996 1709 1158 1741; x_wconf 88' lang='lat' dir='ltr'>servos</span> <span class='ocrx_word' id='word_1_212' title='bbox 1182 1710 1294 1741; x_wconf 89' lang='lat' dir='ltr'>suos</span> <span class='ocrx_word' id='word_1_213' title='bbox 1324 1692 1514 1741; x_wconf 82' lang='lat' dir='ltr'>vocabit</span> <span class='ocrx_word' id='word_1_214' title='bbox 1538 1693 1631 1741; x_wconf 92' lang='lat' dir='ltr'>alio</span> <span class='ocrx_word' id='word_1_215' title='bbox 1660 1693 1882 1753; x_wconf 89' lang='lat' dir='ltr'>nomine,</span> <span class='ocrx_word' id='word_1_216' title='bbox 1912 1711 1937 1738; x_wconf 90' lang='lat'>»</span> <span class='ocrx_word' id='word_1_217' title='bbox 1965 1694 2029 1741; x_wconf 88' lang='lat' dir='ltr'>ait</span> <span class='ocrx_word' id='word_1_218' title='bbox 2046 1693 2184 1740; x_wconf 85' lang='lat' dir='ltr'>illis⁷:</span> <span class='ocrx_word' id='word_1_219' title='bbox 2213 1711 2237 1737; x_wconf 87' lang='lat'>«</span> <span class='ocrx_word' id='word_1_220' title='bbox 2257 1695 2361 1739; x_wconf 84' lang='lat' dir='ltr'>Jam</span> <span class='ocrx_word' id='word_1_221' title='bbox 2384 1708 2482 1739; x_wconf 89' lang='lat' dir='ltr'>non</span> 
     </span>
     <span class='ocr_line' id='line_1_18' title="bbox 362 1769 2481 1841; baseline 0.001 -24"><span class='ocrx_word' id='word_1_222' title='bbox 362 1769 519 1818; x_wconf 89' lang='lat' dir='ltr'>dicam</span> <span class='ocrx_word' id='word_1_223' title='bbox 544 1788 630 1819; x_wconf 91' lang='lat' dir='ltr'>vos</span> <span class='ocrx_word' id='word_1_224' title='bbox 655 1789 840 1833; x_wconf 81' lang='lat' dir='ltr'>serVOS,</span> <span class='ocrx_word' id='word_1_225' title='bbox 870 1774 954 1821; x_wconf 91' lang='lat' dir='ltr'>sed</span> <span class='ocrx_word' id='word_1_226' title='bbox 978 1774 1175 1821; x_wconf 90' lang='lat' dir='ltr'>amicos.</span> <span class='ocrx_word' id='word_1_227' title='bbox 1200 1793 1222 1819; x_wconf 73' lang='grc' dir='ltr'><em>η</em></span> <span class='ocrx_word' id='word_1_228' title='bbox 1244 1777 1347 1821; x_wconf 88' lang='lat' dir='ltr'>Hoc</span> <span class='ocrx_word' id='word_1_229' title='bbox 1375 1775 1553 1841; x_wconf 88' lang='lat' dir='ltr'>quippe</span> <span class='ocrx_word' id='word_1_230' title='bbox 1584 1783 1694 1821; x_wconf 91' lang='lat' dir='ltr'>sunt</span> <span class='ocrx_word' id='word_1_231' title='bbox 1720 1774 1860 1821; x_wconf 90' lang='lat' dir='ltr'>amici</span> <span class='ocrx_word' id='word_1_232' title='bbox 1885 1773 2079 1834; x_wconf 87' lang='lat' dir='ltr'>Christi,</span> <span class='ocrx_word' id='word_1_233' title='bbox 2109 1773 2242 1838; x_wconf 93' lang='lat' dir='ltr'>quod</span> <span class='ocrx_word' id='word_1_234' title='bbox 2264 1772 2346 1820; x_wconf 85' lang='lat' dir='ltr'>filii</span> <span class='ocrx_word' id='word_1_235' title='bbox 2368 1774 2481 1831; x_wconf 92' lang='lat' dir='ltr'>Dei,</span> 
     </span>
     <span class='ocr_line' id='line_1_19' title="bbox 362 1852 2488 1920; baseline 0 -21"><span class='ocrx_word' id='word_1_236' title='bbox 362 1867 526 1900; x_wconf 87' lang='lat' dir='ltr'>amore</span> <span class='ocrx_word' id='word_1_237' title='bbox 540 1852 728 1916; x_wconf 86' lang='lat' dir='ltr'>justitiae</span> <span class='ocrx_word' id='word_1_238' title='bbox 755 1854 903 1918; x_wconf 87' lang='lat' dir='ltr'>magis</span> <span class='ocrx_word' id='word_1_239' title='bbox 925 1871 1071 1919; x_wconf 87' lang='lat' dir='ltr'>quam</span> <span class='ocrx_word' id='word_1_240' title='bbox 1097 1855 1264 1902; x_wconf 82' lang='lat' dir='ltr'>timore</span> <span class='ocrx_word' id='word_1_241' title='bbox 1289 1872 1440 1920; x_wconf 88' lang='lat' dir='ltr'>poenae</span> <span class='ocrx_word' id='word_1_242' title='bbox 1467 1858 1571 1902; x_wconf 90' lang='lat' dir='ltr'>Deo</span> <span class='ocrx_word' id='word_1_243' title='bbox 1596 1854 1809 1919; x_wconf 89' lang='lat' dir='ltr'>subjecti.</span> <span class='ocrx_word' id='word_1_244' title='bbox 1833 1856 1941 1901; x_wconf 85' lang='lat' dir='ltr'>Haec</span> <span class='ocrx_word' id='word_1_245' title='bbox 1963 1871 2073 1902; x_wconf 90' lang='lat' dir='ltr'>vera</span> <span class='ocrx_word' id='word_1_246' title='bbox 2095 1853 2284 1901; x_wconf 86' lang='lat' dir='ltr'>libertas</span> <span class='ocrx_word' id='word_1_247' title='bbox 2307 1853 2368 1901; x_wconf 93' lang='lat' dir='ltr'>de</span> <span class='ocrx_word' id='word_1_248' title='bbox 2394 1870 2488 1918; x_wconf 91' lang='lat' dir='ltr'>qua</span> 
     </span>
     <span class='ocr_line' id='line_1_20' title="bbox 363 1932 2489 1999; baseline 0 -19"><span class='ocrx_word' id='word_1_249' title='bbox 363 1932 562 1997; x_wconf 89' lang='lat' dir='ltr'>ipsemet</span> <span class='ocrx_word' id='word_1_250' title='bbox 580 1933 745 1982; x_wconf 79' lang='lat' dir='ltr'>dicit⁸z</span> <span class='ocrx_word' id='word_1_251' title='bbox 773 1954 799 1981; x_wconf 86' lang='lat'><strong><em>«</em></strong></span> <span class='ocrx_word' id='word_1_252' title='bbox 820 1936 867 1982; x_wconf 90' lang='lat' dir='ltr'>Si</span> <span class='ocrx_word' id='word_1_253' title='bbox 893 1952 978 1983; x_wconf 91' lang='lat' dir='ltr'>vos</span> <span class='ocrx_word' id='word_1_254' title='bbox 1002 1935 1142 1983; x_wconf 91' lang='lat' dir='ltr'>Filius</span> <span class='ocrx_word' id='word_1_255' title='bbox 1167 1935 1458 1996; x_wconf 89' lang='lat' dir='ltr'>liberaverit,</span> <span class='ocrx_word' id='word_1_256' title='bbox 1486 1953 1595 1984; x_wconf 91' lang='lat' dir='ltr'>vere</span> <span class='ocrx_word' id='word_1_257' title='bbox 1625 1935 1763 1983; x_wconf 91' lang='lat' dir='ltr'>liberi</span> <span class='ocrx_word' id='word_1_258' title='bbox 1787 1935 1931 1983; x_wconf 87' lang='lat' dir='ltr'>eritis.</span> <span class='ocrx_word' id='word_1_259' title='bbox 1954 1953 1976 1979; x_wconf 90' lang='lat'>»</span> <span class='ocrx_word' id='word_1_260' title='bbox 2003 1936 2189 1998; x_wconf 89' lang='lat' dir='ltr'>Moyses</span> <span class='ocrx_word' id='word_1_261' title='bbox 2215 1950 2489 1999; x_wconf 87' lang='lat' dir='ltr'>quanquam</span> 
     </span>
     <span class='ocr_line' id='line_1_21' title="bbox 367 2012 2485 2082; baseline 0 -22"><span class='ocrx_word' id='word_1_262' title='bbox 367 2012 519 2061; x_wconf 85' lang='lat' dir='ltr'>fidelis</span> <span class='ocrx_word' id='word_1_263' title='bbox 547 2014 595 2061; x_wconf 91' lang='lat' dir='ltr'>in</span> <span class='ocrx_word' id='word_1_264' title='bbox 624 2014 772 2062; x_wconf 89' lang='lat' dir='ltr'>domo</span> <span class='ocrx_word' id='word_1_265' title='bbox 800 2017 916 2074; x_wconf 92' lang='lat' dir='ltr'>Dei,</span> <span class='ocrx_word' id='word_1_266' title='bbox 949 2016 1068 2064; x_wconf 90' lang='lat' dir='ltr'>sicut</span> <span class='ocrx_word' id='word_1_267' title='bbox 1093 2017 1193 2082; x_wconf 90' lang='lat' dir='ltr'>ipse</span> <span class='ocrx_word' id='word_1_268' title='bbox 1220 2016 1472 2082; x_wconf 86' lang='lat' dir='ltr'>Apostolus</span> <span class='ocrx_word' id='word_1_269' title='bbox 1502 2016 1709 2064; x_wconf 83' lang='lat' dir='ltr'>Hebraeis</span> <span class='ocrx_word' id='word_1_270' title='bbox 1740 2014 1926 2075; x_wconf 87' lang='lat' dir='ltr'>scribit,</span> <span class='ocrx_word' id='word_1_271' title='bbox 1959 2024 2115 2062; x_wconf 87' lang='lat' dir='ltr'>tamen</span> <span class='ocrx_word' id='word_1_272' title='bbox 2137 2013 2339 2061; x_wconf 90' lang='lat' dir='ltr'>famulus</span> <span class='ocrx_word' id='word_1_273' title='bbox 2356 2014 2457 2078; x_wconf 90' lang='lat' dir='ltr'>ejus</span> <span class='ocrx_word' id='word_1_274' title='bbox 2474 2052 2485 2073; x_wconf 88' lang='lat'>,</span> 
     </span>
     <span class='ocr_line' id='line_1_22' title="bbox 367 2094 1995 2163; baseline 0 -21"><span class='ocrx_word' id='word_1_275' title='bbox 367 2110 468 2143; x_wconf 88' lang='lat' dir='ltr'>non</span> <span class='ocrx_word' id='word_1_276' title='bbox 492 2094 615 2143; x_wconf 84' lang='lat' dir='ltr'>filius</span> <span class='ocrx_word' id='word_1_277' title='bbox 637 2106 761 2157; x_wconf 89' lang='lat' dir='ltr'>erat,</span> <span class='ocrx_word' id='word_1_278' title='bbox 785 2114 875 2144; x_wconf 91' lang='lat' dir='ltr'>nec</span> <span class='ocrx_word' id='word_1_279' title='bbox 893 2097 1094 2145; x_wconf 89' lang='lat' dir='ltr'>liberare</span> <span class='ocrx_word' id='word_1_280' title='bbox 1112 2097 1268 2163; x_wconf 92' lang='lat' dir='ltr'>potuit</span> <span class='ocrx_word' id='word_1_281' title='bbox 1283 2098 1367 2162; x_wconf 93' lang='lat' dir='ltr'>qui</span> <span class='ocrx_word' id='word_1_282' title='bbox 1391 2097 1666 2145; x_wconf 89' lang='lat' dir='ltr'>servitutem</span> <span class='ocrx_word' id='word_1_283' title='bbox 1690 2096 1805 2161; x_wconf 87' lang='lat' dir='ltr'>legis</span> <span class='ocrx_word' id='word_1_284' title='bbox 1824 2095 1995 2143; x_wconf 82' lang='lat' dir='ltr'>attulit.</span> 
     </span>
    </p>

    <p class='ocr_par' dir='ltr' id='par_1_3' title="bbox 368 2174 2495 3128">
     <span class='ocr_line' id='line_1_23' title="bbox 432 2174 2491 2242; baseline -0 -21"><span class='ocrx_word' id='word_1_285' title='bbox 432 2174 644 2222; x_wconf 83' lang='lat' dir='ltr'>Christus</span> <span class='ocrx_word' id='word_1_286' title='bbox 662 2193 775 2223; x_wconf 90' lang='lat' dir='ltr'>vero</span> <span class='ocrx_word' id='word_1_287' title='bbox 795 2176 943 2224; x_wconf 89' lang='lat' dir='ltr'>factus</span> <span class='ocrx_word' id='word_1_288' title='bbox 958 2193 1048 2242; x_wconf 89' lang='lat' dir='ltr'>pro</span> <span class='ocrx_word' id='word_1_289' title='bbox 1067 2176 1207 2224; x_wconf 91' lang='lat' dir='ltr'>nobis</span> <span class='ocrx_word' id='word_1_290' title='bbox 1224 2176 1523 2237; x_wconf 89' lang='lat' dir='ltr'>maledictus,</span> <span class='ocrx_word' id='word_1_291' title='bbox 1546 2178 1667 2224; x_wconf 89' lang='lat' dir='ltr'>sicut</span> <span class='ocrx_word' id='word_1_292' title='bbox 1687 2177 1836 2224; x_wconf 87' lang='lat' dir='ltr'>factus</span> <span class='ocrx_word' id='word_1_293' title='bbox 1852 2175 2075 2240; x_wconf 88' lang='lat' dir='ltr'>sublege,</span> <span class='ocrx_word' id='word_1_294' title='bbox 2095 2192 2184 2223; x_wconf 93' lang='lat' dir='ltr'>nos</span> <span class='ocrx_word' id='word_1_295' title='bbox 2197 2191 2224 2222; x_wconf 92' lang='lat' dir='ltr'>a</span> <span class='ocrx_word' id='word_1_296' title='bbox 2240 2174 2491 2222; x_wconf 87' lang='lat' dir='ltr'>maledicto</span> 
     </span>
     <span class='ocr_line' id='line_1_24' title="bbox 368 2253 2493 2323; baseline 0 -22"><span class='ocrx_word' id='word_1_297' title='bbox 368 2253 482 2319; x_wconf 87' lang='lat' dir='ltr'>legis</span> <span class='ocrx_word' id='word_1_298' title='bbox 498 2291 511 2316; x_wconf 90' lang='lat'>,</span> <span class='ocrx_word' id='word_1_299' title='bbox 539 2265 585 2303; x_wconf 92' lang='lat' dir='ltr'>et</span> <span class='ocrx_word' id='word_1_300' title='bbox 602 2256 702 2319; x_wconf 91' lang='lat' dir='ltr'>ejus</span> <span class='ocrx_word' id='word_1_301' title='bbox 728 2256 1013 2305; x_wconf 89' lang='lat' dir='ltr'>intolerabili</span> <span class='ocrx_word' id='word_1_302' title='bbox 1033 2258 1149 2322; x_wconf 87' lang='lat' dir='ltr'>jugo</span> <span class='ocrx_word' id='word_1_303' title='bbox 1175 2257 1308 2323; x_wconf 91' lang='lat' dir='ltr'>quod</span> <span class='ocrx_word' id='word_1_304' title='bbox 1333 2259 1568 2323; x_wconf 89' lang='lat' dir='ltr'>suscepit,</span> <span class='ocrx_word' id='word_1_305' title='bbox 1598 2257 1817 2305; x_wconf 82' lang='lat' dir='ltr'>absolvit.</span> <span class='ocrx_word' id='word_1_306' title='bbox 1845 2260 2008 2304; x_wconf 86' lang='lat' dir='ltr'>Factus</span> <span class='ocrx_word' id='word_1_307' title='bbox 2033 2266 2103 2304; x_wconf 86' lang='lat' dir='ltr'>est</span> <span class='ocrx_word' id='word_1_308' title='bbox 2120 2273 2210 2322; x_wconf 90' lang='lat' dir='ltr'>pro</span> <span class='ocrx_word' id='word_1_309' title='bbox 2235 2254 2374 2303; x_wconf 91' lang='lat' dir='ltr'>nobis</span> <span class='ocrx_word' id='word_1_310' title='bbox 2395 2271 2493 2302; x_wconf 89' lang='lat' dir='ltr'>ma-</span> 
     </span>
     <span class='ocr_line' id='line_1_25' title="bbox 368 2332 2491 2402; baseline 0.001 -22"><span class='ocrx_word' id='word_1_311' title='bbox 368 2332 596 2382; x_wconf 87' lang='lat' dir='ltr'>ledictum</span> <span class='ocrx_word' id='word_1_312' title='bbox 613 2336 878 2384; x_wconf 89' lang='lat' dir='ltr'>secundum</span> <span class='ocrx_word' id='word_1_313' title='bbox 905 2337 1058 2401; x_wconf 87' lang='lat' dir='ltr'>legem</span> <span class='ocrx_word' id='word_1_314' title='bbox 1072 2373 1084 2397; x_wconf 91' lang='lat'>,</span> <span class='ocrx_word' id='word_1_315' title='bbox 1107 2337 1224 2385; x_wconf 92' lang='lat' dir='ltr'>dum</span> <span class='ocrx_word' id='word_1_316' title='bbox 1243 2338 1618 2402; x_wconf 86' lang='lat' dir='ltr'>ignominiosum</span> <span class='ocrx_word' id='word_1_317' title='bbox 1635 2338 1787 2385; x_wconf 86' lang='lat' dir='ltr'>crucis</span> <span class='ocrx_word' id='word_1_318' title='bbox 1805 2336 2072 2402; x_wconf 88' lang='lat' dir='ltr'>patibulum</span> <span class='ocrx_word' id='word_1_319' title='bbox 2092 2336 2334 2396; x_wconf 89' lang='lat' dir='ltr'>sustinuit,</span> <span class='ocrx_word' id='word_1_320' title='bbox 2361 2335 2491 2400; x_wconf 86' lang='lat' dir='ltr'>quod</span> 
     </span>
     <span class='ocr_line' id='line_1_26' title="bbox 371 2414 2493 2481; baseline 0 -21"><span class='ocrx_word' id='word_1_321' title='bbox 371 2414 420 2461; x_wconf 91' lang='lat' dir='ltr'>in</span> <span class='ocrx_word' id='word_1_322' title='bbox 445 2414 829 2464; x_wconf 84' lang='lat' dir='ltr'>maledictionem</span> <span class='ocrx_word' id='word_1_323' title='bbox 843 2453 855 2475; x_wconf 95' lang='lat'>,</span> <span class='ocrx_word' id='word_1_324' title='bbox 878 2417 972 2464; x_wconf 88' lang='lat' dir='ltr'>hoc</span> <span class='ocrx_word' id='word_1_325' title='bbox 998 2426 1068 2464; x_wconf 89' lang='lat' dir='ltr'>est</span> <span class='ocrx_word' id='word_1_326' title='bbox 1084 2434 1278 2481; x_wconf 90' lang='lat' dir='ltr'>poenam</span> <span class='ocrx_word' id='word_1_327' title='bbox 1297 2434 1514 2476; x_wconf 90' lang='lat' dir='ltr'>reorum,</span> <span class='ocrx_word' id='word_1_328' title='bbox 1542 2418 1841 2481; x_wconf 83' lang='lat' dir='ltr'>maximeque</span> <span class='ocrx_word' id='word_1_329' title='bbox 1859 2416 2250 2481; x_wconf 90' lang='lat' dir='ltr'>blasphemorum</span> <span class='ocrx_word' id='word_1_330' title='bbox 2268 2415 2344 2462; x_wconf 88' lang='lat' dir='ltr'>lex</span> <span class='ocrx_word' id='word_1_331' title='bbox 2362 2415 2493 2462; x_wconf 90' lang='lat' dir='ltr'>insti-</span> 
     </span>
     <span class='ocr_line' id='line_1_27' title="bbox 373 2494 2495 2559; baseline 0 -20"><span class='ocrx_word' id='word_1_332' title='bbox 373 2502 542 2540; x_wconf 88' lang='lat' dir='ltr'>tuerat.</span> <span class='ocrx_word' id='word_1_333' title='bbox 564 2496 696 2540; x_wconf 90' lang='lat' dir='ltr'>Hanc</span> <span class='ocrx_word' id='word_1_334' title='bbox 715 2510 827 2557; x_wconf 85' lang='lat' dir='ltr'>ergo</span> <span class='ocrx_word' id='word_1_335' title='bbox 843 2494 958 2558; x_wconf 88' lang='lat' dir='ltr'>legis</span> <span class='ocrx_word' id='word_1_336' title='bbox 973 2494 1357 2542; x_wconf 89' lang='lat' dir='ltr'>maledictionem</span> <span class='ocrx_word' id='word_1_337' title='bbox 1372 2532 1384 2555; x_wconf 93' lang='lat'>,</span> <span class='ocrx_word' id='word_1_338' title='bbox 1408 2496 1502 2542; x_wconf 93' lang='lat' dir='ltr'>hoc</span> <span class='ocrx_word' id='word_1_339' title='bbox 1525 2505 1595 2542; x_wconf 86' lang='lat' dir='ltr'>est</span> <span class='ocrx_word' id='word_1_340' title='bbox 1612 2511 1804 2559; x_wconf 88' lang='lat' dir='ltr'>poenam</span> <span class='ocrx_word' id='word_1_341' title='bbox 1822 2494 2038 2553; x_wconf 89' lang='lat' dir='ltr'>subiens,</span> <span class='ocrx_word' id='word_1_342' title='bbox 2061 2494 2122 2541; x_wconf 90' lang='lat' dir='ltr'>ab</span> <span class='ocrx_word' id='word_1_343' title='bbox 2142 2495 2364 2541; x_wconf 89' lang='lat' dir='ltr'>universo</span> <span class='ocrx_word' id='word_1_344' title='bbox 2380 2494 2495 2556; x_wconf 86' lang='lat' dir='ltr'>&#39;legis</span> 
     </span>
     <span class='ocr_line' id='line_1_28' title="bbox 372 2572 2494 2641; baseline 0.001 -21"><span class='ocrx_word' id='word_1_345' title='bbox 372 2572 628 2627; x_wconf 82' lang='lat' dir='ltr'>maledicto</span> <span class='ocrx_word' id='word_1_346' title='bbox 650 2590 740 2621; x_wconf 89' lang='lat' dir='ltr'>nos</span> <span class='ocrx_word' id='word_1_347' title='bbox 764 2573 966 2622; x_wconf 89' lang='lat' dir='ltr'>absolvit</span> <span class='ocrx_word' id='word_1_348' title='bbox 981 2610 993 2634; x_wconf 91' lang='lat'>,</span> <span class='ocrx_word' id='word_1_349' title='bbox 1020 2584 1073 2622; x_wconf 91' lang='lat' dir='ltr'>ut</span> <span class='ocrx_word' id='word_1_350' title='bbox 1085 2575 1187 2638; x_wconf 90' lang='lat' dir='ltr'>jam</span> <span class='ocrx_word' id='word_1_351' title='bbox 1211 2592 1357 2622; x_wconf 91' lang='lat' dir='ltr'>nemo</span> <span class='ocrx_word' id='word_1_352' title='bbox 1380 2586 1599 2628; x_wconf 87' lang='lat' dir='ltr'>nostrum</span> <span class='ocrx_word' id='word_1_353' title='bbox 1618 2574 1853 2639; x_wconf 90' lang='lat' dir='ltr'>quidquid</span> <span class='ocrx_word' id='word_1_354' title='bbox 1869 2574 2138 2639; x_wconf 90' lang='lat' dir='ltr'>delinquat,</span> <span class='ocrx_word' id='word_1_355' title='bbox 2158 2586 2355 2640; x_wconf 88' lang='lat' dir='ltr'>propter</span> <span class='ocrx_word' id='word_1_356' title='bbox 2376 2592 2494 2641; x_wconf 83' lang='lat' dir='ltr'>prae·</span> 
     </span>
     <span class='ocr_line' id='line_1_29' title="bbox 372 2650 2495 2719; baseline 0 -20"><span class='ocrx_word' id='word_1_357' title='bbox 372 2661 562 2716; x_wconf 89' lang='lat' dir='ltr'>ceptum</span> <span class='ocrx_word' id='word_1_358' title='bbox 591 2650 706 2716; x_wconf 87' lang='lat' dir='ltr'>legis</span> <span class='ocrx_word' id='word_1_359' title='bbox 730 2651 902 2700; x_wconf 89' lang='lat' dir='ltr'>debeat</span> <span class='ocrx_word' id='word_1_360' title='bbox 928 2652 1119 2717; x_wconf 89' lang='lat' dir='ltr'>puniri;</span> <span class='ocrx_word' id='word_1_361' title='bbox 1146 2654 1391 2718; x_wconf 86' lang='lat' dir='ltr'>magisque</span> <span class='ocrx_word' id='word_1_362' title='bbox 1421 2654 1567 2702; x_wconf 90' lang='lat' dir='ltr'>seculi</span> <span class='ocrx_word' id='word_1_363' title='bbox 1593 2654 1720 2719; x_wconf 89' lang='lat' dir='ltr'>leges</span> <span class='ocrx_word' id='word_1_364' title='bbox 1746 2654 1808 2702; x_wconf 90' lang='lat' dir='ltr'>ad</span> <span class='ocrx_word' id='word_1_365' title='bbox 1832 2654 2090 2701; x_wconf 87' lang='lat' dir='ltr'>vindictam</span> <span class='ocrx_word' id='word_1_366' title='bbox 2121 2653 2357 2701; x_wconf 90' lang='lat' dir='ltr'>malorum</span> <span class='ocrx_word' id='word_1_367' title='bbox 2385 2662 2495 2701; x_wconf 88' lang='lat' dir='ltr'>sunt</span> 
     </span>
     <span class='ocr_line' id='line_1_30' title="bbox 372 2733 2494 2801; baseline 0.001 -22"><span class='ocrx_word' id='word_1_368' title='bbox 372 2742 643 2794; x_wconf 78' lang='lat' dir='ltr'>reservatae,</span> <span class='ocrx_word' id='word_1_369' title='bbox 671 2749 817 2797; x_wconf 89' lang='lat' dir='ltr'>quam</span> <span class='ocrx_word' id='word_1_370' title='bbox 846 2733 921 2780; x_wconf 90' lang='lat' dir='ltr'>lex</span> <span class='ocrx_word' id='word_1_371' title='bbox 946 2733 1132 2795; x_wconf 86' lang='lat' dir='ltr'>divina,</span> <span class='ocrx_word' id='word_1_372' title='bbox 1160 2744 1208 2782; x_wconf 90' lang='lat' dir='ltr'>et</span> <span class='ocrx_word' id='word_1_373' title='bbox 1237 2735 1449 2783; x_wconf 89' lang='lat' dir='ltr'>instituta</span> <span class='ocrx_word' id='word_1_374' title='bbox 1479 2736 1669 2784; x_wconf 84' lang='lat' dir='ltr'>Caesaris</span> <span class='ocrx_word' id='word_1_375' title='bbox 1695 2737 1853 2801; x_wconf 91' lang='lat' dir='ltr'>potius</span> <span class='ocrx_word' id='word_1_376' title='bbox 1872 2752 2017 2800; x_wconf 91' lang='lat' dir='ltr'>quam</span> <span class='ocrx_word' id='word_1_377' title='bbox 2042 2736 2130 2783; x_wconf 89' lang='lat' dir='ltr'>Dei</span> <span class='ocrx_word' id='word_1_378' title='bbox 2154 2754 2163 2782; x_wconf 73' lang='grc' dir='ltr'><strong><em>ε</em></strong></span> <span class='ocrx_word' id='word_1_379' title='bbox 2194 2752 2254 2783; x_wconf 92' lang='lat' dir='ltr'>ne</span> <span class='ocrx_word' id='word_1_380' title='bbox 2277 2735 2494 2783; x_wconf 85' lang='lat' dir='ltr'>videlicet</span> 
     </span>
     <span class='ocr_line' id='line_1_31' title="bbox 373 2813 2492 2883; baseline 0.004 -23"><span class='ocrx_word' id='word_1_381' title='bbox 373 2813 606 2878; x_wconf 91' lang='lat' dir='ltr'>superbus</span> <span class='ocrx_word' id='word_1_382' title='bbox 628 2813 705 2861; x_wconf 90' lang='lat' dir='ltr'>ille</span> <span class='ocrx_word' id='word_1_383' title='bbox 729 2813 1002 2863; x_wconf 80' lang='lat' dir='ltr'>Judaeorum</span> <span class='ocrx_word' id='word_1_384' title='bbox 1030 2815 1237 2881; x_wconf 90' lang='lat' dir='ltr'>populus</span> <span class='ocrx_word' id='word_1_385' title='bbox 1264 2816 1438 2864; x_wconf 89' lang='lat' dir='ltr'>habeat</span> <span class='ocrx_word' id='word_1_386' title='bbox 1461 2817 1640 2882; x_wconf 91' lang='lat' dir='ltr'>aliquid</span> <span class='ocrx_word' id='word_1_387' title='bbox 1665 2817 1795 2865; x_wconf 89' lang='lat' dir='ltr'>unde</span> <span class='ocrx_word' id='word_1_388' title='bbox 1818 2818 1966 2883; x_wconf 85' lang='lat' dir='ltr'>pos&#39;sit</span> <span class='ocrx_word' id='word_1_389' title='bbox 1990 2817 2196 2882; x_wconf 88' lang='lat' dir='ltr'>gloriari.</span> <span class='ocrx_word' id='word_1_390' title='bbox 2219 2821 2312 2865; x_wconf 92' lang='lat' dir='ltr'>Has</span> <span class='ocrx_word' id='word_1_391' title='bbox 2337 2827 2492 2868; x_wconf 87' lang='lat' dir='ltr'>tamen</span> 
     </span>
     <span class='ocr_line' id='line_1_32' title="bbox 373 2894 2494 2965; baseline 0.003 -23"><span class='ocrx_word' id='word_1_392' title='bbox 373 2894 520 2943; x_wconf 89' lang='lat' dir='ltr'>seculi</span> <span class='ocrx_word' id='word_1_393' title='bbox 551 2895 678 2960; x_wconf 89' lang='lat' dir='ltr'>leges</span> <span class='ocrx_word' id='word_1_394' title='bbox 709 2910 1013 2960; x_wconf 89' lang='lat' dir='ltr'>nequaquam</span> <span class='ocrx_word' id='word_1_395' title='bbox 1037 2896 1214 2960; x_wconf 90' lang='lat' dir='ltr'>jussas,</span> <span class='ocrx_word' id='word_1_396' title='bbox 1244 2897 1328 2946; x_wconf 92' lang='lat' dir='ltr'>sed</span> <span class='ocrx_word' id='word_1_397' title='bbox 1352 2899 1606 2963; x_wconf 88' lang='lat' dir='ltr'>permissas</span> <span class='ocrx_word' id='word_1_398' title='bbox 1640 2899 1913 2947; x_wconf 86' lang='lat' dir='ltr'>Christianis</span> <span class='ocrx_word' id='word_1_399' title='bbox 1946 2899 2272 2965; x_wconf 83' lang='lat' dir='ltr'>intelligimus,</span> <span class='ocrx_word' id='word_1_400' title='bbox 2323 2910 2374 2947; x_wconf 90' lang='lat' dir='ltr'>ut</span> <span class='ocrx_word' id='word_1_401' title='bbox 2408 2904 2494 2949; x_wconf 91' lang='lat' dir='ltr'>mi-</span> 
     </span>
     <span class='ocr_line' id='line_1_33' title="bbox 373 2977 2495 3046; baseline 0.003 -22"><span class='ocrx_word' id='word_1_402' title='bbox 373 2977 640 3026; x_wconf 82' lang='lat' dir='ltr'>sericordiae</span> <span class='ocrx_word' id='word_1_403' title='bbox 667 2977 800 3025; x_wconf 91' lang='lat' dir='ltr'>locus</span> <span class='ocrx_word' id='word_1_404' title='bbox 825 2987 1106 3026; x_wconf 83' lang='lat' dir='ltr'>reservetur.</span> <span class='ocrx_word' id='word_1_405' title='bbox 1136 2979 1282 3037; x_wconf 87' lang='lat' dir='ltr'>Quod</span> <span class='ocrx_word' id='word_1_406' title='bbox 1308 2996 1611 3045; x_wconf 89' lang='lat' dir='ltr'>nequaquam</span> <span class='ocrx_word' id='word_1_407' title='bbox 1634 2981 1683 3028; x_wconf 92' lang='lat' dir='ltr'>in</span> <span class='ocrx_word' id='word_1_408' title='bbox 1708 2981 1809 3045; x_wconf 84' lang='lat' dir='ltr'>lege</span> <span class='ocrx_word' id='word_1_409' title='bbox 1834 2981 2030 3041; x_wconf 88' lang='lat' dir='ltr'>licebat,</span> <span class='ocrx_word' id='word_1_410' title='bbox 2052 2998 2156 3046; x_wconf 86' lang='lat' dir='ltr'>quae</span> <span class='ocrx_word' id='word_1_411' title='bbox 2182 2981 2243 3029; x_wconf 91' lang='lat' dir='ltr'>ad</span> <span class='ocrx_word' id='word_1_412' title='bbox 2266 2982 2495 3033; x_wconf 87' lang='lat' dir='ltr'>vindictas</span> 
     </span>
     <span class='ocr_line' id='line_1_34' title="bbox 375 3058 2494 3128; baseline 0.003 -22"><span class='ocrx_word' id='word_1_413' title='bbox 375 3075 543 3107; x_wconf 91' lang='lat' dir='ltr'>omues</span> <span class='ocrx_word' id='word_1_414' title='bbox 566 3076 623 3107; x_wconf 87' lang='lat' dir='ltr'>ex</span> <span class='ocrx_word' id='word_1_415' title='bbox 642 3069 879 3124; x_wconf 83' lang='lat' dir='ltr'>praecepto</span> <span class='ocrx_word' id='word_1_416' title='bbox 898 3058 1124 3123; x_wconf 89' lang='lat' dir='ltr'>cogebat,</span> <span class='ocrx_word' id='word_1_417' title='bbox 1153 3077 1304 3125; x_wconf 89' lang='lat' dir='ltr'>quum</span> <span class='ocrx_word' id='word_1_418' title='bbox 1323 3061 1510 3108; x_wconf 91' lang='lat' dir='ltr'>nullum</span> <span class='ocrx_word' id='word_1_419' title='bbox 1535 3062 1754 3110; x_wconf 73' lang='lat' dir='ltr'>vindictae</span> <span class='ocrx_word' id='word_1_420' title='bbox 1780 3072 2068 3128; x_wconf 80' lang='lat' dir='ltr'>praeceptum</span> <span class='ocrx_word' id='word_1_421' title='bbox 2083 3099 2095 3123; x_wconf 94' lang='lat'>,</span> <span class='ocrx_word' id='word_1_422' title='bbox 2119 3063 2203 3111; x_wconf 93' lang='lat' dir='ltr'>sed</span> <span class='ocrx_word' id='word_1_423' title='bbox 2229 3065 2494 3113; x_wconf 89' lang='lat' dir='ltr'>misericor-</span> 
     </span>
    </p>

    <p class='ocr_par' dir='ltr' id='par_1_4' title="bbox 350 3138 2495 3286">
     <span class='ocr_line' id='line_1_35' title="bbox 350 3138 2495 3208; baseline 0.003 -22"><span class='ocrx_word' id='word_1_424' title='bbox 350 3138 463 3186; x_wconf 83' lang='lat' dir='ltr'>-diae</span> <span class='ocrx_word' id='word_1_425' title='bbox 489 3149 674 3186; x_wconf 84' lang='lat' dir='ltr'>tantum</span> <span class='ocrx_word' id='word_1_426' title='bbox 705 3155 887 3187; x_wconf 87' lang='lat' dir='ltr'>novum</span> <span class='ocrx_word' id='word_1_427' title='bbox 910 3138 1083 3187; x_wconf 88' lang='lat' dir='ltr'>habeat</span> <span class='ocrx_word' id='word_1_428' title='bbox 1110 3149 1469 3201; x_wconf 88' lang='lat' dir='ltr'>testamentum,</span> <span class='ocrx_word' id='word_1_429' title='bbox 1498 3158 1589 3189; x_wconf 90' lang='lat' dir='ltr'>nec</span> <span class='ocrx_word' id='word_1_430' title='bbox 1614 3142 1785 3189; x_wconf 86' lang='lat' dir='ltr'>timore</span> <span class='ocrx_word' id='word_1_431' title='bbox 1810 3158 1987 3206; x_wconf 86' lang='lat' dir='ltr'>poenae,</span> <span class='ocrx_word' id='word_1_432' title='bbox 2016 3142 2099 3190; x_wconf 91' lang='lat' dir='ltr'>sed</span> <span class='ocrx_word' id='word_1_433' title='bbox 2124 3159 2287 3191; x_wconf 90' lang='lat' dir='ltr'>amore</span> <span class='ocrx_word' id='word_1_434' title='bbox 2307 3145 2495 3208; x_wconf 65' lang='lat' dir='ltr'>justitiae</span> 
     </span>
     <span class='ocr_line' id='line_1_36' title="bbox 377 3217 2492 3286; baseline 0.004 -23"><span class='ocrx_word' id='word_1_435' title='bbox 377 3217 602 3266; x_wconf 85' lang='lat' dir='ltr'>malitiam</span> <span class='ocrx_word' id='word_1_436' title='bbox 634 3219 863 3284; x_wconf 88' lang='lat' dir='ltr'>reprimit.</span> <span class='ocrx_word' id='word_1_437' title='bbox 893 3221 1043 3266; x_wconf 90' lang='lat' dir='ltr'>Nemo</span> <span class='ocrx_word' id='word_1_438' title='bbox 1075 3220 1253 3286; x_wconf 91' lang='lat' dir='ltr'>quippe</span> <span class='ocrx_word' id='word_1_439' title='bbox 1283 3230 1380 3268; x_wconf 89' lang='lat' dir='ltr'>tam</span> <span class='ocrx_word' id='word_1_440' title='bbox 1413 3221 1644 3268; x_wconf 91' lang='lat' dir='ltr'>innocens</span> <span class='ocrx_word' id='word_1_441' title='bbox 1668 3230 1738 3268; x_wconf 91' lang='lat' dir='ltr'>est</span> <span class='ocrx_word' id='word_1_442' title='bbox 1758 3220 2011 3282; x_wconf 91' lang='lat' dir='ltr'>dicendus,</span> <span class='ocrx_word' id='word_1_443' title='bbox 2051 3223 2134 3286; x_wconf 92' lang='lat' dir='ltr'>qui</span> <span class='ocrx_word' id='word_1_444' title='bbox 2166 3223 2358 3284; x_wconf 89' lang='lat' dir='ltr'>timore,</span> <span class='ocrx_word' id='word_1_445' title='bbox 2394 3240 2492 3271; x_wconf 88' lang='lat' dir='ltr'>non</span> 
     </span>
    </p>
   </div>
   <div class='ocr_carea' id='block_1_3' title="bbox 379 3363 2493 3522">
    <p class='ocr_par' dir='ltr' id='par_1_5' title="bbox 379 3363 2493 3522">
     <span class='ocr_line' id='line_1_37' title="bbox 426 3363 2493 3411; baseline 0.002 -16"><span class='ocrx_word' id='word_1_446' title='bbox 426 3363 433 3381; x_wconf 90' lang='lat'><strong>¹</strong></span> <span class='ocrx_word' id='word_1_447' title='bbox 460 3364 598 3405; x_wconf 64' lang='lat' dir='ltr'>Ephesi„</span> <span class='ocrx_word' id='word_1_448' title='bbox 614 3373 689 3409; x_wconf 83' lang='lat' dir='ltr'>cap.</span> <span class='ocrx_word' id='word_1_449' title='bbox 706 3375 754 3405; x_wconf 75' lang='lat' dir='ltr'>vt,</span> <span class='ocrx_word' id='word_1_450' title='bbox 771 3375 803 3398; x_wconf 84' lang='lat' dir='ltr'>v.</span> <span class='ocrx_word' id='word_1_451' title='bbox 820 3366 906 3398; x_wconf 86' lang='lat'>5.—</span> <span class='ocrx_word' id='word_1_452' title='bbox 921 3364 934 3381; x_wconf 81' lang='lat'><strong>¹</strong></span> <span class='ocrx_word' id='word_1_453' title='bbox 950 3365 1095 3404; x_wconf 71' lang='lat' dir='ltr'>Denter„</span> <span class='ocrx_word' id='word_1_454' title='bbox 1109 3376 1183 3409; x_wconf 83' lang='lat' dir='ltr'>cap.</span> <span class='ocrx_word' id='word_1_455' title='bbox 1201 3376 1230 3398; x_wconf 77' lang='lat' dir='ltr'>vi</span> <span class='ocrx_word' id='word_1_456' title='bbox 1242 3390 1251 3406; x_wconf 90' lang='lat'>‚</span> <span class='ocrx_word' id='word_1_457' title='bbox 1268 3376 1299 3398; x_wconf 85' lang='lat' dir='ltr'>v.</span> <span class='ocrx_word' id='word_1_458' title='bbox 1320 3368 1409 3406; x_wconf 73' lang='lat'><strong>133—</strong></span> <span class='ocrx_word' id='word_1_459' title='bbox 1464 3365 1477 3384; x_wconf 78' lang='lat'><strong>⁰</strong></span> <span class='ocrx_word' id='word_1_460' title='bbox 1496 3367 1587 3400; x_wconf 79' lang='lat' dir='ltr'>Isaiae</span> <span class='ocrx_word' id='word_1_461' title='bbox 1606 3376 1678 3409; x_wconf 87' lang='lat' dir='ltr'>cap.</span> <span class='ocrx_word' id='word_1_462' title='bbox 1707 3377 1780 3405; x_wconf 62' lang='lat' dir='ltr'>mxv,</span> <span class='ocrx_word' id='word_1_463' title='bbox 1809 3376 1840 3399; x_wconf 82' lang='grc' dir='ltr'>ν.</span> <span class='ocrx_word' id='word_1_464' title='bbox 1867 3367 1919 3399; x_wconf 87' lang='grc'>15.</span> <span class='ocrx_word' id='word_1_465' title='bbox 1934 3385 1975 3391; x_wconf 90' lang='lat'>--—</span> <span class='ocrx_word' id='word_1_466' title='bbox 1991 3367 2003 3384; x_wconf 91' lang='lat'>⁷</span> <span class='ocrx_word' id='word_1_467' title='bbox 2017 3367 2127 3410; x_wconf 82' lang='lat' dir='ltr'>Joan.,</span> <span class='ocrx_word' id='word_1_468' title='bbox 2151 3377 2223 3411; x_wconf 81' lang='lat' dir='ltr'>cap.</span> <span class='ocrx_word' id='word_1_469' title='bbox 2251 3378 2305 3407; x_wconf 86' lang='lat' dir='ltr'>xv,</span> <span class='ocrx_word' id='word_1_470' title='bbox 2330 3378 2359 3400; x_wconf 90' lang='lat' dir='ltr'>v.</span> <span class='ocrx_word' id='word_1_471' title='bbox 2386 3368 2436 3400; x_wconf 85' lang='grc'>15.</span> <span class='ocrx_word' id='word_1_472' title='bbox 2453 3386 2493 3391; x_wconf 89' lang='grc'><strong>-</strong></span> 
     </span>
     <span class='ocr_line' id='line_1_38' title="bbox 379 3418 1913 3466; baseline 0.003 -15"><span class='ocrx_word' id='word_1_473' title='bbox 379 3418 507 3460; x_wconf 67' lang='lat' dir='ltr'>nauh„</span> <span class='ocrx_word' id='word_1_474' title='bbox 521 3430 594 3464; x_wconf 88' lang='lat' dir='ltr'>cap.</span> <span class='ocrx_word' id='word_1_475' title='bbox 613 3432 656 3461; x_wconf 75' lang='lat' dir='ltr'>iv,</span> <span class='ocrx_word' id='word_1_476' title='bbox 670 3431 701 3454; x_wconf 91' lang='lat' dir='ltr'>v.</span> <span class='ocrx_word' id='word_1_477' title='bbox 723 3423 775 3454; x_wconf 87' lang='grc'>10.</span> <span class='ocrx_word' id='word_1_478' title='bbox 794 3439 835 3445; x_wconf 89' lang='grc'><strong>-</strong></span> <span class='ocrx_word' id='word_1_479' title='bbox 853 3421 866 3438; x_wconf 79' lang='lat'>⁵</span> <span class='ocrx_word' id='word_1_480' title='bbox 885 3422 994 3462; x_wconf 82' lang='lat' dir='ltr'>Joan.,</span> <span class='ocrx_word' id='word_1_481' title='bbox 1008 3431 1080 3465; x_wconf 84' lang='lat' dir='ltr'>cap.</span> <span class='ocrx_word' id='word_1_482' title='bbox 1098 3432 1125 3463; x_wconf 81' lang='grc' dir='ltr'>ι,</span> <span class='ocrx_word' id='word_1_483' title='bbox 1143 3432 1174 3455; x_wconf 87' lang='lat' dir='ltr'>v.</span> <span class='ocrx_word' id='word_1_484' title='bbox 1198 3424 1231 3453; x_wconf 92' lang='grc'>11</span> <span class='ocrx_word' id='word_1_485' title='bbox 1252 3429 1285 3455; x_wconf 82' lang='lat' dir='ltr'>et</span> <span class='ocrx_word' id='word_1_486' title='bbox 1304 3423 1410 3455; x_wconf 75' lang='lat'>¹2.—</span> <span class='ocrx_word' id='word_1_487' title='bbox 1466 3422 1478 3441; x_wconf 79' lang='lat'>⁸</span> <span class='ocrx_word' id='word_1_488' title='bbox 1494 3423 1603 3463; x_wconf 78' lang='lat' dir='ltr'>Joan..</span> <span class='ocrx_word' id='word_1_489' title='bbox 1622 3433 1696 3466; x_wconf 84' lang='lat' dir='ltr'>cap.</span> <span class='ocrx_word' id='word_1_490' title='bbox 1718 3433 1791 3463; x_wconf 83' lang='lat' dir='ltr'>vm,</span> <span class='ocrx_word' id='word_1_491' title='bbox 1810 3432 1840 3457; x_wconf 89' lang='lat' dir='ltr'>v.</span> <span class='ocrx_word' id='word_1_492' title='bbox 1861 3423 1913 3456; x_wconf 86' lang='grc'>36.</span> 
     </span>
     <span class='ocr_line' id='line_1_39' title="bbox 382 3474 1413 3522; baseline 0.004 -14"><span class='ocrx_word' id='word_1_493' title='bbox 382 3474 396 3491; x_wconf 79' lang='lat'><strong>⁴</strong></span> <span class='ocrx_word' id='word_1_494' title='bbox 415 3476 529 3516; x_wconf 68' lang='lat' dir='ltr'>Helm,</span> <span class='ocrx_word' id='word_1_495' title='bbox 549 3486 623 3520; x_wconf 80' lang='lat' dir='ltr'>cap.</span> <span class='ocrx_word' id='word_1_496' title='bbox 652 3488 693 3519; x_wconf 86' lang='lat' dir='ltr'>u,</span> <span class='ocrx_word' id='word_1_497' title='bbox 720 3489 751 3512; x_wconf 88' lang='lat' dir='ltr'>v.</span> <span class='ocrx_word' id='word_1_498' title='bbox 773 3479 826 3511; x_wconf 87' lang='grc'>12.</span> <span class='ocrx_word' id='word_1_499' title='bbox 841 3478 911 3504; x_wconf 81' lang='grc'>-“</span> <span class='ocrx_word' id='word_1_500' title='bbox 927 3478 1037 3521; x_wconf 68' lang='lat' dir='ltr'>Joan„</span> <span class='ocrx_word' id='word_1_501' title='bbox 1066 3488 1138 3522; x_wconf 80' lang='lat' dir='ltr'>cap.</span> <span class='ocrx_word' id='word_1_502' title='bbox 1160 3489 1225 3521; x_wconf 84' lang='lat' dir='ltr'>xx,</span> <span class='ocrx_word' id='word_1_503' title='bbox 1244 3489 1274 3512; x_wconf 87' lang='lat' dir='ltr'>v.</span> <span class='ocrx_word' id='word_1_504' title='bbox 1302 3480 1413 3512; x_wconf 77' lang='lat'>17.—</span> 
     </span>
    </p>
   </div>
  </div>
 </body>
</html>
