2970 4152
868 425 986 473 CUM
1019 424 1191 473 PETRI
1224 418 1546 472 ABAELARDI'
1571 421 2001 470 SOLUTlONlBUS.
2393 420 2488 468 263

383 523 594 570 humana
618 520 889 586 compassio
899 529 980 567 sest
1006 536 1073 573 ex,
1092 518 1291 566 miseriis
1314 517 1810 582 aliorum-progressa,
1838 532 1931 579 qua
1957 532 2013 563 ex
2043 514 2314 562 infirmitate
2340 515 2492 563 animi

385 602 532 666 magis
555 616 701 666 quam
720 616 785 648 ex
801 599 973 648 ’virtute
1002 614 1168 663 poenas
1194 595 1508 648 abhorremus
1519 617 1549 655 ,-·
1561 612 1626 643 ‚ex
1658 595 1751 657 hoc
1789 611 1887 642 uno
1924 594 2057 659 quod
2090 593 2349 659 patientem
2372 592 2501 639 affli-

384 690 528 746 gunt,
564 690 947 743 tamveasqsgquae
983 685 1113 725 sunt]
1124 677 1287 742 justae,
1322 691 1475 740 quam
1508 691 1614 740 quae
1650 675 1850 737 injustae.
1887 674 2022 723 Talisss
2042 673 2193 721 animi
2223 672 2501 737 compassio¹

384 760 635 821 naturalis,
660 761 759 808 sive
782 757 1023 807 rationalis
1039 758 1123 818 rsit,
1147 757 1252 820 sive
1270 756 1467 805 minime
1478 781 1498 815 ,-
1510 745 1841 805 misericordia
1856 755 2049 819 proprie
2070 753 2258 812 dicitur,
2277 761 2394 801 teste
2412 753 2491 799 Se-

383 839 1032 898 neffl¹..Clementia÷autem,
1064 854 1169 902 quae
1190 836 1287 884 hoc
1311 836 1420 884 loco'
1444 835 1571 883 dicta
1591 845 1663 883 est
1685 834 2039 893 misericordia,
2067 832 2356 883 rationabilis
2386 841 2489 879 tan·

383 930 487 968 tum
510 919 683 971 dicitur
702 917 997 983 compassio,
1028 933 1117 981 per
1140 915 1529 984 quamwidelicet
1552 915 1619 962 eis
1642 913 1894 961 subvenire
1923 913 2170 973 volumus,
2193 911 2375 976 -quibus
2404 911 2491 959 de-

383 1000 568 1049 bemus.
598 999 825 1064 Quisquis·
842 997 1073 1062 justitiam
1096 997 1241 1044 habet
1268 983 1369 1044 sine
1394 995 1742 1057 misericordia,
1773 1005 1824 1041 ut
1846 993 2064 1041 videlicet
2085 993 2325 1042 vindicare
2347 991 2486 1050 velit,

382 1097 476 1128 nec
484 1095 684 1146 poenamx
693 1078 919 1139 relaxare,
939 1077 1143 1125 crudelis
1157 1087 1242 1124 est.
1270 1077 1352 1124 Sin
1377 1087 1537 1125 autem
1557 1091 1856 1147 econverso,
1877 1074 2097 1121 remissus
2110 1083 2194 1121 est.v
2214 1071 2350 1119 Unde
2364 1071 2489 1119 bene

381 1160 617 1208 Dominus
639 1157 876 1207 hoozloco
907 1166 1148 1206 rectorum
1178 1172 1337 1204 mores
1359 1157 1623 1216 instruens,
1656 1170 1905 1219 nunquam
1923 1154 2153 1218 justitiam
2182 1153 2283 1203 sine
2307 1152 2487 1199 miseri·

380 1239 544 1287 cordia
567 1237 774 1287 exerceri
797 1236 1061 1303 approbat3
1089 1236 1294 1300 ideoque
1315 1235 1411 1283 hoc
1434 1235 1544 1284 loco
1572 1245 1798 1300 tanquam
1830 1233 2163 1299 inseparabiles
2192 1232 2390 1281 comites
2411 1242 2489 1278 'eas

379 1317 469 1366 sihi
493 1318 661 1366 sociat.-
685 1319 1027 1365 Potest-‘autem
1052 1316 1267 1364 remissio
1292 1331 1445 1381 poenae
1462 1316 1512 1362 in
1537 1315 1611 1363 his
1639 1315 1810 1374 etiam,
1832 1314 1917 1378 qui
1934 1312 2233 1371 occiduntur,
2260 1310 2490 1358 nonnulla

378 1414 509 1459 esse»,
546 1398 586 1445 si
619 1397 839 1446 videlicet
862 1413 942 1445 eas
976 1396 1253 1444 abbreviare
1266 1431 1278 1455 ,
1313 1395 1389 1444 vel
1423 1412 1572 1460 genus
1606 1396 1773 1442 mortis
1808 1395 1956 1442 levius
1991 1393 2162 1457 eligere
2191 1391 2483 1457 studeamus.

379 1478 598 1543 Alioquin
635 1477 766 1525 illam
789 1477 1075 1525 incurrimus
1107 1475 1392 1524 sententiam
1408 1477 1454 1522 ³:
1481 1495 1504 1521 «
1528 1479 1553 1522 J
1557 1475 1764 1545 udicium
1796 1475 1897 1522 sine
1931 1471 2251 1521 misericordia
2276 1471 2368 1531 illi,
2405 1473 2487 1536 qui

378 1575 477 1617 non
506 1558 616 1606 facit
636 1557 1025 1605 misericordiam.
1048 1575 1073 1601 »
1098 1556 1344 1604 Contraria
1368 1557 1545 1621 quippe
1570 1556 1817 1604 contrariis
1841 1555 2155 1613 conveniunt,
2182 1563 2237 1601 ut
2272 1551 2491 1604 videlicet

378 1637 788 1703 quemadmodum
825 1633 1153 1683 misericordes
1187 1634 1509 1681 misericordia
1539 1644 1650 1682 sunt
1683 1633 1842 1698 digni,
1871 1634 1936 1680 ita
1967 1631 2363 1681 immisericordes
2396 1631 2487 1678 hac

379 1725 652 1764 mereantur
673 1715 865 1780 privari.
892 1713 1111 1776 Denique
1130 1721 1240 1776 post
1262 1711 1562 1758 continentes
1585 1722 1634 1758 et
1650 1722 1857 1759 rectores
1880 1712 1942 1759 ad
1964 1711 2240 1775 conjugatos
2264 1711 2481 1769 veniens,

378 1796 442 1843 ait:
456 1798 471 1822 ⁸
492 1813 505 1842 ε
536 1814 561 1839 «
580 1794 709 1842 Beati
733 1792 917 1840 mundo
935 1791 1098 1840 corde.
1123 1810 1147 1836 η
1176 1793 1339 1849 Quum
1355 1792 1419 1839 ait
1443 1791 1588 1838 corde
1606 1801 1653 1839 et
1677 1808 1775 1839 non
1800 1808 2002 1856 corpore
2017 1827 2030 1851 ‚
2050 1792 2194 1839 vitam
2213 1779 2484 1854 conjugato-

379 1889 484 1921 rum
509 1873 742 1938 voluptati
764 1872 919 1920 carnis
941 1870 1203 1936 plurimum
1237 1870 1561 1934 indulgentem
1579 1906 1591 1930 ,
1618 1880 1664 1918 et
1687 1871 2077 1936 concupiscentiae
2103 1869 2288 1917 libidini
2315 1869 2491 1918 ceden-

377 1963 475 2002 tem
495 1953 718 2001 insinuat.
749 1952 848 1999 Etsi
872 1952 1000 1999 enim
1025 1951 1253 1999 admixtio
1278 1952 1535 2016 conjugum
1566 1951 1737 1999 habeat
1768 1951 2137 2016 indulgentiam,
2164 1967 2315 2016 quum
2344 1952 2394 1998 in
2431 1968 2487 1999 ea

377 2032 730 2082 incontinentiae
755 2048 851 2080 suae
872 2031 1139 2079 remedium
1158 2041 1403 2095 quaerunt,
1431 2047 1531 2079 non
1558 2031 1622 2079 ob
1654 2031 1946 2097 voluptatem
1971 2042 2019 2079 et
2047 2032 2201 2080 carnis
2222 2031 2488 2078 delectatio-

378 2129 491 2163 nem
521 2129 656 2161 more
684 2111 925 2179 pecudum
952 2112 1079 2160 hanc
1105 2121 1371 2177 appetunt3
1414 2128 1526 2160 caro
1560 2122 1718 2160 tamen
1751 2129 1807 2160 ex
1835 2112 1941 2160 labe
1969 2112 2163 2160 luxuriae
2198 2111 2487 2159 nonnullum

378 2192 520 2242 trahit
543 2193 815 2257 contagium
833 2200 880 2240 et
894 2191 1247 2240 immunditiam
1264 2191 1339 2239 vel
1361 2192 1575 2240 foetorem
1593 2191 1798 2240 maculae.
1825 2192 1991 2239 Mundi
2016 2202 2174 2239 tamen
2191 2191 2337 2239 corde
2354 2201 2481 2251 sunt,

377 2271 580 2321 sednon
597 2287 827 2337 corpore,
855 2271 939 2335 qui
961 2270 1086 2319 hauc
1111 2280 1295 2319 tantum
1313 2281 1543 2336 appetunt
1559 2288 1658 2318 non
1679 2271 1740 2319 ad
1755 2271 2064 2337 voluptatem,
2084 2281 2135 2320 ut
2150 2270 2380 2331 diximus,
2400 2270 2486 2319 sed

377 2351 439 2398 ad
459 2351 810 2409 necessitatem,
840 2367 902 2398 ne
931 2350 1210 2398 fornicando
1244 2353 1398 2398 Deum
1425 2350 1686 2399 offendant.
1722 2354 1780 2398 Et
1812 2351 1862 2398 hi
1886 2367 2080 2416 quoque
2108 2350 2351 2409 salvandi,
2385 2367 2484 2399 non

377 2430 606 2479 carebunt
644 2431 827 2479 visione
864 2416 977 2490 De'i‚
1011 2431 1060 2478 in
1088 2447 1184 2495 qua
1216 2447 1337 2478 verae
1373 2430 1677 2479 beatitudinis
1709 2448 1896 2479 summa
1928 2432 2155 2479 consistit.
2200 2432 2258 2478 Hi
2292 2448 2484 2496 quoque

377 2509 561 2575 pacifici
578 2509 818 2570 dicuntur,
837 2509 920 2574 qui
942 2525 1152 2574 pugnam
1175 2511 1329 2558 carnis
1353 2511 1606 2558 maximam
1631 2527 1716 2576 per
1739 2511 2081 2574 indulgentiam
2101 2511 2309 2574 conjugii
2335 2511 2482 2558 vitan-

378 2598 475 2648 tes,
502 2589 540 2636 si
565 2605 624 2636 eo
649 2588 988 2637 rationabiliter
1009 2605 1064 2636 ac
1082 2588 1386 2636 mediocriter
1410 2600 1625 2650 utuntur,
1648 2600 1699 2637 ut
1726 2590 1787 2637 ad
1811 2593 1965 2637 Deum
1989 2607 2182 2654 quoque
2206 2606 2373 2655 pacem
2397 2590 2482 2637 ha·

377 2667 548 2728 beant,
576 2684 720 2732 quem
752 2684 839 2734 per
871 2668 1283 2733 intemperantiam
1307 2684 1406 2714 non
1432 2667 1697 2716 offendunt.
1736 2669 1871 2716 Unde
1909 2679 1956 2716 et
1992 2669 2098 2716 filiis
2128 2669 2216 2716 Dei
2250 2678 2361 2716 sunt
2399 2685 2483 2732 ag-

378 2747 626 2812 gregandi,
648 2748 731 2812 qui
748 2763 877 2803 nunc
893 2763 980 2812 per
997 2746 1240 2794 vinculum
1259 2748 1546 2795 matrimonii
1571 2749 1746 2796 servire
1765 2749 1969 2796 invicem
1989 2759 2224 2813 coguntur
2242 2749 2388 2796 carni.
2411 2750 2482 2796 De

376 2843 471 2891 qua
489 2827 683 2891 quidem
700 2828 922 2875 servitute
937 2827 1252 2890 Hieronymus
1274 2827 1552 2891 Apostolum
1569 2828 1739 2876 dixisse
1757 2828 1971 2893 intelligit
1984 2830 1998 2853 ⁴
2017 2847 2027 2876 ε
2056 2848 2079 2874 κ
2099 2831 2270 2876 Servus
2287 2839 2482 2876 vocatus

377 2907 455 2954 es?
487 2923 587 2955 non
614 2907 672 2955 sit
704 2906 788 2955 tibi
811 2923 950 2955 curae.
983 2907 1078 2965 Qui
1112 2907 1241 2954 enim
1270 2908 1452 2972 positus
1478 2908 1528 2955 in
1559 2908 1811 2973 conjugio,
1850 2925 2107 2956 conversus
2140 2919 2210 2957 est
2242 2908 2303 2956 ad
2335 2908 2478 2956 fidem

377 2986 573 3045 Christi,
602 2996 829 3050 tanquam
852 3002 1040 3046 servus,
1067 2988 1171 3034 Deo
1195 2986 1479 3051 inspirante,
1505 2997 1574 3035 est
1598 2997 1793 3036 vocatus
1817 2997 1864 3036 et
1887 2997 2078 3036 tractus.
2105 3006 2128 3032 »
2162 2988 2350 3053 Quippe
2376 3005 2481 3052 quae

377 3067 529 3130 major
556 3066 754 3113 servitus
784 3075 854 3113 est
879 3065 1083 3113 dicenda
1099 3100 1112 3125 ,
1145 3081 1289 3130 quam
1318 3076 1371 3114 ut
1398 3068 1579 3132 proprii
1603 3067 1817 3133 corporis
1850 3068 1922 3115 vir
1948 3078 2030 3114 aut
2054 3084 2173 3114 uxor
2199 3076 2481 3132 potestatem

377 3161 475 3192 non
498 3143 699 3204 habeat,
731 3160 820 3192 nec
853 3143 915 3192 ab
941 3160 1027 3191 usu
1059 3145 1213 3192 carnis
1241 3143 1507 3205 abstinere,
1541 3156 1593 3193 ut
1622 3146 1698 3193 vel
1727 3147 2144 3206 orationi'vacent,
2173 3147 2345 3194 nisiex
2367 3163 2481 3194 con-

377 3241 541 3285 sensu,
574 3225 780 3289 queant?
814 3225 870 3272 Hi
895 3234 1053 3272 tamen
1077 3224 1191 3272 tales
1216 3224 1298 3272 filii
1321 3226 1408 3273 Dei
1432 3226 1745 3285 vocabuntur,
1770 3240 1920 3290 quum
1943 3226 2009 3274 de
2036 3226 2128 3274 hac
2162 3227 2387 3274 servitute
2419 3227 2480 3274 ad

376 3304 639 3352 libertatem
652 3306 869 3353 venerint
890 3320 1104 3370 supernae
1120 3305 1242 3364 vitae,
1262 3305 1345 3352 ubi
1362 3324 1386 3350 κ
1409 3322 1564 3370 neque
1583 3305 1781 3365 nubent,
1798 3323 1953 3370 neque
1970 3306 2228 3367 nubentur,
2246 3306 2326 3354 sed
2341 3316 2481 3354 erunt

423 3487 433 3503 ¹
458 3487 506 3520 De
521 3487 686 3529 clement„
707 3488 751 3529 11,
767 3497 839 3532 cap.
861 3499 891 3522 v.
905 3505 948 3513 ·--
963 3486 974 3504 ¹
991 3486 1119 3530 Jacob..
1134 3497 1207 3532 cap.
1226 3499 1267 3529 u,
1284 3498 1313 3522 v.
1336 3490 1387 3521 13.
1405 3506 1442 3512 --
1460 3487 1473 3506 ³
1490 3488 1615 3530 Manu,
1635 3499 1709 3532 cap.
1726 3499 1758 3529 v,
1776 3499 1809 3522 v.
1825 3490 1855 3522 8.
1870 3489 1936 3513 -—⁴
1956 3490 1973 3522 I
1987 3489 2145 3529 Corinth„
2165 3499 2239 3534 cap.
2261 3500 2316 3530 vu,
2334 3500 2363 3523 v.
2384 3491 2439 3522 21,
