2970 4152
529 420 620 467 1128
1103 419 1273 465 PETRt
1309 419 1625 466 ABAELARDI
1660 419 1734 467 ET
1767 419 2067 467 HELOISSAE

519 513 709 559 Actibus
734 512 1066 575 Apostolorum
1090 513 1320 577 scriptum
1345 515 1443 560 est¹
1469 533 1478 559 ε
1526 533 1548 558 κ
1569 517 1820 561 Crescente
1838 529 2041 560 numero
2067 512 2434 577 discipulorum,
2463 512 2650 580 factum·

518 603 587 639 est
600 609 818 639 murmur
833 594 1108 639 Graecorum
1127 592 1354 640 adversus
1372 593 1596 641 Hebraeos
1612 630 1625 654 ‚
1648 594 1781 659 quod
1800 593 2157 658 despicerentur
2174 592 2220 639 in
2242 592 2503 639 ministerio
2520 608 2639 656 quo-

516 672 695 718 tidiano
720 670 875 717 viduae
891 688 1076 718 eorum.
1106 675 1438 720 Convocantes
1459 683 1618 721 autem
1637 673 1894 721 duodecim
1910 671 2114 736 apostoli
2130 670 2484 718 multitudinem
2502 671 2638 718 disci-
2682 701 2696 721 ψ

516 751 762 814 pulorum,
786 751 1008 799 dixerunt
1031 771 1040 798 :
1066 755 1169 799 Non
1193 762 1263 799 est
1280 769 1472 817 aequum
1488 753 1817 817 derelinquere
1836 769 1925 799 nos
1943 751 2155 799 Verbum
2170 752 2282 812 Dei,
2307 761 2355 798 et
2371 751 2637 798 ministrare

515 833 704 877 mensis.
735 832 1043 879 Considerate
1067 849 1180 897 ergo
1197 868 1209 892 ,
1249 834 1436 894 fratres,
1481 836 1608 881 viros
1645 827 1702 880 e‘x
1727 832 1952 880 omnibus
1979 832 2115 879 vobis
2139 832 2254 879 boni
2280 832 2538 889 testimonii
2562 847 2635 880 se·

513 922 661 975 ptem,
686 912 854 977 plenos
881 913 1057 977 Spiritu
1083 923 1248 961 sancto
1268 924 1315 961 et
1326 915 1571 979 sapientia,
1594 930 1715 977 quos
1739 914 2082 960 constituamus
2102 930 2244 977 super
2267 912 2362 960 hoc
2380 918 2519 977 opus'.
2540 915 2637 959 Nos

512 1008 625 1036 vero
644 993 849 1038 orationi
866 1002 913 1038 et
931 992 1194 1039 ministerio
1216 992 1347 1040 verbi
1366 994 1594 1040 instantes
1617 993 1809 1039 erimus.
1831 995 1890 1038 Et
1907 992 2082 1057 placuit
2108 1009 2265 1039 sermo
2291 1009 2454 1039 coram
2478 992 2636 1039 multi-

513 1071 692 1118 tudine.
719 1075 775 1118 Et
796 1072 1039 1135 elegerunt
1058 1072 1354 1138 Stephanum
1374 1073 1572 1137 plenum
1598 1072 1692 1119 fide
1719 1082 1766 1119 et
1781 1072 1957 1137 Spiritu
1985 1082 2171 1131 sancto,
2202 1082 2249 1119 et
2265 1071 2563 1137 Philippum,
2593 1082 2639 1118 et

515 1151 836 1211 Prochorum,
869 1163 916 1199 et
941 1153 1250 1212 Nicanorem,
1281 1164 1327 1200 01
1353 1153 1683 1212 Timotheum,
1713 1163 1769 1223 et*
1785 1156 2101 1213 Parmaenam,
2131 1162 2178 1200 et
2202 1152 2449 1199 Nicolaum
2475 1153 2637 1199 Antio-

511 1231 735 1279 chenum.
767 1236 866 1280 Hos
885 1243 1149 1280 statuerunt
1174 1244 1284 1280 ante
1307 1244 1619 1299 conspectum
1647 1233 1975 1299 apostolorum
1990 1270 2002 1293 ,
2030 1243 2078 1281 et
2101 1243 2290 1280 orantes
2308 1234 2638 1298 imposuerunt

511 1313 576 1357 eis
606 1329 790 1360 manus.
821 1334 842 1357 n
876 1314 1012 1361 Unde
1037 1324 1083 1361 et
1101 1315 1398 1361 continentia
1423 1314 1651 1379 Stephani
1676 1314 1942 1361 admodum
1967 1314 2358 1373 commendatur,
2387 1312 2520 1377 quod
2545 1313 2638 1360 mi-

509 1394 699 1440 nisterio
733 1405 875 1458 atque
912 1394 1145 1459 obsequio
1186 1405 1458 1442 sanctarum
1483 1395 1768 1442 feminarum
1797 1395 1938 1441 fuerit
1965 1394 2234 1459 deputatus.
2270 1394 2415 1457 Cujus
2439 1392 2635 1458 quidem

513 1474 729 1538 obsequii
749 1476 1051 1534 ministratio,
1072 1492 1217 1539 quam
1234 1475 1468 1522 excellens
1487 1476 1567 1535 sit,
1590 1485 1637 1522 et
1650 1485 1748 1522 tam
1763 1478 1866 1522 Deo
1883 1492 2027 1539 quam
2047 1476 2160 1539 ipsis
2178 1475 2405 1539 apostolis
2421 1484 2632 1539 accepta,

514 1556 599 1618 ipsi
627 1564 722 1600 tam
741 1555 937 1619 propria
962 1556 1179 1602 oratione
1204 1571 1350 1619 quam
1369 1572 1601 1601 manuum
1623 1555 1928 1619 impositione
1946 1555 2193 1619 protestati
2208 1563 2318 1600 sunt
2338 1572 2354 1602 :v
2372 1554 2507 1617 quasi
2524 1552 2632 1611 hos,

513 1651 633 1696 quos
662 1636 710 1681 in
736 1635 830 1682 1100
854 1636 1230 1694 constituebant,
1259 1636 1532 1698 adjurantes
1557 1645 1610 1682 ut
1634 1635 1836 1682 fideliter
1861 1646 2079 1699 agerent,
2110 1644 2156 1682 et
2180 1645 2278 1681 tam
2300 1633 2636 1682 benedictione

512 1731 594 1761 sua
619 1732 763 1778 quam
790 1717 1006 1762 oratione
1026 1733 1108 1763 eos
1130 1716 1407 1779 adjuvantes
1434 1726 1484 1762 ut
1509 1726 1717 1780 possent.
1749 1719 1904 1773 Quam
1921 1717 2064 1763 etiam
2082 1716 2254 1762 Paulus
2268 1715 2637 1763 administratio·

513 1810 623 1839 nem
649 1794 710 1841 ad
736 1795 1029 1859 apostolatus
1053 1796 1126 1842 sui
1151 1795 1502 1859 plenitudinem
1526 1797 1628 1860 ipse
1648 1795 1736 1842 sibi
1760 1795 2032 1843 vindicans²
2055 1814 2065 1841 ι
2087 1815 2124 1844 ‚«
2147 1795 2374 1859 Nunquid
2389 1797 2404 1820 ³
2426 1811 2524 1842 non
2548 1795 2633 1842 ha-

513 1874 705 1936 bemus,
742 1895 763 1919 »
803 1877 980 1941 inquit,
1034 1898 1056 1922 «
1091 1887 1376 1942 potestatem
1417 1894 1632 1923 sororem
1672 1876 1921 1924 mulierem
1957 1876 2376 1935 circumducendi,
2422 1877 2543 1922 sicut
2587 1886 2634 1933 et

512 1956 666 2001 caeteri
690 1957 925 2020 apostoli?
947 1977 970 2000 »
1010 1961 1071 2003 Ac
1102 1958 1141 2004 si
1166 1967 1328 2022 aperte
1357 1957 1536 2004 diceret
1563 1976 1572 2003 ε
1610 1957 1835 2021 Nunquid
1861 1967 1907 2004 et
1941 1967 2211 2016 sanctarum
2235 1957 2490 2004 mulierum
2514 1973 2632 2004 con·
2662 1965 2693 2019 tt·
2723 1955 2746 1984 ι)

439 2076 443 2091 ‚
511 2048 678 2084 ventus
712 2055 801 2084 1105
837 2039 1013 2087 habere
1039 2057 1094 2087 ac
1129 2040 1381 2087 nobiscum
1415 2041 1463 2087 in
1499 2041 1832 2106 praedicatione
1864 2041 2040 2088 ducere
2062 2042 2349 2106 permissum
2379 2050 2474 2099 est,
2511 2040 2633 2086 sicut

514 2123 686 2168 caeteris
711 2124 967 2188 apostolis?
995 2135 1045 2171 ut
1070 2125 1180 2189 ipsae
1204 2125 1424 2172 videlicet
1449 2126 1515 2172 eis
1540 2127 1588 2172 in
1614 2126 1949 2190 praedicatione
1981 2126 2041 2172 de
2072 2142 2157 2172 sua
2181 2125 2443 2172 substantia
2466 2139 2630 2171 neces-

513 2203 631 2249 saria
655 2203 992 2251 ministrarent.
1019 2204 1158 2251 Unde
1173 2206 1458 2268 Augustinus
1471 2206 1520 2252 in
1537 2205 1659 2253 libro
1682 2205 1740 2252 de
1756 2209 1910 2270 Opere
1923 2205 2290 2252 Monachorum⁵
2310 2223 2320 2250 z
2348 2203 2460 2250 «Ad
2477 2203 2589 2262 1100,
2604 2220 2627 2245 »
2641 2178 2689 2228 st

514 2282 687 2344 inquit,
720 2303 742 2328 «
764 2294 808 2330 et
830 2283 993 2330 fideles
1010 2284 1231 2331 mulieres
1248 2284 1479 2331 habentes
1500 2294 1736 2332 terrenam
1755 2285 2067 2331 substantiam
2087 2284 2218 2331 ibant
2236 2300 2348 2330 cum
2366 2283 2457 2341 eis,
2481 2292 2528 2329 et
2545 2283 2632 2328 mi·

513 2362 772 2410 nistrabant
793 2364 859 2409 eis
878 2363 939 2410 de
958 2380 1042 2410 sua
1063 2364 1346 2421 substantia,
1373 2375 1424 2411 ut
1448 2365 1623 2411 nullius
1638 2365 1905 2428 indigerent
1922 2364 2099 2411 horum
2118 2381 2223 2427 quae
2240 2363 2301 2410 ad
2320 2362 2631 2410 substantiam

512 2440 652 2503 hujus
665 2443 768 2489 vitae
781 2444 1035 2506 pertinent.
1058 2462 1080 2487 »
1099 2447 1219 2490 Item
1233 2446 1245 2468 ⁵
1263 2463 1272 2490 z
1290 2463 1311 2488 «
1331 2444 1476 2501 Quod
1489 2445 1702 2509 quisquis
1722 2461 1822 2491 non
1842 2454 1977 2509 putat
1994 2444 2054 2490 ab
2073 2443 2300 2508 apostolis
2316 2442 2436 2503 fieri,
2451 2453 2503 2489 ut
2520 2459 2630 2489 cum

510 2522 575 2566 eis
601 2532 771 2569 sanctae
795 2524 1172 2569 conversationis
1198 2523 1420 2571 mulieres
1449 2525 1754 2571 circumirent
1769 2541 2059 2588 quocunque
2086 2522 2383 2587 evangelium
2408 2521 2632 2587 praedica-

510 2600 624 2648 bant
652 2622 660 2648 :
693 2604 1000 2667 Evangelium
1038 2604 1263 2664 audiant,
1300 2615 1347 2651 et
1374 2615 1666 2668 cognoscant
1700 2604 2110 2668 quemadmodum
2137 2604 2233 2651 hoc
2258 2605 2405 2668 ipsius
2439 2604 2632 2652 Domini

511 2684 727 2748 exemplo
742 2685 992 2731 faciebant.
1006 2721 1013 2731 .
1027 2722 1057 2731 ..
1080 2689 1133 2731 111
1154 2686 1400 2749 evangelio
1417 2687 1546 2733 enim
1563 2687 1792 2751 scriptum
1812 2697 1882 2733 est
1895 2688 1909 2710 ⁸
1929 2704 1939 2732 :
1967 2706 1990 2731 «
2011 2687 2245 2750 Deinceps
2269 2695 2316 2732 et
2334 2686 2435 2750 ipse
2459 2685 2547 2732 iter
2570 2684 2634 2731 fa·
2964 2654 2970 2736 i

514 2783 535 2806 «
554 2763 705 2811 ciebat
730 2782 815 2829 per
840 2765 1051 2812 civitates
1076 2775 1122 2812 et
1141 2765 1330 2812 castella
1356 2766 1684 2830 evangelizans
1705 2783 1904 2830 regnum
1923 2767 2033 2824 Dei,
2057 2775 2103 2812 et
2122 2764 2380 2812 duodecim
2398 2781 2508 2812 cum
2530 2763 2630 2823 illo,

513 2864 535 2885 «
558 2854 604 2890 et
627 2845 848 2892 mulieres
867 2845 1033 2909 aliquae
1049 2881 1061 2905 ,
1085 2862 1190 2909 quae
1213 2856 1348 2892 era-nt
1373 2856 1547 2893 curatae
1563 2864 1589 2893 a
1608 2846 1848 2911 spiritibus
1873 2845 2134 2892 immundis
2148 2882 2160 2904 ‚
2183 2857 2230 2893 et
2247 2845 2600 2892 infirmitatibus
2617 2882 2629 2904 ,
2962 2854 2970 2901 j

515 2943 536 2967 «
558 2926 702 2971 Maria
727 2942 832 2989 quae
855 2935 1056 2973 vocatur
1083 2925 1361 2989 Magdalene
1376 2962 1388 2984 ,
1413 2937 1460 2973 et
1484 2930 1670 2973 Joanna
1696 2943 1816 2972 uxor
1834 2929 1970 2973 Cuzae
1994 2927 2316 2991 procuratoris
2334 2925 2559 2985 Herodis,
2589 2936 2635 2972 et

515 3023 535 3046 «
557 3007 787 3065 Susanna,
805 3015 851 3052 et
861 3005 960 3053 aliae
975 3006 1150 3066 multae,
1167 3023 1272 3070 quae
1284 3006 1616 3053 ministrabant
1630 3007 1673 3053 ei
1689 3006 1750 3053 de
1763 3006 2062 3054 facultatibus
2077 3007 2224 3053 suis.»
2241 3010 2303 3054 Ut
2315 3006 2428 3053 hinc
2439 3023 2632 3070 quoque

513 3096 668 3147 pateat
690 3089 952 3135 Dominum
977 3090 1119 3135 etiam
1150 3089 1199 3135 in
1224 3088 1560 3154 praedicatione
1581 3105 1665 3135 sua
1692 3088 2074 3153 proficiscentem
2098 3089 2444 3136 ministratione
2468 3087 2632 3134 mulie-

513 3181 619 3211 rum
643 3168 952 3231 corporaliter
978 3169 1256 3227 sustentari,
1292 3178 1340 3215 et
1359 3184 1437 3215 eas
1456 3169 1546 3232 ipsi
1563 3169 1740 3233 pariter
1770 3185 1881 3215 cum
1898 3168 2126 3234 apostolis
2145 3168 2280 3233 quasi
2297 3167 2632 3232 inseparabiles

513 3247 709 3293 comites
734 3247 988 3295 adhaerere.
1020 3252 1227 3296 Demum
1242 3252 1255 3274 ⁷
1280 3265 1395 3296 vero
1420 3249 1562 3312 hujus
1588 3251 1895 3314 professionis
1921 3243 2221 3314 religionelin
2245 3249 2433 3296 feminis
2457 3250 2633 3314 pariter
2699 3275 2704 3282 ·

559 3445 564 3459 ¹
587 3447 658 3478 Act.
689 3448 814 3486 Aposc„
846 3457 919 3489 cap.
949 3458 997 3486 vi,
1027 3458 1057 3480 v.
1088 3452 1098 3479 l
1133 3456 1166 3481 01
1187 3459 1239 3491 sq.
1259 3466 1289 3471 ——
1312 3447 1323 3464 ²
1346 3448 1488 3481 Corinth.
1512 3448 1548 3486 1⁴,
1596 3458 1670 3491 cap.
1690 3458 1733 3487 iv,
1751 3448 1813 3480 eol.
1834 3449 1967 3480 4782—
1982 3447 2106 3486 ³1bid.,
2123 3457 2196 3490 cap.
2216 3458 2264 3486 vi,
2279 3419 2518 3479 col.xli'l9.—⁶
2534 3445 2595 3477 Lur

511 3510 583 3543 cap.
610 3513 659 3539 rx,
683 3513 711 3534 v.
733 3506 765 3535 5.
781 3520 824 3527 ——
840 3503 851 3519 ³
866 3504 1148 3554 Nunquam
1170 3506 1205 3537 D.
1230 3523 1271 3529 -—
1291 3505 1304 3522 ⁸
1326 3506 1406 3546 Opp.
1434 3512 1457 3538 1.
1485 3504 1524 3537 Vl
1539 3531 1547 3543 ‚
1594 3515 1668 3547 cap.
1690 3515 1764 3544 vni,
1785 3516 1816 3536 v.
1838 3507 1900 3537 let
1914 3516 2022 3547 sq.-
2039 3504 2050 3521 '¹
2067 3504 2188 3537 Deinde
2207 3502 2271 3535 MS.
2294 3502 2388 3539 Amb.
