2970 4152
533 416 598 463 70
1259 415 1518 465 ANDREAE
1551 416 1919 475 QUERCETANI

532 508 654 550 sedem
684 508 923 557 apostolicam
940 507 1148 556 appellavit.
1174 507 1248 546 Sed
1264 515 1302 546 et
1320 516 1446 558 postea
1467 510 1513 547 ab
1529 511 1682 560 egregio
1700 511 1765 549 illo
1781 511 1970 549 catholica
1989 511 2074 548 fidei
2096 512 2271 549 advocato
2289 512 2470 559 monitus,
2491 515 2547 551 vel
2565 517 2643 563 jam

530 571 647 609 sciens
668 571 706 608 in
726 582 919 619 personam
941 581 1044 607 suam
1061 570 1158 608 nihil
1182 570 1389 621 agendum,
1408 573 1650 622 responderet
1667 581 1743 611 tam
1762 574 1878 612 libere
1895 587 2007 624 quam
2025 586 2171 620 secure,
2192 574 2398 612 audiendus
2417 584 2581 623 tantum,
2606 586 2645 615 et

530 633 707 673 ferendus
722 635 761 671 in
778 634 880 670 omni
897 632 1074 681 patientia
1086 662 1097 679 ‚
1117 646 1194 672 non
1209 635 1391 672 sententia
1411 635 1534 686 aliqua
1550 636 1741 677 feriendus
1757 653 1764 673 :
1779 638 1853 674 hoc
1872 649 2022 687 quoque
2040 637 2267 675 omnimodis
2283 641 2476 676 recusavit.
2496 640 2591 677 Nam
2607 649 2645 677 et

531 695 715 735 confessus
735 701 790 731 est
806 701 934 743 postea
950 695 1043 742 suis,
1063 702 1107 733 ut
1122 697 1248 743 aiunt,
1268 697 1373 747 quod
1387 711 1429 736 aa
1446 699 1539 738 hora
1556 700 1714 738 maxima
1731 699 1885 749 quidem
1902 712 1946 736 ex
1963 706 2068 748 parte
2085 701 2266 737 memoria
2286 700 2369 748 ejus
2390 702 2538 738 turbata
2563 702 2645 739 fue—

529 759 597 805 rit,
618 758 712 793 ratio
730 756 965 806 caligaverit,
981 765 1019 795 et
1033 759 1190 797 interior
1215 759 1356 809 fugerit
1379 773 1519 799 sensus.
1539 762 1796 799 Nihilominus
1821 770 1946 799 tamen
1971 761 2124 801 ecclesia
2148 775 2231 813 que
2257 770 2478 800 convenerat
2505 763 2647 802 dimisit

529 818 736 863 hominem,
763 819 933 858 multavit
956 820 1293 871 abominationem,
1309 835 1330 860 a
1349 835 1505 872 persona
1532 824 1719 861 abstinens
1734 851 1744 869 ,
1774 824 1838 860 sed
1866 824 2040 873 dogmata
2067 837 2177 873 prava
2201 824 2465 862 condemnans.
2485 825 2646 873 Quando

527 892 611 915 vero
629 880 762 920 Petrus
785 881 848 920 ille
875 882 1065 930 refugium
1091 884 1275 922 inveniret
1291 885 1332 922 in
1354 884 1441 922 sede
1464 886 1565 923 Petri
1593 892 1669 922 tam
1689 885 1800 935 longe
1816 885 1999 922 dissidens
2022 899 2044 922 a
2066 886 2141 924 fide
2172 887 2300 923 Petri?
2331 887 2378 923 Et
2405 887 2529 935 ipsum
2555 899 2646 935 ergo

519 936 716 979 'auctorem
736 943 865 981 eadem
883 946 1066 982 sententia
1082 958 1168 983 cum
1185 946 1377 984 erroribus
1387 948 1463 983 suis
1475 946 1698 996 apostolicus
1715 947 1847 996 praesul
1861 947 2060 993 involvens,
2075 949 2211 997 scripta
2223 948 2410 994 incendio,
2425 949 2646 997 scriptorem

528 1004 676 1042 silentio
693 1006 964 1046 condemnavit.
978 1024 996 1042 »
1015 1008 1212 1059 Quidquid
1225 1010 1290 1055 sit,
1311 1010 1556 1059 Berengarius
1568 1010 1807 1047 Pictaviensis
1825 1010 2010 1047 Abaelardi
2027 1010 2216 1059 quondam
2234 1011 2397 1054 auditor,
2410 1012 2487 1047 haec
2503 1011 2643 1058 videns,

527 1078 661 1107 nomen
679 1080 720 1104 ac
734 1069 865 1107 famam
884 1070 1047 1109 doctoris
1064 1084 1106 1108 ae
1122 1073 1358 1121 praceptoris
1375 1073 1431 1109 sui
1449 1079 1542 1111 tune
1555 1080 1684 1108 contra
1700 1085 1827 1109 omnes
1843 1074 1942 1110 tueri
1958 1084 2068 1109 ausus
2081 1080 2149 1110 est.
2161 1073 2391 1123 Scripsitque
2407 1085 2478 1123 pro
2489 1086 2533 1110 eo
2547 1075 2645 1123 Apo-

528 1130 666 1178 logiam
682 1130 781 1170 illam
792 1160 803 1177 ,
821 1144 932 1181 quam
950 1133 1048 1172 inter
1066 1134 1145 1182 ejus
1161 1147 1274 1184 opera
1293 1147 1393 1172 nunc
1409 1135 1521 1172 etiam
1539 1147 1583 1170 ex
1599 1134 1828 1172 bibliotheca
1847 1136 1945 1185 regis
1963 1136 2261 1172 christianissimi
2278 1136 2487 1172 cudendam
2506 1137 2647 1173 curavi-

527 1206 609 1230 mus
629 1194 753 1243 [Vide
773 1203 917 1235 tomum
941 1197 1102 1236 alterum
1126 1198 1284 1246 hujusce
1309 1210 1413 1234 novas
1435 1198 1611 1234 editionis
1638 1198 1679 1234 in
1699 1198 1942 1247 Appendice]
1959 1226 1968 1243 ‚
1989 1198 2058 1235 etsi
2077 1197 2224 1247 plenam
2250 1198 2414 1247 ingentis
2439 1199 2648 1235 acrimoniae

527 1263 659 1295 contra
681 1265 849 1299 sanctum
870 1259 1114 1298 Bernardum.
1137 1261 1263 1307 Quare
1282 1268 1319 1297 et
1336 1261 1387 1297 ob
1401 1260 1474 1296 hoc
1491 1267 1619 1309 postea
1636 1260 1807 1309 culpatus
1824 1274 1846 1297 a
1861 1260 2008 1307 multis,
2029 1273 2066 1297 se
2084 1261 2270 1298 excusavit
2291 1260 2394 1310 quod
2410 1261 2620 1298 adolescens
2633 1289 2643 1306 ,

524 1326 560 1356 et
575 1320 661 1367 joco
680 1321 806 1368 potius
821 1334 933 1371 quam
952 1323 1047 1361 serio
1064 1323 1280 1371 scripsisset.
1303 1323 1345 1359 Id
1361 1318 1462 1360 enim
1478 1330 1636 1360 testatur
1653 1324 1809 1372 ipsemet
1831 1323 1872 1359 in
1897 1323 2051 1372 epistola
2068 1323 2115 1359 ad
2133 1324 2350 1372 episcopum
2371 1323 2640 1366 mimatensem,

524 1389 562 1417 et
578 1394 624 1420 ex.
637 1394 681 1419 eo
694 1382 915 1422 Franciscus
930 1384 1131 1426 Petrarcha
1149 1385 1188 1421 in
1207 1385 1406 1433 Apologia,
1426 1385 1492 1421 ubi
1510 1400 1528 1416 e
1543 1385 1664 1422 virum
1682 1397 1756 1421 non
1773 1384 2016 1421 infacundum
2027 1400 2047 1419 ν
2064 1392 2187 1430 vocat,
2206 1385 2268 1422 his
2283 1385 2407 1421 verbis
2425 1400 2432 1420 :
2449 1399 2467 1418 «ι
2478 1384 2640 1420 Damna·-

524 1445 575 1481 vit
600 1445 812 1484 Bernardus
826 1446 1098 1485 claraevallensis
1114 1447 1226 1484 abbas
1243 1448 1396 1483 Petrum
1414 1447 1651 1484 Abaelardum
1669 1447 1878 1484 litteratum
1894 1447 2083 1497 quondam
2100 1449 2235 1484 virum.
2256 1449 2357 1484 Huic
2372 1448 2488 1483 iratus
2503 1447 2642 1484 Beren-

525 1508 649 1554 garius
668 1509 924 1553 pictaviensis,
945 1510 998 1545 vir
1016 1517 1053 1545 et
1071 1510 1149 1558 ipse
1166 1522 1242 1546 non
1262 1509 1483 1546 infacundus
1507 1523 1548 1546 ac
1574 1509 1780 1558 discipulus
1803 1511 1925 1555 Petri,
1947 1517 2074 1546 contra
2101 1510 2333 1547 Bernardum
2360 1510 2498 1545 librum
2524 1521 2642 1545 unum

523 1570 670 1618 scripsit
687 1583 761 1609 non
780 1572 903 1619 magni
922 1571 1076 1620 quidem
1096 1572 1285 1620 corporiS,
1308 1572 1372 1608 sed
1389 1572 1551 1620 ingentis
1566 1573 1787 1608 acrimoniae.
1805 1572 1860 1608 De
1877 1584 1953 1620 quo
1973 1572 2210 1620 postmodum
2227 1584 2247 1606 a
2266 1571 2393 1607 multis
2407 1572 2619 1619 increpatus
2631 1599 2640 1615 ,

523 1643 558 1667 se
575 1633 759 1668 excusavit
777 1632 881 1681 quod:
898 1633 1110 1672 adolescens
1127 1635 1354 1682 scripsisset,
1372 1641 1409 1669 et
1428 1633 1530 1682 quod
1550 1634 1620 1669 sibi
1639 1634 1711 1669 viri
1725 1635 1898 1670 sanctitas
1915 1633 2085 1670 nondum
2101 1634 2252 1682 penitus
2267 1640 2354 1669 nota
2371 1640 2476 1669 esset.
2496 1647 2515 1666 n

569 1695 698 1732 Soluto
718 1702 841 1732 autem
861 1696 924 1732 illo
944 1704 1128 1733 conventu
1140 1725 1150 1742 ,
1170 1697 1235 1746 qui
1255 1697 1461 1734 celebratus
1480 1703 1535 1733 est
1551 1709 1648 1733 anno
1667 1699 1779 1742 ⁴⁴40,
1799 1696 1928 1733 infelix
1947 1696 2165 1733 Abaelardus
2188 1697 2352 1733 incertus
2375 1696 2469 1746 quid
2493 1702 2640 1744 ageret,

522 1756 741 1794 Cluniacum
755 1770 792 1794 se
809 1758 968 1796 contulit
979 1787 989 1805 ,
1008 1759 1076 1796 ubi
1086 1759 1304 1796 humaniter
1316 1766 1493 1808 exceptus
1507 1767 1562 1796 est
1574 1773 1595 1796 a
1605 1761 1719 1798 Petro
1737 1760 1916 1797 Mauricio
1933 1759 2034 1797 dicto
2048 1760 2283 1807 Venerabili,
2297 1760 2452 1809 ejusque
2465 1767 2502 1796 et
2517 1761 2645 1796 cister-

521 1820 638 1856 censis
657 1820 799 1859 abbatis
817 1834 944 1869 opera,
964 1822 1075 1870 paulo
1094 1829 1179 1870 post
1198 1821 1299 1859 idem
1315 1829 1353 1859 et
1371 1829 1520 1859 sanctus
1537 1822 1748 1859 Bernardus
1765 1822 1940 1859 collocuti
1959 1823 2177 1859 inimicitias
2191 1834 2361 1871 posuere.
2382 1822 2495 1869 Quod
2509 1829 2547 1859 et
2564 1823 2642 1870 ipse

518 1882 760 1919 cluniacensis
779 1883 890 1921 abbas
909 1884 1130 1921 Innocentio
1151 1884 1189 1919 II
1209 1884 1444 1932 significavit.
1467 1885 1544 1920 Nec
1574 1892 1697 1921 tamen
1724 1892 1920 1933 propterea
1943 1884 2158 1921 Abaelardus
2177 1884 2465 1933 Apologeticum
2484 1895 2554 1931 pro
2571 1895 2643 1919 suae

520 1946 739 1983 innocentiae
754 1948 991 1985 excusatione
1009 1947 1172 1984 scribere
1191 1947 1346 1985 destitit.
1370 1947 1478 1995 Quod
1495 1961 1612 1997 quum
1635 1949 1857 1985 innotuisset
1882 1948 2088 1985 Guillelmo
2104 1948 2226 1985 Sancti
2246 1947 2473 1984 Theoderici
2492 1946 2641 1992 abbati,

519 2008 584 2055 qui
603 2015 771 2045 sanctum
793 2008 1022 2046 Rerum-dum
1045 2010 1180 2047 intimo
1198 2009 1378 2058 diligebat
1395 2009 1546 2056 affectu,
1566 2022 1678 2060 seque
1701 2011 1941 2047 transtulerat
1970 2011 2016 2047 ad
2041 2010 2212 2047 ordinem
2241 2010 2514 2046 cisterciensem
2545 2008 2645 2057 apud

521 2069 735 2118 Siguiacum
748 2099 758 2117 ,
793 2071 858 2106 ubi
894 2071 1053 2110 feliciter
1085 2071 1179 2110 obi-'rt
1189 2100 1198 2117 ,
1235 2072 1381 2109 Cantici
1408 2073 1650 2109 Canticos-um
1677 2073 1829 2122 reliquit
1849 2073 2117 2121 expositionem
2130 2099 2140 2115 ,
2169 2080 2211 2108 ut
2241 2072 2415 2108 adversus
2446 2084 2534 2107 eum
2560 2070 2647 2119 styli

523 2131 580 2169 sui
595 2142 755 2171 acumen
772 2131 965 2179 dirigeret.
982 2133 1064 2170 Hoc
1083 2133 1185 2170 enim
1202 2132 1366 2169 declarat
1384 2133 1462 2181 ipse
1479 2133 1705 2171 Guillelmus
1720 2134 1759 2170 in
1776 2134 1931 2182 epistola
1951 2134 1998 2169 ad
2015 2134 2149 2170 fratres
2166 2134 2212 2170 de
2231 2134 2360 2170 Monte
2377 2133 2469 2178 Dei,
2489 2132 2548 2168 his
2562 2144 2646 2168 ver-

519 2193 574 2232 bis
591 2209 599 2229 :
621 2208 639 2227 a
653 2194 751 2234 Sunt
769 2201 942 2243 praeterea
958 2201 996 2231 et
1011 2194 1082 2231 alia
1099 2194 1279 2243 opuscula¹
1294 2203 1442 2242 nostra,
1463 2195 1615 2232 libellus
1635 2196 1683 2232 de
1699 2196 1941 2232 Sacramento
1966 2195 2093 2232 altaris
2105 2224 2114 2241 ,
2136 2194 2401 2231 Meditationes
2425 2194 2575 2230 novitiis
2599 2194 2647 2230 ad

522 2256 706 2296 orandum
733 2257 939 2296 formandis
966 2257 1163 2306 spiritibus
1185 2270 1261 2294 non
1289 2269 1557 2308 usquequaque
1576 2258 1748 2306 inutiles,
1770 2266 1808 2295 et
1828 2271 1941 2307 super
1969 2258 2168 2295 Canticum
2198 2258 2441 2294 canticorum
2469 2256 2524 2292 ad.
2539 2256 2646 2292 illum

521 2318 668 2366 locum,
684 2319 877 2368 paululum
896 2333 1014 2369 quum
1032 2321 1332 2369 pertransissem,
1352 2334 1438 2358 enm
1455 2322 1579 2358 inveni
1593 2334 1704 2372 quem
1721 2321 1847 2371 diligit
1861 2323 1983 2358 anima
1999 2334 2095 2358 meas
2111 2321 2208 2357 Nam
2221 2328 2348 2357 contra
2364 2321 2520 2358 Petrum
2539 2318 2646 2356 Abae-

521 2381 666 2421 lardum
686 2410 700 2426 ,,
724 2383 790 2431 qui
817 2382 1034 2431 praedictum
1057 2395 1151 2432 opus
1171 2396 1219 2421 ne
1238 2384 1454 2431 perficerem
1474 2384 1616 2420 effecit:
1633 2396 1755 2433 neque
1770 2384 1871 2420 enim
1894 2383 2084 2432 integrum
2105 2383 2201 2419 mihi
2225 2383 2305 2419 fore
2333 2381 2542 2419 arbitrabar
2568 2389 2644 2420 tam

521 2445 679 2484 delicato
690 2445 794 2484 intus
809 2458 940 2485 vacare
953 2446 1043 2490 otio,
1058 2447 1140 2495 ipso
1151 2447 1342 2485 foris-fines
1355 2447 1445 2483 fidei
1454 2446 1700 2484 nostrae-nudo
1714 2454 1757 2483 ut
1770 2447 1910 2483 dicitur
1923 2446 2131 2495 gladiatam
2143 2446 2349 2483 crudeliter
2360 2445 2646 2494 depopulante.»

519 2508 740 2556 Composuit
760 2515 886 2547 autem
910 2515 990 2547 tres
1010 2509 1144 2555 libros,
1173 2509 1243 2546 sub
1261 2510 1413 2546 nomine
1438 2510 1715 2559 Dis-putationis
1736 2510 2003 2546 cathem-orum
2019 2515 2175 2557 patrum>
2190 2515 2321 2545 contra
2345 2508 2527 2555 dogmata
2543 2508 2651 2543 Petri

520 2569 723 2609 Abaelardi
735 2598 749 2616 ,
771 2582 868 2619 quos
889 2577 926 2608 et
944 2571 1222 2619 sapientissimo
1243 2571 1391 2619 presuli*
1411 2572 1566 2620 Hugoni
1584 2571 1948 2620 Rothomagensium
1965 2571 2246 2619 archiepiscopo
2262 2569 2458 2606 dedicavit.
2479 2569 2646 2618 Suntque

520 2631 574 2668 illi
591 2632 868 2683 proculdubio,
879 2633 925 2672 de
941 2633 1078 2683 quibus
1095 2633 1334 2679 Gaufredus,
1350 2634 1556 2670 monachus
1573 2634 1836 2680 cisterciensis,
1856 2634 1895 2669 iu
1913 2632 2068 2683 epistola
2084 2632 2169 2669 data
2187 2631 2235 2668 ad
2252 2632 2459 2668 Hem-icum
2475 2630 2646 2668 cardina-

521 2694 594 2731 lem
620 2695 878 2742 albanensem,
919 2708 1032 2744 quem
1068 2696 1206 2734 sciebat
1232 2696 1447 2733 interfuisse
1474 2697 1662 2733 rhemensi
1691 2696 1874 2744 concilio,
1899 2696 1964 2732 ubi
1983 2696 2172 2743 Eugenius
2188 2695 2246 2731 In
2273 2706 2366 2743 papa
2393 2692 2647 2731 Gislebertum

523 2756 783 2803 pictaviensem
800 2758 1018 2806 episcopum
1043 2757 1251 2795 absolverat
1266 2759 1411 2805 potius,
1431 2771 1544 2807 quam
1562 2755 1874 2796 condamnaverat
1887 2787 1898 2804 ,
1914 2759 1990 2794 hoc
2005 2757 2116 2794 medo
2137 2756 2307 2806 loquitur
2324 2773 2333 2792 .·
2351 2771 2369 2789 «
2383 2755 2519 2792 Audivi
2533 2756 2644 2792 etiam

524 2819 624 2867 quod
651 2832 762 2869 super
787 2820 1026 2861 damnatione
1041 2820 1144 2857 Petri
1162 2819 1347 2858 Abaelardi
1365 2820 1560 2869 diligentia
1582 2828 1700 2857 vestra
1727 2820 1915 2857 decideret
1932 2820 2082 2868 plenius
2101 2831 2209 2856 nosse
2231 2818 2403 2855 similiter
2429 2819 2645 2865 veritatem,

523 2882 630 2930 cujus
655 2883 799 2922 libellos
818 2884 885 2932 piae
902 2884 1089 2923 memoriae
1115 2882 1291 2921 dominus
1320 2883 1562 2920 Innocentius
1587 2896 1681 2932 papa
1707 2883 1745 2919 ΙΙ
1759 2911 1770 2931 ,
1798 2883 1837 2919 in
1866 2882 1959 2919 urbe
1983 2882 2103 2920 Roma
2121 2882 2216 2918 etin
2238 2881 2390 2918 ecclesia
2416 2881 2515 2917 Beati
2542 2881 2645 2917 Petri

525 2943 699 2982 incendio
717 2945 854 2985 celebri
871 2945 1120 2985 concremavit
1131 2973 1141 2991 ,
1160 2944 1360 2994 apostolica
1377 2945 1601 2982 auctoritate
1616 2945 1832 2981 haereticum
1850 2944 1955 2982 illum
1975 2943 2212 2981 denuntians.
2227 2943 2322 2979 Nam
2347 2950 2386 2979 et
2413 2949 2499 2978 ante
2521 2942 2647 2990 plures

526 3018 641 3043 annos
669 3008 891 3046 venerabilis
913 3008 1068 3057 quidam
1095 3008 1293 3048 cardinalis
1310 3014 1348 3045 et
1365 3007 1511 3056 legatus
1535 3020 1697 3044 romanae
1719 3006 1879 3043 ecclesiae
1892 3034 1902 3052 ,
1926 3007 2032 3044 Ceno
2053 3006 2226 3051 nomine,
2251 3005 2437 3054 regularis
2456 3003 2645 3053 quondam

524 3068 723 3107 canonicus
741 3070 899 3110 ecclesiae
924 3071 1050 3112 Sancti
1066 3071 1210 3110 Nicolai
1228 3070 1279 3108 de
1292 3070 1462 3116 Arvas‘m,
1485 3070 1713 3118 theologiam
1731 3070 1812 3117 ejus
1827 3070 2014 3106 suessione
2029 3068 2229 3105 concilium
2246 3067 2455 3109 celebrans,
2474 3065 2645 3102 similiter

525 3138 841 3178 concremaverat,
860 3133 983 3181 ipsum
999 3134 1153 3171 Petrum
1179 3140 1400 3182 praesentem
1425 3144 1584 3182 arguens
1599 3160 1608 3176 ‚
1629 3139 1666 3168 et
1684 3132 1894 3168 convictum
1913 3131 1962 3167 de
1977 3131 2150 3168 haeretica·
2176 3130 2359 3179 pravitate
2380 3128 2644 3165 condemnans.

527 3194 638 3233 Unde
659 3202 783 3232 vestro
804 3189 835 3231 si
855 3196 1037 3244 placuerit
1061 3196 1247 3236 desiderio
1259 3225 1269 3242 ‚
1297 3209 1369 3245 per
1381 3195 1553 3232 libellum.
1568 3195 1617 3231 de
1636 3196 1726 3234 Vita
1750 3195 1864 3231 sancti
1888 3194 2070 3231 Bernardi
2089 3201 2126 3230 et
2145 3205 2214 3242 per
2231 3192 2310 3240 ejus
2329 3191 2501 3240 epistolas
2518 3190 2645 3228 missas

528 3256 573 3294 ad
591 3257 732 3296 curiam
753 3257 921 3297 satisfiet..
931 3259 1062 3296 Inveni
1080 3266 1207 3297 tamen-
1222 3259 1265 3296 in,
1279 3258 1480 3297 Claravalle
1495 3257 1660 3296 liheuum
1680 3257 1873 3305 cujusdam
1893 3257 2038 3293 abbatis
2051 3256 2247 3304 nigrorum
2265 3254 2553 3297 muscherum,
2571 3264 2652 3302 quo.

525 3331 676 3361 cruores,
690 3319 856 3367 ejusdem
875 3320 984 3362 Petri
1003 3328 1198 3368 notantun,
1221 3334 1336 3371 quent
1360 3328 1398 3357 et
1419 3321 1510 3357 olim
1533 3333 1591 3357 me
1618 3319 1756 3356 vidisse
1776 3320 1980 3356 recordor:
2001 3318 2066 3356 sed
2084 3331 2103 3355 a
2123 3317 2250 3354 multis
2266 3317 2391 3361 annis,
2413 3324 2455 3352 ut
2474 3314 2646 3352 custodes

525 3380 713 3421 librorum
729 3389 897 3422 asserunt
908 3410 921 3428 ,
937 3382 1101 3421 studiose
1128 3385 1326 3432 quaesitus,
1344 3384 1402 3433 pri
1409 3396 1493 3420 mus
1508 3383 1710 3433 quaternio
1721 3395 1798 3418 non
1815 3382 1939 3431 potuit
1953 3380 2125 3418 inveniri.
2151 3380 2315 3427 Propter·
2336 3378 2437 3428 quod
2465 3377 2645 3426 propositi

523 3444 717 3487 nostriset
732 3445 771 3486 ia
789 3445 983 3489 Franciam
1001 3445 1187 3485 destinare
1208 3446 1256 3484 ad
1280 3446 1545 3483 monasterium
1563 3444 1670 3493 eujus
1684 3444 1801 3481 abbas
1811 3444 1953 3489 extitit,
1980 3444 2046 3493 qua·
2070 3441 2235 3480 effidem
2252 3440 2395 3477 librum.
2411 3438 2620 3488 composuit
2634 3466 2643 3482 ‚

522 3513 559 3542 et
581 3508 614 3546 si.
637 3520 857 3557 recuperare
880 3515 1036 3557 potero,
1057 3509 1254 3547 musenim
1276 3510 1397 3547 facere
1419 3508 1585 3546 codicem
1612 3515 1754 3551 totum,
1777 3514 1814 3544 et
1831 3508 1984 3544 mittere·
1996 3506 2110 3542 vobis.
2129 3503 2252 3541 Crede
2273 3504 2373 3539 enim
2399 3502 2498 3552 quod
2523 3508 2650 3537 vestrm
