2970 4152
546 416 642 464 344

1344 415 1515 463 PETRI
1550 415 1864 467 ABAELARDI

1441 714 1781 774 ALTERA

883 859 1309 938 EJUSDEM
1359 859 1806 940 CARMINIS
1836 864 2335 945 ‚REGENSIO

1083 1032 1111 1063 Ε
1142 1030 1301 1065 Comen
1331 1031 1640 1064 BIBLIOTHECAE
1672 1032 1830 1067 sANcrl
1860 1034 2113 1068 Annonam.

545 1391 728 1429 Astralabi
749 1392 818 1437 fili,
838 1392 919 1428 vitae
936 1391 1096 1428 dulcedo
1113 1399 1290 1440 paternae,

591 1453 775 1489 Doctrinae
793 1452 918 1489 studio
935 1464 1051 1502 pauca
1068 1452 1239 1500 relinquo
1254 1458 1340 1489 tuae.

546 1512 663 1559 Major
679 1512 847 1549 discendi
863 1511 933 1548 tibi
952 1512 1000 1548 sit
1016 1524 1128 1560 quam
1149 1524 1238 1548 cura
1256 1510 1414 1548 docendi
1436 1528 1442 1545 z

590 1573 690 1609 Hinc
706 1573 786 1609 aliis
803 1572 943 1610 etenim
958 1572 1125 1620 proficis,
1144 1571 1233 1608 inde
1249 1571 1333 1608 tibi.

544 1634 670 1678 Quum
689 1633 759 1669 tibi
780 1633 943 1670 defuerit
958 1632 1052 1682 quid
1069 1631 1205 1677 discas,
1226 1632 1368 1668 discere
1387 1643 1504 1676 cessa,

589 1693 667 1729 Nec
683 1693 754 1729 tibi
771 1692 992 1730 cessandum
1012 1692 1150 1728 dixeris
1166 1704 1245 1729 esse
1262 1693 1378 1741 prius.

544 1753 627 1789 Non
645 1767 666 1789 a
683 1766 777 1803 quo,
795 1753 860 1790 sed
876 1753 969 1803 quid
985 1752 1145 1798 dicatur,
1169 1753 1218 1790 sit
1235 1753 1305 1790 tibi
1325 1765 1420 1790 curae
1443 1768 1450 1787 z

590 1815 746 1851 Auctori
764 1826 901 1850 nomen
918 1813 1008 1850 dant
1025 1814 1120 1851 bene
1137 1813 1236 1850 dicta
1254 1826 1334 1851 suo.

544 1875 620 1911 Nec
637 1875 707 1911 tibi
724 1874 851 1912 dilecti
863 1874 970 1922 jures
986 1874 1027 1910 in
1042 1874 1155 1911 verba
1173 1874 1362 1923 magistri,

590 1935 667 1972 Nec
684 1942 722 1972 te
737 1935 903 1971 detineat
919 1934 1051 1971 doctor
1068 1947 1194 1971 amore
1212 1946 1293 1973 suo.

545 1997 683 2033 Fructu
697 2025 708 2044 ‚
727 2009 803 2033 non
818 1996 916 2033 foliis
935 2007 1134 2045 pomorum
1152 1996 1311 2046 quisque
1330 1996 1487 2043 cibatur,

592 2058 637 2093 Et
654 2069 779 2094 sensus
795 2057 916 2094 verbis
932 2055 1192 2093 anteferendus
1210 2057 1294 2093 erit.

544 2118 697 2154 Ornatis
718 2118 860 2154 animos
877 2123 1002 2165 captet
1017 2117 1206 2165 persuasio
1222 2116 1343 2153 verbis
1356 2144 1367 2163 ,

590 2177 776 2213 Doctrinae
794 2177 912 2225 magis
929 2183 984 2212 est
1003 2176 1128 2213 debita
1146 2176 1331 2225 planities.

544 2238 660 2285 Copia
676 2237 876 2274 verborum
892 2244 946 2274 est
964 2236 1029 2273 ubi
1049 2249 1125 2272 non
1141 2244 1196 2273 est
1214 2236 1319 2285 copia
1337 2247 1481 2281 sensus,

591 2298 746 2334 Constat
762 2305 800 2334 et
817 2305 1003 2334 errantem
1022 2296 1272 2346 multiplicare
1288 2297 1376 2332 vias.

544 2359 660 2406 Cujus
677 2358 887 2395 doctrinam
906 2358 976 2394 sibi
994 2357 1191 2395 dissentire
1212 2357 1373 2401 videbis,

592 2419 652 2454 Nil
671 2418 771 2454 illam
792 2419 882 2455 certi
900 2425 1044 2455 constat
1061 2418 1200 2454 habere
1217 2416 1300 2453 tibi.

543 2479 731 2515 Instabilis
749 2479 843 2514 lunae
861 2478 995 2515 stultus
1012 2484 1180 2515 mutatur
1196 2476 1243 2513 ad
1260 2477 1389 2521 instar,

590 2540 695 2576 Sicut
712 2539 787 2584 sol,
807 2539 952 2587 sapiens
970 2545 1164 2588 permanet
1179 2538 1258 2586 ipse
1276 2536 1361 2573 sibi.

544 2600 654 2636 Nunc
669 2600 764 2645 huc,
786 2612 888 2636 nunc
906 2599 1014 2645 illuc,
1035 2598 1140 2636 stulti
1157 2610 1262 2635 mens
1277 2609 1370 2634 caeca
1385 2603 1551 2646 vagatur,

589 2661 748 2698 Provida
767 2674 869 2698 mens
890 2660 1060 2698 stabilem
1078 2660 1161 2709 figit
1176 2659 1320 2709 ubique
1338 2657 1507 2707 gradum.

547 2723 697 2771 Cogitat
715 2729 800 2759 ante
818 2722 885 2758 diu
903 2721 996 2771 quid
1013 2733 1143 2758 sanum
1160 2719 1285 2757 dicere
1303 2718 1417 2768 possit
1429 2747 1438 2763 ‚

591 2783 647 2820 Ne
662 2783 778 2831 judex
794 2782 858 2819 fiat
873 2782 1036 2830 turpiter
1051 2782 1131 2830 ipse
1148 2781 1218 2818 sui.

547 2845 664 2880 Dictis
681 2843 899 2890 doctorum,
917 2844 1023 2880 sactis
1040 2842 1194 2880 intende
1210 2841 1395 2878 bonorum
1406 2870 1415 2886 ‚

593 2905 748 2942 Ferveat
762 2905 832 2940 hac
851 2916 998 2953 semper
1016 2910 1145 2952 pectus
1163 2902 1328 2938 avaritia.

548 2965 653 3001 Disce
670 2964 737 3000 diu
754 2963 935 3013 firmaque
953 2964 1023 3001 tibi
1042 2962 1224 3011 tardaque
1241 2961 1375 2998 docere
1388 2990 1397 3006 ,

593 3026 716 3073 Atque
736 3024 782 3060 ad
800 3023 1043 3061 scribendum
1063 3036 1110 3060 ne
1127 3023 1202 3059 cito
1219 3022 1401 3071 prosilias.

545 3084 640 3120 Nolo
658 3085 845 3132 repentini
860 3092 926 3122 tua
942 3085 990 3121 sit
1008 3084 1178 3120 doctrina
1198 3082 1389 3131 magistri,

591 3144 668 3190 Qui
687 3151 842 3192 cogatur
858 3145 983 3181 adhuc
1000 3145 1141 3193 fingere
1160 3155 1241 3193 quae
1257 3142 1401 3180 doceat.

546 3203 664 3240 Nemo
675 3204 745 3240 tibi
755 3204 889 3241 tribuit
895 3205 998 3254 quod
1009 3204 1178 3242 nondum
1187 3211 1244 3241 est
1251 3215 1387 3241 nomen
1401 3203 1557 3252 adeptus
1569 3219 1576 3238 :

592 3266 680 3301 Post
697 3265 852 3311 multos,
874 3267 903 3302 si
923 3267 993 3312 vis,
1012 3266 1214 3315 experiaris
1230 3278 1330 3302 eum.

546 3325 865 3362 Detrimenta·tuae
878 3339 1002 3362 caveas
1019 3339 1130 3376 super
1147 3327 1273 3363 omnia
1289 3326 1410 3367 samae,

594 3384 648 3421 Ut
665 3385 792 3421 multis
810 3386 925 3434 possis
945 3393 983 3422 et
999 3387 1068 3423 tibi
1089 3387 1282 3435 proficere.

548 3446 638 3491 Quae
655 3438 918 3493 praecesserunt
935 3446 1037 3483 credi
1055 3458 1118 3482 sua
1138 3447 1296 3484 crimina
1313 3454 1468 3497 cogunt,

595 3506 640 3542 Et
658 3506 760 3555 prior
779 3507 817 3542 in
835 3512 967 3542 testem
985 3507 1057 3543 vita
1077 3509 1265 3556 sequentis
1279 3508 1364 3543 erit.

1631 1391 1717 1428 Non
1734 1398 1798 1428 tua
1809 1419 1820 1438 ,
1839 1392 1904 1429 sed
1921 1392 2071 1429 Domini
2088 1400 2276 1442 quaeratur
2292 1394 2408 1443 gloria
2426 1407 2492 1444 per
2508 1402 2567 1440 te;

1679 1452 1764 1488 Non
1782 1452 1850 1489 tibi
1862 1481 1872 1497 ,
1893 1452 1959 1489 sed
1974 1453 2119 1489 cunctis
2134 1454 2287 1500 vixeris,
2307 1454 2425 1491 immo
2441 1455 2535 1492 Deo.

1631 1511 1687 1548 Sit
1702 1511 1772 1549 tibi
1780 1541 1789 1559 ,
1810 1524 1951 1561 quaeso,
1971 1513 2148 1563 frequens
2165 1515 2357 1563 scripturae
2372 1515 2484 1552 lectio
2500 1528 2607 1553 sacrae
2631 1534 2639 1552 :

1678 1572 1818 1609 Caetera
1835 1573 1865 1609 si
1884 1585 1958 1622 qua
1974 1572 2094 1621 legas,
2115 1573 2240 1610 omnia
2257 1581 2412 1623 propter
2427 1587 2522 1612 eam.

1632 1631 1688 1669 Sit
1704 1632 1773 1668 tibi
1792 1634 2000 1682 praecipuus
2016 1632 2134 1670 divini
2151 1633 2274 1670 cultus
2290 1634 2464 1680 honoris,

1679 1694 1809 1742 Teque
1825 1694 1940 1731 timor
1958 1706 2105 1743 semper
2121 1693 2256 1730 subdat
2271 1707 2450 1744 amorque
2465 1695 2558 1732 Deo.

1633 1755 1753 1791 Nemo
1771 1755 1894 1791 Deum
1914 1761 2058 1791 metuet
2074 1754 2129 1791 vel
2147 1755 2287 1792 amabit
2304 1756 2401 1792 sicut
2418 1762 2568 1804 oportet
2579 1784 2589 1801 ,

1679 1815 1717 1852 Si
1737 1826 1813 1851 non
1831 1821 2008 1864 agnoscat
2024 1814 2122 1852 sicut
2138 1822 2287 1864 oportet
2302 1827 2408 1861 eum,
2547 1815 2661 1865 [ipse‚

1633 1875 1757 1922 Quam
1770 1876 1895 1923 justus
1913 1876 1961 1912 sit
1975 1875 2038 1911 hic
2053 1882 2164 1924 atque
2180 1882 2332 1924 potens,
2351 1888 2469 1925 quum
2486 1877 2535 1913 sit
2547 1875 2667 1913 bonus

1679 1936 1873 1983 Quantum
1890 1947 1957 1972 nos
1972 1935 2124 1981 toleret,
2140 1948 2254 1985 quam
2271 1948 2380 1985 grave
2395 1936 2593 1985 percutiat.

1632 1997 1786 2045 Semper
1801 1996 1933 2032 divinae
1946 2003 2010 2033 tua
2028 1997 2077 2033 sit
2093 1996 2259 2045 subjecta
2275 1996 2465 2042 voluntas,

1679 2057 1725 2093 Et
1742 2064 1871 2093 contra
1888 2058 1918 2092 si
1938 2057 2010 2102 vis,
2028 2057 2172 2106 appetis
2188 2068 2266 2094 esse
2284 2057 2404 2102 Deus;

1632 2116 1665 2151 N
1668 2129 1709 2153 ec
1726 2117 1796 2153 tibi
1813 2116 1905 2165 quid
1924 2118 2040 2165 possit
2058 2129 2217 2166 quaeraS,
2237 2117 2303 2154 sed
2319 2116 2414 2166 quid
2430 2117 2551 2165 placet
2567 2118 2637 2166 ipsi
2655 2134 2663 2153 :

1679 2177 1931 2213 Mercenarius
1946 2177 2019 2212 hoc
2029 2202 2039 2219 ‚
2058 2176 2153 2213 illud
2168 2178 2309 2213 amicus
2325 2178 2415 2226 agit.

1631 2235 1774 2281 Sufficit
1789 2243 1834 2272 ut
1849 2243 1997 2272 tantum
2015 2247 2155 2285 quaeras
2173 2236 2290 2285 ipsius
2306 2237 2486 2274 honorem
2503 2254 2510 2272 :

1679 2295 1862 2332 Utilitatis
1877 2296 1951 2332 erit
1967 2296 2019 2332 sic
2036 2307 2181 2332 memor
2198 2297 2278 2344 ipse
2294 2303 2377 2333 tuae.

1633 2356 1738 2393 Sicut
1755 2356 1940 2393 thesauris
1958 2363 2107 2405 praestat
2126 2356 2307 2405 sapientia
2325 2358 2471 2394 cunctis
2482 2385 2493 2404 ,

1680 2417 1740 2453 Sic
1758 2416 1856 2452 nihil
1872 2416 2046 2465 opposito
2063 2417 2173 2452 vilius
2190 2427 2268 2452 esse
2286 2423 2422 2465 potest.

1633 2477 1780 2525 Ingenii
1797 2477 1941 2525 sapiens
1961 2476 2003 2512 fit
2022 2476 2146 2512 nullus
2162 2477 2334 2514 acumine
2350 2478 2495 2526 magni;

1679 2539 1791 2575 Hunc
1809 2537 1934 2586 potius
1950 2549 2074 2574 mores
2090 2544 2128 2574 et
2145 2537 2243 2574 bona
2260 2538 2336 2574 vita
2352 2545 2492 2575 creant.

1634 2599 1778 2645 Factis,
1799 2610 1875 2634 non
1891 2597 2035 2643 verbis,
2054 2597 2234 2646 sapientia
2252 2610 2290 2634 se
2310 2598 2527 2646 profitetur3

1683 2660 1778 2697 Solis
1796 2671 1969 2696 concessa
1986 2666 2041 2696 est
2058 2660 2178 2708 gratia
2193 2666 2298 2696 tanta
2314 2659 2436 2696 bonis.

1638 2721 1755 2758 Filius
1771 2728 1827 2757 est
1843 2721 1988 2769 sapiens
2007 2719 2220 2757 benedictio
2238 2720 2355 2757 multa
2373 2726 2571 2769 parentum
2582 2749 2591 2765 ‚

1682 2782 1854 2830 Ipsorum
1874 2781 2012 2817 stultus
2030 2780 2193 2817 dedecus
2211 2787 2323 2830 atque
2341 2780 2461 2817 dolor.

1638 2841 1751 2888 Quod
1768 2841 1904 2878 tolerat
1923 2841 2054 2889 major,
2073 2853 2150 2877 non
2168 2841 2216 2877 sit
2236 2853 2345 2889 grave
2358 2841 2456 2879 serre
2473 2841 2668 2885 minorem,

1685 2903 1763 2939 Nec
1780 2914 1818 2938 se
1833 2901 1978 2951 prolato
1996 2903 2163 2951 praeferat
2180 2901 2279 2938 ullus
2295 2902 2425 2940 homo.

1637 2963 1813 3001 oblatam
1833 2963 1925 3000 Cato
1948 2962 2048 2999 fudit
2067 2975 2222 3013 aquam,
2242 2962 2500 3012 populumque
2520 2962 2668 3007 refecit,

1681 3023 1781 3059 Dum
1799 3023 1900 3059 refici
1919 3023 2111 3072 propriam
2128 3035 2204 3059 non
2222 3021 2313 3060 tulit
2329 3023 2407 3072 ipse
2424 3021 2540 3058 sitim.

1635 3085 1819 3134 Insipiens
1834 3096 1899 3121 rex
1917 3091 1972 3120 est
1987 3084 2112 3121 asinus
2130 3083 2341 3120 diademate
2357 3082 2520 3132 pollens,

1683 3146 1777 3182 Tam
1796 3146 1867 3182 sibi
1886 3157 1999 3194 quam
2019 3144 2164 3181 cunctis
2180 3144 2411 3193 perniciosus
2428 3143 2492 3179 hic
2506 3149 2575 3178 est.

1635 3205 1732 3242 Nolo
1748 3205 1921 3242 militiam
1933 3232 1943 3250 ,
1962 3204 2027 3240 sed
2043 3215 2192 3241 sensum
2207 3204 2248 3240 in
2262 3203 2433 3253 principe
2448 3201 2596 3239 laudes:

1682 3265 1889 3302 Consilium
1902 3293 1913 3311 ‚
1934 3277 2011 3301 non
2029 3265 2101 3310 vis,
2119 3263 2312 3312 praeminet
2327 3262 2375 3299 ad
2393 3263 2575 3311 regimen.

1635 3327 1763 3373 Quum
1776 3325 1897 3362 bonus
1910 3332 1965 3362 est
1982 3325 2175 3374 princeps,
2192 3323 2308 3359 divini
2324 3323 2490 3359 muneris
2506 3329 2562 3358 est
2576 3322 2668 3367 hoc;

1683 3384 1811 3430 Quum
1829 3384 1966 3429 malus,
1987 3382 2026 3419 id
2045 3382 2188 3431 perpeti
2205 3392 2447 3430 promeruere
2462 3381 2570 3418 mala.

1636 3444 1692 3481 Sit
1710 3444 1780 3480 tibi
1799 3455 1888 3481 cura
1907 3444 2010 3492 prior
2028 3442 2207 3488 faciendi,
2229 3440 2366 3478 deinde
2382 3440 2539 3478 docendi

1685 3506 1776 3552 Quae
1794 3504 1892 3541 bone
1910 3511 1996 3541 sunt
2010 3532 2019 3549 ‚
2039 3516 2107 3540 nec
2121 3503 2171 3539 sis
2187 3501 2357 3539 dissonus
2374 3502 2453 3550 ipse
2469 3501 2551 3538 tibi.
