2970 4152
959 407 1017 455 IN
1051 406 1230 454 RAMIS
1263 404 1588 452 PALMARUM
1621 403 1837 451 SERMO.
2366 402 2450 448 421

346 503 525 558 hahuit.
544 495 850 566 Somn0‚:qui
865 503 1068 551 maxime
1085 501 1231 548 fessos
1247 509 1452 558 recreat,
1472 515 1602 546 mors
1619 498 1830 547 fidelium
1851 505 2170 561 comparatur,
2185 496 2269 559 qui
2283 506 2463 559 quanto

345 584 547 651 amplius
570 583 648 630 hic
671 600 760 648 pro
785 585 888 630 Deo
915 583 1281 653 laboraverunt,
1298 580 1360 627 ad
1384 576 1616 643 majorem
1639 580 1852 643 requiem
1874 576 2124 624 moriendo
2150 577 2348 623 transire
2373 593 2467 623 me-

346 673 557 716 ruerunt.
581 667 652 711 De
676 663 766 710 hac
787 664 927 727 igitur
953 651 1244 713 dormitione
1265 671 1316 708 et
1341 670 1523 707 matura
1544 659 1651 723 ejus*
1664 659 2008 706 resurrectione
2026 657 2269 704 Psalmista
2290 657 2338 703 in
2365 658 2464 719 ejus

345 744 548 807 personna
574 742 873 807 praedixerat¹
896 760 906 792 '-
931 745 1073 805 «Ego
1092 740 1322 799 dormivi,
1352 749 1399 786 et
1422 746 1676 803 soporatus
1706 755 1838 796 sum,
1876 748 1924 784 et
1957 737 2208 784 exsurrexi.
2231 755 2254 780 »
2283 737 2468 783 Dormit

345 820 498 871 fidelis
524 833 579 870 et.
593 832 854 888 separatur,
883 823 992 886 quia
1020 819 1273 868 moriendo
1298 819 1359 866 ad
1384 819 1512 867 illam
1537 820 1752 882 requiem
1776 817 1967 876 transit,
1990 832 2084 880 qua
2109 817 2312 863 maxime
2337 815 2467 864 oble-

345 911 514 960 ctatur,
531 912 578 957 et
595 918 653 949 eo
664 902 766 965 jam
778 901 865 948 Dei
879 901 1061 948 visione
1074 899 1276 959 fruente,
1288 915 1529 948 summum
1543 898 1830 945 desiderium
1850 897 1996 962 ipsius
2014 895 2253 960 impletur.
2270 895 2408 942 Unde
2421 906 2466 942 et

344 982 661 1045 Hieronymus
674 981 735 1029 de
747 981 972 1047 praedicta
988 980 1163 1027 Christi
1178 979 1467 1027 dormitione
1480 979 1546 1025 ait
1568 996 1578 1024 z
1604 978 1864 1024 «Dormire
1875 977 1965 1023 Dei
1982 986 2067 1035 est,
2085 993 2231 1040 quum
2253 976 2466 1039 unigeni-

344 1072 418 1109 tus
435 1063 581 1109 Patris
599 1063 647 1108 in
668 1071 1066 1127 assumptacarne
1086 1055 1209 1107 mori
1228 1077 1316 1125 pro
1337 1058 1476 1106 nobis
1493 1057 1712 1122 dignatus
1727 1067 1817 1105 est.
1828 1056 2012 1114 Quibus
2031 1072 2160 1103 mors
2174 1066 2299 1103 recte
2316 1055 2467 1102 dulcis

343 1158 540 1189 somnus
556 1141 808 1207 praedictus
819 1152 906 1201 est,
920 1142 1023 1207 ipso
1037 1140 1225 1188 dicente
1240 1157 1327 1205 per
1344 1139 1594 1189 Jeremiam
1604 1141 1618 1163 ¹
1638 1157 1648 1185 ε
1669 1158 1692 1183 «
1708 1138 1823 1185 Ideo
1835 1138 1971 1202 quasi
1984 1154 2039 1184 ex
2052 1153 2223 1184 somno
2237 1138 2464 1184 excitatus

345 1242 368 1266 α
391 1238 526 1281 sum,
556 1231 603 1268 et
622 1221 743 1281 vidi,
764 1231 810 1268 et
828 1237 1026 1268 somnus
1045 1237 1179 1281 meus
1205 1219 1357 1272 dulcis
1375 1214 1446 1266 est
1469 1218 1601 1265 mihi.
1626 1238 1650 1263 υ
1683 1221 1888 1266 Aureum
1907 1217 2080 1264 dicitur
2103 1216 2464 1264 declinatorium

342 1300 636 1360 Salomonis,
666 1301 776 1365 quia
800 1317 949 1366 quum
977 1301 1035 1347 sit
1063 1300 1270 1365 pretiosa
1303 1315 1432 1346 mors
1457 1308 1731 1345 sanctorum
1761 1297 1810 1344 in
1833 1306 2090 1361 conspectu
2115 1296 2332 1355 Domini,
2354 1313 2464 1360 pre-

341 1380 592 1432 tiosissima
619 1380 821 1428 dicenda
852 1391 922 1428 est
946 1381 1146 1439 Christi,
1183 1396 1326 1444 quem
1364 1395 1461 1426 non
1501 1377 1807 1425 solummodo
1843 1387 2060 1424 sanctum
2074 1413 2086 1437 ,
2125 1394 2290 1424 verum
2325 1379 2465 1424 etiam

342 1471 528 1509 constat
543 1478 644 1509 esse
664 1464 892 1509 Sanctum
910 1471 1202 1509 sanctorum.
1225 1459 1402 1518 Quanti
1424 1459 1602 1524 quippe
1624 1458 1760 1521 pretii
1780 1474 1909 1505 mors
1928 1457 2007 1504 illa
2028 1467 2098 1505 est
2112 1457 2316 1504 dicenda
2329 1493 2340 1515 ,
2362 1474 2465 1521 quae

342 1541 388 1587 in
415 1552 587 1594 nostrae
612 1541 953 1607 redemptionis
975 1542 1180 1606 pretium
1213 1541 1340 1599 data,
1371 1539 1514 1586 vitam
1541 1538 1765 1586 omnibus
1793 1539 1933 1598 emit,
1965 1547 2012 1585 et
2047 1537 2248 1603 paradisi
2269 1538 2464 1601 januam

341 1621 554 1685 aperuit?
580 1621 716 1668 Unde
735 1621 860 1668 bene
884 1621 978 1686 hoc
997 1620 1232 1685 singulare
1249 1620 1454 1686 pretium
1475 1617 2008 1666 excellentiori÷metallo
2029 1628 2097 1665 est
2116 1628 2460 1683 comparatum,

295 1740 297 1742 .
343 1700 423 1748 ubi
449 1702 801 1749 reclinatorium
831 1712 900 1748 est
924 1701 1214 1765 descriptum
1240 1717 1455 1747 aureum.

405 1781 473 1832 Ad
494 1782 626 1846 quod
643 1783 849 1846 denique
867 1782 1219 1830 reclinatorium
1237 1781 1401 1846 ipsius,
1419 1780 1646 1827 Salomon
1660 1797 1953 1845 purpureum
1974 1785 2157 1845 aptasse
2174 1789 2465 1826 memoratur

339 1877 588 1909 ascensum
610 1881 620 1907 ε
644 1872 690 1910 et
713 1862 888 1909 horum
914 1861 1092 1921 media,
1121 1871 1218 1909 tam
1238 1861 1593 1909 reclinatorium
1613 1860 1791 1907 scilicet
1809 1876 1953 1924 quam
1978 1875 2198 1907 ascensus
2216 1859 2461 1924 purpurei,

339 1942 614 2007 interposita
644 1943 837 1990 caritate
865 1942 1202 2000 constravisse,
1233 1952 1278 1989 et
1305 1951 1532 2005 tanquam
1560 1940 1659 1988 haec
1685 1940 1774 1988 sibi
1794 1940 2095 2004 conjunxerit
2119 1939 2240 1986 illius
2259 1940 2465 2003 interpo-

339 2023 525 2070 sitione.
550 2027 779 2072 Ascensus
797 2024 883 2071 iste
902 2039 1171 2089 purpureus
1189 2022 1248 2069 ad
1266 2021 1383 2069 illud
1400 2021 1751 2069 reclinatorium
1762 2022 1859 2085 jam
1878 2022 1926 2068 in
1945 2019 2460 2085 Christocompletum,

338 2100 477 2149 nobis
505 2103 645 2150 etiam
673 2102 734 2149 ab
759 2103 863 2168 ipso
886 2113 956 2151 est
980 2103 1155 2162 factus3
1178 2119 1328 2167 quum
1349 2118 1436 2166 per
1460 2102 1561 2164 ejus
1578 2100 1849 2166 exemplum
1870 2110 1916 2147 et
1933 2099 2311 2147 exhortationem
2332 2099 2464 2146 malis

338 2183 596 2231 resistimus
621 2201 771 2248 usque
796 2184 859 2231 ad
884 2184 1124 2248 sanguinis
1148 2184 1428 2232 effusionem
1443 2218 1456 2243 ‚
1479 2194 1528 2230 et
1550 2183 1618 2230 sic
1645 2193 1873 2247 tanquam
1898 2199 2193 2247 purpureum
2216 2198 2463 2228 ascensum

338 2263 399 2310 ad
429 2280 642 2328 supernae
670 2266 863 2329 quietis,
885 2281 983 2329 quo
997 2265 1094 2328 jam
1117 2264 1194 2312 ille
1222 2265 1485 2329 praecessit,
1518 2264 1820 2328 pervenimus
1847 2263 2216 2310 reclinatorium.
2238 2263 2330 2309 Sed
2354 2263 2462 2326 quia

337 2342 558 2391 humanae
582 2344 865 2391 infirmitatis
900 2360 997 2392 uon
1023 2354 1118 2403 est,
1145 2354 1346 2391 mortem
1381 2344 1620 2409 excipere,
1651 2342 1737 2390 sed
1758 2343 2034 2390 naturaliter
2064 2343 2222 2406 fugere
2238 2378 2250 2402 ,
2273 2342 2464 2389 caritate

271 2416 275 2419 ⁷
338 2422 495 2470 media
517 2423 597 2470 hic
621 2440 843 2471 ascensus
868 2434 914 2471 et
930 2423 1052 2475 'illud
1078 2422 1434 2471 reclinatorium
1466 2423 1553 2469 sibi
1576 2423 1950 2487 conjunguntur,
1987 2423 2098 2486 quia
2126 2422 2284 2469 nullus
2310 2422 2463 2468 homi-

339 2519 453 2549 num
466 2503 514 2551 in
527 2492 657 2550 tanto
671 2518 823 2567 agone
834 2503 1118 2568 persisteret,
1138 2513 1188 2550 ut
1207 2503 1318 2550 illuc
1336 2503 1623 2567 perveniret,
1642 2503 1731 2549 nisi
1747 2502 1932 2559 caritas,
1948 2519 2052 2565 quae
2069 2503 2267 2548 «omnia
2279 2502 2456 2559 suffert,

337 2583 497 2630 omnia
525 2584 767 2643 sustinet³,
793 2602 814 2627 »
835 2583 1154 2630 interveniret.
1183 2583 1403 2646 Denique
1429 2599 1578 2646 quum
1607 2582 1821 2646 adjungit
1844 2591 2040 2647 propter
2064 2581 2183 2628 filias
2204 2583 2460 2630 Jerusalem

332 2661 728 2717 huncascensum
753 2663 814 2710 ad
839 2662 1193 2710 reclinatorium
1219 2662 1348 2722 fieri,
1378 2662 1450 2710 vel
1488 2661 1645 2709 media
1671 2679 1837 2710 eorum
1871 2661 2351 2720 caritateconsterni,
2381 2679 2462 2726 pa-

335 2752 487 2790 tenter
511 2744 666 2791 innuit
696 2761 781 2809 per
816 2743 940 2790 hanc
974 2743 1179 2791 caritatis
1216 2743 1650 2808 interpositionem,
1686 2742 1780 2790 hoc
1813 2753 1910 2789 tam
1943 2743 2096 2790 arduo
2122 2759 2316 2790 ascensu
2349 2743 2459 2789 illuc

335 2823 657 2870 conscendere
682 2834 893 2871 nostram
916 2810 1254 2871 infirmitatem.
1286 2823 1430 2882 Quod
1451 2824 1578 2871 enim
1600 2822 1718 2870 filias
1742 2822 1856 2869 dicit
1873 2823 2029 2888 potius
2054 2839 2197 2887 quam
2226 2822 2374 2881 filios,
2403 2840 2455 2869 ex

335 2901 584 2949 infirmiori
603 2919 714 2950 sexu
738 2902 998 2964 humanam
1017 2903 1236 2967 exprimit
1258 2902 1644 2950 imbecillitatem.
1666 2903 1795 2949 Sicut
1814 2901 1919 2948 filiae
1939 2901 2190 2966 Babylonis
2205 2903 2372 2949 animae
2392 2903 2462 2947 in-

335 2980 606 3045 telliguntur
642 2981 878 3046 reprobae,
908 2981 973 3028 sic
996 2981 1101 3029 filiae
1131 2982 1388 3030 Jerusalem
1419 2983 1592 3030 electae.
1627 2985 1741 3029 Duae
1775 2982 1951 3047 quippe
1979 2992 2084 3029 sunt
2125 2983 2219 3029 istae
2248 2983 2456 3028 civitates

334 3061 422 3109 Dei
436 3071 483 3108 et
500 3061 700 3121 diaboli,
722 3078 926 3126 quarum
942 3061 1041 3109 haec
1057 3063 1105 3109 in
1124 3062 1249 3109 malo
1263 3099 1274 3121 ,
1298 3063 1419 3109 sicut
1437 3062 1514 3109 illa
1533 3072 1725 3127 generat
1743 3063 1790 3108 in
1815 3061 1963 3108 bono.
1990 3064 2147 3108 Potest
2165 3062 2307 3109 etiam
2323 3063 2453 3126 quod

335 3139 521 3200 dicitur,
541 3160 563 3185 «
579 3141 735 3188 media
745 3141 953 3199 caritate,
963 3159 986 3185 »
1004 3141 1153 3206 accipi
1163 3142 1454 3189 intransitive
1470 3141 1553 3189 :ad
1568 3141 1790 3189 eumdem
1805 3158 1984 3200 casum,
1996 3141 2170 3188 scilicet
2179 3141 2433 3189 ablativum
2442 3179 2453 3201 ‚

335 3219 423 3266 sibi
463 3220 702 3267 sociantur
738 3220 1084 3267 substantivum
1119 3232 1164 3267 et
1196 3221 1499 3285 adjectivum.
1529 3224 1586 3267 Et
1611 3231 1725 3267 tunc
1747 3219 1940 3284 quidem
1975 3221 2038 3268 ita
2071 3231 2139 3268 est
2169 3221 2420 3285 legendum
2442 3259 2453 3279 ,

334 3299 463 3363 quod
494 3299 627 3346 illum
647 3317 893 3347 ascensum
921 3317 1212 3365 purpureum
1239 3301 1395 3348 media
1428 3303 1620 3348 caritate
1644 3301 1927 3360 constravit,
1957 3300 2073 3348 dum
2104 3302 2204 3365 ejus
2242 3302 2456 3349 videlicet

380 3480 387 3495 ¹
416 3479 531 3512 Psalm.
551 3492 605 3520 ιιι,
624 3491 654 3513 ν.
673 3483 705 3513 6.
719 3500 759 3505 —
772 3481 783 3498 ²
801 3494 815 3509 «ι
831 3482 924 3522 Quasi
945 3481 985 3514 dc
1001 3492 1113 3514 somno
1133 3481 1301 3514 suscitatus
1318 3494 1400 3514 sum.
1415 3495 1429 3510 ›-
1447 3482 1598 3523 (Jerem.,
1612 3491 1685 3524 cap.
1703 3493 1757 3514 xxi
1771 3507 1778 3521 ,
1801 3493 1833 3514 v.
1852 3481 1980 3524 26.)-³
1996 3483 2012 3514 1
2028 3483 2186 3520 Corinth„
2199 3494 2270 3525 cap.
2288 3494 2342 3515 xm
2355 3509 2362 3521 ,
2378 3495 2403 3516 v.
2421 3485 2451 3514 7,
