2970 4152
544 400 635 445 552
1338 395 1506 442 PETRI
1541 396 1854 444 ABAELARDI

537 503 582 539 et
606 510 692 539 vos
726 492 867 554 longe
902 489 1105 553 amplius
1134 489 1320 536 domini
1341 490 1486 537 vestri
1516 491 1703 556 sponsis
1731 491 1930 549 debere,
1962 506 2108 555 quam
2130 492 2299 550 servis,
2332 501 2378 538 et
2409 508 2488 540 eas
2522 494 2649 558 apud

536 588 765 636 sponsum
788 570 1038 634 proprium
1061 568 1166 632 plus
1189 585 1329 633 posse
1353 586 1499 633 quam
1523 587 1684 622 servos
1706 570 1989 633 agnoscatis.
2023 573 2150 617 Inter
2175 571 2301 635 ipsas
2324 587 2517 635 quoque
2541 588 2650 620 san·

535 648 830 695 ctimoniales
853 647 953 693 haec
982 648 1031 693 in
1061 647 1376 711 eleemosynis
1402 648 1678 695 adhibenda
1699 659 1770 696 est
1791 648 2038 706 discretio,
2064 657 2116 694 ut
2139 664 2243 712 quae
2265 649 2434 713 majori
2455 666 2655 714 pauper-

538 738 631 774 tate
654 736 765 773 sunt
787 742 1041 790 oppressae,
1060 727 1229 789 majori
1251 726 1465 774 subsidio
1488 737 1829 774 sustententur.
1849 728 1969 773 Sunt
1991 727 2120 773 enim
2143 727 2432 774 monasteria
2453 726 2653 774 femina-

537 825 644 853 rum
677 808 798 853 sicut
819 817 866 853 et
888 807 1241 854 monachorum
1269 809 1529 873 antiquitus
1560 826 1588 856 a
1616 808 1894 873 potentibus
1917 807 2073 854 saeculi
2098 807 2297 855 fundata
2313 846 2325 867 ,
2350 808 2426 855 vel
2448 809 2654 873 copiosis

540 887 919 951 possessionibus
942 887 1107 935 ditata.
1135 891 1237 935 Hoc
1259 905 1373 935 vero
1397 889 1742 936 monasterium
1765 888 1953 934 noviter
1975 897 2322 947 constructum,
2348 905 2437 935 nec
2460 904 2487 935 a
2509 888 2656 935 divite

538 967 751 1031 quodam
775 967 1024 1015 fundatum
1051 979 1137 1028 est,
1165 985 1254 1015 nec
1276 969 1657 1033 possessionibus
1680 969 1900 1015 ditatum.
1928 968 2071 1026 Quod
2093 978 2254 1016 tamen
2277 970 2326 1015 in
2351 969 2524 1016 divinis
2546 967 2657 1015 offi-

538 1047 638 1103 ciis,
664 1056 711 1092 et
733 1046 983 1110 disciplina
1005 1047 1207 1110 regulari
1230 1064 1329 1093 non
1354 1049 1530 1094 minori
1546 1047 1706 1094 studio
1728 1063 2030 1112 perseverare
2048 1064 2195 1111 quam
2216 1057 2383 1095 caetera
2404 1048 2492 1094 Dei
2509 1048 2657 1111 gratia

540 1126 777 1172 novimus.
805 1126 898 1172 Sed
921 1126 1110 1173 novella
1132 1127 1232 1190 ejus
1255 1127 1412 1173 adhuc
1434 1137 1481 1174 et
1503 1137 1667 1174 tenera
1688 1127 1921 1191 plantatio
1946 1128 2131 1185 vestris,
2159 1136 2210 1173 ut
2231 1136 2428 1186 crescat,
2454 1126 2657 1174 colenda

539 1216 608 1252 est
624 1205 955 1269 eleemosynis.
977 1206 1193 1269 Eligendi
1216 1206 1353 1253 vobis
1376 1216 1487 1252 sunt
1509 1223 1760 1271 pauperes⁷
1786 1217 1833 1253 et
1855 1206 2157 1270 eleemosyna
2179 1222 2276 1271 qua
2296 1223 2499 1270 regnum
2519 1206 2660 1253 coelo-

540 1303 647 1332 rum
671 1302 829 1332 emere
851 1285 1016 1345 vultis,
1046 1303 1146 1332 non
1176 1296 1353 1332 temere
1386 1285 1581 1333 cuilibet
1612 1286 1925 1351 porrigenda3
1957 1286 2041 1333 sed
2075 1286 2237 1345 sudet,
2275 1287 2396 1333 sicut
2428 1287 2659 1351 scriptum

541 1377 626 1424 est,
653 1366 955 1429 eleemosyna
978 1366 1027 1411 in
1044 1382 1191 1412 manu
1213 1376 1312 1424 tua,
1339 1365 1495 1412 donec
1518 1367 1734 1413 invenias
1758 1367 1841 1430 qui
1864 1366 2036 1429 dignus
2055 1366 2131 1425 sit,
2151 1366 2308 1413 donec
2330 1365 2416 1413 tibi
2439 1376 2660 1413 occurrat

541 1446 623 1492 ubi
652 1462 758 1493 eam
787 1446 938 1510 possis
973 1445 1098 1491 bene
1132 1445 1392 1504 collocare,
1425 1462 1572 1509 quam
1600 1446 1649 1492 in
1678 1446 1833 1510 pretio
1856 1455 1998 1492 tantae
2019 1446 2088 1492 rei
2110 1446 2180 1492 vis
2202 1462 2400 1511 ponere.
2427 1445 2659 1494 Conside-

541 1525 678 1572 randi
694 1535 805 1572 sunt
827 1541 1078 1589 pauperes,
1104 1525 1186 1588 qui
1209 1535 1256 1571 te
1279 1526 1463 1589 possint
1485 1526 1664 1572 meritis
1687 1526 1782 1571 suis
1805 1535 1853 1571 et
1874 1524 2172 1571 orationibus
2194 1525 2306 1572 illuc
2327 1525 2656 1582 introducere3

541 1607 651 1668 quia
674 1605 872 1651 stultum
894 1615 964 1651 est
987 1604 1048 1651 ab
1071 1604 1159 1650 illis
1181 1614 1358 1652 aeterna
1378 1604 1688 1651 tabernacula
1704 1621 1912 1669 sperare,
1932 1604 2015 1668 qui
2037 1613 2091 1650 ut
2112 1620 2168 1650 ea
2190 1603 2441 1651 obtineant
2462 1604 2660 1651 minime

542 1703 624 1731 seu
647 1701 818 1749 parum
839 1684 1077 1744 laborant,
1105 1684 1187 1747 qui
1209 1684 1459 1730 coactione
1487 1684 1637 1747 magis
1665 1700 1813 1748 quam
1834 1683 2080 1731 voluntate
2102 1693 2213 1730 sunt
2234 1699 2492 1748 pauperes,
2517 1677 2660 1730 rebus

543 1766 700 1829 potius
723 1781 868 1828 quam
889 1764 1081 1828 spiritu,
1108 1764 1243 1810 inviti
1266 1763 1425 1828 potius
1448 1780 1595 1828 quam
1617 1764 1887 1829 spontanei.
1924 1782 1947 1808 «
1963 1767 2228 1810 Incarcere
2249 1766 2422 1822 eram¹,
2443 1781 2467 1807 »
2491 1763 2659 1810 Domi-

543 1862 632 1891 nus
654 1845 826 1908 inquit,
857 1863 880 1888 «
897 1853 944 1890 et
959 1844 1153 1891 venistis
1176 1843 1237 1890 ad
1260 1860 1354 1890 me.
1377 1862 1400 1888 n
1428 1843 1669 1891 Nonnulla
1691 1842 2018 1891 misericordia
2039 1853 2110 1890 est
2131 1844 2197 1890 eis
2219 1843 2363 1890 etiam
2385 1841 2655 1900 subvenire,

544 1925 625 1987 qui
648 1925 697 1970 in
720 1923 989 1970 carceribus
1010 1923 1266 1969 hominum
1292 1923 1429 1970 inviti
1451 1933 1700 1982 tenentur;
1725 1923 1810 1970 sed
1832 1923 2038 1970 maxima
2061 1932 2131 1969 est
2157 1921 2231 1968 his
2253 1921 2530 1979 subvenire,
2556 1936 2661 1985 quae

543 2021 591 2049 se
613 2013 784 2067 sponte
805 2003 1002 2050 Domini
1023 2003 1292 2050 carceribus
1320 2004 1369 2049 in
1392 2014 1626 2068 perpetuo
1654 2004 2072 2069 mancipaverunt,
2104 2003 2261 2050 donec
2288 2019 2468 2067 sponso
2490 2018 2660 2049 occur-

544 2092 701 2130 rentes
723 2099 834 2128 cum
855 2083 960 2147 ipso
983 2084 1161 2129 intrent
1189 2083 1249 2129 ad
1279 2084 1492 2148 nuptiaS‚
1525 2084 1645 2130 sicut
1671 2084 1873 2148 ipsemet
1893 2099 2098 2147 sponsus
2121 2082 2286 2130 asserit
2308 2082 2496 2129 dicens*
2522 2099 2532 2128 :
2563 2099 2586 2125 «
2602 2083 2662 2127 Et

545 2178 649 2225 quae
670 2171 845 2226 paratae
867 2172 1003 2209 erant
1024 2162 1322 2209 intraverunt
1344 2179 1456 2209 cum
1477 2179 1536 2209 eo
1559 2163 1620 2209 ad
1643 2163 1857 2227 nuptias,
1877 2182 1901 2206 »
1933 2172 1987 2208 ut
2009 2162 2121 2209 illuc
2142 2162 2362 2208 videlicet
2384 2161 2519 2225 quasi
2546 2176 2663 2207 uxo-

547 2259 621 2289 res
644 2242 831 2289 assidua
860 2242 1216 2289 cohabitatione
1247 2241 1385 2302 fiant,
1419 2259 1523 2306 quae
1545 2242 1624 2289 hic
1655 2242 1911 2291 extiterunt
1938 2252 2171 2306 tanquam
2192 2257 2394 2306 sponsae.
2422 2240 2493 2287 Ad
2514 2256 2661 2304 quam

546 2322 741 2385 quidem
760 2321 1022 2368 coelestium
1041 2322 1317 2368 societatem
1339 2322 1616 2385 nuptiarum
1638 2331 1684 2368 et
1707 2331 1882 2368 aeterna
1903 2321 2228 2379 tabernacula,
2247 2321 2360 2385 ipsae
2374 2336 2460 2366 vos
2482 2320 2661 2366 meritis

547 2412 593 2447 et
615 2400 1033 2447 intercessionibus
1068 2401 1163 2447 suis
1197 2416 1384 2464 sponsae
1405 2416 1568 2447 secum
1592 2399 1903 2448 introducant
1920 2437 1931 2459 ,
1962 2410 2015 2446 ut
2045 2400 2140 2446 illic
2167 2416 2253 2465 per
2286 2415 2365 2446 eas
2392 2398 2661 2464 percipiatis

547 2490 744 2538 aeterna,
776 2497 880 2544 quae
908 2479 986 2526 hic
1016 2496 1043 2526 a
1071 2480 1208 2526 vobis
1242 2480 1507 2545 suscipiunt
1534 2479 1840 2544 temporalia,
1876 2489 2127 2545 praestante
2154 2479 2260 2544 ipso
2291 2494 2455 2525 earum
2480 2491 2661 2542 sponso

547 2562 756 2607 Domino
794 2564 902 2608 Jesu
932 2560 1146 2619 Christo,
1173 2561 1250 2607 cui
1272 2570 1343 2607 est
1366 2560 1527 2607 honor
1554 2570 1601 2608 et
1630 2559 1805 2624 gloria,
1837 2577 1923 2625 per
1951 2559 2137 2608 infinita
2170 2558 2450 2606 saeculorum
2471 2556 2657 2605 saecula.

547 2644 713 2687 Amen.

596 2792 605 2810 ’
631 2793 756 2828 Matth..
773 2804 844 2836 cap.
862 2805 940 2833 xxv,
955 2804 985 2827 v.
1002 2796 1054 2827 36.
1072 2813 1110 2818 -»
1125 2793 1250 2835 ¹1bid.‚
1265 2807 1292 2828 v.
1318 2797 1367 2828 10.
