2970 4152
581 391 674 437 568
1382 389 1552 435 PETRI
1588 388 1895 436 ABAELARDI

580 483 843 547 salsuginis.
873 501 896 526 »
922 480 1245 528 Tabernacula
1266 481 1468 529 mobiles
1493 483 1666 530 domus
1687 493 1823 541 sunt,
1850 480 2074 545 nullaque
2093 476 2347 527 stabilitate
2382 480 2501 540 fixae,
2530 479 2691 545 qualia

580 572 691 608 sunt
703 573 949 627 pastorum
963 561 1037 608 vel
1054 562 1461 625 peregrinantium
1478 562 1841 626 obumbracula.
1853 562 1934 608 His
1950 576 2155 625 corpora
2172 570 2335 607 nostra
2351 569 2692 624 comparantur

582 654 735 690 morte
770 643 927 690 adhuc
958 642 1276 703 dissolubilia,
1309 660 1398 690 nec
1428 644 1732 691 stabilitatem
1764 642 2133 689 immortalitatis
2166 641 2355 706 adepta.
2380 644 2451 688 De
2473 640 2692 705 qualibus

582 723 696 769 dicit
720 723 973 787 Apostolus
990 726 1001 747 ¹
1026 742 1036 769 z
1064 742 1088 767 «
1110 724 1157 769 Si
1183 723 1468 771 dissolvatur
1496 725 1670 771 domus
1694 734 1858 770 nostra
1886 723 2143 781 terrestris,
2181 721 2415 769 habemus
2445 722 2494 768 in
2518 721 2693 768 coelum

581 802 781 848 domum
804 820 904 849 non
928 803 1250 850 manufactam
1273 820 1300 850 a
1323 807 1425 850 Deo
1448 814 1682 868 paratam.
1711 822 1735 847 »
1773 806 1901 848 Dum
1925 818 2038 865 ergo
2060 802 2110 848 in
2140 801 2215 848 his
2246 801 2384 848 luteis
2409 811 2456 848 et
2477 800 2693 848 mortali-

580 880 669 927 bus
693 882 975 946 corporibus
1003 899 1189 941 sumus,
1212 883 1261 928 in
1285 882 1602 929 tabernaculis
1630 882 1779 944 magis
1802 897 1948 944 quam
1969 880 2019 926 in
2043 879 2267 926 domibus
2280 879 2571 926 habitamus.
2599 879 2694 937 Qui

579 977 691 1023 ergo
706 961 784 1007 hic
801 961 960 1008 adhuc
975 962 1332 1026 peregrinantes
1350 962 1484 1026 quasi
1495 960 1857 1008 tabernaculum
1872 953 2124 1018 habemus,
2143 975 2294 1023 quum
2312 959 2373 1006 ad
2396 958 2597 1005 coelestis
2617 959 2697 1004 Je-

580 1040 783 1086 rusalem
805 1042 1009 1105 patriam
1034 1042 1304 1088 venerimus
1321 1079 1332 1101 ,
1371 1042 1572 1088 domum
1607 1041 1766 1105 potius
1797 1039 2007 1086 habituri
2035 1056 2215 1086 sumus.
2248 1043 2302 1085 In
2328 1040 2461 1102 cujus
2484 1039 2554 1086 rei
2577 1047 2699 1103 typo-

579 1121 785 1185 populus
806 1123 894 1169 Dei
916 1123 1127 1187 primum
1144 1123 1314 1170 habuit
1335 1122 1698 1169 tabernaculum
1719 1123 1768 1167 in
1795 1121 1984 1168 deserto
1999 1159 2011 1180 ,
2038 1131 2084 1167 et
2105 1130 2272 1186 postea
2297 1120 2531 1185 templum
2545 1120 2596 1166 in
2617 1122 2694 1166 Je-

580 1203 856 1267 rosolymis,
877 1214 1054 1251 terram
1071 1205 1270 1270 adeptus
1292 1204 1641 1269 promissionis,
1659 1213 1706 1250 et
1730 1203 1938 1250 maxima
1955 1203 2084 1267 pacis
2101 1202 2400 1266 jucunditate
2421 1200 2581 1247 fruens
2604 1199 2695 1247 sub

580 1283 858 1343 Salomone,
884 1285 967 1348 qui
991 1301 1047 1331 ex
1074 1286 1271 1332 nomine
1294 1301 1488 1348 quoque
1512 1301 1600 1330 suo
1616 1321 1627 1342 ,
1658 1285 1779 1330 sicut
1801 1294 1848 1330 et
1879 1283 2163 1342 Jerusalem,
2182 1282 2264 1329 ubi
2290 1281 2523 1346 templum
2547 1279 2695 1328 aedifi-

579 1363 702 1409 cavit
717 1400 728 1421 ,
756 1379 923 1427 pacem
939 1364 1213 1427 praetendit,
1240 1381 1344 1428 quae
1367 1380 1606 1428 nusquam
1623 1363 1714 1410 nisi
1734 1364 1784 1408 in
1808 1363 1887 1409 illa
1909 1362 2168 1409 Jerusalem
2193 1378 2400 1426 superna
2415 1370 2573 1426 potest
2595 1377 2696 1408 esse

580 1458 708 1489 vera.
729 1442 950 1489 Scribens
974 1444 1116 1490 etiam
1143 1444 1204 1490 ad
1229 1444 1489 1490 Hebraicos
1509 1442 1780 1508 Apostolus,
1800 1442 2002 1489 mortale
2024 1441 2275 1505 cujuslibet
2290 1458 2465 1506 corpus
2477 1441 2697 1488 taberna-

579 1520 688 1567 culo
711 1532 959 1586 comparat
981 1523 1171 1569 dicens²
1191 1541 1201 1569 :
1232 1543 1254 1567 «
1281 1523 1524 1570 Habemus
1543 1523 1690 1569 altare
1709 1559 1719 1580 ,
1746 1522 1806 1568 de
1832 1538 1930 1585 quo
1953 1538 2053 1568 non
2076 1521 2259 1568 habent
2278 1521 2419 1568 edere
2437 1521 2520 1585 qui
2537 1520 2695 1569 taber-

579 1600 752 1646 naculo
779 1601 1078 1659 deserviunt,
1107 1621 1131 1646 >2
1160 1601 1256 1648 hoc
1288 1612 1359 1648 est
1397 1601 1796 1665 concupiscentiis
1830 1601 1986 1647 carnis
2019 1601 2168 1663 magis
2200 1616 2345 1664 quam
2367 1600 2553 1664 spiritui
2579 1598 2695 1646 obe·

579 1680 738 1737 diunt,
759 1690 805 1726 et
827 1681 981 1726 ventri
1005 1681 1153 1742 magis
1175 1697 1322 1744 quam
1344 1683 1447 1727 Deo
1469 1680 1776 1727 famulantur.
1802 1679 1944 1727 Terra
1965 1680 2260 1743 salsuginosa
2280 1680 2388 1727 loca
2408 1689 2519 1726 sunt
2535 1679 2693 1739 arida,

578 1770 623 1806 et
645 1760 793 1818 sicca,
821 1776 966 1823 quam
985 1759 1324 1824 perambulans
1346 1760 1566 1807 diabolus
1589 1761 1803 1824 requiem
1824 1778 1925 1808 non
1949 1762 2149 1820 invenit,
2176 1762 2259 1825 qui
2280 1762 2329 1808 in
2353 1761 2471 1807 locis
2491 1760 2697 1808 humen-

576 1839 702 1885 tibus
732 1839 936 1898 dormit,
959 1840 1080 1886 sicut
1104 1840 1165 1887 ad
1189 1841 1413 1887 eumdem
1441 1840 1531 1887 Job
1554 1842 1790 1887 Dominus
1814 1840 1946 1887 dicit.
1974 1842 2152 1904 Onagri
2174 1857 2286 1904 ergo
2314 1839 2621 1888 tabernacula
2645 1841 2696 1888 in

576 1928 701 1965 terra
725 1929 836 1966 sunt
863 1920 1022 1979 arida,
1051 1921 1164 1984 quia
1197 1921 1347 1967 virtus
1376 1920 1676 1968 abstinentiae
1713 1922 1762 1967 in
1801 1921 1868 1968 eis
1905 1922 2058 1984 viget,
2093 1938 2302 1986 quorum
2330 1936 2535 1985 corpora
2568 1920 2697 1968 fluxu

576 2000 838 2046 carnalium
860 2002 1357 2065 concupiscentiarum
1376 2018 1682 2066 nequaquam
1705 2011 1818 2048 sunt
1838 2000 2054 2048 humida.

644 2098 667 2123 «
683 2080 960 2126 Contemnit
978 2081 1336 2128 multitudinem
1358 2082 1578 2128 civitatis.
1602 2100 1626 2126 »
1652 2082 1724 2127 Ad
1747 2081 1846 2127 duo
1863 2097 1968 2145 quae
1993 2082 2252 2128 novissime
2268 2080 2452 2128 dixerat
2471 2080 2570 2127 duo
2592 2079 2701 2128 sub-

570 2159 748 2221 jungit,
772 2162 906 2223 quasi
930 2160 1116 2223 singula
1135 2161 1329 2224 singulis
1343 2161 1567 2208 reddens.
1596 2161 1668 2207 Ad
1687 2161 1805 2207 illud
1825 2161 2021 2224 quidem
2049 2179 2059 2207 :
2089 2180 2112 2205 «
2131 2161 2218 2207 Cui
2241 2160 2352 2207 dedi
2373 2161 2423 2206 in
2441 2159 2698 2207 solitudine

576 2238 794 2298 domum,
811 2240 973 2286 »istud
985 2240 1128 2287 refert
1144 2241 1277 2305 quod
1293 2258 1423 2288 nunc
1437 2241 1636 2288 dicitur:
1657 2260 1680 2285 α
1697 2241 1973 2288 Contemnit
1991 2240 2348 2287 multitudinem
2375 2240 2592 2298 civitatis,
2608 2258 2632 2284 >>
2648 2239 2699 2287 id

576 2328 645 2364 est
675 2319 992 2382 frequentiam
1022 2321 1322 2367 saecularium
1351 2321 1611 2367 hominum
1641 2338 1745 2385 quae
1778 2320 1955 2367 multos
1988 2321 2115 2385 capit
2139 2330 2282 2384 atque
2310 2319 2532 2367 oblectat.
2563 2319 2700 2367 Multi

575 2399 752 2462 quippe
777 2409 888 2444 sunt
917 2400 1105 2458 vocati,
1144 2400 1228 2446 sed
1250 2401 1392 2464 pauci
1415 2401 1574 2460 electi,
1609 2411 1656 2447 et
1680 2401 1941 2465 spatiosam
1970 2410 2017 2447 et
2047 2399 2194 2447 latam
2214 2400 2343 2447 viam
2371 2400 2539 2447 mortis
2562 2399 2701 2447 multi

575 2478 924 2540 perambulant.
952 2481 1072 2526 Sunt
1095 2481 1178 2543 qui
1199 2481 1371 2526 timore
1394 2480 1470 2527 vel
1499 2481 1776 2527 necessitate
1800 2481 1959 2545 aliqua
1982 2480 2215 2527 commoti
2245 2479 2306 2527 ad
2329 2479 2515 2526 occulta
2541 2478 2700 2526 solitu-

574 2557 698 2604 dinis
721 2575 770 2604 se
793 2558 1070 2618 conferunt,
1094 2570 1140 2606 et
1154 2560 1250 2607 hoc
1271 2577 1328 2607 ex
1349 2561 1599 2608 coactione
1615 2562 1764 2625 magis
1781 2578 1928 2626 quam
1951 2578 2007 2608 ex
2028 2560 2275 2608 voluntate
2286 2561 2496 2619 ,faciunt3
2516 2560 2637 2606 sicut
2647 2559 2697 2606 in

574 2637 675 2684 Elia
689 2639 846 2702 primo
864 2640 1045 2703 antiqui
1067 2640 1233 2705 populi
1250 2641 1564 2700 anachoreta,
1592 2640 1668 2688 vel
1692 2642 1741 2688 in
1779 2641 1926 2689 Paulo
1953 2640 2266 2706 postmodum
2290 2640 2448 2705 primo
2469 2639 2700 2686 heremita

575 2717 751 2764 factum
780 2734 880 2765 esse
909 2719 1126 2782 legimus.
1161 2722 1219 2766 At
1245 2737 1361 2768 vero
1401 2721 1616 2785 egregius
1645 2731 1715 2768 est
1746 2737 1774 2768 a
1801 2721 1974 2768 saeculo
2004 2737 2216 2768 recessus
2242 2730 2290 2766 et
2317 2722 2420 2766 Deo
2451 2727 2694 2783 acceptus,

574 2814 723 2860 quum
746 2798 851 2862 quis
880 2809 1079 2863 propter
1108 2803 1263 2847 Deum
1292 2801 1518 2866 relinquit
1549 2801 1810 2860 mundum,
1845 2818 1933 2848 nec
1964 2811 2064 2847 tam
2095 2817 2206 2847 eum
2239 2798 2449 2846 mundus
2478 2797 2695 2863 expellit,

573 2894 717 2940 quam
734 2879 834 2942 ipse
851 2878 1090 2925 mundum
1101 2880 1268 2943 rejicit.
1293 2899 1318 2924 «
1340 2884 1399 2926 Et
1414 2881 1675 2928 clamorem
1689 2882 1920 2928 exactoris
1933 2898 2033 2928 non
2053 2880 2203 2939 audit,
2224 2898 2247 2924 »
2271 2896 2327 2927 ac
2343 2879 2382 2926 si
2399 2879 2605 2926 diceret:
2631 2880 2698 2925 Ex

572 2956 666 3003 hoc
695 2969 892 3023 apparet
923 2975 1033 3005 eum
1061 2960 1111 3006 in
1139 2970 1266 3007 terra
1299 2960 1549 3024 salsuginis
1582 2962 1761 3009 habere
1783 2961 2093 3010 tabernacula
2111 2999 2123 3021 ,
2152 2946 2264 3026 quia
2286 2960 2576 3025 quotidianae
2598 2957 2701 3006 abs·

572 3037 782 3084 tinentiae
811 3039 1070 3086 moderatis
1094 3040 1285 3104 jejuniis
1319 3057 1514 3087 carnem
1544 3042 1737 3102 domat,
1762 3053 1816 3089 ut
1847 3052 1893 3089 et
1919 3041 2331 3107 concupiscentias
2370 3040 2621 3105 reprimat,
2651 3047 2700 3085 et

576 3114 815 3164 defectum
839 3129 1019 3166 naturae
1038 3136 1138 3166 non
1164 3120 1392 3167 incurrat.
1419 3124 1728 3185 Importunus
1751 3132 1797 3168 et
1819 3121 2133 3186 quotidianus
2149 3130 2342 3167 exactor
2363 3120 2412 3165 in
2437 3118 2579 3165 nobis
2595 3133 2689 3164 ven

575 3203 646 3240 ter
667 3207 753 3254 est,
780 3199 862 3261 qui
887 3199 1049 3246 cibum
1073 3216 1101 3247 a
1127 3199 1268 3247 nobis
1291 3201 1523 3264 exigendo
1549 3202 1684 3265 quasi
1709 3202 1925 3265 quotidie
1954 3210 2238 3259 murmurat,
2260 3209 2307 3246 et
2327 3198 2524 3245 clamat:
2547 3196 2694 3255 Affer,

575 3273 704 3320 affer!
724 3277 809 3322 Hic
829 3279 1024 3341 quidem
1042 3296 1214 3326 vocem
1231 3279 1530 3349 moderatam
1544 3280 1692 3328 habet
1707 3282 1755 3327 in
1775 3281 2069 3340 necessariis,
2085 3279 2169 3327 sed
2185 3278 2448 3326 clamorem
2460 3278 2700 3341 intempe-

618 3455 624 3470 ¹
653 3456 796 3491 Corinth.
816 3460 866 3498 11,
882 3472 955 3504 cap.
972 3473 1002 3501 v,
1018 3473 1049 3494 v.
1068 3464 1096 3495 1.
1112 3482 1151 3488 m·
1166 3462 1180 3479 ²
1195 3464 1292 3504 Heb„
1308 3474 1382 3508 cap.
1401 3476 1477 3507 xm,
1495 3476 1525 3498 v.
1548 3466 1599 3498 10.
