2970 4152
533 457 629 504 382
1333 458 1506 505 PETRI
1540 460 1850 509 ABAELARDI

535 550 740 614 singulas
758 550 866 595 istas
886 547 1195 596 revelationes
1216 550 1407 597 Domini
1427 551 1596 600 ordine
1619 563 1986 618 prosequenteS,
2009 552 2070 599 ad
2087 554 2328 618 praesentis
2343 553 2437 602 diei
2455 554 2653 619 gloriam

536 631 793 694 incoeptam
812 645 1198 675 consummemus
1219 646 1432 695 operam.

603 716 727 758 Bene
747 710 893 773 magi,
916 710 1131 774 primitiae
1157 712 1391 774 gentium,
1416 712 1477 760 ad
1505 712 1651 761 fidem
1675 715 1833 779 primo
1858 714 1992 761 tracti
2018 713 2234 773 fuerunt,
2264 723 2315 761 ut
2341 715 2423 779 qui
2450 716 2655 763 maxime

537 793 709 839 erroris
728 800 976 837 tenuerant
994 791 1340 855 magisterium,
1363 793 1451 858 ipsi
1469 794 1781 858 postmodum
1806 795 1947 841 etiam
1967 811 2062 841 suae
2080 794 2406 843 conversionis
2434 794 2655 860 exemplo

535 872 648 920 fidei
683 872 887 919 facerent
921 871 1288 933 documentum,
1329 884 1375 921 et
1408 875 1742 939 magistrorum
1786 875 2035 922 conversio
2071 874 2415 941 discipulorum
2449 876 2655 923 maxima

537 955 671 1001 fieret
703 951 949 1000 aedificatio
978 971 988 999 :
1021 954 1140 1000 sicut
1168 963 1213 1000 et
1244 954 1292 1001 in
1329 955 1610 1015 Gamaliele,
1645 955 1930 1017 Nicodemo,
1966 955 2139 1018 Paulo,
2179 957 2409 1021 Dionysio
2448 958 2655 1021 Areopa-

537 1036 629 1098 gita
641 1070 653 1094 ,
682 1043 728 1080 et
747 1032 906 1080 multis
926 1032 1026 1080 aliis
1045 1043 1141 1080 tam
1159 1034 1208 1080 in
1227 1033 1329 1099 lege
1346 1052 1490 1099 quam
1510 1035 1558 1081 in
1579 1035 1882 1100 philosophia
1901 1035 2289 1101 praeminentibus
2303 1073 2315 1097 ,
2344 1034 2655 1102 postmodum

536 1125 697 1162 actum
715 1124 800 1161 est.
833 1114 950 1172 Quis
971 1114 1098 1161 enim
1122 1130 1308 1178 magos,
1329 1115 1425 1162 sive
1442 1115 1616 1162 ariolos
1634 1116 1683 1162 in
1702 1126 1886 1163 tantum
1905 1116 2211 1164 detestandos
2232 1134 2333 1164 esse
2359 1117 2568 1181 ignoret,
2603 1126 2656 1163 ut

537 1212 635 1243 non
667 1194 823 1242 solum
847 1195 997 1260 ipsos,
1031 1194 1114 1242 sed
1142 1195 1283 1241 etiam
1309 1195 1568 1259 quemlibet
1594 1195 1654 1242 ad
1680 1212 1762 1243 eos
1789 1195 2108 1244 declinantem
2129 1197 2204 1244 lex
2225 1195 2427 1244 interfici
2453 1195 2656 1259 jubeat?

535 1279 753 1334 Quorum
784 1276 1012 1323 nefariam
1032 1275 1089 1339 set
1118 1276 1429 1324 execrabilem
1460 1277 1728 1325 doctrinam
1761 1293 1789 1324 a
1816 1277 2112 1326 daemonibus
2143 1279 2385 1326 inventam
2418 1287 2560 1342 atque
2587 1293 2659 1324 as-

535 1366 800 1421 sumptam,
836 1356 936 1421 ipse
975 1373 1168 1420 quoque
1198 1357 1516 1421 Hieronymus
1551 1360 1602 1404 in
1641 1359 1822 1404 Isaiam
1846 1358 1921 1406 his
1948 1359 2111 1406 asserit
2136 1357 2348 1406 verbis¹z
2393 1377 2416 1402 «
2440 1357 2563 1422 Magi
2595 1355 2657 1404 ab

536 1438 717 1484 oriente
754 1438 883 1485 docti
908 1454 934 1484 a
957 1437 1276 1498 daemonibus,
1316 1439 1390 1486 vel
1421 1439 1553 1503 juxta
1587 1439 1890 1504 prophetiam
1920 1440 2110 1487 Balaam
2143 1439 2456 1504 intelligentes
2490 1447 2657 1485 natum

536 1518 684 1565 filium
714 1519 823 1578 Dei,
853 1518 936 1582 qui
960 1535 1155 1566 omnem
1172 1519 1282 1565 artis
1302 1536 1465 1566 eorum
1486 1520 1750 1567 destrueret
1767 1529 2048 1584 potestatem
2062 1556 2074 1579 ,
2097 1529 2333 1567 venerunt
2352 1518 2626 1566 Bethlehem
2640 1554 2653 1577 ,

536 1610 583 1647 et
613 1599 893 1647 ostendente
921 1599 1078 1659 stella,
1112 1599 1432 1646 adoraverunt
1459 1616 1679 1664 puerum.
1708 1618 1731 1644 »
1766 1599 1976 1646 Isidorus
2004 1616 2223 1664 quoque,
2251 1599 2658 1664 Etymologiarum

537 1681 619 1727 lib.
644 1682 761 1740 1X2,
791 1696 1041 1744 magorum
1067 1679 1210 1726 etiam
1236 1680 1579 1744 proprietatem
1614 1680 1909 1744 distinguens
1939 1698 1949 1726 :
1982 1699 2004 1725 «
2028 1680 2152 1744 Magi
2190 1689 2325 1739 sunt,
2362 1679 2541 1743 inquit,
2576 1679 2659 1743 qui

538 1761 679 1825 vulgo
699 1759 929 1820 malefici,
960 1759 1024 1807 ob
1052 1759 1316 1807 facinorum
1335 1760 1713 1824 magnitudinem
1739 1770 2094 1825 nuncupantur.
2124 1760 2183 1806 Hi
2210 1759 2444 1807 elementa
2463 1770 2661 1806 conver-

538 1854 667 1904 tunt,
697 1843 891 1891 turbant
915 1852 1097 1889 mentes
1121 1842 1398 1903 hominum,
1436 1859 1492 1890 ac
1521 1844 1622 1890 sine
1660 1843 1758 1890 ullo
1792 1844 1964 1891 veneni
2000 1843 2174 1892 haustu
2211 1843 2437 1891 violentia
2475 1852 2660 1890 tantum

538 1925 782 1972 carminis³
807 1924 1100 1971 interimunt.
1128 1942 1152 1968 »
1181 1923 1320 1971 Unde
1345 1934 1392 1970 et
1415 1927 1656 1971 Lucanus⁴
1686 1942 1695 1969 :

1044 2054 1158 2093 Mens
1177 2052 1310 2093 hausti
1328 2051 1440 2093 nulla
1458 2051 1570 2093 sanie
1588 2052 1744 2106 polluta
1760 2053 1908 2093 veneni

1048 2124 1257 2163 incantata
1275 2122 1394 2176 perit.

540 2260 847 2309 Daemonibus
874 2259 1001 2306 enim
1030 2258 1190 2306 accitis
1219 2257 1398 2305 audent
1428 2258 1682 2319 ventilare,
1711 2269 1764 2306 ut
1788 2259 1989 2323 quisque
2017 2275 2128 2306 suos
2159 2258 2362 2323 perimat
2387 2257 2525 2305 malis
2551 2259 2662 2306 arti-

538 2342 627 2389 bus
652 2341 887 2388 inimicos.
918 2339 974 2385 Hi
996 2340 1136 2386 etiam
1157 2339 1385 2403 sanguine
1402 2349 1603 2386 utuntur
1621 2349 1668 2386 et
1688 2339 1911 2399 victimis,
1940 2349 1988 2386 et
2011 2355 2132 2404 saepe
2152 2339 2435 2403 contingunt
2459 2353 2663 2403 corpora

539 2432 859 2469 mortuorum.
898 2419 1041 2477 Quod
1067 2436 1181 2467 vero
1210 2420 1274 2466 ait
1299 2420 1639 2484 Hieronymus,
1669 2419 1801 2484 quod
1828 2419 1986 2467 edocti
2005 2436 2033 2466 a
2051 2419 2349 2467 daemonibus
2374 2418 2499 2482 magi
2522 2435 2664 2466 vene-

539 2503 634 2549 rint
652 2517 861 2566 quaerere
874 2498 1195 2567 *Salvatorem,
1218 2517 1305 2565 per
1323 2517 1469 2564 quem
1495 2500 1818 2564 magisterium
1841 2516 1982 2546 suum
2001 2499 2178 2548 destrui
2198 2497 2539 2558 formidabant,
2561 2514 2662 2545 non

536 2585 599 2632 ita
633 2584 847 2648 accipere
888 2582 1130 2646 cogimur,
1162 2591 1215 2627 ut
1247 2580 1338 2628 hac
1361 2598 1444 2628 eos
1471 2581 1736 2628 intentione
1767 2580 2003 2627 diabolica
2033 2579 2266 2644 suggestio
2291 2578 2368 2627 vel
2397 2578 2663 2626 exhortatio

538 2664 766 2723 mitteret,
805 2672 857 2709 ut
888 2678 938 2708 se
963 2661 1025 2708 ad
1050 2661 1313 2709 Dominum
1343 2660 1583 2708 Christum
1617 2670 1975 2720 converterent,
2003 2660 2088 2707 sed
2113 2660 2262 2723 magis
2285 2662 2339 2706 'ut
2363 2674 2475 2706 eum
2509 2657 2665 2721 inqui-

537 2743 688 2791 rendo
708 2742 995 2809 proderent,
1025 2758 1170 2805 quem
1189 2740 1391 2788 Herodis
1414 2741 1512 2788 sive
1536 2743 1560 2787 J
1565 2740 1813 2788 udaeorum
1836 2740 2047 2804 nequitia
2071 2738 2134 2786 ad
2158 2736 2461 2804 perdendum
2479 2736 2664 2783 inveni-

536 2835 636 2885 ret3
665 2824 801 2889 quasi
819 2823 880 2870 ab
896 2840 953 2870 eo
974 2832 1264 2882 metuentes,
1286 2822 1361 2870 vel
1374 2839 1617 2869 summum
1637 2839 1747 2870 eum
1769 2837 1985 2885 magum,
2006 2820 2083 2869 vel
2100 2819 2373 2867 maleficum
2391 2819 2661 2885 opinanteS,

536 2905 598 2952 ad
633 2923 777 2971 quem
808 2893 905 2952 tam
935 2904 1029 2951 cito
1057 2919 1219 2968 magos
1247 2904 1490 2951 confluere
1515 2903 1748 2951 viderent.
1776 2902 1916 2950 Unde
1941 2912 1988 2950 et
2012 2901 2183 2949 callide
2217 2918 2300 2950 eos
2330 2901 2392 2949 ad
2422 2899 2664 2966 Herodem

539 2997 586 3034 et
617 2985 924 3051 metropolim
958 2984 1232 3032 Judaeorum
1257 2983 1427 3030 urbem
1461 2984 1619 3048 primo
1646 2983 1843 3044 direxit,
1876 2992 1928 3030 ut
1957 2981 2257 3030 consulendo
2288 2998 2371 3029 eos
2404 2980 2665 3047 proderent

539 3084 683 3131 quem
708 3067 998 3131 quaerebant.
1036 3065 1130 3124 Qui
1155 3065 1285 3112 enim
1312 3064 1597 3111 concubitus
1620 3064 1877 3111 hominum
1910 3063 2107 3128 quando
2132 3062 2296 3110 fuerit¹⁵
2319 3079 2420 3109 non
2449 3063 2659 3126 ignorat,

540 3162 639 3193 non
663 3147 903 3194 immerito
922 3146 1111 3194 videtur
1128 3145 1374 3209 agnovisse
1398 3161 1508 3192 eum
1535 3144 1596 3191 de
1622 3145 1810 3209 Virgine
1835 3154 2002 3191 natum
2020 3144 2186 3204 fuisse,
2209 3143 2344 3207 cujus
2366 3141 2552 3188 nullum
2574 3156 2664 3188 no-

540 3235 670 3272 verat
694 3226 1029 3286 concubitum,
1056 3236 1103 3273 et
1127 3226 1224 3272 sive
1249 3241 1335 3290 per
1360 3223 1581 3288 angelum
1601 3223 1663 3271 ad
1680 3224 1877 3270 Mariam
1905 3224 2062 3289 primo
2082 3223 2303 3282 missum,
2332 3221 2430 3268 sive
2458 3236 2545 3285 per
2569 3221 2664 3266 An-

540 3304 669 3367 gelos
694 3306 1004 3370 postmodum
1028 3304 1296 3371 pastoribus
1320 3313 1628 3370 apparenteS,
1659 3304 1736 3352 vel
1766 3314 1948 3352 certum
1967 3303 2144 3351 habere
2161 3302 2237 3351 vel
2256 3301 2547 3367 suspicatum
2564 3315 2666 3348 esse

586 3495 595 3512 ¹
614 3493 682 3527 Lib.
703 3494 757 3527 Vll
771 3521 778 3534 ,
790 3506 864 3538 cap.
878 3506 949 3536 xix,
964 3496 1045 3536 opp.
1061 3501 1084 3528 t.
1103 3496 1162 3536 ΙΙΙ,
1178 3496 1242 3530 col.
1262 3494 1397 3529 182.—⁵
1407 3494 1479 3529 Lib.
1492 3494 1580 3537 vm,
1593 3505 1666 3540 cap.
1684 3505 1731 3536 ix,
1751 3495 1832 3537 Opp.
1848 3501 1873 3528 t.
1889 3494 1948 3536 ΙΙΙ,
1961 3494 2025 3528 col.
2041 3494 2180 3527 370.-³
2192 3493 2275 3527 Male
2287 3492 2406 3537 legitur
2421 3492 2454 3526 in
2469 3491 2549 3526 edit.
2564 3490 2664 3525 Amb.

539 3558 696 3590 criminis,
720 3575 751 3580 ψ
766 3555 779 3572 ⁴
797 3555 918 3593 Phars.
937 3556 977 3589 vl
989 3582 997 3596 ,
1017 3567 1047 3589 v·
1068 3557 1144 3590 457.
1162 3557 1225 3581 -⁶
1239 3558 1337 3591 Fiunt
1348 3556 1417 3590 MS.
1433 3556 1521 3589 Eius.
