2970 4152
821 411 898 459 DE
932 409 1156 458 SANCTO
1191 408 1415 457 JOANNE
1451 409 1729 456 BAPTlSTA
1761 408 1976 456 SERMO.
2361 408 2454 454 573

347 505 587 554 exsolvere
608 506 840 570 cogimur.
866 506 988 552 Hinc
1015 504 1077 552 ad
1103 503 1314 568 synodos
1342 513 1390 550 et
1416 502 1478 550 ad
1500 504 1702 551 concilia
1723 489 1994 567 frequenter
2023 502 2181 560 tracti,
2213 510 2260 547 et
2286 500 2347 547 ad
2375 518 2458 565 pu-

346 584 492 633 blicas
514 603 678 634 causas
700 586 914 651 quotidie
935 585 1159 650 profecti,
1184 601 1286 631 non
1307 582 1502 630 modico
1519 584 1678 647 pretio
1695 583 1902 647 judices,
1933 582 2009 630 vel
2030 582 2112 646 qui
2134 591 2320 628 nostras
2342 582 2458 644 inju-

346 665 438 712 rias
459 666 656 731 pallient
676 666 992 714 conducimus
1014 675 1246 712 oratores.
1273 667 1411 711 Certe
1433 674 1481 711 et
1509 664 1559 710 in
1582 664 1695 728 ipsis
1722 664 1934 710 conciliis
1962 673 2141 728 quanta
2168 663 2227 709 sit
2253 662 2458 709 avaritiae

345 755 519 793 nostrae
540 735 805 812 rapacitas,
822 746 1044 811 frequens
1066 745 1366 810 querimonia
1390 754 1641 791 monstrat.
1668 747 1792 791 Raro
1822 744 1889 791 ibi
1910 745 2159 809 episcopos
2174 780 2185 802 ,
2209 759 2342 790 raros
2363 742 2457 789 cle-

345 828 468 874 ricos
490 828 696 875 invicem
723 827 1016 874 contendere
1043 826 1278 874 videmus.
1312 827 1492 872 Omnes
1514 825 1611 872 fere
1638 826 1973 872 controversiae
2003 834 2084 871 aut
2110 824 2460 871 monachorum

344 917 478 967 sunt,
503 918 586 956 aut
605 908 667 955 de
688 908 938 955 monachis
961 918 1092 955 ortae.
1117 908 1334 971 Denique
1354 916 1410 953 ut
1429 906 1648 953 omittam
1669 905 1842 953 harum
1866 905 2239 952 sollicitudinum
2260 905 2460 952 servitu-

344 996 442 1033 tem
469 997 529 1040 et.
541 987 756 1046 vincula,
790 986 964 1051 quibus
992 1003 1042 1033 se
1074 986 1258 1033 mundo
1287 986 1597 1032 vehementer
1624 985 1861 1048 obligant;
1895 984 2012 1048 quid
2042 984 2102 1031 de
2130 984 2461 1032 affectionibus

344 1067 607 1115 carnalium
627 1068 1042 1132 propinquitatum
1061 1067 1138 1114 vel
1161 1065 1446 1113 affinitatum
1468 1065 1649 1124 dicam,
1674 1082 1764 1129 pro
1786 1065 1959 1129 quibus
1976 1066 2228 1112 innumera
2244 1065 2304 1112 de
2321 1066 2462 1113 rebus

345 1147 621 1194 monasterii
632 1147 941 1194 committunt
960 1146 1230 1208 sacrilegia?
1249 1144 1395 1191 Verbi
1418 1144 1583 1206 gratia,
1603 1160 1753 1207 quum
1766 1142 1908 1202 filios,
1928 1155 2008 1191 aut
2023 1155 2239 1209 nepotes,
2258 1145 2333 1192 vel
2350 1162 2464 1209 qua-

345 1241 534 1291 cunque
555 1225 646 1273 sibi
667 1226 957 1289 cognatione
978 1218 1305 1272 vel-affinitate
1327 1223 1617 1286 conjunctos
1632 1222 1813 1269 habent
1834 1223 1883 1268 in
1904 1223 2093 1282 saeculo,
2111 1224 2290 1283 furtim,
2310 1226 2348 1271 si
2370 1241 2465 1272 ma-

346 1305 513 1353 nifeste
535 1322 634 1352 non
657 1314 883 1370 possunt,
909 1320 1013 1368 quae
1035 1302 1258 1350 fratribus
1279 1301 1564 1366 surripiunt,
1596 1301 1686 1348 illis
1714 1301 2016 1366 impendunt.
2044 1304 2176 1360 Quos
2198 1303 2237 1350 si
2259 1303 2380 1350 forte
2403 1304 2462 1350 ad

345 1385 687 1434 monachatum
707 1385 959 1444 traxerint,
985 1384 1060 1431 vel
1082 1384 1326 1431 ministros
1350 1382 1399 1429 in
1422 1381 1647 1429 domibus
1675 1383 1770 1429 suis
1796 1381 2075 1442 habuerint,
2105 1383 2195 1430 hos
2226 1384 2274 1429 in
2297 1383 2465 1448 praela-

345 1466 557 1514 tionibus
585 1466 870 1525 sublimant,
909 1476 956 1513 et
982 1482 1072 1530 pro
1101 1464 1299 1512 arbitrio
1322 1464 1536 1528 ipsorum
1563 1473 1736 1510 cuncta
1757 1462 2108 1528 dispensantur.
2135 1466 2313 1511 Contra
2342 1482 2463 1528 quos

346 1546 386 1595 si
405 1536 512 1612 quis
539 1546 734 1606 dixerit,
764 1547 925 1593 statim
954 1545 1112 1592 laesam
1142 1544 1438 1608 majestatem
1465 1543 1624 1591 sentit.
1656 1544 1737 1590 Isti
1770 1544 2047 1591 monasterii
2076 1554 2187 1591 sunt
2214 1544 2463 1592 domestici

345 1625 531 1686 hostes,
562 1627 639 1674 isti
668 1625 936 1691 quotidiani
964 1625 1114 1684 fures,
1145 1634 1280 1672 tanto
1310 1623 1460 1687 magis
1490 1624 1643 1683 noxii,
1673 1634 1856 1688 quanto
1885 1623 1992 1688 plus
2019 1623 2211 1671 assidui.
2244 1627 2462 1682 Quorum

346 1707 614 1770 patrocinio
637 1705 699 1753 ad
721 1706 896 1770 quaevis
920 1705 1077 1770 turpia
1091 1742 1104 1764 ,
1129 1703 1190 1751 ad
1212 1703 1433 1768 quaelibet
1455 1703 1616 1750 illicita
1630 1703 1720 1767 ipsi
1744 1703 1969 1752 monachi
1990 1713 2125 1751 tanto
2147 1704 2326 1752 facilius
2348 1722 2461 1770 pro·
2493 1746 2501 1753 .

346 1796 600 1852 rumpunt,
636 1796 819 1851 quanto
850 1785 912 1832 de
953 1786 1166 1849 ipsorum
1199 1784 1557 1849 propinquitate
1587 1783 1663 1830 vel
1691 1782 1919 1831 affinitate
1955 1784 2157 1849 amplius
2190 1784 2458 1834 confidunt.

345 1862 668 1913 Tabernacula
695 1864 906 1930 praedicti
931 1863 1099 1927 onagri
1125 1864 1175 1910 in
1201 1863 1458 1910 solitudine
1480 1879 1508 1910 a
1530 1862 1740 1910 Domino
1773 1864 2028 1928 praeparari
2058 1864 2240 1910 dictum
2271 1875 2357 1911 est.
2383 1865 2463 1911 Isti

347 1954 506 1992 autem
520 1962 546 1992 e
559 1945 820 2003 contrario,
839 1953 1118 2008 suggerente
1136 1942 1349 2002 diabolo,
1366 1942 1635 1990 solitudinis
1648 1943 1856 2007 quietem
1878 1943 2127 2008 fugientes,
2144 1954 2191 1991 et
2210 1944 2366 1991 saeculi
2388 1954 2462 1991 tu-

346 2023 574 2072 multibus
595 2041 646 2071 se
668 2023 973 2089 impudenter
994 2024 1286 2088 ingerentes,
1311 2023 1360 2070 in
1386 2023 1656 2071 civitatibus
1684 2033 1732 2071 et
1758 2023 1959 2071 castellis
1980 2006 2196 2093 habspe
2225 2025 2460 2080 laetantur,

347 2121 449 2152 non
472 2114 571 2152 tam
590 2103 818 2152 monachi
832 2141 844 2164 ‚
871 2103 968 2151 hoc
989 2113 1062 2152 est
1084 2103 1305 2164 solitarii,
1331 2119 1477 2169 quam
1500 2103 1627 2150 cives
1648 2103 1937 2169 appellandi.
1966 2107 2184 2163 Quorum
2209 2105 2462 2170 impuden-

347 2185 463 2233 tiam
501 2186 734 2233 maximus
773 2184 852 2232 ille
894 2183 1247 2232 monachorum
1289 2194 1337 2232 et
1385 2183 1812 2231 ecclesiasticorum
1855 2184 2112 2233 doctorum
2146 2186 2465 2250 Hieronymus

347 2281 548 2330 arguens
564 2303 575 2325 ,
600 2277 648 2314 et
669 2275 884 2314 nostram
906 2282 961 2313 ac
986 2264 1270 2312 clericorum
1292 2265 1439 2313 vitam
1461 2265 1711 2330 diligenter
1733 2265 2050 2330 distinguens,
2081 2267 2146 2314 ait
2167 2270 2177 2292 ¹
2204 2286 2215 2314 ε
2245 2286 2267 2312 «
2295 2267 2342 2314 Si
2364 2268 2464 2331 epi-

347 2355 568 2411 scopatus
590 2356 636 2393 te
657 2346 735 2394 vel
757 2362 878 2411 opus
899 2345 975 2393 vel
998 2362 1121 2393 onus
1143 2345 1266 2393 forte
1284 2344 1512 2406 delectat,
1538 2346 1645 2393 vive
1667 2346 1716 2392 in
1739 2346 1939 2393 urbibus
1960 2356 2007 2393 et
2028 2346 2252 2404 castellis,
2279 2356 2325 2392 et
2346 2346 2464 2393 alio-

348 2442 457 2473 rum
483 2425 707 2484 salutem,
742 2425 815 2473 fac
843 2424 1029 2472 lucrum
1061 2426 1231 2472 animae
1257 2435 1366 2472 tuae.
1392 2427 1441 2472 Si
1462 2427 1596 2491 cupis
1617 2443 1719 2473 esse
1742 2426 1874 2490 quod
1896 2426 2067 2473 diceris
2094 2425 2382 2485 monachus,
2415 2425 2465 2472 id

347 2515 418 2554 est
438 2505 568 2553 solus
585 2543 596 2565 ,
622 2504 738 2570 quid
760 2505 873 2552 facis
896 2505 944 2551 in
967 2504 1193 2564 urbibus,
1227 2521 1333 2569 quae
1359 2505 1524 2569 utique
1546 2522 1646 2552 non
1670 2515 1782 2552 sunt
1809 2505 2025 2552 solorum
2051 2505 2346 2564 habitacula,
2378 2505 2464 2552 sed

346 2585 634 2632 multorum?
662 2603 684 2629 >2
716 2583 850 2631 ldem
871 2583 1017 2631 alibi·
1043 2602 1054 2630 :
1084 2603 1106 2629 «
1134 2587 1449 2648 Interpretare
1476 2583 1767 2631 vocabulum
1795 2584 2044 2644 monachi,
2077 2584 2173 2631 hoc
2195 2595 2264 2631 est
2285 2601 2463 2632 nomen

347 2675 500 2713 tuum.
516 2664 645 2723 Quid
661 2664 774 2712 facis
795 2664 846 2710 in
868 2663 1025 2723 turba,
1043 2663 1125 2727 qui
1147 2663 1276 2710 solus
1293 2665 1368 2711 es?
1387 2667 1570 2711 »Tanto
1587 2675 1746 2712 autem
1763 2664 2072 2729 periculosius
2093 2665 2142 2711 in
2165 2663 2465 2713 saecularibus
2489 2653 2514 2669 μ’

347 2745 522 2806 turbis,
553 2756 601 2793 et
630 2746 679 2792 in
710 2744 976 2809 frequentia
1002 2743 1257 2813 hominum
1287 2744 1556 2792 habitamus
1572 2783 1584 2804 ,
1616 2756 1797 2810 quanto
1827 2763 1996 2793 eorum
2025 2757 2190 2794 nostro
2220 2747 2374 2810 major
2395 2758 2465 2796 est

348 2842 598 2884 numerus,
623 2835 670 2872 et
691 2825 850 2890 plures
872 2825 1112 2872 cernimus
1132 2824 1379 2872 saeculares
1397 2841 1543 2890 quam
1574 2826 1818 2890 religiosos
1839 2826 2078 2874 homines.
2105 2827 2248 2884 Quod
2269 2827 2463 2892 quidem

347 2905 612 2971 periculum
641 2915 756 2952 tunc
785 2905 990 2952 maxime
1028 2905 1339 2965 incurrimus,
1377 2923 1527 2970 quum
1565 2906 1691 2966 bini,
1735 2907 1810 2954 vel
1844 2908 1993 2967 terni,
2031 2918 2077 2955 et
2114 2925 2466 2973 nonnunquam

347 2985 519 3050 singuli
540 2985 664 3032 inter
682 2984 774 3032 hos
795 3000 1153 3031 conversamur.
1180 2986 1334 3033 Etiam
1356 2985 1458 3032 haec
1478 2986 1586 3033 loca
1607 2996 1793 3046 nostra,
1819 3003 1924 3051 quae
1945 2986 2159 3034 abbatias
2185 2987 2342 3034 dicere
2364 3005 2463 3036 non

348 3082 627 3131 possumus,
664 3063 1047 3112 obedientiarum
1089 3065 1287 3112 nomine
1322 3065 1744 3125 commendamus3
1787 3076 1923 3113 tanto
1956 3066 2006 3113 in
2045 3066 2140 3114 hoc
2182 3069 2465 3118 mentientes

323 3159 330 3161 *
350 3147 579 3212 apertius,
604 3155 785 3210 quanto
808 3144 869 3192 ab
891 3143 1166 3192 obedientia
1187 3145 1381 3210 regulae,
1407 3156 1454 3193 et
1475 3146 1536 3194 ab
1553 3146 1723 3194 ordine
1740 3147 2048 3212 professionis
2070 3158 2243 3196 nostrae
2264 3150 2466 3215 amplius
2534 3189 2545 3201 .

350 3230 669 3276 removemur.
691 3225 783 3273 Ubi
805 3226 935 3272 enim
950 3224 1084 3288 juxta
1101 3225 1450 3273 institutionem
1470 3227 1643 3291 regulae
1664 3227 1787 3274 ordo
1809 3244 1909 3274 non
1931 3237 2135 3288 tenetur,
2161 3230 2266 3293 quis
2287 3230 2466 3278 inordi-

351 3319 513 3357 natam
533 3308 735 3356 domum
758 3305 916 3353 dicere
937 3306 1181 3354 vereatur?
1202 3307 1420 3372 Denique
1442 3307 1540 3354 duo
1563 3317 1751 3355 tantum
1772 3323 1943 3371 genera
1966 3309 2316 3358 monachorum
2338 3327 2464 3358 com-

398 3492 407 3509 ·
429 3491 531 3535 Epist.
548 3500 624 3533 ῃιι
635 3514 644 3531 ,
661 3489 742 3531 Opp.
759 3494 784 3522 t.
796 3487 857 3530 IV,
871 3494 957 3533 part.
971 3487 1001 3522 11
1012 3513 1021 3530 ,
1034 3498 1070 3531 p.
1087 3489 1162 3522 565.
1179 3505 1221 3515 -
1236 3488 1248 3506 “
1262 3489 1368 3534 Epist.
1385 3500 1418 3533 v,
1438 3490 1520 3532 opp.
1534 3496 1560 3523 t.
1576 3488 1629 3531 lv,
1643 3495 1729 3533 part.
1747 3488 1775 3522 11
1787 3514 1796 3531 ,
1811 3499 1846 3533 p.
1862 3490 1895 3523 9.
