2970 4152
1027 675 1031 679 ,
1098 604 1129 626 ”
1181 594 1656 667 ERRATA.

368 963 509 1012 Pagina
533 966 577 1009 2,
596 965 663 1001 lin.
681 967 703 1003 2
720 978 740 1001 a
757 965 830 1001 fine
849 980 857 1001 ι
876 972 914 1001 et
934 965 1025 1003 Cod.
1048 967 1118 1002 Ms.
1138 963 1289 1002 collatae.
1306 964 1403 1011 Lege
1424 979 1431 997 :
1450 969 1489 998 et
1505 975 1588 998 cum
1604 962 1698 998 Cod.
1718 962 1785 998 Ms.
1806 961 1954 998 collatae.

414 1045 463 1053 —
534 1025 576 1071 8,
595 1026 663 1063 lin.
684 1029 729 1063 49
746 1041 752 1061 :
772 1026 1006 1063 videbantur.
1027 1026 1224 1063 Albericus
1243 1024 1396 1061 scilicet.
1414 1025 1512 1072 Lege
1529 1039 1535 1058 :
1555 1022 1790 1067 videbantur,
1811 1023 2005 1059 albericus
2020 1023 2171 1060 scilicet.

412 1105 461 1114 --
533 1089 591 1132 44,
611 1087 678 1123 lin.
699 1089 744 1125 42
761 1103 767 1122 :
783 1099 877 1136 quos
894 1089 968 1124 vita
984 1088 1095 1124 simui
1110 1088 1285 1125 obiectat.
1298 1087 1344 1122 In
1356 1093 1466 1122 nota:
1483 1085 1540 1121 Ita
1554 1085 1598 1121 A.
1616 1085 1660 1121 C.
1674 1084 1717 1119 D.
1737 1085 1826 1120 Vita
1839 1085 1971 1120 similis
1989 1084 2057 1120 Ms.
2073 1085 2185 1121 Amb.
2199 1087 2294 1135 Lege
2306 1088 2344 1122 in
2361 1094 2462 1123 textu
2482 1106 2485 1122 ;

579 1161 671 1198 quos
688 1151 759 1187 vita
779 1149 911 1186 similis
928 1150 1102 1187 oblectat.
1121 1151 1165 1186 In
1183 1156 1269 1186 nota
1289 1164 1296 1184 :
1314 1149 1366 1186 ita
1385 1149 1454 1184 Ms.
1476 1147 1588 1185 Amb.
1607 1147 1696 1184 Vita
1714 1149 1826 1182 simul
1842 1149 1884 1183 A.
1904 1148 1948 1184 C.
1970 1147 2016 1183 D.

528 1211 596 1255 26,
616 1210 682 1246 lin.
701 1213 744 1247 8:
762 1223 810 1247 ne
834 1223 901 1259 per
915 1211 1045 1247 luxum
1068 1219 1107 1248 et
1126 1210 1395 1248 abundantiam
1416 1210 1609 1259 copiarum
1623 1237 1634 1254 ,
1663 1210 1793 1245 animae
1818 1209 2003 1245 fortitudo
2021 1209 2263 1248 mollesceret.
2283 1212 2395 1258 Delo,
2416 1241 2425 1250 .
2443 1235 2492 1241 -

578 1271 674 1307 Ibid.
693 1288 700 1307 :
717 1279 760 1308 ut
775 1284 865 1308 cura
880 1279 918 1308 et
934 1273 1150 1310 assiduitate
1166 1272 1399 1317 morborum,
1417 1271 1587 1308 libidinis
1598 1271 1760 1319 impetus
1776 1273 2051 1319 frangerentur.
2069 1271 2159 1308 Dele
2174 1301 2196 1317 ‚.
2218 1274 2352 1309 Menda
2365 1274 2491 1321 hujus-

575 1333 678 1370 modi
695 1334 856 1382 piurima
874 1342 960 1371 sunt
975 1337 1014 1372 in
1030 1336 1103 1372 hoc
1121 1335 1323 1373 volumine.

527 1397 592 1440 29,
613 1395 681 1432 lin.
699 1398 721 1432 6
739 1412 746 1430 :
765 1396 805 1432 in
825 1396 1104 1433 damnationem
1125 1409 1207 1433 mea
1222 1398 1335 1445 magi.
1356 1398 1452 1445 Lege
1473 1413 1479 1431 ε
1499 1399 1538 1432 in
1558 1397 1836 1432 damnationem
1854 1409 1973 1432 meam
1994 1398 2065 1445 agi.

526 1459 570 1493 30
581 1485 590 1502 ,
611 1457 678 1495 lin.
695 1458 743 1496 27
763 1474 771 1493 :
793 1459 882 1507 qui,
900 1458 1149 1496 Paracletum.
1169 1459 1294 1504 Deie„

525 1520 590 1561 35,
611 1518 674 1554 lin.
694 1521 739 1557 26
761 1535 767 1554 :
784 1520 878 1556 mihi
896 1521 1182 1568 promitterent,
1199 1533 1251 1558 se.
1268 1521 1391 1562 Dele‚.

523 1582 568 1616 66
583 1609 592 1626 ‚
613 1580 681 1616 lin.
703 1585 718 1617 4
743 1594 764 1616 a
781 1582 854 1619 fine
872 1598 879 1617 ε
900 1584 967 1631 psi.
988 1583 1087 1631 Lege
1109 1598 1116 1617 :
1138 1583 1223 1631 ipsi.

523 1645 588 1688 99,
608 1643 673 1679 lin.
693 1645 733 1682 24
758 1656 765 1675 2
786 1645 908 1693 cogita
925 1652 964 1681 et
981 1645 1166 1694 recogita,
1185 1646 1224 1681 in
1243 1646 1395 1694 quantis
1414 1647 1486 1694 ipsi
1503 1657 1569 1682 nos
1595 1658 1661 1682 nos
1681 1646 1855 1694 periculis
1876 1646 2198 1683 constitueramus.
2219 1648 2314 1695 Lege
2336 1664 2342 1683 z
2362 1649 2482 1696 cogita

568 1712 607 1741 et
623 1706 787 1754 recogita
807 1707 847 1742 in
864 1708 1015 1756 quantis
1029 1708 1102 1756 ipsi
1118 1720 1185 1744 nos
1199 1708 1376 1757 periculis
1393 1709 1709 1746 constituerimus.

519 1769 599 1809 400.
617 1767 682 1803 lin.
702 1771 747 1805 48
768 1784 775 1803 :
795 1769 888 1818 quid
903 1769 1007 1806 aliud
1024 1771 1102 1819 egit
1119 1782 1245 1819 quam,
1264 1771 1309 1808 ad
1331 1783 1416 1820 pur.
1435 1770 1559 1813 Dele„

520 1830 608 1874 404,
626 1829 695 1865 lin.
711 1833 734 1866 6
757 1847 764 1866 :
783 1831 910 1880 accipe
923 1832 1051 1881 itaque
1068 1844 1185 1879 soror,
1207 1835 1346 1882 accipe.
1368 1833 1466 1882 Lege
1485 1850 1492 1870 2
1514 1834 1640 1883 accipe
1659 1835 1786 1883 itaque
1798 1861 1807 1879 ‚
1830 1845 1947 1878 soror,
1968 1835 2104 1883 accipe.

521 1893 610 1936 406,
629 1891 695 1927 lin.
716 1894 761 1929 40
778 1905 787 1929 :
805 1892 1012 1931 utinam....
1034 1894 1244 1932 scribentis.
1264 1895 1361 1943 Lege
1380 1910 1387 1930 ε
1408 1895 1628 1932 scribentis!

516 1955 603 1998 426,
624 1955 663 1990 in
679 1961 768 1991 nota
786 1957 809 1993 2
825 1971 832 1991 :
850 1958 940 2004 quia
957 1957 1028 1995 Ms.
1052 1957 1164 1994 Amb.
1181 1958 1278 2007 Lege
1294 1973 1302 1993 ε
1322 1960 1411 2006 quia
1427 1965 1529 1995 recte
1548 1958 1757 2006 suspicatur
1775 1958 1883 1994 Amb.

514 2017 598 2062 200,
616 2016 685 2053 lin.
701 2019 747 2056 22
767 2032 775 2053 :
794 2019 943 2067 territi,
961 2019 1094 2068 magis.
1113 2019 1204 2056 Dele
1215 2047 1241 2066 ,.

513 2080 597 2125 204,
618 2080 683 2117 lin.
729 2083 750 2118 9
771 2096 779 2117 ε
798 2093 916 2130 quum
932 2094 1028 2131 opus
1045 2082 1161 2120 suerit
1177 2091 1425 2132 supponatur.
1445 2084 1542 2132 Lege
1558 2099 1565 2118 :
1581 2095 1699 2132 quum
1717 2096 1810 2131 opus
1829 2084 1962 2128 suerit,
1982 2091 2223 2132 supponatur.

511 2143 595 2187 207,
615 2143 681 2178 lin.
728 2146 751 2180 7
771 2160 778 2179 :
799 2143 886 2193 plus
903 2145 1079 2183 utilitatis
1093 2146 1247 2192 habeat,
1266 2158 1379 2195 quam
1395 2153 1536 2195 pastus.
1554 2146 1679 2191 Dele„

510 2205 581 2242 226
594 2232 604 2249 ,
621 2204 690 2242 lin.
708 2208 755 2244 32
772 2221 780 2241 :
798 2206 959 2255 vilitate,
979 2207 1100 2245 initia.
1120 2208 1244 2254 Dele„

509 2268 602 2313 227,
621 2267 688 2305 lin.
704 2270 752 2306 28
769 2284 775 2303 :
797 2269 915 2318 magis
927 2269 1096 2317 judicet,
1114 2283 1229 2319 quam
1245 2277 1438 2319 sequatur.
1459 2271 1587 2315 Dele,.

508 2330 578 2366 228
593 2357 603 2374 ,
616 2329 683 2366 lin.
726 2331 749 2368 2
766 2344 774 2365 z
792 2330 923 2375 annis;
943 2330 1061 2378 cujus.
1079 2331 1200 2380 Legez
1224 2332 1350 2375 annis,
1367 2332 1487 2378 cujus.

507 2391 596 2435 229,
614 2389 679 2426 lin.
695 2392 742 2429 29
762 2397 896 2440 :turpe
913 2391 962 2428 sit
975 2419 985 2437 ‚
1007 2399 1103 2439 post.
1121 2391 1251 2439 Dele„

506 2454 596 2498 234,
616 2452 684 2489 lin.
702 2455 748 2491 42
765 2467 772 2489 =
789 2452 955 2491 oblivisci
970 2454 1147 2491 hominis.
1163 2455 1261 2503 Lege
1279 2470 1287 2490 ε
1306 2455 1487 2491 homines.
1836 2503 1849 2510 -

508 2515 601 2559 235,
620 2512 685 2550 lin.
703 2517 749 2551 43
766 2531 774 2550 :
790 2514 1072 2565 ambiguitatem
1089 2516 1230 2565 magis,
1248 2526 1361 2566 quam
1378 2514 1659 2553 certitudinem.
1677 2516 1805 2561 Dele„

504 2577 594 2620 240,
612 2575 680 2613 lin.
720 2579 741 2614 3
758 2592 765 2612 :
787 2603 794 2611 .
814 2577 1081 2627 Nequaquam.
1100 2578 1199 2627 Lege
1216 2594 1223 2614 ε
1238 2594 1253 2620 ,·
1272 2590 1521 2627 nequaquam.

504 2639 592 2682 248,
613 2644 701 2675 nota
719 2641 742 2677 2
759 2654 767 2674 :
787 2639 929 2675 oriuth.
948 2640 1066 2688 Lege:
1089 2640 1261 2677 Corinth.

503 2701 567 2738 294
584 2728 596 2747 ,
615 2700 683 2737 lin.
701 2703 747 2741 26
768 2717 776 2737 ε
795 2702 817 2737 a
834 2701 927 2739 Deo.
946 2703 1043 2751 Lege
1063 2718 1071 2738 ι
1091 2715 1117 2739 a
1133 2702 1226 2740 Deo.

505 2764 574 2801 302
586 2790 595 2808 ,
613 2762 681 2799 lin.
704 2766 719 2800 4
742 2779 749 2800 :
768 2764 882 2800 homo
901 2776 949 2801 ne
969 2771 1103 2802 taceas.
1120 2766 1218 2815 Lege
1236 2781 1245 2801 :
1264 2765 1402 2808 homo,
1420 2777 1468 2802 ne
1485 2772 1616 2802 taceas.

503 2824 572 2861 329
585 2850 595 2868 ,
613 2823 682 2861 lin.
701 2826 724 2862 2
743 2840 751 2860 :
771 2836 897 2862 versus
917 2827 1090 2874 magistri
1104 2826 1209 2864 Petri
1226 2826 1424 2864 Abaelardi.
1445 2826 1554 2864 Adde
1570 2842 1578 2861 :
1596 2829 1634 2863 in
1654 2827 1802 2864 beatam
1816 2830 2015 2875 virginem.

502 2885 590 2931 357,
609 2885 676 2923 lin.
690 2888 713 2925 2
733 2903 740 2923 :
762 2888 804 2924 in
820 2887 1092 2926 annutiatione.
1112 2890 1233 2938 Lege:
1248 2889 1288 2927 in
1303 2890 1600 2928 annuntiatione.

501 2949 590 2994 686,
609 2947 677 2986 lin.
693 2950 717 2986 7
738 2966 745 2986 :
765 2949 867 2988 inter
882 2951 1055 2990 homines
1075 2952 1190 3000 hujus
1213 2952 1343 2991 aetatis.
1359 2953 1457 3021 [⁴23²
1475 2952 1602 2992 :inter
1617 2952 1788 2990 homines
1803 2955 1909 2990 istius
1926 2955 2054 2991 aetatis.

499 3008 590 3059 727,
609 3008 674 3046 lin.
695 3014 710 3047 4
733 3011 809 3051 :V.
829 3012 927 3062 Lege
945 3029 954 3049 :
972 3013 1024 3051 X.
