2970 4152
971 421 1028 468 ΙΝ
1061 418 1273 467 NATALI
1307 418 1517 467 DOMINI
1550 381 1786 466 SERMO.⁴
2333 415 2427 463 379

317 521 539 560 namenta
572 528 627 559 ex
659 513 852 578 antiqua
881 514 1139 560 retinemus
1167 522 1213 559 ct
1241 511 1581 559 confirmamus
1612 511 1914 569 auctoritate3
1948 508 2095 556 veluti
2123 507 2427 570 candelabra,

317 610 542 654 coronas,
565 604 611 641 et
635 595 763 656 vela;
791 595 1094 643 ecclesiarum
1111 611 1304 659 quoque
1321 584 1667 653 dedicationes,
1697 592 1770 640 vel
1793 591 2011 639 altarium
2035 591 2429 652 consecrationes,

315 676 366 723 in
389 686 574 723 tantum
597 693 655 723 ex
677 677 952 742 antiquitate
974 677 1289 742 suscepimus,
1316 685 1370 722 ut
1387 676 1435 722 in
1454 675 1528 721 his
1550 673 1832 740 peragendis
1849 672 1968 719 nihil
1983 672 2079 719 fere
2095 672 2184 720 nisi
2199 671 2259 720 de
2279 672 2435 720 Veteri

317 759 617 804 Testamento
637 766 854 804 cantetur
872 757 947 804 vel
967 758 1216 805 recitetur:
1239 756 1323 803 ubi
1341 765 1387 802 et
1406 754 1467 802 ad
1486 755 1690 819 antiquae
1708 753 1991 819 aspersionis
2009 752 2279 818 exemplum
2298 753 2438 817 hyso-

249 896 252 900 .
318 851 437 899 pum
464 845 511 882 et
534 836 743 883 cinerem
771 836 1069 884 adhibemus.
1107 838 1223 894 Quis
1255 836 1398 884 etiam
1430 834 1549 882 illud
1581 833 1898 898 intelligens¹z
1927 836 2035 880 «Tu
2064 850 2113 880 es
2139 833 2361 880 sacerdos
2389 834 2438 879 in

318 926 549 966 aeternum
582 917 850 964 secundum
881 918 1101 965 ordinem
1135 915 1509 977 Melchisedech,
1534 935 1556 961 υ
1592 916 1778 980 ignoret
1812 915 1964 961 nostri
1997 914 2208 962 sacrificii
2236 915 2440 961 formam

320 995 473 1062 legem
503 998 646 1045 etiam
675 998 988 1062 praecessisse,
1018 1008 1064 1044 et
1092 997 1203 1045 inde
1236 997 1471 1062 originem
1497 1013 1579 1043 seu
1609 994 1934 1042 testimonium
1964 994 2229 1059 accepisse?
2264 996 2316 1039 In
2343 1010 2440 1058 quo

319 1077 515 1142 quidem
544 1094 634 1124 nos
663 1077 812 1125 latino
843 1094 1011 1142 azymo
1036 1088 1302 1135 vescentes,
1324 1077 1534 1142 aliquam
1562 1075 1705 1122 etiam
1731 1074 1791 1121 de
1816 1074 1963 1121 veteri
1985 1073 2160 1138 pascha
2185 1074 2442 1121 retinemus

319 1156 544 1223 figuram,
571 1159 705 1223 juxta
734 1159 852 1207 illud
882 1159 1145 1224 Apostoli²:
1173 1179 1197 1204 «
1218 1163 1383 1224 Itaque
1408 1158 1660 1224 epulemur
1686 1173 1784 1203 non
1813 1156 1862 1202 in
1896 1156 2129 1203 fermento
2158 1157 2330 1215 veteri,
2360 1156 2444 1203 sed

319 1240 369 1286 in
397 1240 573 1304 azymis
600 1240 938 1288 sinceritatis.»
967 1244 1123 1307 lpsam
1151 1240 1360 1305 denique
1386 1240 1638 1286 mixturam
1665 1237 1772 1284 salis
1805 1246 1851 1284 et
1883 1253 2016 1302 aquae
2045 1238 2092 1283 in
2122 1237 2443 1303 aspersionem

320 1318 535 1367 fidelium
564 1319 892 1384 quotidianam
925 1320 1144 1386 exemplo
1178 1320 1328 1368 Elisaei
1367 1319 1676 1381 conficimus,
1712 1320 1830 1367 sicut
1869 1328 1917 1365 et
1951 1318 2059 1384 *ipsa
2099 1317 2445 1366 benedictionis

321 1401 466 1450 verba
483 1411 731 1449 testantur.

386 1483 549 1539 Quum
578 1482 720 1546 igitur
749 1481 906 1547 aliqua
930 1498 988 1530 ex
1007 1482 1293 1547 antiquitate
1328 1483 1641 1545 retineamus,
1670 1481 1827 1546 aliqua
1850 1497 2157 1547 respuamus,
2187 1496 2339 1528 causae
2375 1479 2450 1527 vel

320 1561 706 1626 opportunitates
743 1562 1001 1627 pensandae
1034 1572 1146 1609 sunt
1185 1563 1234 1609 in
1274 1562 1484 1627 singulis.
1524 1562 1669 1621 Quod
1709 1561 1904 1627 quidam
1939 1561 2098 1608 minus
2128 1560 2444 1619 attendentes,

322 1639 436 1688 inde
461 1642 624 1689 omnia
655 1644 755 1706 jam
784 1643 1055 1709 respuenda
1076 1643 1318 1707 judicant,
1349 1645 1461 1708 quia
1498 1643 1658 1708 figurae
1694 1643 1885 1691 fuerunt
1925 1642 2187 1690 subsecutae
2215 1643 2444 1702 veritatis,

323 1730 371 1767 et
394 1737 481 1786 per
503 1721 744 1769 Christum
763 1723 862 1787 jam
888 1723 1153 1789 complet'ae.
1185 1724 1324 1772 Unde
1348 1725 1520 1772 merito
1537 1724 1615 1771 illa
1626 1724 1726 1788 jam
1743 1724 1943 1771 omnino
1961 1723 2199 1788 superflua
2223 1733 2445 1783 censent,

324 1799 406 1847 ubi
440 1818 584 1866 quam
608 1802 975 1868 praefigurabant
998 1805 1169 1851 veritas
1194 1805 1431 1871 completa
1457 1816 1527 1853 est
1555 1824 1565 1852 z
1597 1822 1659 1852 ne
1686 1805 1806 1853 forte
1831 1805 1870 1852 si
1894 1803 2053 1852 adhuc
2085 1820 2196 1851 cum
2229 1804 2331 1869 ipsa
2366 1820 2451 1851 ve-

322 1880 459 1928 ritate
483 1882 800 1930 retinerentur
824 1883 1007 1947 figurae,
1036 1901 1140 1949 quae
1177 1885 1328 1950 ipsam
1359 1887 1728 1950 praesignarunt,
1758 1885 1915 1932 adhuc
1939 1894 2289 1949 exspectaretur
2320 1885 2450 1932 futu-

324 1976 431 2007 rum
458 1962 591 2025 quod
620 1962 719 2025 jam
753 1973 822 2010 est
852 1964 1163 2029 completum.
1206 1965 1299 2012 Sed
1325 1965 1460 2029 juxta
1497 1965 1623 2012 hanc
1656 1965 1871 2031 profecto
1904 1965 2162 2022 rationem,
2200 1981 2345 2012 omne
2383 1965 2451 2012 rei

323 2040 493 2089 futurae
516 2054 865 2092 sacramentum
890 2045 965 2093 vel
988 2045 1189 2110 figuram
1214 2047 1463 2110 mysticam
1488 2063 1683 2094 manere
1715 2063 1815 2094 non
1843 2047 2067 2094 convenit
2097 2048 2352 2111 postquam
2376 2063 2451 2094 res

325 2120 426 2184 ejus
444 2123 684 2188 completa
705 2135 790 2171 est.
823 2125 961 2173 Unde
986 2136 1032 2174 et
1057 2126 1359 2191 conjugium,
1390 2127 1524 2192 quod
1546 2127 1719 2174 Christi
1744 2137 1790 2174 et
1816 2127 2032 2174 Ecclesiae
2057 2127 2270 2174 continet
2294 2143 2449 2175 sacra-

325 2212 566 2264 mentum,
590 2203 666 2251 vel
685 2205 837 2270 ipsam
856 2222 1021 2271 regum
1040 2217 1087 2255 et
1101 2207 1403 2255 sacerdotum
1423 2208 1719 2268 unctionem,
1741 2225 1851 2255 cum
1870 2207 1959 2269 his,
1980 2224 2085 2273 quae
2109 2206 2410 2273 praediximus
2424 2224 2452 2255 a

324 2280 464 2329 nobis
479 2284 698 2345 retineri,
718 2287 891 2334 cessari
906 2287 1004 2351 jam
1023 2298 1229 2354 oportet.
1261 2292 1322 2335 Ut
1335 2289 1437 2352 jam
1459 2288 1681 2337 videlicet
1699 2306 1789 2337 nec
1807 2288 2087 2336 sacrificium
2106 2287 2452 2336 Melchisedech

324 2362 376 2409 in
399 2362 560 2427 figuris
595 2382 874 2430 sequamur,
914 2384 1004 2415 nec
1034 2368 1197 2416 altaria
1229 2368 1483 2417 chrismate
1511 2386 1869 2430 consecremus,
1898 2387 1988 2418 nec
2012 2369 2232 2417 ecclesias
2261 2368 2451 2417 dedice-

327 2458 457 2503 mus,
483 2460 572 2491 nec
590 2444 877 2494 candelabra
895 2447 944 2494 in
961 2448 1169 2495 ecclesiis
1187 2450 1422 2514 erigamus
1435 2487 1447 2510 ,
1477 2460 1524 2497 et
1539 2460 1705 2497 caetera
1730 2467 1835 2515 quae
1859 2450 2065 2497 diximus
2083 2450 2274 2515 penitus
2296 2466 2452 2497 remo-

328 2538 539 2571 veamus.
571 2525 716 2583 Quod
740 2527 851 2590 quia
875 2543 1020 2574 nemo
1048 2528 1259 2577 fidelium
1300 2530 1375 2577 vel
1411 2530 1727 2578 discretorum
1759 2531 2015 2596 approbat,
2054 2540 2240 2578 constat
2273 2531 2453 2595 aliquas

327 2618 429 2651 esse
453 2603 684 2665 rationes,
713 2604 800 2652 cur'
822 2622 877 2653 ex
907 2608 1062 2655 Veteri
1085 2611 1386 2657 Testamento
1407 2610 1639 2658 nonnulla
1663 2611 1713 2657 in
1736 2627 1897 2658 rerum
1925 2611 2068 2675 signis
2092 2610 2213 2657 sicut
2231 2611 2279 2657 in
2296 2609 2451 2657 verbis

327 2682 489 2730 omnia
508 2685 782 2732 retinemus.
813 2688 1041 2744 Quamvis
1065 2689 1193 2737 enim
1213 2689 1503 2755 prolationes
1521 2690 1780 2739 verborum
1803 2691 2095 2739 manifestius
2122 2707 2267 2756 quam
2291 2689 2451 2755 figurae

327 2774 734 2812 sacramentorum
756 2766 1087 2816 demonstrent
1104 2769 1154 2816 id
1170 2770 1303 2834 quod
1324 2770 1614 2835 significant,
1636 2771 1766 2819 nulla
1785 2782 1945 2819 tamen
1970 2772 2148 2832 Veteris
2165 2772 2452 2819 Testamenti

328 2842 473 2891 verba
496 2846 786 2910 respuimus,
817 2848 959 2896 etiam
984 2866 1135 2914 quum
1159 2851 1294 2898 aliter
1313 2851 1444 2917 loqui
1468 2851 1692 2900 videntur
1715 2869 1861 2918 quam
1886 2869 1936 2901 se
1955 2853 2055 2917 jam
2076 2853 2142 2900 rei
2168 2853 2339 2900 veritas
2364 2852 2450 2900 ha-

325 2921 435 2971 beat
457 2941 468 2971 ε
497 2924 643 2977 veluti
661 2944 811 2991 quum
830 2928 1003 2977 dicitur
1016 2932 1052 2978 ³:
1079 2950 1102 2976 «
1123 2934 1244 2979 Ecce
1264 2932 1396 2997 virgo
1415 2933 1670 2999 concipiet.
1693 2953 1718 2979 »
1742 2933 1870 2992 Quid
1893 2934 1957 2981 ita
1977 2934 2168 2989 mirum,
2186 2950 2335 2998 quum
2353 2942 2451 2980 tam

325 3002 468 3052 rebus
497 3022 643 3070 quam
670 3008 826 3056 verbis
849 3026 904 3057 ea
929 3027 1033 3075 quae
1056 3028 1186 3060 nunc
1211 3014 1449 3079 completa
1468 3025 1579 3062 sunt
1600 3018 1747 3062 Vetus
1770 3018 2121 3062 Testamentum
2139 3014 2445 3080 praenuntiet,

324 3085 558 3134 nonnulla
583 3087 684 3151 ejus
710 3101 1003 3139 sacramenta
1027 3102 1137 3158 post
1165 3110 1326 3141 rerum
1352 3096 1494 3142 etiam
1522 3095 1893 3161 completionem
1921 3095 2257 3160 suscipiamus,
2287 3094 2444 3158 quuS,

325 3163 456 3212 nulla
476 3182 700 3232 respuere
721 3169 868 3218 verba
892 3173 1252 3237 praesumimus?
1271 3177 1422 3223 Tanto
1442 3176 1622 3242 quippe
1648 3176 1802 3240 major
1827 3186 1898 3224 est
1921 3174 2181 3224 concordia
2204 3175 2386 3223 Veteris
2404 3185 2450 3222 et

325 3245 446 3293 Novi
463 3249 770 3312 Testamenti,
794 3262 842 3300 et
859 3251 954 3300 hoc
973 3270 1031 3301 ex
1052 3254 1134 3302 illo
1158 3257 1306 3320 magis
1330 3257 1659 3319 confirmatur,
1679 3268 1859 3323 quanto
1878 3273 1977 3305 non
1998 3256 2154 3304 solum
2177 3255 2350 3316 verbis,
2370 3271 2448 3303 ve-

325 3341 432 3373 rum
457 3329 598 3377 etiam
621 3330 764 3380 rebus
782 3333 896 3399 ipsis
919 3335 1176 3399 conjuncta
1193 3337 1431 3386 videntur.

372 3505 384 3525 ·
411 3508 531 3543 Psalm.
549 3522 599 3545 cix
612 3538 620 3554 ,
638 3525 670 3547 v.
690 3516 722 3547 4.
739 3533 778 3540 -
794 3514 808 3533 ²
829 3517 972 3552 Corinth.
991 3519 1026 3558 I,
1042 3528 1115 3563 cap.
1135 3531 1168 3560 v,
1185 3532 1216 3554 v.
1237 3523 1268 3555 8.
1282 3538 1327 3547 ·—
1344 3521 1357 3538 ³
1377 3521 1467 3555 lsaiae
1482 3532 1556 3565 cap.
1570 3532 1635 3563 vn,
1656 3533 1686 3555 v.
1707 3524 1757 3555 14.
