2970 4152
566 377 617 422 lm
632 377 661 422 6
1367 373 1539 422 PETRI
1574 374 1887 424 ABAELARDI

566 479 611 515 te
636 471 892 527 sustinere,
928 468 1000 516 vel
1024 467 1254 515 confundi
1283 483 1476 516 necesse
1509 479 1577 517 est
1607 487 1662 517 ex
1687 470 1881 517 vilitate.
1918 470 1994 517 Sic
2021 470 2194 517 misero
2214 464 2433 521 diabolus
2454 473 2679 535 illudens,

567 566 716 613 quum
742 566 795 596 ea
822 550 1029 613 primum
1056 549 1098 595 ei
1116 548 1381 608 abstulerit,
1410 565 1514 613 quae
1537 566 1624 615 per
1645 560 1894 615 peccatum
1913 543 2060 597 vitare
2080 550 2268 611 debuit,
2290 553 2458 601 eadem
2473 566 2685 620 postmo-

570 630 687 675 dum
714 630 755 675 ei
782 628 1012 687 reddidit,
1035 631 1121 693 p‘er
1143 644 1247 692 quae
1271 629 1430 694 ipsum
1447 629 1497 675 in
1522 633 1716 694 peccato
1742 629 1954 676 detinere
1977 631 2139 695 possit.
2170 631 2320 679 Timet
2338 634 2550 698 captivus
2567 644 2685 681 tem·

567 709 755 774 porale,
786 725 883 754 non
910 708 1078 754 animae
1101 708 1348 755 damnum.
1385 708 1629 756 Erubescit
1656 709 1898 768 homineS,
1926 711 2189 757 contemnit
2212 714 2381 758 Deum.
2416 713 2571 761 Pudet
2590 713 2685 762 hoc

567 790 614 835 iu
636 789 852 835 notitiam
875 788 1128 834 hominum
1151 789 1339 849 venire,
1366 789 1503 853 -quod
1534 806 1633 836 non
1660 789 1831 855 puduit
1858 806 1970 837 eum
1995 791 2044 837 in
2071 802 2329 856 conspectu
2358 794 2446 840 Dei
2469 804 2517 841 et
2540 795 2684 842 totius

566 869 705 915 curiae
730 885 944 933 supernae
969 869 1282 916 committere.
1307 868 1548 916 Formidat
1566 869 1831 916 humanum
1853 869 2114 933 judicium,
2135 871 2218 935 qui
2238 888 2337 918 non
2356 882 2544 919 veretur
2568 873 2685 920 divi-

566 967 699 997 num.
721 952 791 996 De
811 966 907 1013 quo
931 949 1184 1014 Apostolus
1202 951 1288 997 ait¹
1309 968 1319 996 z
1351 969 1375 995 «
1394 950 1700 996 Horrendum
1725 960 1795 996 est
1820 950 2029 997 incidere
2046 951 2095 997 in
2119 968 2289 998 manus
2306 953 2395 999 Dei
2420 953 2634 1000 viventis.
2657 972 2680 997 »

566 1033 622 1076 Et
646 1047 732 1095 per
757 1030 1055 1095 semetipsam
1073 1030 1278 1077 Veritas²
1299 1048 1309 1076 :
1337 1049 1361 1075 «
1382 1030 1551 1090 Nolite,
1576 1049 1598 1072 υ
1621 1030 1793 1094 inquit,
1819 1050 1842 1074 «
1861 1046 1944 1077 eos
1961 1031 2126 1078 timere
2145 1032 2228 1095 qui
2246 1032 2471 1080 occidunt
2488 1050 2680 1099 corpuS,

566 1112 733 1158 animae
758 1128 871 1158 vero
899 1127 998 1158 non
1017 1110 1195 1158 habent
1219 1111 1335 1176 quid
1354 1111 1549 1169 faciant;
1576 1110 1661 1158 sed
1684 1111 1843 1176 potius
1863 1112 2025 1159 timete
2042 1129 2153 1159 eum
2172 1113 2253 1176 qui
2277 1123 2435 1178 potest
2448 1130 2621 1179 corpus
2638 1124 2686 1162 et

568 1192 775 1238 animam
802 1192 986 1238 mittere
1011 1192 1058 1238 in
1086 1191 1369 1255 gehennam.
1386 1210 1409 1235 n

629 1275 747 1318 Sunt
764 1272 931 1318 animae
948 1271 1125 1330 morbi,
1151 1271 1271 1318 sicut
1289 1281 1335 1317 et
1350 1270 1581 1336 corporiS.
1603 1273 1662 1317 Et
1674 1271 1785 1318 ideo
1805 1271 1965 1319 divina
1983 1273 2134 1337 pietas
2152 1271 2364 1320 medicos
2386 1273 2597 1338 utrisque
2612 1289 2686 1320 sa-

565 1353 734 1401 nandis
762 1352 990 1417 praevidit.
1020 1355 1125 1417 Ipse
1150 1352 1328 1417 quippe
1356 1351 1592 1397 Dominus
1616 1354 1747 1398 Jesus
1772 1369 1823 1399 se
1847 1353 2105 1418 spiritalem
2134 1353 2374 1400 medicum
2404 1353 2647 1419 appellans
2666 1390 2679 1414 ,

565 1435 651 1480 ait³
675 1452 683 1479 ε
716 1453 737 1477 «
761 1436 866 1479 Non
892 1443 961 1479 est
987 1448 1108 1498 opus
1133 1431 1397 1484 valentibus
1421 1431 1634 1490 medi00,
1658 1431 1741 1478 sed
1762 1432 1885 1479 male
1905 1432 2242 1480 habentibus.»
2264 1434 2413 1497 Hujus
2435 1433 2597 1481 locum
2614 1451 2684 1482 sa-

565 1513 780 1560 cerdotes
803 1513 852 1558 in
871 1512 1077 1559 Ecclesia
1099 1522 1286 1570 tenent,
1308 1511 1482 1575 quibus
1506 1520 1733 1576 tanquam
1751 1512 2020 1559 animarum
2044 1512 2240 1560 medicis
2258 1523 2452 1578 peccata
2469 1513 2685 1561 confiteri

565 1595 816 1653 debemus,
848 1605 897 1640 ut
924 1593 984 1640 ab
1008 1595 1072 1640 eis
1099 1593 1423 1640 satisfactionis
1443 1593 1729 1658 cataplasma
1753 1593 2014 1641 sumamus.
2045 1595 2138 1652 Qui
2164 1605 2368 1642 mortem
2396 1596 2611 1661 corporis
2630 1596 2685 1643 ti·

564 1686 686 1731 met,
724 1674 1043 1740 qualicunque
1071 1675 1286 1738 corporis
1310 1684 1443 1739 parte
1475 1673 1680 1738 patiatur
1704 1684 2034 1739 quantumque
2064 1685 2265 1735 secreta,
2297 1686 2530 1740 quantum
2569 1676 2685 1725 libet

564 1743 770 1802 obscena
784 1792 795 1814 ,
822 1755 1007 1802 medico
1024 1754 1257 1813 revelare,
1278 1764 1324 1801 et
1341 1754 1403 1800 ad
1421 1753 1687 1801 curandum
1711 1770 1950 1820 exponere
1974 1772 2074 1802 non
2100 1755 2272 1803 differt.
2294 1755 2525 1814 Quaelibet
2543 1756 2680 1817 dura,

563 1836 780 1901 quaelibet
813 1854 979 1902 aspera
1008 1836 1226 1894 sustinet,
1256 1845 1308 1882 ut
1331 1845 1536 1882 mortem
1560 1834 1770 1894 differat,
1799 1852 1899 1882 non
1926 1836 2111 1882 evadat.
2148 1836 2395 1901 Quidquid
2422 1837 2684 1902 pretiosum

563 1916 725 1976 habet,
744 1917 856 1964 dare
875 1933 975 1962 non
989 1915 1196 1972 dubitat,
1220 1926 1272 1962 ut
1289 1915 1351 1962 ad
1368 1914 1613 1963 modicum
1631 1925 1835 1962 mortem
1855 1915 1981 1962 hanc
1997 1916 2294 1981 corporalem
2315 1916 2537 1982 depellat.
2555 1916 2684 1974 Quid

562 2014 673 2061 ergo
693 2014 780 2062 pro
806 2007 958 2043 morte
978 1996 1146 2043 animae
1162 1995 1432 2043 faciendum
1445 2006 1540 2056 est,
1561 2006 1986 2061 quantumcunque
2003 1997 2062 2043 sit
2077 1997 2369 2061 gravissima,
2387 1998 2489 2044 sine
2509 2013 2684 2062 magno

562 2078 746 2137 labore,
768 2079 867 2124 sine
888 2077 1067 2141 magnis
1083 2076 1350 2141 sumptibus
1368 2077 1721 2142 imperpetuum
1735 2077 1962 2124 medicari
1977 2087 2150 2143 potest.
2172 2080 2268 2125 Nos
2281 2078 2410 2143 ipsos
2427 2078 2680 2138 Dominus,

562 2175 660 2204 non
695 2168 855 2205 nostra
888 2157 1077 2222 quaerit,
1109 2173 1198 2203 nec
1222 2156 1394 2203 nostris
1418 2155 1597 2220 indiget
1621 2157 1704 2220 qui
1734 2157 1896 2203 omnia
1921 2156 2113 2221 praebet.
2144 2160 2249 2222 Ipse
2274 2158 2453 2222 quippe
2483 2167 2578 2217 est,
2607 2157 2685 2204 cui

563 2238 757 2285 dicitur⁶
782 2257 790 2284 ε
824 2258 845 2282 «
869 2241 1109 2284 Bonorum
1137 2252 1355 2283 meorum
1380 2252 1481 2282 non
1507 2252 1673 2300 eges.»
1711 2235 1849 2301 Apud
1884 2252 1995 2282 eum
2020 2236 2221 2300 quisque
2248 2246 2380 2283 tanto
2404 2236 2558 2299 major
2582 2246 2679 2298 est,

561 2329 740 2383 quanto
759 2318 889 2383 apud
911 2335 959 2364 se
985 2334 1069 2382 per
1088 2315 1406 2363 humilitatem
1431 2316 1607 2362 minor.
1635 2318 1785 2362 Tanto
1811 2316 1960 2380 magis
1977 2316 2155 2379 justus,
2177 2326 2360 2380 quanto
2389 2316 2586 2381 proprio
2606 2317 2683 2380 ju·
2710 2339 2752 2383 4

562 2400 685 2446 dicio
706 2400 853 2463 magis
878 2416 999 2446 reus.
1021 2401 1170 2445 Tanto
1197 2397 1399 2463 amplius
1419 2396 1483 2444 ibi
1503 2406 1666 2443 nostra
1683 2397 1884 2461 tegimus
1898 2433 1910 2455 ,
1932 2407 2121 2461 quanto
2142 2396 2220 2443 hic
2236 2413 2291 2443 ea
2315 2397 2584 2462 promptius
2599 2413 2685 2462 per
2752 2386 2754 2400 ’

562 2481 909 2528 confessionem
942 2478 1264 2544 propalamus.
1298 2477 1367 2525 Ab
1392 2477 1481 2525 hac
1503 2478 1694 2542 itaque,
1723 2477 1906 2537 fratres,
1950 2494 2039 2524 nos
2070 2478 2350 2537 retinentes,
2385 2476 2685 2524 attendamus

561 2562 689 2626 quod
712 2562 939 2626 scriptum
964 2563 1058 2607 est⁵
1078 2578 1086 2606 :
1118 2579 1140 2604 «
1162 2563 1243 2606 Est
1275 2559 1493 2606 confusio
1513 2558 1757 2606 adducens
1776 2558 1975 2623 gloriam
1990 2595 2002 2618 ,
2033 2569 2080 2606 et
2102 2568 2172 2605 est
2204 2558 2421 2605 confusio
2440 2557 2684 2605 adducens

562 2654 825 2709 peccatum.
847 2662 870 2688 υ
900 2645 957 2689 Et
999 2643 1211 2688 rursum⁶
1247 2659 1257 2687 :
1306 2660 1329 2685 «
1352 2641 1652 2704 Veniensque
1702 2639 2018 2704 Babylonem,
2074 2639 2140 2687 ibi
2182 2638 2472 2686 liberaberis.
2494 2658 2517 2681 ι)
2554 2641 2683 2686 Con-

561 2726 681 2771 fusio
698 2725 877 2790 quippe
894 2723 1068 2789 duplex
1086 2733 1157 2769 est
1178 2721 1527 2769 erubescentiae.
1552 2720 1707 2768 Altera
1726 2721 1921 2784 quidem
1938 2720 2161 2780 salubris,
2184 2737 2336 2784 quum
2361 2718 2684 2766 erubescimus

560 2821 646 2852 nos
671 2804 825 2869 turpia
844 2802 1151 2850 ·commisisse
1183 2802 1230 2848 in
1255 2810 1517 2866 conspectu
1542 2801 1645 2847 Dei:
1680 2800 1837 2847 Altera
1861 2800 2069 2859 lethalis,
2097 2816 2248 2864 quum
2284 2799 2430 2863 magis
2463 2798 2683 2845 homines

559 2902 704 2948 quam
726 2887 880 2931 Deum
900 2891 1115 2930 verentes
1136 2881 1197 2928 ad
1214 2880 1563 2928 confessionem
1586 2881 1748 2927 venire
1772 2896 1862 2927 nos
1884 2880 2059 2946 pudet:
2082 2879 2156 2927 vel
2178 2879 2402 2943 quotiens
2425 2878 2582 2942 aliqua
2598 2877 2684 2924 hu-

560 2964 686 3011 milia
712 2974 908 3029 propter
941 2965 1095 3010 Deum
1115 2977 1253 3025 agere
1278 2977 1573 3019 recusamus,
1603 2977 1664 3007 ne
1690 2960 1879 3007 viliores
1907 2960 2036 3026 apud
2068 2959 2237 3007 stultos
2263 2958 2542 3006 habeamur.
2573 2961 2683 3007 Haec

561 3044 771 3107 profecto
797 3042 1014 3090 confusio
1043 3051 1112 3089 est
1140 3040 1383 3088 adducens
1407 3050 1681 3105 peccatum,
1706 3040 1818 3104 quia
1845 3056 1906 3087 ne
1932 3039 2215 3087 vilescamus
2240 3036 2539 3096 hominibus,
2566 3036 2682 3084 vile-

560 3140 689 3171 scere
715 3128 815 3171 Deo
841 3123 1143 3170 sustinemus.
1174 3121 1256 3167 Illa
1287 3137 1400 3167 vero
1424 3119 1641 3166 confusio
1670 3135 1834 3166 veram
1857 3119 1997 3167 nobis
2021 3119 2222 3184 acquirit
2250 3118 2470 3182 gloriam,
2490 3133 2585 3182 qua
2609 3118 2682 3164 vi-

561 3203 736 3250 lescere
772 3202 1046 3253 hominibus
1070 3218 1170 3249 non
1202 3199 1485 3264 refugimus,
1517 3210 1566 3245 ut
1591 3199 1783 3263 gloriosi
1817 3202 1920 3247 Deo
1953 3199 2241 3270 efficiamur,
2260 3208 2306 3245 et
2335 3197 2494 3262 magni
2516 3196 2680 3244 divino

608 3413 614 3428 ¹
641 3413 734 3450 Heb„
753 3423 826 3456 cap.
845 3424 865 3445 x
879 3438 887 3453 ,
905 3424 935 3445 v.
956 3416 1011 3446 31.
1027 3432 1065 3437 -—
1084 3413 1095 3429 ³
1114 3412 1242 3452 matth„
1265 3422 1340 3456 cap.
1364 3422 1384 3445 x
1398 3437 1406 3452 ,
1429 3422 1462 3444 v.
1479 3412 1533 3443 28.
1551 3429 1590 3434 —
1647 3422 1720 3454 cap.
1738 3422 1784 3451 nv,
1799 3423 1827 3443 v.
1843 3410 1960 3443 25.—⁸
1978 3424 1991 3438 ι
2006 3411 2042 3443 ln
2056 3407 2254 3453 Babylonem
2270 3407 2380 3441 venies
2394 3414 2426 3440 et
2438 3406 2482 3439 ibi
2497 3404 2676 3440 morieris.»

561 3469 573 3486 ⁸
592 3469 720 3507 nauh„
735 3480 807 3512 cap.
827 3480 857 3501 lx
870 3495 878 3509 ,
894 3480 924 3501 v.
947 3471 997 3502 12.
1012 3487 1050 3494 —-
1064 3468 1076 3485 ⁴
1095 3470 1211 3502 Psalm.
1233 3480 1286 3510 xv,
1300 3479 1329 3501 v.
1344 3470 1375 3501 9.
1388 3485 1428 3492 —-
1444 3468 1457 3485 ⁵
1470 3468 1591 3505 Eoo-li„
1649 3468 1808 3509 (ἄγοντι,
1824 3478 1896 3509 cap.
1913 3478 1970 3507 xx,
1987 3477 2018 3498 v.
2034 3466 2082 3508 6.)
