2970 4152
466 402 561 451 264
1158 402 1459 449 HELOlSSAE
1490 402 1879 454 PROBLEMATA
1950 439 1953 443 -

466 497 586 544 sicut
600 495 790 560 angeli
779 512 827 542 1n
853 495 1013 543 coelo¹.
1036 515 1059 540 »
1082 498 1189 542 Haec
1206 495 1269 542 ad
1286 495 1637 545 distinctionem
1649 498 1981 562 praedictarum
1992 497 2357 560 beatitudinum,
2382 500 2477 548 hoc
2501 512 2572 550 est

466 577 717 636 virtutum,
745 575 820 624 vel
842 576 1082 623 donorum
1105 576 1274 624 divinae
1303 578 1459 642 gratiae
1473 613 1486 638 ,
1508 578 1681 643 quibus
1709 577 1836 626 beati
1856 578 2107 638 efficimur,
2130 595 2261 627 nunc
2282 595 2311 627 a
2334 580 2474 629 nobis
2504 591 2574 629 ut·

470 672 659 720 cunque
685 655 890 703 breviter
916 655 1040 704 dicta
1063 656 1329 704 sufficiant:
1352 668 1565 723 superest
1583 667 1740 705 autem
1760 657 1962 722 qualiter
1986 675 2043 705 ex
2066 658 2260 722 singulis
2286 658 2426 706 donis
2449 660 2575 708 beati

470 736 562 781 sint
581 734 771 782 dicendi
786 770 799 795 ,
819 736 902 800 qui
918 752 1067 783 unum
1088 738 1190 784 sine
1207 738 1383 784 caeteris
1408 737 1662 784 habuerint
1677 773 1690 797 ,
1721 753 1871 801 quum
1895 753 2046 784 unum
2071 737 2350 786 mandatum
2376 739 2466 786 Dei
2491 738 2576 786 ob-

470 829 655 863 servare
681 831 984 880 nequaquam
1011 816 1235 882 sufficiat,
1258 817 1406 864 immo
1426 818 1509 881 qui
1527 818 1689 864 omnia
1707 827 1875 882 praeter
1895 834 2045 864 unum
2070 817 2360 882 impleverit,
2395 834 2453 865 ex
2477 834 2576 865 uno

471 895 612 942 etiam
644 897 954 960 praetermisso
980 896 1336 944 damnationem
1362 898 1585 944 incurrat.
1610 897 1726 963 Sed,
1754 907 1986 961 quantum
2013 897 2130 944 mihi
2157 897 2360 958 videtur,
2381 898 2464 962 qui
2482 898 2577 963 pri·

472 990 604 1021 mum
635 975 782 1023 dixit:
807 995 832 1021 «
853 977 981 1024 Beati
1005 993 1262 1042 pauperes,
1285 996 1309 1022 »
1337 987 1383 1024 et
1406 977 1600 1040 adjecit,
1627 995 1651 1021 «
1676 977 1864 1042 spiritu,
1891 995 1912 1020 υ
1942 976 2160 1023 eamdem
2183 976 2498 1041 adjectionem
2529 978 2578 1024 in

473 1056 648 1103 caeteris
675 1056 1017 1122 subintellexit,
1045 1068 1272 1122 tanquam
1305 1059 1440 1105 mites
1477 1058 1665 1122 spiritu,
1696 1058 1768 1105 vel
1795 1057 2007 1121 lugentes
2037 1057 2200 1122 spiritu
2239 1057 2472 1107 diceretur
2495 1075 2505 1102 z
2529 1067 2582 1103 ut
2645 1046 2653 1054 ³

472 1135 572 1184 haec
597 1154 789 1202 quoque
811 1137 887 1186 vel
914 1148 1103 1198 caetera,
1125 1155 1229 1202 quae
1254 1147 1532 1202 sequuntur,
1561 1155 1647 1202 per
1670 1138 1886 1203 spiritum
1910 1138 2027 1198 Dei,
2050 1154 2155 1201 quae
2184 1138 2352 1185 caritas
2383 1137 2485 1201 ejus
2516 1137 2584 1183 in-

476 1217 715 1282 telligitur,
745 1218 795 1264 in
823 1218 946 1278 istis,
975 1230 1078 1282 quae
1095 1218 1173 1265 hic
1193 1228 1535 1276 memorantur,
1559 1217 1721 1265 fideles
1739 1234 1837 1264 non
1857 1217 2013 1266 solum
2031 1234 2154 1277 esse,
2186 1217 2271 1264 sed
2298 1218 2440 1265 etiam
2466 1213 2584 1263 alios

477 1297 679 1345 aliorum
710 1299 986 1363 operatione
1010 1299 1146 1346 faciat
1167 1299 1444 1364 praeminere
1469 1308 1612 1362 atque
1635 1297 1894 1345 abundare.
1931 1298 2059 1344 Sicut
2090 1297 2229 1344 enim
2245 1313 2350 1361 quae
2376 1297 2438 1344 de
2467 1312 2584 1360 qua-

478 1386 588 1424 tuor
612 1373 855 1436 elementis
879 1390 1094 1426 constare
1118 1389 1299 1426 certum
1319 1389 1414 1438 est,
1436 1395 1491 1425 ex
1513 1378 1744 1425 obtinenti
1768 1363 1999 1424 vocabula
2017 1378 2294 1437 sortiuntur,
2315 1376 2411 1424 hoc
2435 1386 2505 1424 est
2527 1371 2585 1424 ex

480 1456 561 1503 illo
590 1457 849 1518 elementO,
877 1459 1009 1522 quod
1034 1459 1080 1504 in
1114 1459 1179 1504 eis
1206 1457 1440 1521 abundat,
1470 1474 1570 1504 esse
1599 1457 1801 1503 maxime
1827 1457 2050 1503 dicuntur
2073 1474 2083 1501 ε
2111 1456 2173 1502 ita
2198 1465 2245 1502 et
2264 1455 2344 1502 hic
2374 1454 2586 1502 fidelium

479 1538 635 1600 gratiae
657 1536 1007 1600 distinguuntur
1027 1537 1289 1585 secundum
1308 1538 1402 1583 hoc
1429 1537 1561 1599 quod
1578 1537 1627 1582 in
1644 1536 1710 1582 eis
1734 1535 1978 1582 abundare
2002 1535 2248 1598 probatur.
2282 1534 2393 1580 Illos
2411 1534 2589 1598 quippe

479 1632 712 1681 pauperes
734 1616 902 1663 caritas
924 1617 1013 1663 Dei
1031 1616 1181 1663 facere
1207 1615 1396 1674 dicitur,
1421 1631 1542 1678 quos
1558 1615 1610 1659 in
1624 1623 1903 1677 contemptu
1925 1613 2197 1659 divitiarum
2214 1612 2593 1660 vehementiores

481 1712 536 1743 ac
559 1695 860 1766 perfectiores
891 1695 1014 1742 facit.
1043 1695 1265 1741 Similiter
1288 1695 1450 1752 mites,
1479 1708 1600 1757 quos
1625 1692 1674 1737 in
1703 1692 1875 1738 virtute
1901 1692 2135 1756 patientiae
2158 1692 2351 1755 reliquis
2370 1691 2586 1756 praefert:

481 1791 535 1822 ac
554 1774 765 1821 similiter
784 1774 846 1822 de
864 1775 1040 1822 caeteris
1060 1774 1198 1820 nobis
1217 1772 1517 1820 sentiendum
1542 1757 1744 1818 videtur.
1769 1773 1949 1817 Omnes
1968 1781 2126 1817 tamen
2154 1770 2319 1817 beatos
2342 1770 2417 1817 vel
2443 1769 2591 1817 beati-

482 1855 646 1902 tudine
669 1855 838 1919 dignos
859 1855 1025 1902 caritas
1049 1855 1134 1901 Dei
1161 1854 1290 1912 facit,
1321 1869 1470 1916 quum
1496 1868 1590 1915 qua
1614 1867 1757 1898 nemo
1780 1851 2131 1916 perh-,epotest
2154 1850 2370 1914 quamvis
2386 1850 2435 1896 in
2455 1850 2594 1897 donis

483 1937 571 1983 Dei
598 1937 711 1982 istos
735 1935 824 1982 illis
850 1934 1153 2000 perfectiores
1177 1934 1334 1980 faciat.
1371 1934 1566 1979 Diversa
1596 1942 1755 1978 autem
1785 1931 1953 1990 verba,
1988 1947 2093 1994 quae
2127 1931 2174 1976 in
2212 1930 2594 1977 remuneratione

479 2025 832 2080 supponuntur,
860 2032 1010 2079 quum
1029 2015 1225 2061 dicitur²
1248 2033 1257 2060 z
1291 2014 1572 2070 «Quoniam
1604 2013 1816 2077 ipsorum
1844 2022 1912 2058 est
1930 2027 2130 2075 regnum
2156 2009 2403 2069 coelorum,
2431 2028 2454 2052 »
2476 2009 2552 2056 vel
2578 2027 2588 2055 ε

491 2096 775 2152 «Quoniam
805 2095 895 2159 ipsi
918 2093 1232 2159 possidebunt
1264 2103 1435 2139 terram
1453 2128 1465 2151 ,
1498 2102 1586 2139 etc.
1616 2111 1639 2136 υ
1669 2107 1970 2155 nequaquam
2001 2092 2050 2137 in
2077 2088 2416 2154 significatione
2441 2088 2595 2152 perci-

488 2174 650 2239 piendi
667 2175 848 2239 praemii
871 2173 1092 2221 videntur
1122 2173 1333 2232 diversa;
1365 2172 1450 2219 sed
1475 2171 1729 2218 identitatis
1757 2170 1995 2216 fastidium
2018 2169 2225 2233 fugiens,
2249 2168 2344 2214 hoc
2363 2167 2619 2213 Dominus*

488 2254 683 2301 variavit
700 2253 906 2318 quadam
927 2254 1256 2300 convenientia
1270 2288 1282 2312 ,
1306 2268 1449 2316 quam
1469 2250 1648 2297 habent
1665 2250 1727 2296 ad
1744 2250 1982 2314 praemissa
1995 2249 2129 2312 juxta
2147 2248 2482 2313 proprietatem
2503 2262 2596 2292 ser-

491 2335 647 2381 monis
663 2370 675 2393 ,
703 2344 750 2381 et
767 2333 1124 2380 similitudinem
1151 2335 1244 2392 rei3
1273 2332 1405 2397 quod
1430 2332 1477 2377 in
1504 2330 1696 2393 singulis
1722 2330 1825 2377 leve
1856 2340 1925 2376 est
1954 2329 2143 2400 intueri.
2172 2330 2391 2391 Congrue
2421 2326 2597 2390 quippe

491 2413 777 2479 pauperibus
806 2430 1005 2477 regnum
1030 2413 1259 2459 coelorum
1289 2412 1595 2477 promittitur,
1618 2419 1670 2456 ut
1687 2410 1769 2474 qui
1788 2419 1995 2456 terrenas
2020 2408 2203 2454 divitias
2226 2415 2421 2472 propter
2445 2407 2600 2451 Deum

492 2487 827 2553 contemnunt,
859 2493 1071 2540 coelestes
1090 2502 1374 2539 mereantur.
1407 2490 1620 2549 Mitibus,
1649 2490 1730 2553 qui
1752 2505 1803 2535 se
1825 2488 1948 2535 bene
1968 2486 2176 2552 gerendo
2196 2485 2462 2551 possident,
2490 2499 2600 2549 pos-

492 2575 636 2633 sessio
668 2584 801 2621 terrae
825 2574 1112 2632 viventium,
1142 2571 1410 2636 lugentibus
1436 2570 1699 2618 consolatio
1726 2569 1966 2615 convenit.
1993 2565 2318 2614 Esurientibus
2341 2575 2388 2613 et
2410 2564 2604 2612 sitienti-

492 2653 582 2700 bus
607 2654 864 2716 justitiam,
892 2653 1133 2712 saturitas,
1160 2652 1254 2699 hoc
1284 2662 1354 2699 est
1385 2651 1596 2716 impletio
1628 2649 1849 2697 desiderii
1880 2649 1951 2695 sui
1977 2648 2105 2712 apud
2137 2650 2291 2694 Deum
2323 2643 2599 2702 obtinendi3

494 2734 627 2797 cujus
660 2750 824 2780 amore
849 2726 1109 2798 plurimum
1140 2731 1395 2779 intendunt
1420 2731 1642 2778 exercitio
1663 2729 1849 2792 justiti-<e
1875 2729 1923 2774 in
1948 2727 2205 2774 vindictam
2239 2725 2489 2772 malorum.
2529 2724 2604 2769 Sic

497 2825 543 2861 et
571 2816 618 2860 in
646 2815 824 2861 caeteris
847 2814 1243 2861 remunerationis
1277 2812 1434 2859 verbis
1473 2811 1690 2875 quaedam
1723 2809 2016 2856 concinnitas
2047 2808 2108 2854 ad
2141 2806 2456 2854 beatitudines
2490 2821 2605 2869 prae-
2662 2865 2665 2868 Δ

500 2895 661 2941 missas
679 2894 904 2957 assignari
916 2903 1087 2958 potest.
1103 2896 1207 2940 Non
1219 2909 1331 2956 ergo
1346 2892 1580 2937 Dominus
1596 2900 1693 2936 tam
1701 2888 2017 2935 beatitudines
2034 2888 2157 2952 ipsas
2167 2890 2180 2912 ³
2197 2886 2362 2933 haberi
2377 2885 2602 2950 praecipit,

499 2991 643 3038 quam
657 2976 705 3021 in
724 2976 790 3022 eis
808 2975 913 3022 illos
932 2974 1175 3021 abundare
1196 2974 1438 3031 admonet,
1454 2973 1540 3036 qui
1556 2973 1604 3017 in
1624 2970 1815 3034 singulis
1835 2958 2082 3016 ordinibus
2101 2968 2370 3015 desiderant
2387 2982 2487 3013 esse
2502 2981 2607 3029 per-

501 3054 730 3102 fectiores.
765 3058 883 3102 Nam
911 3054 972 3101 ad
1002 3049 1303 3119 perfectionis
1332 3051 1706 3109 abundantiam,
1740 3051 1842 3114 ipse
1872 3058 2217 3112 consequenter
2241 3062 2421 3093 novum
2444 3060 2492 3091 se
2517 3054 2607 3090 tra·

503 3132 614 3179 dere
654 3144 987 3182 testamentum
1029 3134 1108 3180 hic
1149 3136 1251 3180 Deo
1288 3131 1537 3197 profitetur
1552 3166 1564 3190 ,
1606 3130 1768 3177 dicens
1785 3131 1798 3154 ‘⁴
1836 3148 1845 3174 :
1891 3149 1914 3173 «
1951 3129 2048 3187 Nisi
2083 3125 2392 3174 abundaverit
2433 3124 2608 3186 justitia

504 3221 656 3258 vestra
687 3212 792 3276 plus
837 3230 980 3277 quam
1011 3213 1271 3260 scribarum
1313 3221 1357 3257 et
1395 3210 1763 3275 pharisaeorum,
1807 3224 1903 3254 non
1935 3205 2167 3254 intrabitis
2197 3205 2246 3251 in
2280 3219 2482 3268 regnum
2517 3219 2609 3249 coe-

508 3290 677 3337 lorum.
706 3310 729 3334 »
2044 3294 2048 3298 ’

555 3478 564 3494 “
584 3477 709 3515 Manli„
730 3489 805 3522 cap.
823 3490 902 3519 xxn,
916 3491 945 3512 v.
967 3481 1018 3512 30.
1038 3499 1072 3504 --
1097 3481 1109 3497 ²
1127 3481 1253 3520 Matth.',
1273 3492 1346 3525 cap.
1369 3492 1399 3520 v,
1418 3491 1449 3512 v.
1469 3482 1506 3518 3,
1527 3481 1559 3510 4.
1577 3496 1613 3501 —
1630 3477 1642 3494 ³
1663 3478 1743 3509 Istas
1756 3453 1837 3510 Cod.
1857 3475 1938 3509 vict.
1954 3492 1991 3498 -
2007 3473 2021 3490 ⁴
2037 3471 2165 3510 Matth„
2185 3480 2260 3513 cap.
2279 3480 2311 3509 ν,
2329 3479 2357 3501 v.
2375 3469 2427 3501 20.
