2970 4152
718 389 1028 439 lNVECTlVA
1061 391 1120 440 ΙΝ
1155 391 1451 450 QUEMDAM
1483 392 1754 441 lGNARUM
1786 393 2179 441 DIALECTICES.
2417 397 2511 446 697

390 482 583 530 valebit.
624 485 762 533 Unde
799 495 845 533 et
880 502 908 534 a
945 485 1258 552 scriptoribus
1295 486 1553 535 dialecticae
1581 504 1671 535 nec
1689 532 1692 533 γ
1711 487 1853 552 hujus
1886 491 2000 536 artis
2038 499 2263 537 tractatus
2298 500 2369 537 est
2390 507 2511 556 prae-

391 564 635 611 termissus
652 602 663 624 ,
689 583 840 630 quum
866 567 968 632 ipse
994 567 1418 633 peripateticorum
1435 568 1663 633 ,princeps
1686 569 1959 617 Aristoteles
1991 569 2118 617 hanc
2141 587 2336 635 quoque
2371 573 2514 619 tradi-

391 642 532 703 derit,
557 646 789 694 Elenclzos
809 648 1023 696 scribens
1053 649 1342 713 sophisticm.
1371 651 1433 696 Ut
1463 650 1594 696 enim
1615 649 1804 702 homini
1827 650 1958 714 justo
1984 650 2098 698 mali
2120 668 2315 716 quoque
2343 654 2516 701 notitia

391 727 658 775 necessaria
695 738 788 786 est,
835 746 936 776 non
968 740 1022 777 ut
1049 730 1231 778 malum
1260 730 1425 789 faciat,
1461 730 1547 777 sed
1580 740 1633 776 ut
1660 730 1842 778 malum
1878 733 2125 795 cognitum
2150 749 2319 781 cavere
2342 744 2509 798 queat3

390 804 456 852 ita
496 816 544 853 et
580 807 829 856 dialectico
864 810 1214 875 sophismatum
1253 827 1355 857 non
1389 819 1549 875 potest
1583 809 1747 858 deesse
1782 812 1974 877 peritia,
2016 822 2068 859 ut
2107 813 2174 859 sic
2216 813 2277 860 ab
2311 814 2379 860 eis
2419 812 2511 860 sibi

326 921 327 924 η
389 900 558 933 cavere
597 898 764 951 queat3
809 906 908 938 nec
955 890 1187 939 discretus
1231 892 1280 938 in
1328 889 1593 938 rationibus
1639 903 2034 955 argumentorum
2081 894 2170 940 erit
2190 931 2202 952 ,
2251 895 2343 940 nisi
2387 894 2515 941 falsis

388 965 567 1028 pariter
612 977 660 1014 et
706 970 829 1016 veris
874 971 1076 1035 cognitis
1093 1009 1104 1030 ‚
1152 971 1253 1018 haec
1305 970 1366 1018 ab
1415 970 1506 1018 illis
1553 971 1825 1020 discernere
1843 1009 1854 1031 ,
1902 983 1950 1020 et
1995 982 2197 1035 utraque
2249 973 2511 1036 dijudicare

389 1042 640 1108 diligenter
662 1047 854 1096 valebit.
881 1050 1020 1097 Unde
1045 1060 1115 1110 et,
1141 1050 1283 1098 beato
1314 1061 1566 1121 attestante
1594 1051 1914 1116 Hieronymo,
1939 1053 2042 1117 ipse
2063 1069 2258 1116 quoque
2280 1052 2511 1099 Salomon

389 1123 451 1170 ad
473 1124 612 1172 falsas
634 1128 813 1192 pariter
842 1139 890 1175 et
910 1146 1045 1178 veras
1068 1123 1505 1194 argumentationes
1528 1132 1889 1195 cognoscendas
1921 1132 2183 1196 plurimum
2207 1132 2509 1181 adhortatur.

389 1203 465 1250 Sic
501 1206 631 1252 enim
667 1207 894 1256 adversus
925 1209 1188 1258 calumnias
1223 1211 1383 1274 Magni
1418 1212 1623 1258 oratoris
1666 1211 1798 1258 urbis
1834 1213 1994 1259 Romae
2030 1212 2267 1272 scribens,
2307 1213 2427 1260 sicut
2466 1223 2513 1260 et

389 1299 479 1330 nos
515 1302 645 1333 nunc
689 1287 916 1336 adversus
950 1289 1248 1350 consimiles,
1289 1291 1356 1337 ait
1377 1291 1502 1337 inter
1534 1301 1703 1339 caetera
1737 1291 1798 1338 de
1828 1309 2020 1339 summo
2052 1292 2134 1339 illo
2176 1293 2390 1357 sapiente
2429 1296 2512 1341 Sa—

387 1364 636 1414 lomone¹:
658 1373 753 1415 «In
777 1370 976 1419 exordio
993 1371 1366 1418 Proverbiorum
1390 1383 1686 1432 commonet,
1712 1383 1766 1419 ut
1787 1373 2106 1437 intelligamus
2124 1390 2379 1421 sermones
2394 1391 2509 1439 pru-

386 1445 588 1508 dentiae,
627 1452 954 1517 versutiasque
988 1452 1278 1512 verborum,
1321 1453 1598 1518 parabolas,
1646 1463 1694 1501 et
1732 1453 1992 1501 obscurum
2038 1470 2335 1514 sermonem,
2386 1454 2513 1502 dicta

386 1531 659 1595 sapientum
691 1543 738 1580 et
775 1535 1041 1598 aenigmata,
1085 1551 1191 1600 quae
1227 1535 1422 1600 proprie
1445 1535 1805 1583 dialecticorum
1838 1546 1886 1584 et
1907 1534 2311 1602 philosophorum
2341 1545 2509 1582 sunt.»

381 1611 517 1667 Quid
540 1613 670 1660 enim
692 1614 935 1679 sapientiae
958 1633 1229 1676 sermones,
1269 1618 1596 1682 versutiasque
1619 1616 1903 1677 verborum,
1954 1617 2046 1664 nisi
2082 1633 2305 1663 verarum
2340 1626 2387 1662 et
2417 1615 2511 1662 fal-

387 1689 561 1740 lacium
600 1697 1069 1757 argumentationum
1116 1697 1442 1745 diversitatem
1478 1697 1730 1761 intelligit?
1772 1699 1914 1757 Quae,
1954 1707 2007 1744 ut
2045 1696 2280 1755 diximus,
2321 1697 2386 1743 ita
2421 1695 2512 1742 sibi

386 1782 500 1819 sunt
535 1774 793 1838 adjunctae,
833 1787 886 1825 ut
930 1778 1162 1826 discretus
1206 1779 1255 1825 in
1297 1779 1372 1826 his
1403 1795 1506 1826 esse
1547 1796 1647 1825 non
1687 1778 1861 1843 possit,
1905 1778 1988 1842 qui
2033 1777 2136 1824 illas
2175 1776 2507 1840 ignoraverit:

388 1869 538 1916 quum
562 1854 624 1901 ad
647 1858 975 1920 cognitionem
1005 1858 1330 1924 quarumlibet
1357 1876 1520 1907 rerum
1551 1860 1818 1907 necessaria
1851 1859 1911 1906 sit
1939 1857 2112 1905 notitia
2140 1858 2509 1905 contrariarum.

388 1933 539 1980 Nemo
581 1936 711 1997 enim
750 1938 949 1985 virtutes
986 1939 1238 2004 diligenter
1276 1940 1488 1999 noverit,
1535 1940 1618 2004 qui
1658 1939 1773 1987 vitia
1816 1939 2039 2003 ignoret:
2068 1937 2329 2003 praesertim
2364 1951 2514 2000 quum

387 2015 622 2063 nonnulla
657 2018 771 2066 vitia
806 2019 871 2067 ita
897 2021 1155 2068 virtutibus
1179 2020 1384 2069 finitima
1414 2022 1531 2082 sint,
1558 2031 1611 2068 ut
1634 2038 1691 2068 ex
1713 2020 2025 2067 similitudine
2053 2036 2138 2067 sua
2168 2018 2303 2066 facile
2334 2017 2513 2064 multos

386 2093 656 2160 decipiant,
705 2099 827 2146 sicut
872 2110 920 2147 et
964 2101 1090 2149 salsae
1124 2103 1563 2166 argumentationes
1586 2120 1642 2149 ex
1665 2101 1977 2150 similitudine
2000 2117 2224 2148 verarum
2255 2099 2513 2164 plerosque

385 2172 434 2219 iu
482 2191 695 2223 errorem
737 2180 1043 2243 pertrahunt.
1093 2182 1232 2229 Unde
1286 2198 1387 2230 non
1442 2182 1601 2229 solum
1650 2183 1697 2228 in
1752 2181 2000 2228 dialectica
2042 2179 2291 2227 diversitas
2349 2178 2516 2225 incidit

385 2258 760 2318 sententiarum,
808 2263 1126 2311 verumetiam
1161 2264 1211 2311 in
1258 2264 1355 2311 fide
1391 2263 1652 2311 christiana
1692 2262 2016 2328 multiplicitas
2068 2277 2311 2320 errorum,
2363 2277 2514 2325 quum

384 2335 575 2384 verbosi
618 2338 827 2388 haeretici
874 2345 1193 2390 assertionum
1233 2361 1429 2391 suarum
1475 2344 1657 2408 laqueis
1708 2343 1884 2389 multos
1930 2341 2168 2406 simplices
2211 2342 2260 2386 in
2304 2340 2514 2387 diversas

385 2416 667 2479 pertrahant
704 2430 855 2468 sectas
882 2439 892 2467 :
919 2423 1002 2487 qui
1043 2440 1350 2488 nequaquam
1397 2424 1446 2470 in
1491 2421 1987 2487 argumentationibus
2035 2421 2299 2479 exercitati,
2348 2419 2514 2466 simili-

385 2495 603 2544 tudinem
642 2516 732 2563 pro
777 2502 1004 2561 veritate,
1048 2513 1096 2550 et
1139 2503 1375 2551 fallaciam
1412 2521 1502 2569 pro
1534 2504 1720 2550 ratione
1761 2502 2042 2567 suscipiunt.
2082 2500 2320 2547 Adversus
2364 2515 2511 2564 quam

385 2585 568 2639 pestem
612 2595 703 2626 nos
746 2581 796 2626 in
843 2580 1249 2647 disputationibus
1282 2600 1502 2631 exercere
1544 2583 1635 2648 ipsi
1682 2598 1878 2647 quoque
1926 2584 2160 2627 Doctores
2210 2579 2513 2627 ecclesiastici

384 2669 727 2716 commonent,
778 2670 828 2707 ut
868 2663 999 2726 quod
1047 2680 1147 2710 non
1189 2664 1495 2728 intelligimus
1540 2664 1589 2710 in
1635 2662 1904 2727 scripturis,
1954 2677 2054 2707 non
2111 2659 2269 2707 solum
2324 2657 2510 2706 orando

385 2746 603 2800 petamus
646 2756 671 2786 a
718 2742 961 2802 Domino,
1012 2760 1182 2790 verum
1227 2745 1434 2791 invicem
1479 2759 1748 2809 quaeramus
1791 2740 2102 2806 disputando.
2141 2739 2279 2786 Unde
2309 2749 2356 2786 et
2389 2737 2510 2785 illud

385 2827 455 2863 est
478 2820 725 2882 Augustini
747 2821 797 2867 in
821 2831 1025 2870 tractatu
1047 2824 1105 2870 de
1128 2824 1479 2883 Misericordia,
1511 2841 1662 2890 quum
1692 2823 1772 2871 illa
1794 2822 1990 2870 Domini
2014 2831 2274 2887 exponeret
2299 2819 2473 2867 verba'
2497 2839 2506 2866 :

388 2902 580 2948 «Petite
612 2912 659 2949 et
688 2902 881 2951 dabitur
912 2905 1075 2965 vobis,
1101 2907 1297 2970 quaerite
1328 2917 1376 2953 et
1411 2906 1697 2963 invenietis;
1736 2903 1921 2970 pulsate
1949 2913 1996 2950 et
2029 2902 2268 2967 aperietur
2299 2900 2461 2959 vobis,
2482 2919 2505 2945 υ

385 2983 559 3045 petite,
593 3002 615 3027 υ
642 2984 814 3049 inquit,
844 3005 866 3031 «
891 2987 1098 3047 orando,
1124 2988 1320 3052 quaerite
1343 2986 1661 3053 disputando,
1702 2985 1887 3052 pulsate
1918 2982 2162 3047 rogando,
2196 2981 2246 3029 id
2277 2991 2347 3028 est
2370 2982 2513 3028 inter-

385 3064 620 3127 rogando.
646 3083 668 3110 »
708 3068 814 3113 Non
851 3067 982 3115 enim
1011 3067 1369 3129 haereticorum,
1395 3069 1472 3116 vel
1499 3067 1827 3134 quorumlibet
1870 3065 2140 3113 infidelium
2184 3063 2511 3110 infestationes

384 3142 597 3191 refellere
633 3144 920 3207 sufficimus,
964 3148 1055 3195 nisi
1096 3149 1444 3214 disputationes
1478 3165 1649 3197 eorum
1680 3146 1940 3195 dissolvere
1974 3145 2235 3211 possimuS,
2270 3152 2318 3189 et
2339 3158 2508 3190 eorum

385 3224 680 3288 sophismata
717 3229 841 3276 veris
885 3229 1100 3279 refellere
1138 3231 1406 3279 rationibus
1423 3269 1435 3290 ,
1476 3242 1531 3279 ut
1567 3230 1708 3279 cedat
1750 3228 1926 3277 salsitas
1961 3226 2175 3285 veritati,
2203 3235 2251 3272 et
2272 3224 2510 3290 sophistas

386 3305 651 3369 reprimant
695 3308 929 3359 dialectici
962 3329 973 3357 :
1004 3312 1160 3377 parati
1203 3329 1409 3377 semper,
1457 3321 1512 3359 ut
1554 3310 1724 3359 beatus
1764 3308 1996 3357 admonet
2041 3310 2208 3355 Petrus
2227 3343 2238 3365 ,
2281 3304 2343 3353 ad
2374 3305 2510 3353 satis-

437 3485 445 3502 '
476 3487 572 3529 ΟΡΡυ
588 3495 610 3522 t·
628 3489 683 3525 IV.
703 3503 737 3535 p.
753 3494 790 3526 2.
806 3493 865 3528 col.
881 3492 1170 3537 654.—⁸Mauh.,
1187 3505 1261 3539 cap.
1281 3506 1344 3535 vu,
1359 3506 1392 3527 v.
1410 3496 1479 3527 7.-
1493 3494 1589 3533 Luc..
1606 3504 1681 3537 cap.
1702 3503 1755 3533 ιι,
1773 3503 1805 3526 v.
1821 3492 1853 3525 9.
2303 3547 2354 3586 88

554 3557 566 3587 1
