2970 4152
449 531 557 568 Miris
573 528 689 577 signis
702 539 748 564 eo
768 525 893 574 dignis

474 589 731 627 Praedicarunt
747 593 919 633 utraque.

448 690 564 734 Nam,
587 689 777 736 Auguste,
796 691 834 721 te
851 683 1008 720 florente

475 749 599 787 Solem
620 747 738 784 cinxit
756 756 894 782 corona
911 759 921 788 3

454 808 652 846 Mandavit
669 805 771 856 quod
788 803 977 840 mandavit

480 869 618 908 Oleum
638 867 685 903 de
704 866 872 902 taberna.

458 968 646 1006 Veniente
662 963 916 1010 Redemptore

486 1028 608 1066 Servis
625 1025 738 1062 datur
754 1022 924 1065 libertas,

459 1086 657 1127 servitutis
669 1084 804 1132 jugum
831 1081 950 1125 tollis,

481 1149 528 1185 Et
544 1158 659 1197 quem
683 1144 802 1181 nescis
822 1141 1033 1195 praesignas.

457 1247 659 1286 Interdicis
676 1257 743 1282 nec
760 1241 947 1293 permittis

489 1310 545 1346 Te
563 1306 766 1344 Dominum
786 1302 907 1339 vocari
922 1329 932 1346 ‚

463 1369 517 1406 Ut
540 1374 698 1404 venturo
715 1363 831 1414 possit
847 1361 1000 1400 Christo

488 1429 612 1466 Decus
629 1427 703 1463 hoc
719 1422 911 1461 reservari.

469 1529 553 1566 Jani
572 1532 700 1576 portas
714 1529 820 1561 tenet
838 1521 980 1558 clausas

492 1589 568 1625 Pax
586 1600 607 1623 a
622 1585 776 1623 Christo
797 1580 981 1632 praemissa
993 1607 1002 1623 ‚

470 1649 562 1695 Quae
577 1644 768 1695 propheta
783 1639 974 1692 quondam
990 1649 1079 1674 voce

495 1706 638 1745 Mundo
653 1705 727 1742 fuit
743 1701 936 1752 promissa.

468 1809 546 1845 Pax
562 1807 602 1843 in
620 1804 751 1848 terris,
772 1803 811 1839 in
827 1799 979 1838 excelsis

491 1867 549 1904 sit
567 1865 685 1915 gloria
697 1891 707 1909 ‚
726 1863 775 1899 sit
790 1873 936 1898 summa

473 1927 571 1976 Regi
590 1935 738 1962 summo
755 1921 876 1966 Patri,
899 1917 1027 1956 Verbo
1041 1944 1050 1961 ‚

500 1987 657 2037 Spiritui
677 1996 744 2034 per
762 1981 903 2019 saecula.

1098 2038 1215 2072 Anax«.

780 2153 914 2191 XXXI
921 2152 967 2190 V.

483 2260 717 2311 Angelorum
735 2260 889 2304 stupent
904 2257 1017 2288 cantu

503 2319 700 2360 Admoniti
718 2322 882 2367 pastores
897 2329 907 2358 3

482 2384 610 2431 Magos
630 2391 724 2417 nova
741 2376 847 2413 ducit
866 2372 990 2416 stella,

507 2444 613 2480 Metu
628 2441 783 2488 languet
798 2433 979 2473 Herodes.

483 2542 558 2578 Dat
576 2538 748 2576 mandata
766 2533 886 2582 magis
903 2530 1014 2568 stulta
1026 2557 1037 2574 ,

514 2601 686 2649 Loquens
702 2597 756 2634 eis
771 2595 810 2631 in
829 2592 940 2636 dolo;

490 2661 563 2700 Sed
580 2659 709 2697 illusus
726 2655 801 2693 fuit
815 2653 923 2690 dolus

527 2718 784 2759 Fraudulento
800 2713 986 2752 fraudato.

495 2822 555 2860 Illi
573 2826 730 2869 coeptam
749 2821 880 2854 tenent
894 2813 989 2849 viam
1001 2840 1011 2855 ‚

517 2880 728 2931 Reperiunt
744 2888 855 2927 quem
875 2878 1065 2924 quaet-unt,

494 2944 542 2980 Et
556 2940 689 2978 oblatis
705 2937 827 2975 tribus
844 2934 953 2971 donis

523 3004 594 3040 Per
616 3002 695 3037 haec
712 2999 836 3048 ipsum
855 2992 1087 3032 describunt.

495 3102 552 3138 Ad
567 3099 758 3139 Herodem
777 3108 825 3132 ne
842 3093 1011 3131 redirent

518 3161 782 3199 Admonentur
799 3156 839 3192 in
854 3152 1013 3196 somnis,

502 3223 550 3260 Et
566 3221 692 3258 divino
715 3217 943 3254 documento

525 3283 620 3320 Sunt
642 3277 734 3329 quid
753 3282 864 3326 agant
880 3271 1016 3310 edocti.

499 3383 575 3420 Pax
591 3382 631 3418 in
645 3378 775 3423 terris,
796 3383 868 3412 etc.

1203 445 1213 464 s
1255 424 1540 474 CARMINA.

1847 578 2013 616 XXXV.

1546 688 1827 727 Consecrandas
1845 688 1961 725 intrat
1980 697 2111 735 aquas,

1568 750 1782 798 Baptizatus
1800 761 1820 784 a
1843 759 1967 791 servo,

1548 811 1626 857 Qui
1646 815 1795 858 peccata
1810 807 1909 844 tollit
1925 813 2051 843 nostra
2064 834 2074 850 ‚

1580 871 1658 918 Qui
1675 882 1750 906 non
1767 874 1852 917 eget
1869 867 2069 915 baptismo.

1553 968 1748 1017 Baptizato
1765 965 1831 1014 qui
1847 965 2032 1012 baptismo

1582 1029 1684 1066 Vere
1702 1038 1769 1062 suo
1787 1024 1950 1073 baptizat
1962 1051 1971 1067 ‚

1555 1089 1693 1126 Statim
1710 1085 1794 1123 coeli
1814 1090 1902 1121 sunt
1917 1083 2036 1132 aperti

1582 1150 1688 1195 Quos
1704 1153 1897 1196 peccatum
1914 1143 2122 1180 claudebat.

1561 1247 1762 1285 Revelatus
1786 1252 1844 1281 est
1860 1243 2058 1280 descensus

1583 1307 1752 1357 Spiritus
1769 1306 1808 1341 in
1826 1302 2019 1347 columba;

1559 1366 1796 1418 Baptizandis
1813 1362 2048 1402 renascendis

1581 1428 1717 1466 Gratia
1735 1426 2003 1463 demonstrata.

1564 1528 1630 1565 Est
1647 1525 1775 1562 audita
1797 1536 1865 1560 vox
1884 1529 2035 1572 paterna
2047 1549 2059 1568 ‚

1589 1587 1730 1625 Filium
1747 1590 1950 1634 protestata
1961 1610 1970 1626 ,

1568 1649 1616 1685 Et
1636 1653 1785 1684 renatos
1802 1645 1891 1682 facit
1909 1654 2015 1679 veros

1592 1708 1707 1745 Filios
1723 1706 1786 1743 illa
1803 1705 1889 1741 data
1903 1719 1914 1747 3

1566 1808 1660 1856 Quis
1680 1805 1827 1850 blanda,
1848 1808 2037 1839 mansueta

1594 1869 1715 1905 Deum
1736 1870 1920 1902 monstrat
1942 1862 2147 1911 placatum,

1572 1929 1650 1967 Nec
1670 1927 1802 1964 divinae
1818 1934 2046 1975 quemquam
2062 1932 2165 1970 aequa

1592 1988 1734 2026 Gratiae
1750 1992 1852 2023 tenet
1871 1992 2003 2032 typum
2015 1983 2041 2017 ¹.

1572 2095 1647 2130 Pax
1664 2093 1703 2129 in
1722 2091 1834 2127 terris
1844 2117 1855 2133 ‚
1875 2095 1946 2125 etc.

1876 2214 2065 2256 XXXVI.

1579 2323 1657 2370 Qui
1675 2320 1862 2370 baptismo
1879 2317 1988 2354 nobis
2006 2327 2073 2352 suo

1600 2386 1728 2431 Aquas
1744 2377 2004 2425 sanctificavit,

1583 2443 1661 2479 Has
1679 2441 1717 2477 in
1738 2450 1884 2475 merum
1903 2436 2016 2472 vertit
2040 2435 2168 2471 vinum

1607 2502 1653 2538 Et
1671 2499 1840 2537 convivas
1864 2495 1994 2533 reficit.

1584 2605 1677 2643 Inde
1693 2604 1791 2640 clara
1808 2602 1888 2638 dies
1905 2601 1975 2636 ista

1609 2667 1729 2703 Trino
1749 2663 1847 2699 sacto
1864 2659 2101 2709 resplendet;

1583 2728 1683 2775 Quia
1699 2738 1767 2776 per
1782 2724 1910 2762 tanta¹
1931 2719 2073 2758 mundo
2092 2719 2195 2767 signa

1608 2786 1741 2825 Mundi
1759 2785 1856 2822 salus
1874 2788 2042 2832 apparet.

1589 2888 1667 2925 Nec
1685 2893 1768 2935 post
1790 2891 1894 2921 tanta
1910 2882 1965 2919 vel
1983 2880 2122 2928 majora

1614 2949 1727 2996 Signa
1744 2944 1865 2982 credit
1881 2942 2050 2986 Judaeus,

1590 3010 1712 3057 Quem
1730 3005 1777 3043 ad
1796 3017 1910 3042 unam
1928 3002 2053 3039 statim
2071 2998 2212 3036 stellam

1613 3066 1824 3118 Requisivit
1845 3062 2052 3102 Chaldaeus.

1594 3175 1786 3215 Elementa
1803 3182 1913 3207 suum
1935 3173 2070 3204 cuncta

1616 3236 1905 3282 Recognoscunt
1923 3234 2125 3266 auctorem.

1597 3297 1653 3334 Te
1672 3306 1740 3332 nec
1757 3293 1883 3341 signa,
1903 3302 1972 3326 nec
1987 3288 2047 3325 lex
2069 3287 2149 3335 ipsa

1616 3356 1785 3398 Movent,
1809 3351 1940 3396 miser,
1962 3347 2010 3385 ad
2028 3346 2168 3384 fidem?

434 3524 446 3541 ⁸
470 3523 525 3557 Sic
541 3520 655 3556 eod.-
666 3520 774 3555 Locus
792 3522 976 3561 corruptus,
999 3519 1035 3547 ut
1052 3510 1189 3546 videtur.
1204 3527 1248 3536 -
1262 3505 1278 3526 ²
1293 3506 1348 3540 Sic
1365 3504 1447 3540 cod.
1461 3521 1485 3529 -
1504 3502 1561 3536 Tot
1576 3499 1592 3532 ?

2364 415 2459 462 309
