2970 4152
542 383 640 429 2194
934 432 938 436 ,
1133 382 1303 428 PETRI
1339 382 1653 429 ABAELARDI
1689 383 1762 429 ΕΤ
1795 383 2097 429 HELOlSSAE

545 477 682 524 nohis
709 477 934 536 indulsit,
966 478 1013 522 in
1044 493 1092 524 se
1118 477 1222 541 ipso
1249 475 1469 524 exhibere
1505 494 1604 524 non
1642 477 1830 526 erubuit
1866 497 1877 523 :
1915 478 2023 525 licet
2045 478 2159 525 hinc
2192 479 2329 526 multi
2360 479 2663 527 scandalizati

543 574 641 604 non
683 557 1405 622 mediocriterimproperarent.
1435 558 1572 606 Unde
1598 569 1644 606 et
1668 576 1754 623 per
1792 559 2097 624 semetipsum
2135 559 2338 623 loquens
2364 562 2375 584 ¹
2413 579 2422 606 :
2466 580 2488 605 «
2522 562 2663 608 Venit

540 641 770 697 Joannes,
798 657 820 681 »
850 638 1030 701 inquit,
1065 657 1087 682 «
1114 655 1214 685 non
1242 637 1534 685 manducans
1554 648 1600 685 et
1612 656 1717 713 pon
1735 638 1933 698 bibens,
1968 649 2015 686 et
2033 638 2286 686 dixerunt:
2317 659 2338 684 «
2360 641 2660 690 Daemonium

544 738 565 761 «
594 717 751 764 habet.
780 737 802 762 »
831 719 973 765 Venit
993 718 1116 765 filius
1144 718 1351 765 hominis
1375 719 1671 767 manducans
1695 729 1742 766 et
1761 719 1956 779 bibens,
1979 729 2024 767 et
2044 719 2294 768 dixerunt:
2323 740 2347 764 «
2369 723 2490 768 Ecce
2509 721 2659 769 homo

543 818 564 841 «
596 815 741 845 vorax
777 809 823 846 et
851 809 1042 864 potator
1069 799 1184 846 vini.
1210 818 1232 843 υ
1265 799 1359 857 Qui
1386 800 1528 847 etiam
1553 817 1665 847 suos
1693 816 1950 859 excusans,
1981 800 2115 864 quod
2152 817 2251 848 non
2288 801 2407 847 sicut
2443 800 2662 867 discipuli

537 879 731 926 Joannis
760 881 773 903 2
807 879 1076 943 Jejunarent
1097 915 1110 939 ,
1154 896 1244 926 nec
1281 880 1423 927 etiam
1470 880 1814 928 manducantes
1860 880 2159 946 corporalem
2206 880 2336 927 illam
2375 881 2659 930 munditiam

534 958 881 1010 abluendarum
906 978 1140 1008 manuum
1163 977 1451 1025 magnopere
1474 963 1721 1008 curarent³
1745 979 1754 1007 :
1801 980 1823 1005 «
1848 963 1953 1007 Non
1981 970 2206 1026 possunt,
2239 980 2260 1006 »
2289 962 2441 1026 inquit
2458 963 2472 985 ‘'
2488 997 2500 1021 ‚
2544 981 2568 1007 «
2591 962 2661 1010 lu-

535 1057 644 1103 gere
669 1039 751 1087 filii
784 1042 974 1105 sponsi,
1002 1041 1215 1105 quandiu
1238 1057 1349 1088 cum
1383 1040 1473 1087 illis
1498 1057 1700 1106 sponsus
1731 1051 1817 1088 est.
1846 1059 1868 1084 »
1902 1043 1960 1087 Et
1984 1040 2094 1087 alibi
2110 1043 2122 1065 ⁵
2146 1059 2155 1087 ε
2188 1044 2337 1087 «Non
2363 1041 2498 1105 quod
2518 1042 2662 1091 intrat

534 1120 584 1166 in
610 1136 664 1166 os
689 1122 967 1185 coinquinat
992 1121 1240 1169 hominem
1259 1157 1270 1180 ‚
1297 1121 1382 1168 sed
1404 1120 1537 1185 quod
1558 1120 1777 1186 procedit
1799 1138 1856 1168 ex
1875 1137 1974 1168 ore.
1997 1123 2113 1179 Quae
2130 1131 2290 1168 autem
2315 1121 2582 1186 procedunt
2600 1122 2661 1170 de

534 1216 618 1246 ore
635 1236 647 1260 ,
688 1200 748 1248 de
781 1201 927 1249 corde
954 1211 1127 1248 exeunt
1145 1237 1157 1261 ‚
1195 1211 1241 1248 et
1266 1217 1322 1248 ea
1350 1201 1665 1265 coinquinant
1686 1200 1951 1247 hominem.
1983 1203 2088 1247 Non
2115 1200 2223 1248 lotis
2252 1210 2410 1248 autem
2442 1201 2661 1250 manibus

534 1281 823 1330 manducare
839 1300 939 1330 non
960 1283 1236 1347 coinquinat
1253 1282 1517 1329 hominem.
1543 1299 1565 1325 >1
1587 1281 1752 1329 Nullus
1765 1282 1924 1346 itaque
1943 1281 2078 1329 cibus
2093 1282 2311 1347 inquinat
2329 1283 2557 1343 animam,
2576 1283 2661 1331 sed

531 1361 767 1426 appetitus
801 1362 895 1409 cibi
929 1364 1075 1410 vetiti.
1106 1363 1235 1410 Sicut
1273 1363 1403 1410 enim
1425 1379 1600 1427 corpus
1623 1379 1723 1409 non
1746 1363 1837 1409 nisi
1859 1362 2189 1427 corporalibus
2213 1363 2490 1427 inquinatur
2511 1362 2662 1411 sordi-

530 1441 637 1502 bus,
655 1444 721 1491 sic
734 1431 824 1492 nec
840 1445 995 1492 anima
1013 1445 1103 1491 nisi
1116 1444 1452 1510 spiritualibus.
1468 1447 1564 1492 Nec
1584 1444 1852 1491 timendum
1868 1454 1939 1492 est
1954 1444 2189 1509 quidquid
2200 1454 2365 1508 agatur
2377 1445 2426 1491 in
2436 1461 2656 1509 corpore,

529 1524 568 1569 si
593 1525 779 1571 animus
805 1525 866 1573 ad
895 1542 1184 1572 consensum
1206 1542 1307 1572 non
1333 1525 1550 1572 trahitur.
1578 1528 1674 1572 Nec
1696 1524 2042 1572 confidendum
2066 1525 2127 1573 de
2150 1526 2385 1572 munditia
2409 1525 2593 1585 carnis,
2622 1527 2661 1572 si

530 1620 665 1650 mens
697 1605 943 1652 voluntate
971 1606 1310 1670 corrumpitur.
1341 1608 1394 1651 In
1422 1605 1569 1652 corde
1595 1605 1736 1668 igitur
1761 1614 1862 1651 tota
1882 1622 2013 1652 mors
2038 1605 2207 1652 animae
2235 1605 2450 1652 consistit
2475 1614 2522 1652 et
2544 1605 2654 1652 vita.
2681 1649 2696 1657 ,

530 1686 668 1733 Unde
693 1686 921 1734 Salomon
947 1687 997 1733 in
1019 1687 1310 1734 Proverbiis⁶
1345 1705 1355 1733 ι
1386 1707 1408 1732 ι(
1433 1687 1579 1734 Omni
1616 1686 1832 1734 custodia
1855 1704 1991 1734 serva
2021 1703 2106 1734 cor
2139 1697 2276 1734 tuum
2293 1722 2307 1744 ,
2344 1687 2574 1751 quoniam
2603 1703 2660 1733 ex

528 1767 637 1831 ipso'
654 1768 751 1814 vita
772 1768 1004 1833 procedit.
1035 1788 1058 1813 »
1089 1771 1148 1815 Et
1167 1769 1301 1832 juxta
1323 1767 1598 1833 praedictam
1623 1768 1840 1815 Veritatis
1864 1769 2172 1815 assertionem
2189 1804 2201 1828 ‚
2229 1785 2287 1815 ex
2313 1768 2460 1816 corde
2489 1784 2658 1834 proce-

529 1847 650 1894 dunt
678 1865 782 1912 quae
807 1850 1120 1913 coinquinant
1137 1849 1387 1896 hominem
1416 1869 1426 1896 :
1467 1849 1698 1913 quoniam
1722 1848 1861 1896 bonis
1877 1849 1953 1896 vel
1971 1849 2107 1896 malis
2126 1849 2371 1898 desideriis
2397 1848 2658 1899 animadu-

530 1939 721 1976 mnatur
738 1929 815 1976 vel
830 1929 1052 1977 salvatur.
1081 1929 1176 1977 Sed
1194 1930 1426 1994 quoniam
1449 1930 1618 1977 animae
1638 1939 1685 1976 et
1702 1930 1856 1977 carnis
1880 1930 1929 1976 in
1943 1947 2090 1978 unam
2108 1929 2472 1993 conjunctarum
2494 1946 2659 1994 perso·

529 1999 641 2056 narn
665 2012 871 2058 maxima
901 2021 972 2059 est
1010 2011 1150 2071 unio,
1189 2026 1496 2075 summopere
1532 2010 1888 2075 providendum
1924 2020 1993 2058 est
2027 2027 2090 2058 ne
2120 2011 2276 2062 carnis
2313 2000 2564 2058 delectatio
2598 2010 2659 2057 ad

527 2106 815 2138 consensum
836 2093 1046 2139 animam
1069 2091 1226 2139 trahat
1243 2127 1256 2151 ‚
1294 2101 1342 2138 et
1369 2090 1487 2138 dum
1518 2090 1660 2137 nimis
1687 2090 1962 2154 indulgetur
1987 2091 2148 2151 carni,
2186 2091 2289 2155 ipsa
2312 2090 2562 2139 lasciviens
2588 2108 2660 2139 re·

527 2170 730 2219 luctetur
762 2173 976 2238 spiritui,
1014 2183 1061 2219 et
1097 2189 1244 2236 quam
1270 2181 1460 2236 oportet
1482 2170 1651 2234 subjici
1680 2171 1875 2236 incipiat
1899 2171 2153 2218 dominari.
2181 2174 2285 2218 Hoc
2309 2181 2467 2221 autem
2491 2187 2658 2218 cavere

527 2255 789 2316 poterimus
806 2290 818 2313 ‚
845 2255 884 2300 si
914 2253 1188 2301 necessariis
1219 2252 1443 2299 omnibus
1468 2252 1707 2299 concessis
1726 2287 1738 2311 ,
1769 2252 2145 2316 superfluitatem
2162 2287 2174 2311 ‚
2205 2261 2258 2298 ut
2284 2252 2452 2317 saepius
2476 2251 2657 2298 dictum

528 2343 624 2394 est,
655 2335 842 2399 penitus
867 2345 1195 2400 amputemuS,
1228 2344 1274 2380 et
1309 2332 1503 2379 infirmo
1531 2333 1666 2380 sexui
1691 2332 1878 2379 nullum
1899 2332 2116 2379 ciborum
2136 2349 2277 2379 usum
2293 2370 2306 2391 ‚
2332 2332 2417 2379 sed
2439 2332 2658 2379 omnium

529 2414 819 2480 denegemus
835 2415 1053 2463 abusum.
1080 2416 1255 2463 Omnia
1271 2413 1598 2462 concedantur
1615 2415 1767 2473 sumi,
1809 2413 1894 2460 sed
1918 2413 2049 2463 nulla
2066 2413 2381 2461 immoderate
2400 2414 2620 2460 consumi
2642 2432 2652 2460 :

530 2515 552 2539 «
578 2497 769 2556 Omnis,
798 2515 820 2540 >)
852 2496 1005 2561 inquit
1030 2495 1282 2561 Apostolus
1301 2497 1339 2554 ⁷,
1371 2514 1393 2538 «
1415 2504 1631 2541 creatura
1655 2494 1743 2541 Dei
1764 2493 1920 2552 bona,
1962 2503 2009 2541 et
2030 2493 2149 2540 nihil
2184 2493 2495 2557 rejiciendum
2525 2493 2658 2558 quod

526 2593 636 2623 cum
660 2578 917 2641 gratiarum
942 2578 1130 2624 actione
1155 2576 1430 2642 percipitur.
1464 2573 1795 2622 Sanctificatur
1826 2574 1956 2621 enim
1984 2591 2070 2639 per
2093 2573 2295 2622 verbum
2312 2575 2401 2622 Dei
2414 2584 2469 2623 «et
2484 2575 2658 2622 oratio-

525 2674 652 2704 nem.
700 2660 802 2704 Hoc
838 2674 1115 2723 proponens
1158 2655 1409 2715 fratribus,
1452 2654 1610 2702 bonus
1650 2655 1741 2702 eris
1781 2655 1995 2702 minister
2035 2654 2208 2702 Christi
2237 2658 2345 2702 Jesu
2365 2690 2377 2713 ‚
2424 2655 2657 2702 enutritus

525 2738 680 2785 verbis
703 2738 844 2797 fidei,
874 2749 921 2785 et
941 2737 1080 2785 honae
1106 2737 1334 2784 doctrinae
1356 2753 1503 2800 quam
1527 2746 1768 2784 assecutus
1792 2753 1857 2783 es.
1879 2755 1902 2780 η
1925 2738 1980 2783 Et
2008 2752 2096 2782 nos
2114 2736 2256 2799 igitur
2278 2752 2388 2782 cum
2405 2736 2655 2783 Timotheo

525 2819 648 2865 hanc
668 2818 882 2884 Apostoli
906 2818 1109 2866 insecuti
1136 2817 1406 2865 doctrinam
1425 2852 1438 2874 ‚
1469 2827 1515 2865 et
1533 2817 1667 2880 juxta
1697 2816 1989 2864 dominicam
2015 2817 2299 2864 sententiam
2318 2817 2436 2864 nihil
2466 2818 2514 2864 in
2539 2817 2656 2866 cibis

524 2900 614 2946 nisi
640 2899 886 2965 crapulam
906 2909 958 2946 et
983 2898 1284 2946 ebrietatem⁸
1309 2898 1510 2944 vitantes
1526 2933 1538 2957 ‚
1568 2897 1634 2944 sic
1673 2898 1836 2944 omnia
1866 2906 2188 2962 temperemus
2207 2933 2220 2956 ‚
2254 2907 2307 2944 ut
2342 2914 2400 2944 ex
2429 2897 2655 2944 omnibus

524 2978 763 3026 infirmam
805 2990 1024 3026 naturam
1062 2987 1381 3025 sustentemus
1398 3013 1410 3037 ,
1449 2994 1549 3024 non
1573 2978 1684 3025 vitia
1708 2977 1988 3024 nutriamus.
2017 2980 2076 3024 Et
2100 2994 2198 3041 quo
2228 2994 2428 3042 quaeque
2452 2977 2655 3042 amplius

524 3076 608 3107 sua
637 3060 961 3125 superfluitate
989 3070 1191 3125 possunt
1219 3075 1423 3118 nocere,
1455 3058 1819 3123 temperamenti
1843 3058 1991 3122 magis
2015 3058 2263 3123 accipiant.
2303 3057 2452 3121 Majus
2477 3058 2654 3122 quippe

522 3151 592 3187 est
617 3156 671 3187 ac
692 3139 976 3187 laudabilius
1001 3149 1259 3205 temperate
1284 3138 1538 3186 comedere
1556 3174 1568 3198 ‚
1600 3154 1745 3202 quam
1769 3138 1969 3185 omnino
1992 3137 2245 3185 abstinere.
2270 3137 2409 3185 Unde
2426 3146 2473 3186 et
2490 3137 2654 3186 beatus

524 3220 811 3285 Augustinus
842 3221 891 3267 in
917 3220 1039 3267 libro
1063 3219 1120 3266 de
1143 3224 1276 3267 Bono
1299 3218 1562 3284 conjugali,
1593 3235 1745 3282 quum
1779 3218 1840 3265 de
1878 3217 2208 3282 corporalibus
2232 3227 2390 3282 ageret
2420 3226 2652 3266 sustenta-

567 3377 577 3393 ¹
604 3377 732 3417 Matth„
761 3388 834 3420 cap.
859 3388 913 3417 xi,
934 3387 966 3409 v·
986 3379 1022 3408 18
1043 3383 1076 3409 et
1099 3377 1150 3408 19.
1168 3394 1204 3400 ——-
1221 3375 1234 3392 ²
1251 3375 1380 3418 Matth.,
1411 3385 1484 3418 cap.
1508 3386 1562 3415 rx,
1607 3386 1639 3408 v.
1656 3377 1711 3408 223.
1731 3394 1766 3398 —
1785 3374 1796 3391 '¹
1820 3376 1953 3409 Timoth.
1983 3376 2019 3414 1,
2049 3386 2120 3418 cap.
2150 3385 2192 3415 iv,
2223 3385 2252 3407 v.
2279 3376 2296 3406 4
2325 3381 2358 3406 et
2383 3384 2434 3420 sq.
2459 3391 2496 3397 -
2519 3373 2532 3390 ⁸
2555 3373 2650 3414 Luc.,

522 3444 549 3465 v.
573 3434 622 3466 14.
641 3452 681 3458 -—-
698 3433 710 3451 ³
727 3433 839 3467 Matth.
859 3444 933 3475 cap.
949 3444 1005 3472 xv,
1021 3444 1051 3465 v.
1067 3434 1085 3464 Q
1101 3440 1133 3465 et
1146 3434 1179 3466 3.
1197 3451 1235 3456 —
1251 3432 1264 3450 ⁴
1278 3433 1408 3474 Matth„
1425 3443 1498 3476 cap.
1515 3443 1564 3471 ix.
1609 3442 1684 3475 cap.
1701 3442 1778 3471 xxi,
1801 3442 1832 3464 v.
1852 3432 1905 3464 34.

522 3502 551 3523 v.
575 3492 626 3523 15.
646 3509 680 3513 -
700 3490 712 3507 ¹⁵
727 3489 856 3531 Matth.‚
874 3500 948 3533 cap.
962 3500 1017 3530 xv,
1036 3500 1065 3522 v.
1090 3491 1144 3523 11.
1159 3507 1204 3516 -—
1217 3488 1230 3506 ⁶
1250 3490 1422 3528 Proverb„
1441 3498 1516 3532 cap.
1530 3499 1564 3528 v,
