2970 4152
529 405 625 451 494,
1331 403 1503 450 PETRI
1538 403 1851 453 ABAELARDI

530 508 605 544 cet
629 497 809 561 majora
831 513 977 561 quam
998 513 1084 561 per
1106 497 1414 561 semetipsum
1437 499 1627 563 operari
1655 499 1877 563 dignatus
1905 509 1998 558 est,
2025 509 2125 546 tam
2153 500 2495 548 miraculorum
2524 501 2657 548 exhi-

533 577 715 624 bitione
756 593 901 641 quam
942 574 1294 640 praedicationis
1336 578 1618 641 operatione
1637 616 1647 636 ,
1695 589 1928 643 tanquam
1969 578 2138 643 spiritu
2170 579 2280 626 Eliae
2314 579 2479 626 Elisaeo
2515 582 2661 644 gemi-

537 668 667 704 nato.
696 655 833 702 Unde
856 666 903 702 et
925 656 990 702 eis
1012 656 1320 720 promiserat,
1347 657 1535 704 dicens¹
1556 677 1566 704 :
1590 646 1620 703 κα
1642 659 1735 716 Qui
1757 658 1909 705 credit
1931 659 1981 704 in
2004 675 2105 718 me,
2132 675 2279 723 opera
2300 676 2404 723 quae
2426 676 2514 723 ego
2537 659 2658 707 facio

536 748 583 785 et
605 739 705 802 ipse
729 736 888 795 faciet,
914 746 962 783 et
984 736 1168 799 majora
1188 736 1366 784 horum
1388 737 1543 785 faciet.
1560 758 1582 783 »
1604 739 1788 785 Scimus
1810 749 1858 785 et
1879 738 2254 803 primogenitum
2275 739 2494 798 fratrem,
2520 739 2570 786 id
2591 749 2662 787 est

538 817 801 875 Christum,
827 816 960 880 quasi
991 816 1092 863 sine
1120 816 1282 863 liberis
1304 816 1609 877 defunctum,
1635 828 1682 864 et
1704 818 1872 864 fratres
1895 820 2019 881 ejus,
2045 819 2095 865 id
2122 829 2192 865 est
2221 814 2464 884 apostolos
2474 857 2491 879 ,Α
2513 836 2660 884 spon-

538 913 640 944 sam
662 897 783 960 ejus,
810 895 859 943 id
889 906 959 942 est
987 895 1245 943 Ecclesiam
1278 897 1562 962 suscepisse,
1589 908 1635 944 et
1657 898 1707 945 in
1731 914 1787 944 ea
1808 897 1996 962 prolem
2026 897 2235 946 filiorum
2257 900 2560 946 innumeram
2582 917 2662 963 ge-

539 995 751 1036 nerasse,
778 987 825 1024 et
846 977 906 1025 ab
928 977 1002 1024 his
1025 977 1251 1042 deinceps
1274 977 1443 1024 diebus
1464 979 1744 1025 universum
1766 978 2005 1026 mundum
2027 979 2287 1044 collegisse.

606 1057 744 1105 Unde
765 1067 1001 1122 quantum
1022 1056 1163 1121 hujus
1193 1057 1506 1104 solemnitatis
1540 1058 1698 1121 gratiae
1729 1057 1939 1105 mundus
1972 1058 2169 1117 debeat,
2204 1076 2392 1123 semper
2424 1059 2661 1118 attendat,

540 1143 601 1189 ad
623 1157 768 1208 quem
795 1139 1008 1204 undique
1041 1138 1367 1202 colligendum
1398 1138 1570 1186 collata
1601 1139 1695 1186 sint
1729 1139 1878 1186 modo
1914 1140 2136 1186 universa
2168 1156 2342 1204 genera
2374 1139 2661 1203 linguarum.

544 1220 827 1270 Intueamini
849 1220 1093 1267 universas
1112 1218 1287 1265 Christi
1300 1219 1623 1266 solemnitates
1646 1218 1707 1266 ab
1722 1219 1825 1284 ipsa
1845 1219 1945 1283 ejus
1968 1220 2220 1266 Nativitate
2242 1236 2393 1284 usque
2416 1219 2477 1266 ad
2491 1221 2665 1266 Ascen-

543 1306 752 1362 sionem,
779 1311 826 1349 et
847 1299 965 1365 quid
986 1310 1102 1347 tunc
1125 1299 1334 1347 mundus
1355 1300 1623 1365 perceperit
1644 1299 1758 1347 huic
1781 1300 1940 1364 gratiae
1968 1310 2269 1365 comparate,
2295 1311 2342 1347 et
2370 1301 2512 1364 longe
2539 1310 2670 1347 caete-

544 1387 607 1432 ris
636 1385 762 1432 hanc
791 1382 1093 1430 festivitatem
1111 1381 1341 1428 *videbitis
1369 1382 1667 1446 praeminere.
1704 1385 1758 1428 In
1786 1381 1880 1428 hac
1907 1382 2087 1447 quippe
2115 1392 2311 1429 centum
2338 1382 2505 1445 viginti
2533 1381 2672 1428 disci-

545 1467 667 1531 pulis
699 1466 748 1511 in
790 1463 1037 1510 coenaculo
1074 1462 1372 1526 congregatis
1406 1462 1608 1527 Spiritus
1639 1472 1830 1509 sanctus
1861 1462 2068 1521 infusus,
2106 1479 2192 1527 per
2225 1463 2354 1527 ipsos
2391 1462 2560 1509 eadem
2592 1461 2671 1508 die

547 1545 733 1592 circiter
754 1543 845 1590 tria
866 1541 1014 1589 millia
1034 1541 1290 1588 hominum
1312 1541 1520 1588 lucratus
1543 1551 1628 1589 est.
1650 1541 1794 1599 Quod
1816 1541 2012 1605 quidem
2034 1551 2087 1587 ut
2108 1540 2243 1588 fieret
2257 1578 2268 1600 ,
2295 1541 2534 1606 dispersos
2555 1541 2671 1587 olim

548 1625 637 1671 sub
667 1622 887 1670 Antiochi
923 1622 1256 1687 persecutione
1284 1622 1471 1668 Judaeos
1494 1621 1554 1668 de
1576 1622 1811 1669 universis
1838 1620 2116 1668 nationibus
2145 1621 2453 1685 Jerosolymis
2482 1622 2530 1668 in
2559 1637 2674 1687 prae·

548 1706 670 1753 senti
691 1704 941 1752 festivitate
964 1713 1357 1767 congregaverat3
1383 1703 1518 1768 quod
1540 1719 1790 1768 nunquam
1811 1703 1861 1749 in
1885 1702 1976 1750 alia
1997 1702 2250 1749 festivitate
2271 1701 2472 1765 legimus
2494 1701 2673 1749 factum

549 1798 670 1834 esse:
693 1790 759 1833 Ex
783 1803 880 1850 quo
904 1785 1048 1832 etiam
1070 1784 1242 1849 liquet,
1263 1795 1499 1849 quantum
1518 1784 1580 1832 ad
1595 1795 1880 1850 praesentem
1902 1784 2162 1848 gratiarum
2185 1783 2486 1830 festivitatem
2507 1782 2674 1848 populi

549 1869 763 1933 undique
785 1866 1045 1914 convenire
1068 1866 1299 1926 debeant,
1320 1867 1402 1931 qui
1424 1867 1647 1932 spiritalis
1670 1867 1829 1931 gratiae
1851 1866 1985 1913 dona·
1999 1864 2290 1912 desiderant.
2310 1867 2419 1911 Haec
2437 1882 2534 1912 una
2556 1865 2677 1912 festi-

550 1951 668 1996 vitas
693 1949 871 2013 ubique
893 1958 1130 1994 terrarum
1152 1946 1414 1994 Ecclesiam
1436 1946 1651 1995 dilatavit
1666 1985 1677 2007 ,
1704 1957 1751 1994 et
1778 1964 1890 1993 cum
1918 1947 2021 2012 ipsa
2048 1946 2226 2011 pariter
2248 1944 2435 1992 divinas
2457 1945 2677 1992 solemni-

551 2041 670 2077 tates
692 2046 778 2094 per
798 2029 1077 2075 universum
1098 2027 1337 2074 mundum
1358 2028 1592 2093 plantavit
1621 2027 1957 2087 celebrandas,
1984 2037 2031 2075 et
2060 2027 2280 2074 omnium
2305 2026 2577 2090 linguarum
2605 2043 2678 2089 ge-

554 2108 746 2156 neribus
772 2107 937 2154 laudes
964 2107 1052 2153 Dei
1081 2107 1324 2171 dispersit3
1349 2117 1403 2154 ut
1430 2107 1545 2153 hinc
1573 2117 1802 2171 appareat
1829 2118 2065 2171 quantum
2091 2107 2205 2152 huic
2233 2106 2472 2153 festivitati
2500 2117 2678 2153 caeterae

554 2206 723 2236 omnes
744 2188 839 2235 sint
861 2187 1103 2245 obnoxiae,
1129 2203 1215 2250 per
1235 2186 1362 2233 hanc
1384 2186 1606 2233 videlicet
1634 2186 1812 2250 ubique
1840 2197 2078 2233 terrarum
2106 2185 2438 2232 disseminatae.
2466 2185 2605 2232 Unde
2632 2197 2679 2234 et

555 2271 615 2318 ad
636 2269 778 2333 hujus
800 2268 895 2315 diei
912 2267 1153 2333 praeconia
1171 2283 1321 2330 quum
1339 2266 1630 2331 promissum
1643 2267 1726 2325 sit,
1754 2266 2022 2313 «mirabilis
2043 2269 2170 2313 Deus
2193 2266 2240 2312 in
2257 2266 2432 2313 sanctis
2453 2266 2572 2326 suis,
2590 2286 2613 2310 »
2633 2277 2680 2314 et

555 2364 605 2399 ut
634 2351 818 2398 dictum
847 2359 940 2407 est,
972 2346 1338 2412 quodammodo
1368 2347 1419 2393 in
1449 2328 1808 2394 eisfmirabilior
1838 2364 1984 2412 quam
2012 2348 2061 2394 in
2090 2347 2374 2411 semetipse,
2405 2348 2566 2394 statim
2602 2364 2682 2394 an-

556 2431 740 2489 nexuit,
766 2428 896 2476 unde
918 2444 1048 2474 nunc
1077 2427 1283 2474 maxime
1311 2426 1542 2473 mirabilis
1571 2427 1793 2492 apparuit
1819 2446 1829 2473 :
1860 2430 2040 2491 «Ipse,
2068 2446 2091 2471 »
2118 2428 2297 2491 inquit,
2327 2447 2350 2472 «
2374 2427 2509 2474 dabit
2534 2428 2682 2474 virtu-

554 2523 652 2559 tem
668 2522 716 2558 et
731 2509 1063 2559 fortitudinem
1075 2508 1205 2573 plebi
1222 2524 1333 2554 suae.
1355 2527 1378 2551 »
1401 2507 1595 2556 Plebem
1612 2508 1790 2573 quippe
1812 2524 1949 2555 suam
1966 2507 2226 2573 discipulos
2242 2508 2357 2556 dicit
2369 2546 2380 2568 ,
2397 2508 2678 2567 illitteratos,

554 2593 821 2640 rusticanos
834 2629 844 2649 ,
865 2590 925 2637 de
947 2589 1117 2636 humili
1139 2588 1280 2654 plebe
1303 2598 1597 2654 assumptos,
1619 2605 1705 2653 per
1726 2605 1849 2653 quos
1871 2588 2088 2636 mirabile
2108 2599 2178 2636 est
2197 2599 2330 2637 tanta
2347 2606 2457 2636 eum
2474 2589 2678 2654 operari.

556 2677 627 2721 De
649 2672 823 2738 quibus
845 2688 969 2718 unus
991 2687 1161 2718 eorum
1183 2669 1443 2717 Corinthiis
1465 2669 1679 2717 scribens
1694 2707 1705 2729 ,
1731 2680 1778 2716 et
1799 2669 2068 2734 reprobatis
2095 2670 2390 2735 sapientibus
2411 2680 2458 2717 et
2478 2670 2686 2734 potenti-

480 2788 482 2790 -
557 2755 646 2801 hus
669 2753 850 2812 saeculi,
874 2752 991 2800 tales
1022 2750 1194 2799 idiotas
1225 2761 1274 2798 et
1302 2751 1591 2816 impotentes
1626 2750 1733 2815 eligi
1761 2751 2096 2810 considerans,
2123 2752 2216 2799 ait²
2242 2770 2252 2798 τ
2282 2771 2306 2796 «
2328 2754 2434 2798 Non
2458 2752 2585 2798 misit
2606 2768 2683 2798 me

559 2835 773 2882 Christus
795 2833 1061 2899 baptizare,
1088 2831 1171 2879 sed
1195 2831 1536 2895 evangelizare.
1565 2834 1671 2878 Non
1695 2832 1745 2878 in
1768 2832 2000 2897 sapientia
2028 2832 2187 2891 verbi,
2219 2842 2272 2879 ut
2301 2848 2401 2879 non
2430 2841 2685 2879 evacuetur

560 2933 674 2962 crux.
696 2915 888 2962 Christi.
913 2912 1129 2960 Verbum
1156 2912 1286 2958 enim
1314 2912 1467 2959 crucis
1496 2912 1808 2976 pereuntibus
1842 2912 2040 2977 quidem
2071 2912 2267 2960 stultitia
2297 2922 2391 2971 est,
2417 2911 2491 2958 his
2525 2921 2685 2958 autem

560 2998 641 3060 qui
664 2997 781 3044 salvi
804 2995 950 3052 fiunt,
975 2992 1026 3040 id
1048 3003 1119 3040 est
1140 2992 1306 3051 nobis,
1330 2993 1481 3040 virtus
1502 2993 1590 3039 Dei
1613 3004 1699 3041 est.
1727 2994 1967 3060 Scriptum
1996 3005 2067 3041 est
2094 2995 2224 3041 enim
2243 3013 2253 3041 ε
2280 2992 2484 3040 Perdam
2505 2993 2688 3056 sapien-

560 3079 677 3123 tiam
698 3076 1008 3142 sapientium,
1028 3084 1076 3121 et
1091 3073 1397 3139 prudentiam
1418 3073 1730 3138 prudentium
1749 3074 2042 3140 reprobabo.
2065 3074 2157 3122 Ubi
2179 3075 2390 3140 sapiens,
2411 3073 2495 3120 ubi
2511 3072 2682 3131 scriba,

563 3156 645 3201 ubi
668 3156 920 3219 inquisitor
941 3155 1084 3218 hujus
1106 3153 1290 3201 saeculi?
1313 3156 1483 3200 Nonne
1506 3154 1701 3201 stultam
1729 3154 1840 3201 fecit
1867 3157 1995 3202 Deus
2023 3155 2306 3220 sapientiam
2326 3153 2468 3216 hujus
2491 3151 2687 3204 mundi?

564 3237 684 3280 Nam
705 3235 816 3298 quia
839 3236 887 3281 in
910 3236 999 3281 Dei
1020 3234 1254 3299 sapientia
1275 3251 1374 3281 non
1399 3234 1627 3297 cognovit
1656 3234 1867 3281 mundus
1888 3252 1973 3300 per
1996 3235 2277 3299 sapientiam
2304 3235 2482 3291 Deum,
2510 3231 2689 3297 placuit

565 3316 666 3359 Deo
700 3313 1054 3376 perbstultitiam
1075 3313 1426 3378 praedicationis
1449 3312 1605 3362 salvos
1636 3313 1789 3361 facere
1818 3314 2083 3361 credentes.
2111 3313 2354 3371 Quoniam
2380 3311 2528 3358 Judaei
2556 3311 2688 3374 signa

611 3494 618 3509 ¹
647 3494 755 3531 Joan..
776 3503 849 3539 cap.
869 3504 932 3532 ιιν,
952 3504 981 3525 v.
1004 3495 1054 3525 12.
1073 3512 1111 3516 —-
1129 3494 1141 3510 ²
1159 3495 1300 3527 Corinth.
1321 3496 1354 3533 Ι,
1370 3506 1442 3538 cap.
1461 3507 1490 3534 ι,
1508 3506 1537 3526 v.
1562 3496 1613 3526 17.
