2970 4152
848 439 967 490 CUM
1003 444 1172 491 remi
1207 440 1518 491 ABAELARm
1551 432 1982 493 SOLUTloNlBUs.
2377 442 2471 491 275

364 538 530 602 pleatis
544 574 556 598 ,
579 539 667 586 nisi
686 540 880 605 insuper
898 539 1078 604 aliquid
1102 538 1258 603 gratiae
1284 537 1455 585 debitis
1482 538 1771 603 adjungatis,
1794 540 1914 586 sicut
1929 538 1996 585 illi
2014 539 2189 586 faciunt
2206 574 2218 597 ,
2240 539 2323 602 qui
2340 539 2473 600 virgi-

363 619 497 665 nitati
523 619 599 666 vel
622 622 923 668 continentiae
954 620 1170 678 student,
1201 619 1363 666 virtuti
1389 617 1692 684 nequaquam
1717 619 1805 667 sub
1829 630 2066 685 praecepto
2099 620 2470 685 comprehensae.

363 699 580 762 Denique
611 716 701 747 nec
724 699 1063 748 illabenefieia
1093 699 1344 764 gentilibus
1385 700 1590 764 praestita
1627 709 1725 746 tam
1759 701 1928 747 missus
1965 701 2117 747 facere
2141 701 2291 759 venit,
2332 716 2476 764 quam

364 778 614 839 invitatus,
638 790 682 827 et
707 782 841 845 quasi
856 780 1077 845 precibus
1103 779 1163 827 ad
1196 778 1297 826 haec
1320 779 1504 844 agenda
1537 789 1726 827 tractus.
1762 780 1905 837 Quod
1924 796 2038 827 vero
2065 781 2154 827 illis
2185 780 2477 845 praedicatio-

367 873 478 905 nem
497 858 752 919 subtraxit,
773 875 895 923 quos
911 858 971 906 ad
988 859 1316 924 poenitentiam
1330 859 1397 905 sic
1414 859 1554 906 fuisse
1569 859 1919 907 convertendos
1934 870 2145 920 testatur,
2176 877 2478 926 nequaquam

368 939 583 1002 cogimur
612 955 699 1003 per
728 938 823 985 hoc
859 939 993 986 fateri
1022 955 1105 986 eos
1135 940 1181 984 in
1225 939 1315 986 hac
1347 939 1624 1003 poenitentia
1655 950 2038 1003 perseveraturos
2078 950 2131 987 ut
2168 941 2473 989 salvarentur.

368 1016 502 1064 Multi
524 1018 702 1082 quippe
719 1017 846 1065 leves
866 1026 977 1064 sunt
1003 1017 1245 1077 homines,
1266 1019 1349 1082 qui
1372 1018 1433 1065 ad
1448 1019 1736 1083 poenitentiae
1752 1021 2173 1084 compunctionem
2198 1021 2332 1067 facile
2356 1038 2481 1068 com-

367 1107 636 1156 moventur,
656 1107 703 1144 et
727 1097 895 1144 eadem
914 1097 1155 1165 facilitate,
1182 1098 1318 1162 quasi
1347 1098 1409 1144 ad
1429 1099 1663 1145 vomitum
1690 1109 2004 1159 revertentes,
2032 1101 2080 1146 in
2102 1100 2224 1147 mala
2239 1136 2251 1159 ,
2280 1118 2384 1164 quae
2403 1103 2482 1148 sse-

366 1186 558 1236 verant,
586 1176 892 1237 relabuntur:
918 1187 965 1224 et
982 1194 1132 1242 quum
1156 1178 1373 1225 auditum
1402 1178 1600 1226 verbum
1631 1179 1978 1244 praedicationis
1995 1181 2132 1228 avide
2162 1183 2478 1246 susceperint,

369 1255 639 1304 firmitatem
665 1272 762 1303 non
796 1257 976 1304 habent
995 1257 1193 1317 radiciS,
1229 1268 1279 1305 ut
1309 1259 1358 1305 in
1385 1275 1443 1306 eo
1473 1269 1799 1323 perseverent,
1835 1261 1967 1324 quod
1997 1262 2242 1326 coeperint.
2272 1263 2415 1320 Quod
2447 1265 2481 1309 si

368 1337 510 1383 etiam
537 1352 774 1401 ponamus
803 1337 907 1384 illos
939 1337 1001 1384 ad
1027 1338 1411 1403 praedicationem
1452 1340 1646 1386 Domini
1683 1339 1823 1387 fuisse
1852 1342 2202 1389 convertendos
2233 1352 2374 1407 atque
2398 1342 2485 1389 sal·

369 1416 583 1477 vandos,
612 1417 784 1482 quibus
823 1428 983 1465 tamen
1021 1418 1369 1483 praedicationis
1403 1420 1600 1483 gratiam
1625 1419 1854 1468 subtraxit
1879 1440 1889 1467 :
1916 1439 2062 1487 penes
2084 1423 2242 1487 ipsum
2275 1433 2372 1482 est,
2402 1440 2486 1470 cur

369 1495 464 1544 hoc
488 1496 641 1544 facere
660 1514 760 1545 non
786 1498 1070 1558 decreverit,
1093 1499 1177 1564 qui
1201 1498 1318 1546 nihil
1348 1501 1448 1547 sine
1479 1501 1663 1548 ratione
1689 1500 1826 1561 facit3
1853 1502 1974 1549 sicut
2004 1502 2064 1549 de
2097 1504 2240 1560 Esau,
2273 1505 2349 1550 cui
2383 1503 2488 1550 sub-

369 1585 515 1623 tracta
535 1586 605 1624 est
622 1578 768 1641 gratia
782 1613 794 1636 ‚
817 1579 1128 1643 quaestionem
1152 1579 1403 1644 Apostolus
1426 1581 1598 1640 movit,
1623 1591 1668 1628 et
1687 1598 1793 1629 eam
1811 1582 2122 1630 indiscussam
2147 1583 2350 1648 reliquit.

1095 1721 1338 1752 PROBLEMA
1370 1721 1592 1753 HELOISSAE
1628 1724 1756 1753 xxvt.

435 1813 756 1871 Quaerendum
776 1814 918 1860 etiam
938 1814 1141 1873 videtur,
1170 1830 1269 1878 quo
1297 1816 1543 1879 mysterio,
1578 1816 1651 1864 vel
1675 1832 1770 1881 qua
1803 1818 1986 1864 ratione
2020 1818 2254 1864 Dominus
2283 1819 2328 1864 in
2359 1817 2490 1865 ficul-

372 1907 463 1940 nea
480 1909 695 1957 quaerens
715 1893 918 1940 fructum
934 1929 946 1953 ,
974 1904 1019 1941 et
1039 1910 1137 1941 non
1163 1895 1437 1954 inveniens,
1466 1896 1691 1960 quand0‚
1715 1906 1767 1943 ut
1782 1899 1967 1944 Marcus
1992 1898 2075 1944 ait¹
2097 1934 2108 1956 ,
2130 1913 2229 1944 non
2254 1908 2354 1945 erat
2370 1909 2488 1945 tem-

370 1989 461 2037 pus
475 1971 676 2020 ficorum
690 2009 702 2033 ,
739 1990 843 2021 eam
862 1984 1021 2022 tamen
1046 1991 1128 2022 sua
1149 1975 1482 2024 maledictione
1497 1993 1771 2041 percussam
1793 1979 2024 2025 continuo
2044 1978 2197 2026 effecit
2215 1979 2419 2036 aridam,
2441 1990 2492 2026 ut

372 2052 597 2119 deinceps
616 2054 818 2102 arefacta
836 2065 1161 2120 permaneret,
1190 2067 1418 2122 tanquam
1441 2073 1498 2104 ex
1524 2057 1664 2122 culpa
1692 2074 1978 2123 quacunque
2009 2058 2214 2118 arboriS,
2244 2059 2368 2107 hanc
2394 2076 2489 2106 ma-

246 2198 256 2207 ·
324 2127 329 2131 ’
370 2133 675 2182 ledictionem
699 2136 748 2182 in
775 2152 881 2183 eam
901 2137 1177 2184 intorsisset.

1191 2226 1375 2311 lS'olutc’o
1398 2263 1657 2313 Abaelardi.

440 2371 610 2432 Arbor,
639 2374 741 2420 sine
761 2373 914 2421 fructu
934 2383 1119 2438 reperta
1134 2409 1146 2432 ,
1181 2373 1340 2421 Judaea
1365 2385 1434 2422 est
1458 2392 1547 2440 pro
1576 2391 1660 2422 sua
1686 2378 1895 2441 nequitia
1921 2387 2033 2424 tunc
2058 2394 2083 2424 a
2106 2379 2313 2424 Domino
2333 2393 2492 2442 repro·

374 2451 505 2511 bata,
534 2452 721 2499 utboni
745 2454 903 2518 operis
923 2454 1076 2501 fructu
1102 2455 1276 2519 privari
1307 2465 1583 2515 mereretur,
1620 2473 1920 2521 nequaquam
1948 2474 2293 2521 recognoscens
2317 2474 2410 2504 suae
2427 2458 2492 2502 vi-

373 2533 604 2580 sitationis
637 2543 841 2599 tempus,
875 2533 1026 2599 Culpa
1054 2544 1211 2582 autem
1241 2536 1341 2598 ejus
1364 2537 1560 2595 accidit,
1592 2537 1724 2600 quod
1763 2547 1877 2584 tunc
1907 2548 2095 2603 tempus
2127 2539 2363 2585 fructuum
2392 2537 2491 2600 ejus

376 2630 475 2662 non
489 2613 626 2662 fuerit
641 2632 650 2661 ε
668 2614 864 2680 quando
879 2614 1097 2662 videlicet
1115 2614 1367 2664 dominicae
1385 2616 1732 2681 praedicationis
1749 2618 1945 2682 gratiam
1964 2618 2054 2665 sibi
2073 2617 2281 2665 oblatam
2301 2616 2486 2682 repulit.

1093 2757 1334 2787 PROBLEMA
1368 2757 1590 2789 HELOISSAE
1609 2754 1618 2760 ”
1628 2760 1752 2789 XXVI}
1764 2779 1772 2788 .

441 2846 570 2905 Quid
590 2850 698 2907 est’,
726 2868 748 2893 «
769 2849 921 2896 oratio
946 2849 1047 2913 ejus
1070 2849 1151 2896 fiat
1170 2850 1217 2896 in
1237 2850 1519 2915 peccatum?
1539 2870 1560 2893 n

1194 2974 1229 3018 S
1229 2972 1372 3018 olatio
1405 2971 1663 3020 Aboelardi.

442 3088 510 3132 lta
534 3085 582 3132 in
613 3085 873 3151 reprobum
898 3103 1089 3134 sensum
1114 3087 1354 3147 tradatur,
1391 3099 1442 3136 ut
1474 3089 1623 3153 magis
1651 3088 1790 3153 eligat
1822 3105 1959 3136 orare
1982 3089 2176 3148 nociva,
2206 3106 2350 3153 quam
2383 3106 2494 3154 pro·

377 3164 557 3222 futura,
581 3174 628 3212 et
650 3164 867 3213 obtinere
901 3165 1121 3232 precibus
1147 3183 1225 3226 ea,
1254 3183 1358 3232 quae
1381 3167 1444 3215 ad
1468 3178 1716 3234 peccatum
1752 3168 1898 3232 magis
1927 3168 2229 3233 pertrahant,
2259 3185 2405 3233 quam
2432 3169 2494 3216 ad

379 3243 578 3292 salutem
595 3245 875 3311 perducant.

425 3405 435 3421 ⁰
462 3405 577 3446 Mare„
595 3416 669 3449 cap.
687 3418 739 3448 xi,
754 3418 784 3440 v.
807 3409 860 3441 13.
875 3425 911 3430 —
935 3408 947 3423 ²¹
968 3407 1085 3440 Psalm.
1103 3417 1197 3448 cvm,
1211 3419 1243 3441 v.
1262 3410 1294 3440 7.
