<?xml version="1.0" encoding="UTF-8"?>
<!DOCTYPE html PUBLIC "-//W3C//DTD XHTML 1.0 Transitional//EN"
    "http://www.w3.org/TR/xhtml1/DTD/xhtml1-transitional.dtd">
<html xmlns="http://www.w3.org/1999/xhtml" xml:lang="en" lang="en">
 <head>
  <title>
</title>
<meta http-equiv="Content-Type" content="text/html;charset=utf-8" />
  <meta name='ocr-system' content='tesseract 3.04.00' />
  <meta name='ocr-capabilities' content='ocr_page ocr_carea ocr_par ocr_line ocrx_word'/>
</head>
<body>
  <div class='ocr_page' id='page_1' title='image "./operahactenusseo01abeluoft_0282.png"; bbox 0 0 2970 4152; ppageno 0'>
   <div class='ocr_carea' id='block_1_1' title="bbox 488 426 1937 485">
    <p class='ocr_par' dir='ltr' id='par_1_1' title="bbox 488 426 1937 485">
     <span class='ocr_line' id='line_1_1' title="bbox 488 426 1937 485; baseline -0.003 0"><span class='ocrx_word' id='word_1_1' title='bbox 488 436 582 485; x_wconf 81' lang='lat'>268</span> <span class='ocrx_word' id='word_1_2' title='bbox 1178 426 1484 481; x_wconf 62' lang='lat' dir='ltr'>HEssolssAE</span> <span class='ocrx_word' id='word_1_3' title='bbox 1512 432 1902 481; x_wconf 85' lang='lat' dir='ltr'><strong>PROBLEMATA</strong></span> <span class='ocrx_word' id='word_1_4' title='bbox 1936 439 1937 442; x_wconf 77' lang='grc'>’</span> 
     </span>
    </p>
   </div>
   <div class='ocr_carea' id='block_1_2' title="bbox 1230 575 1767 660">
    <p class='ocr_par' dir='ltr' id='par_1_2' title="bbox 1230 575 1767 660">
     <span class='ocr_line' id='line_1_2' title="bbox 1230 575 1767 660; baseline 0 -38"><span class='ocrx_word' id='word_1_5' title='bbox 1230 620 1234 640; x_wconf 42' lang='lat'>3</span> <span class='ocrx_word' id='word_1_6' title='bbox 1299 575 1478 642; x_wconf 62' lang='lat' dir='ltr'>Solutq&#39;o</span> <span class='ocrx_word' id='word_1_7' title='bbox 1511 575 1767 660; x_wconf 43' lang='lat' dir='ltr'>Auaelqrdc‘.</span> 
     </span>
    </p>
   </div>
   <div class='ocr_carea' id='block_1_3' title="bbox 472 680 2598 3396">
    <p class='ocr_par' dir='ltr' id='par_1_3' title="bbox 472 680 2598 3396">
     <span class='ocr_line' id='line_1_3' title="bbox 552 680 2598 754; baseline 0 -18"><span class='ocrx_word' id='word_1_8' title='bbox 552 688 836 754; x_wconf 88' lang='lat' dir='ltr'>Replicanda</span> <span class='ocrx_word' id='word_1_9' title='bbox 858 698 968 735; x_wconf 88' lang='lat' dir='ltr'>sunt</span> <span class='ocrx_word' id='word_1_10' title='bbox 988 723 1000 747; x_wconf 92' lang='lat'>,</span> <span class='ocrx_word' id='word_1_11' title='bbox 1030 703 1134 752; x_wconf 83' lang='lat' dir='ltr'>quae</span> <span class='ocrx_word' id='word_1_12' title='bbox 1159 688 1209 733; x_wconf 88' lang='lat' dir='ltr'>in</span> <span class='ocrx_word' id='word_1_13' title='bbox 1233 680 1451 752; x_wconf 83' lang='lat' dir='ltr'>proximo</span> <span class='ocrx_word' id='word_1_14' title='bbox 1479 687 1878 752; x_wconf 67' lang='lat' dir='ltr'>sunt&#39;praemissa&#39;,</span> <span class='ocrx_word' id='word_1_15' title='bbox 1908 696 1958 732; x_wconf 88' lang='lat' dir='ltr'>ut</span> <span class='ocrx_word' id='word_1_16' title='bbox 1984 702 2040 733; x_wconf 83' lang='lat' dir='ltr'>ex</span> <span class='ocrx_word' id='word_1_17' title='bbox 2071 685 2186 745; x_wconf 89' lang='lat' dir='ltr'>illis,</span> <span class='ocrx_word' id='word_1_18' title='bbox 2214 696 2260 733; x_wconf 90' lang='lat' dir='ltr'>et</span> <span class='ocrx_word' id='word_1_19' title='bbox 2281 686 2342 734; x_wconf 92' lang='lat' dir='ltr'>de</span> <span class='ocrx_word' id='word_1_20' title='bbox 2366 686 2598 736; x_wconf 69' lang='lat' dir='ltr'>hoc‘faci-</span> 
     </span>
     <span class='ocr_line' id='line_1_4' title="bbox 484 767 2596 833; baseline 0 -18"><span class='ocrx_word' id='word_1_21' title='bbox 484 770 572 815; x_wconf 88' lang='lat' dir='ltr'>lius</span> <span class='ocrx_word' id='word_1_22' title='bbox 597 768 880 832; x_wconf 87' lang='lat' dir='ltr'>judicemus.</span> <span class='ocrx_word' id='word_1_23' title='bbox 914 789 936 812; x_wconf 88' lang='lat'>«</span> <span class='ocrx_word' id='word_1_24' title='bbox 957 770 1077 814; x_wconf 90' lang='lat' dir='ltr'>Dico</span> <span class='ocrx_word' id='word_1_25' title='bbox 1093 803 1105 827; x_wconf 94' lang='lat'>,</span> <span class='ocrx_word' id='word_1_26' title='bbox 1132 786 1156 812; x_wconf 88' lang='lat'>»</span> <span class='ocrx_word' id='word_1_27' title='bbox 1185 767 1394 831; x_wconf 74' lang='lat' dir='ltr'>inquit&#39;,</span> <span class='ocrx_word' id='word_1_28' title='bbox 1424 787 1446 812; x_wconf 87' lang='lat'><strong><em>«</em></strong></span> <span class='ocrx_word' id='word_1_29' title='bbox 1467 767 1630 826; x_wconf 88' lang='lat' dir='ltr'>vohis,</span> <span class='ocrx_word' id='word_1_30' title='bbox 1655 783 1753 814; x_wconf 88' lang='lat' dir='ltr'>non</span> <span class='ocrx_word' id='word_1_31' title='bbox 1773 767 1932 830; x_wconf 87' lang='lat' dir='ltr'>jurare</span> <span class='ocrx_word' id='word_1_32' title='bbox 1952 767 2152 813; x_wconf 90' lang='lat' dir='ltr'>omnino</span> <span class='ocrx_word' id='word_1_33' title='bbox 2177 786 2188 813; x_wconf 72' lang='grc' dir='ltr'><strong>ε</strong></span> <span class='ocrx_word' id='word_1_34' title='bbox 2217 783 2376 832; x_wconf 86' lang='lat' dir='ltr'>neque</span> <span class='ocrx_word' id='word_1_35' title='bbox 2398 785 2484 833; x_wconf 89' lang='lat' dir='ltr'>per</span> <span class='ocrx_word' id='word_1_36' title='bbox 2504 780 2596 816; x_wconf 81' lang='lat' dir='ltr'>eoe—</span> 
     </span>
     <span class='ocr_line' id='line_1_5' title="bbox 483 846 2592 913; baseline 0 -18"><span class='ocrx_word' id='word_1_37' title='bbox 483 849 605 908; x_wconf 92' lang='lat' dir='ltr'>lum,</span> <span class='ocrx_word' id='word_1_38' title='bbox 634 850 743 913; x_wconf 89' lang='lat' dir='ltr'>quia</span> <span class='ocrx_word' id='word_1_39' title='bbox 769 848 971 898; x_wconf 85' lang='lat' dir='ltr'>thronus</span> <span class='ocrx_word' id='word_1_40' title='bbox 997 848 1084 894; x_wconf 91' lang='lat' dir='ltr'>Dei</span> <span class='ocrx_word' id='word_1_41' title='bbox 1108 858 1178 894; x_wconf 80' lang='lat' dir='ltr'>est</span> <span class='ocrx_word' id='word_1_42' title='bbox 1201 866 1210 893; x_wconf 93' lang='lat'>:</span> <span class='ocrx_word' id='word_1_43' title='bbox 1239 864 1396 912; x_wconf 90' lang='lat' dir='ltr'>neque</span> <span class='ocrx_word' id='word_1_44' title='bbox 1418 864 1503 912; x_wconf 90' lang='lat' dir='ltr'>per</span> <span class='ocrx_word' id='word_1_45' title='bbox 1528 857 1727 906; x_wconf 84' lang='lat' dir='ltr'>terram,</span> <span class='ocrx_word' id='word_1_46' title='bbox 1759 848 1868 910; x_wconf 87' lang='lat' dir='ltr'>quia</span> <span class='ocrx_word' id='word_1_47' title='bbox 1891 846 2150 894; x_wconf 84' lang='lat' dir='ltr'><strong>scabellum</strong></span> <span class='ocrx_word' id='word_1_48' title='bbox 2169 856 2240 894; x_wconf 91' lang='lat' dir='ltr'>est</span> <span class='ocrx_word' id='word_1_49' title='bbox 2255 847 2434 911; x_wconf 88' lang='lat' dir='ltr'>pedum</span> <span class='ocrx_word' id='word_1_50' title='bbox 2459 849 2592 911; x_wconf 86' lang='lat' dir='ltr'>ejus:</span> 
     </span>
     <span class='ocr_line' id='line_1_6' title="bbox 482 927 2594 995; baseline -0 -19"><span class='ocrx_word' id='word_1_51' title='bbox 482 946 637 994; x_wconf 90' lang='lat' dir='ltr'>neque</span> <span class='ocrx_word' id='word_1_52' title='bbox 661 945 747 995; x_wconf 93' lang='lat' dir='ltr'>per</span> <span class='ocrx_word' id='word_1_53' title='bbox 770 928 1173 991; x_wconf 83' lang='lat' dir='ltr'>Hierosolymam,</span> <span class='ocrx_word' id='word_1_54' title='bbox 1201 928 1313 992; x_wconf 83' lang='lat' dir='ltr'>quia</span> <span class='ocrx_word' id='word_1_55' title='bbox 1335 928 1499 974; x_wconf 87' lang='lat' dir='ltr'>civitas</span> <span class='ocrx_word' id='word_1_56' title='bbox 1525 927 1683 991; x_wconf 85' lang='lat' dir='ltr'>magni</span> <span class='ocrx_word' id='word_1_57' title='bbox 1712 927 1833 990; x_wconf 88' lang='lat' dir='ltr'>regis</span> <span class='ocrx_word' id='word_1_58' title='bbox 1859 936 1951 987; x_wconf 85' lang='lat' dir='ltr'>est3</span> <span class='ocrx_word' id='word_1_59' title='bbox 1986 943 2142 991; x_wconf 89' lang='lat' dir='ltr'>neque</span> <span class='ocrx_word' id='word_1_60' title='bbox 2161 943 2248 992; x_wconf 89' lang='lat' dir='ltr'>per</span> <span class='ocrx_word' id='word_1_61' title='bbox 2266 937 2408 992; x_wconf 89' lang='lat' dir='ltr'>caput</span> <span class='ocrx_word' id='word_1_62' title='bbox 2427 938 2563 975; x_wconf 88' lang='lat' dir='ltr'>tuum</span> <span class='ocrx_word' id='word_1_63' title='bbox 2579 964 2594 987; x_wconf 89' lang='lat'>,</span> 
     </span>
     <span class='ocr_line' id='line_1_7' title="bbox 481 1007 2594 1073; baseline 0 -17"><span class='ocrx_word' id='word_1_64' title='bbox 481 1011 591 1073; x_wconf 86' lang='lat' dir='ltr'>quia</span> <span class='ocrx_word' id='word_1_65' title='bbox 614 1026 711 1056; x_wconf 89' lang='lat' dir='ltr'>non</span> <span class='ocrx_word' id='word_1_66' title='bbox 736 1018 872 1073; x_wconf 88' lang='lat' dir='ltr'>potes</span> <span class='ocrx_word' id='word_1_67' title='bbox 894 1025 1045 1055; x_wconf 90' lang='lat' dir='ltr'>unum</span> <span class='ocrx_word' id='word_1_68' title='bbox 1065 1008 1290 1073; x_wconf 82' lang='lat' dir='ltr'>capillum</span> <span class='ocrx_word' id='word_1_69' title='bbox 1316 1007 1478 1055; x_wconf 84' lang='lat' dir='ltr'>album</span> <span class='ocrx_word' id='word_1_70' title='bbox 1502 1007 1655 1054; x_wconf 84' lang='lat' dir='ltr'>facere</span> <span class='ocrx_word' id='word_1_71' title='bbox 1674 1017 1755 1054; x_wconf 90' lang='lat' dir='ltr'>aut</span> <span class='ocrx_word' id='word_1_72' title='bbox 1779 1008 1984 1071; x_wconf 89' lang='lat' dir='ltr'>nigrum.</span> <span class='ocrx_word' id='word_1_73' title='bbox 2007 1026 2030 1051; x_wconf 91' lang='lat'>»</span> <span class='ocrx_word' id='word_1_74' title='bbox 2053 1010 2272 1064; x_wconf 89' lang='lat' dir='ltr'>Quatuor</span> <span class='ocrx_word' id='word_1_75' title='bbox 2288 1007 2447 1073; x_wconf 84' lang='lat' dir='ltr'>itaque</span> <span class='ocrx_word' id='word_1_76' title='bbox 2465 1018 2594 1069; x_wconf 83' lang='lat' dir='ltr'>sunt,</span> 
     </span>
     <span class='ocr_line' id='line_1_8' title="bbox 483 1088 2596 1154; baseline 0 -17"><span class='ocrx_word' id='word_1_77' title='bbox 483 1091 654 1137; x_wconf 84' lang='lat' dir='ltr'>coelum</span> <span class='ocrx_word' id='word_1_78' title='bbox 682 1090 880 1150; x_wconf 87' lang='lat' dir='ltr'>scilicet,</span> <span class='ocrx_word' id='word_1_79' title='bbox 917 1100 1065 1149; x_wconf 89' lang='lat' dir='ltr'>terra,</span> <span class='ocrx_word' id='word_1_80' title='bbox 1106 1089 1460 1152; x_wconf 89' lang='lat' dir='ltr'>Hierosolyma,</span> <span class='ocrx_word' id='word_1_81' title='bbox 1488 1098 1631 1154; x_wconf 90' lang='lat' dir='ltr'>caput</span> <span class='ocrx_word' id='word_1_82' title='bbox 1657 1097 1908 1148; x_wconf 85' lang='lat' dir='ltr'>nostrum,</span> <span class='ocrx_word' id='word_1_83' title='bbox 1936 1104 2022 1153; x_wconf 88' lang='lat' dir='ltr'>per</span> <span class='ocrx_word' id='word_1_84' title='bbox 2058 1104 2163 1151; x_wconf 84' lang='lat' dir='ltr'>quae</span> <span class='ocrx_word' id='word_1_85' title='bbox 2180 1088 2340 1151; x_wconf 84' lang='lat' dir='ltr'>jurare</span> <span class='ocrx_word' id='word_1_86' title='bbox 2371 1088 2596 1154; x_wconf 88' lang='lat' dir='ltr'>prohibe—</span> 
     </span>
     <span class='ocr_line' id='line_1_9' title="bbox 483 1168 2592 1234; baseline 0 -17"><span class='ocrx_word' id='word_1_87' title='bbox 483 1187 591 1217; x_wconf 86' lang='lat' dir='ltr'>mur</span> <span class='ocrx_word' id='word_1_88' title='bbox 614 1189 627 1216; x_wconf 81' lang='lat'>:</span> <span class='ocrx_word' id='word_1_89' title='bbox 652 1171 764 1234; x_wconf 90' lang='lat' dir='ltr'>quia</span> <span class='ocrx_word' id='word_1_90' title='bbox 785 1169 886 1217; x_wconf 87' lang='lat' dir='ltr'>haec</span> <span class='ocrx_word' id='word_1_91' title='bbox 913 1170 1191 1217; x_wconf 85' lang='lat' dir='ltr'>maximein</span> <span class='ocrx_word' id='word_1_92' title='bbox 1210 1169 1484 1231; x_wconf 85' lang='lat' dir='ltr'>juramento</span> <span class='ocrx_word' id='word_1_93' title='bbox 1511 1169 1765 1233; x_wconf 82' lang='lat' dir='ltr'>ponimus,</span> <span class='ocrx_word' id='word_1_94' title='bbox 1798 1185 1903 1232; x_wconf 87' lang='lat' dir='ltr'>quae</span> <span class='ocrx_word' id='word_1_95' title='bbox 1927 1168 2270 1215; x_wconf 77' lang='lat' dir='ltr'>venerabiliora</span> <span class='ocrx_word' id='word_1_96' title='bbox 2289 1169 2592 1230; x_wconf 76' lang='lat' dir='ltr'>aestimamus,</span> 
     </span>
     <span class='ocr_line' id='line_1_10' title="bbox 482 1239 2596 1315; baseline 0 -18"><span class='ocrx_word' id='word_1_97' title='bbox 482 1260 534 1296; x_wconf 91' lang='lat' dir='ltr'>ut</span> <span class='ocrx_word' id='word_1_98' title='bbox 565 1266 619 1297; x_wconf 91' lang='lat' dir='ltr'>ex</span> <span class='ocrx_word' id='word_1_99' title='bbox 643 1250 718 1296; x_wconf 93' lang='lat' dir='ltr'>his</span> <span class='ocrx_word' id='word_1_100' title='bbox 743 1250 944 1315; x_wconf 88' lang='lat' dir='ltr'>amplius</span> <span class='ocrx_word' id='word_1_101' title='bbox 969 1239 1108 1296; x_wconf 88' lang='lat' dir='ltr'>nobis</span> <span class='ocrx_word' id='word_1_102' title='bbox 1132 1248 1366 1296; x_wconf 87' lang='lat' dir='ltr'>credatur.</span> <span class='ocrx_word' id='word_1_103' title='bbox 1403 1251 1510 1294; x_wconf 80' lang='lat' dir='ltr'>Haec</span> <span class='ocrx_word' id='word_1_104' title='bbox 1538 1257 1697 1294; x_wconf 88' lang='lat' dir='ltr'>autem</span> <span class='ocrx_word' id='word_1_105' title='bbox 1732 1248 2039 1295; x_wconf 87' lang='lat' dir='ltr'>veneratione</span> <span class='ocrx_word' id='word_1_106' title='bbox 2068 1247 2212 1312; x_wconf 89' lang='lat' dir='ltr'>digna</span> <span class='ocrx_word' id='word_1_107' title='bbox 2234 1249 2414 1312; x_wconf 91' lang='lat' dir='ltr'>majore</span> <span class='ocrx_word' id='word_1_108' title='bbox 2433 1249 2596 1297; x_wconf 87' lang='lat' dir='ltr'>viden·</span> 
     </span>
     <span class='ocr_line' id='line_1_11' title="bbox 482 1328 2598 1394; baseline 0 -18"><span class='ocrx_word' id='word_1_109' title='bbox 482 1340 582 1389; x_wconf 90' lang='lat' dir='ltr'>tur,</span> <span class='ocrx_word' id='word_1_110' title='bbox 611 1347 716 1394; x_wconf 80' lang='lat' dir='ltr'>quae</span> <span class='ocrx_word' id='word_1_111' title='bbox 743 1330 804 1377; x_wconf 90' lang='lat' dir='ltr'>ad</span> <span class='ocrx_word' id='word_1_112' title='bbox 830 1333 985 1378; x_wconf 87' lang='lat' dir='ltr'>Deum</span> <span class='ocrx_word' id='word_1_113' title='bbox 1009 1331 1211 1377; x_wconf 86' lang='lat' dir='ltr'>maxime</span> <span class='ocrx_word' id='word_1_114' title='bbox 1235 1339 1420 1376; x_wconf 84' lang='lat' dir='ltr'>constat</span> <span class='ocrx_word' id='word_1_115' title='bbox 1441 1329 1711 1394; x_wconf 89' lang='lat' dir='ltr'>pertinere:</span> <span class='ocrx_word' id='word_1_116' title='bbox 1740 1337 1791 1375; x_wconf 86' lang='lat' dir='ltr'>ut</span> <span class='ocrx_word' id='word_1_117' title='bbox 1810 1328 2009 1387; x_wconf 88' lang='lat' dir='ltr'>coelum,</span> <span class='ocrx_word' id='word_1_118' title='bbox 2039 1328 2170 1393; x_wconf 93' lang='lat' dir='ltr'>quod</span> <span class='ocrx_word' id='word_1_119' title='bbox 2199 1328 2373 1376; x_wconf 90' lang='lat' dir='ltr'>dicitur</span> <span class='ocrx_word' id='word_1_120' title='bbox 2395 1329 2598 1377; x_wconf 85' lang='lat' dir='ltr'><strong>thronus</strong></span> 
     </span>
     <span class='ocr_line' id='line_1_12' title="bbox 481 1407 2596 1474; baseline 0 -18"><span class='ocrx_word' id='word_1_121' title='bbox 481 1411 590 1470; x_wconf 92' lang='lat' dir='ltr'>Dei,</span> <span class='ocrx_word' id='word_1_122' title='bbox 623 1410 718 1457; x_wconf 89' lang='lat' dir='ltr'>hoc</span> <span class='ocrx_word' id='word_1_123' title='bbox 742 1419 812 1457; x_wconf 86' lang='lat' dir='ltr'>est</span> <span class='ocrx_word' id='word_1_124' title='bbox 841 1411 998 1457; x_wconf 88' lang='lat' dir='ltr'>anima</span> <span class='ocrx_word' id='word_1_125' title='bbox 1029 1409 1223 1467; x_wconf 87' lang='lat' dir='ltr'>Christi,</span> <span class='ocrx_word' id='word_1_126' title='bbox 1265 1409 1341 1455; x_wconf 89' lang='lat' dir='ltr'>cui</span> <span class='ocrx_word' id='word_1_127' title='bbox 1366 1407 1630 1472; x_wconf 85' lang='lat' dir='ltr'>specialiter</span> <span class='ocrx_word' id='word_1_128' title='bbox 1657 1407 1878 1454; x_wconf 86' lang='lat' dir='ltr'>divinitas</span> <span class='ocrx_word' id='word_1_129' title='bbox 1906 1407 2080 1455; x_wconf 88' lang='lat' dir='ltr'>insidet</span> <span class='ocrx_word' id='word_1_130' title='bbox 2098 1444 2110 1467; x_wconf 92' lang='lat'>,</span> <span class='ocrx_word' id='word_1_131' title='bbox 2153 1418 2200 1455; x_wconf 90' lang='lat' dir='ltr'>et</span> <span class='ocrx_word' id='word_1_132' title='bbox 2240 1408 2287 1454; x_wconf 91' lang='lat' dir='ltr'>in</span> <span class='ocrx_word' id='word_1_133' title='bbox 2327 1423 2383 1455; x_wconf 85' lang='lat' dir='ltr'>ea</span> <span class='ocrx_word' id='word_1_134' title='bbox 2408 1409 2596 1474; x_wconf 82' lang='lat' dir='ltr'>plenius</span> 
     </span>
     <span class='ocr_line' id='line_1_13' title="bbox 481 1486 2591 1553; baseline 0 -18"><span class='ocrx_word' id='word_1_135' title='bbox 481 1506 566 1553; x_wconf 92' lang='lat' dir='ltr'>per</span> <span class='ocrx_word' id='word_1_136' title='bbox 590 1491 786 1553; x_wconf 85' lang='lat' dir='ltr'>gratiam</span> <span class='ocrx_word' id='word_1_137' title='bbox 809 1489 1055 1536; x_wconf 87' lang='lat' dir='ltr'>inhabitat.</span> <span class='ocrx_word' id='word_1_138' title='bbox 1086 1491 1248 1547; x_wconf 88' lang='lat' dir='ltr'>Terra,</span> <span class='ocrx_word' id='word_1_139' title='bbox 1267 1503 1383 1552; x_wconf 87' lang='lat' dir='ltr'>quae</span> <span class='ocrx_word' id='word_1_140' title='bbox 1408 1487 1667 1534; x_wconf 83' lang='lat' dir='ltr'>scabellum</span> <span class='ocrx_word' id='word_1_141' title='bbox 1691 1487 1781 1535; x_wconf 90' lang='lat' dir='ltr'>Dei</span> <span class='ocrx_word' id='word_1_142' title='bbox 1807 1486 2004 1547; x_wconf 89' lang='lat' dir='ltr'>dicitur,</span> <span class='ocrx_word' id='word_1_143' title='bbox 2026 1487 2298 1534; x_wconf 85' lang='lat' dir='ltr'>humanitas</span> <span class='ocrx_word' id='word_1_144' title='bbox 2316 1498 2386 1534; x_wconf 89' lang='lat' dir='ltr'>est</span> <span class='ocrx_word' id='word_1_145' title='bbox 2401 1488 2591 1548; x_wconf 87' lang='lat' dir='ltr'>Christi,</span> 
     </span>
     <span class='ocr_line' id='line_1_14' title="bbox 479 1567 2595 1634; baseline 0 -18"><span class='ocrx_word' id='word_1_146' title='bbox 479 1579 706 1634; x_wconf 88' lang='lat' dir='ltr'>tanquam</span> <span class='ocrx_word' id='word_1_147' title='bbox 725 1576 911 1617; x_wconf 86' lang='lat' dir='ltr'>terrena</span> <span class='ocrx_word' id='word_1_148' title='bbox 934 1579 981 1617; x_wconf 87' lang='lat' dir='ltr'>et</span> <span class='ocrx_word' id='word_1_149' title='bbox 994 1570 1189 1617; x_wconf 88' lang='lat' dir='ltr'>inferior</span> <span class='ocrx_word' id='word_1_150' title='bbox 1205 1569 1255 1615; x_wconf 91' lang='lat' dir='ltr'>in</span> <span class='ocrx_word' id='word_1_151' title='bbox 1273 1567 1461 1615; x_wconf 89' lang='lat' dir='ltr'>Christo</span> <span class='ocrx_word' id='word_1_152' title='bbox 1482 1578 1714 1615; x_wconf 88' lang='lat' dir='ltr'>creatura.</span> <span class='ocrx_word' id='word_1_153' title='bbox 1744 1567 2096 1631; x_wconf 88' lang='lat' dir='ltr'>Hierosolyma,</span> <span class='ocrx_word' id='word_1_154' title='bbox 2120 1568 2284 1614; x_wconf 80' lang='lat' dir='ltr'>civitas</span> <span class='ocrx_word' id='word_1_155' title='bbox 2304 1569 2409 1629; x_wconf 90' lang='lat' dir='ltr'>Dei,</span> <span class='ocrx_word' id='word_1_156' title='bbox 2433 1579 2595 1623; x_wconf 84' lang='lat' dir='ltr'>sancta</span> 
     </span>
     <span class='ocr_line' id='line_1_15' title="bbox 479 1646 2593 1715; baseline 0 -19"><span class='ocrx_word' id='word_1_157' title='bbox 479 1659 548 1696; x_wconf 89' lang='lat' dir='ltr'>est</span> <span class='ocrx_word' id='word_1_158' title='bbox 574 1650 779 1698; x_wconf 85' lang='lat' dir='ltr'>Ecclesia</span> <span class='ocrx_word' id='word_1_159' title='bbox 802 1669 811 1696; x_wconf 75' lang='grc' dir='ltr'>ε</span> <span class='ocrx_word' id='word_1_160' title='bbox 842 1650 975 1713; x_wconf 88' lang='lat' dir='ltr'>cujus</span> <span class='ocrx_word' id='word_1_161' title='bbox 1002 1660 1144 1714; x_wconf 90' lang='lat' dir='ltr'>caput</span> <span class='ocrx_word' id='word_1_162' title='bbox 1170 1649 1271 1713; x_wconf 90' lang='lat' dir='ltr'>ipse</span> <span class='ocrx_word' id='word_1_163' title='bbox 1294 1658 1362 1695; x_wconf 86' lang='lat' dir='ltr'>est</span> <span class='ocrx_word' id='word_1_164' title='bbox 1381 1647 1609 1694; x_wconf 86' lang='lat' dir='ltr'>Christus.</span> <span class='ocrx_word' id='word_1_165' title='bbox 1645 1646 1812 1712; x_wconf 87' lang='lat' dir='ltr'>Capilli</span> <span class='ocrx_word' id='word_1_166' title='bbox 1845 1646 2140 1694; x_wconf 77' lang='lat' dir='ltr'>adhaerentes</span> <span class='ocrx_word' id='word_1_167' title='bbox 2165 1648 2338 1712; x_wconf 90' lang='lat' dir='ltr'>capiti,</span> <span class='ocrx_word' id='word_1_168' title='bbox 2366 1658 2413 1696; x_wconf 82' lang='lat' dir='ltr'>et</span> <span class='ocrx_word' id='word_1_169' title='bbox 2434 1650 2593 1715; x_wconf 82' lang='lat' dir='ltr'>ipsum</span> 
     </span>
     <span class='ocr_line' id='line_1_16' title="bbox 478 1726 2590 1794; baseline 0 -18"><span class='ocrx_word' id='word_1_170' title='bbox 478 1730 766 1778; x_wconf 83' lang='lat' dir='ltr'>adornantes</span> <span class='ocrx_word' id='word_1_171' title='bbox 788 1729 861 1777; x_wconf 92' lang='lat' dir='ltr'>vel</span> <span class='ocrx_word' id='word_1_172' title='bbox 886 1739 1187 1794; x_wconf 88' lang='lat' dir='ltr'>protegentes</span> <span class='ocrx_word' id='word_1_173' title='bbox 1207 1764 1219 1788; x_wconf 86' lang='lat'>,</span> <span class='ocrx_word' id='word_1_174' title='bbox 1254 1728 1444 1792; x_wconf 84' lang='lat' dir='ltr'>eloquia</span> <span class='ocrx_word' id='word_1_175' title='bbox 1468 1737 1578 1774; x_wconf 91' lang='lat' dir='ltr'>sunt</span> <span class='ocrx_word' id='word_1_176' title='bbox 1603 1726 1765 1773; x_wconf 88' lang='lat' dir='ltr'>divina</span> <span class='ocrx_word' id='word_1_177' title='bbox 1785 1726 1959 1791; x_wconf 87' lang='lat' dir='ltr'>quibus</span> <span class='ocrx_word' id='word_1_178' title='bbox 1977 1726 2190 1774; x_wconf 84' lang='lat' dir='ltr'>Christus</span> <span class='ocrx_word' id='word_1_179' title='bbox 2207 1728 2590 1789; x_wconf 74' lang='lat' dir='ltr'>commendatur,</span> 
     </span>
     <span class='ocr_line' id='line_1_17' title="bbox 478 1806 2596 1875; baseline 0 -18"><span class='ocrx_word' id='word_1_180' title='bbox 478 1820 523 1857; x_wconf 89' lang='lat' dir='ltr'>et</span> <span class='ocrx_word' id='word_1_181' title='bbox 548 1827 634 1875; x_wconf 90' lang='lat' dir='ltr'>per</span> <span class='ocrx_word' id='word_1_182' title='bbox 656 1809 801 1857; x_wconf 86' lang='lat' dir='ltr'>fidem</span> <span class='ocrx_word' id='word_1_183' title='bbox 827 1811 875 1856; x_wconf 89' lang='lat' dir='ltr'>in</span> <span class='ocrx_word' id='word_1_184' title='bbox 901 1809 1041 1857; x_wconf 91' lang='lat' dir='ltr'>nobis</span> <span class='ocrx_word' id='word_1_185' title='bbox 1066 1817 1404 1857; x_wconf 86' lang='lat' dir='ltr'>conservatur:</span> <span class='ocrx_word' id='word_1_186' title='bbox 1435 1807 1610 1854; x_wconf 87' lang='lat' dir='ltr'>horum</span> <span class='ocrx_word' id='word_1_187' title='bbox 1637 1806 1856 1871; x_wconf 86' lang='lat' dir='ltr'>quaedam</span> <span class='ocrx_word' id='word_1_188' title='bbox 1881 1806 2012 1867; x_wconf 85' lang='lat' dir='ltr'>alba,</span> <span class='ocrx_word' id='word_1_189' title='bbox 2042 1807 2260 1871; x_wconf 89' lang='lat' dir='ltr'>quaedam</span> <span class='ocrx_word' id='word_1_190' title='bbox 2278 1809 2411 1872; x_wconf 87' lang='lat' dir='ltr'>nigra</span> <span class='ocrx_word' id='word_1_191' title='bbox 2429 1809 2596 1858; x_wconf 83' lang='lat' dir='ltr'>dicun-</span> 
     </span>
     <span class='ocr_line' id='line_1_18' title="bbox 478 1882 2595 1956; baseline 0.001 -19"><span class='ocrx_word' id='word_1_192' title='bbox 478 1901 579 1951; x_wconf 86' lang='lat' dir='ltr'>tur,</span> <span class='ocrx_word' id='word_1_193' title='bbox 614 1908 764 1956; x_wconf 90' lang='lat' dir='ltr'>quum</span> <span class='ocrx_word' id='word_1_194' title='bbox 793 1891 995 1939; x_wconf 90' lang='lat' dir='ltr'>aliorum</span> <span class='ocrx_word' id='word_1_195' title='bbox 1019 1890 1329 1955; x_wconf 88' lang='lat' dir='ltr'>intelligentia</span> <span class='ocrx_word' id='word_1_196' title='bbox 1363 1882 1489 1936; x_wconf 84' lang='lat' dir='ltr'>clara</span> <span class='ocrx_word' id='word_1_197' title='bbox 1513 1890 1572 1935; x_wconf 89' lang='lat' dir='ltr'>sit</span> <span class='ocrx_word' id='word_1_198' title='bbox 1609 1898 1654 1935; x_wconf 88' lang='lat' dir='ltr'>et</span> <span class='ocrx_word' id='word_1_199' title='bbox 1682 1887 1929 1935; x_wconf 89' lang='lat' dir='ltr'>manifesta</span> <span class='ocrx_word' id='word_1_200' title='bbox 1955 1906 1966 1934; x_wconf 70' lang='grc' dir='ltr'><em>τ</em></span> <span class='ocrx_word' id='word_1_201' title='bbox 1996 1887 2198 1936; x_wconf 88' lang='lat' dir='ltr'>aliorum</span> <span class='ocrx_word' id='word_1_202' title='bbox 2213 1889 2447 1951; x_wconf 88' lang='lat' dir='ltr'>obscura,</span> <span class='ocrx_word' id='word_1_203' title='bbox 2474 1892 2595 1940; x_wconf 84' lang='lat' dir='ltr'>sicut</span> 
     </span>
     <span class='ocr_line' id='line_1_19' title="bbox 478 1968 2595 2036; baseline 0.001 -19"><span class='ocrx_word' id='word_1_204' title='bbox 478 1971 667 2018; x_wconf 90' lang='lat' dir='ltr'>illorum</span> <span class='ocrx_word' id='word_1_205' title='bbox 697 1972 901 2019; x_wconf 85' lang='lat' dir='ltr'>maxime</span> <span class='ocrx_word' id='word_1_206' title='bbox 927 1988 1031 2036; x_wconf 87' lang='lat' dir='ltr'>quae</span> <span class='ocrx_word' id='word_1_207' title='bbox 1061 1981 1171 2019; x_wconf 90' lang='lat' dir='ltr'>sunt</span> <span class='ocrx_word' id='word_1_208' title='bbox 1198 1970 1446 2034; x_wconf 86' lang='lat' dir='ltr'>allegorice</span> <span class='ocrx_word' id='word_1_209' title='bbox 1470 1968 1611 2016; x_wconf 90' lang='lat' dir='ltr'>dicta.</span> <span class='ocrx_word' id='word_1_210' title='bbox 1643 1971 1861 2027; x_wconf 87' lang='lat' dir='ltr'>Quorum</span> <span class='ocrx_word' id='word_1_211' title='bbox 1889 1968 2085 2033; x_wconf 89' lang='lat' dir='ltr'>quidem</span> <span class='ocrx_word' id='word_1_212' title='bbox 2112 1970 2295 2017; x_wconf 90' lang='lat' dir='ltr'>nullum</span> <span class='ocrx_word' id='word_1_213' title='bbox 2318 1972 2415 2019; x_wconf 90' lang='lat' dir='ltr'>sive</span> <span class='ocrx_word' id='word_1_214' title='bbox 2431 1972 2595 2025; x_wconf 87' lang='lat' dir='ltr'>album</span> 
     </span>
     <span class='ocr_line' id='line_1_20' title="bbox 479 2049 2591 2116; baseline 0.001 -19"><span class='ocrx_word' id='word_1_215' title='bbox 479 2053 560 2110; x_wconf 89' lang='lat' dir='ltr'>sit,</span> <span class='ocrx_word' id='word_1_216' title='bbox 588 2061 639 2098; x_wconf 89' lang='lat' dir='ltr'>ut</span> <span class='ocrx_word' id='word_1_217' title='bbox 663 2051 843 2098; x_wconf 90' lang='lat' dir='ltr'>dictum</span> <span class='ocrx_word' id='word_1_218' title='bbox 867 2062 960 2111; x_wconf 89' lang='lat' dir='ltr'>est,</span> <span class='ocrx_word' id='word_1_219' title='bbox 992 2052 1088 2098; x_wconf 89' lang='lat' dir='ltr'>sive</span> <span class='ocrx_word' id='word_1_220' title='bbox 1115 2051 1305 2116; x_wconf 84' lang='lat' dir='ltr'>nigrum</span> <span class='ocrx_word' id='word_1_221' title='bbox 1321 2086 1333 2109; x_wconf 95' lang='lat'>,</span> <span class='ocrx_word' id='word_1_222' title='bbox 1363 2059 1582 2097; x_wconf 88' lang='lat' dir='ltr'>nostrum</span> <span class='ocrx_word' id='word_1_223' title='bbox 1607 2065 1705 2096; x_wconf 88' lang='lat' dir='ltr'>non</span> <span class='ocrx_word' id='word_1_224' title='bbox 1734 2059 1804 2096; x_wconf 88' lang='lat' dir='ltr'>est</span> <span class='ocrx_word' id='word_1_225' title='bbox 1829 2049 1982 2096; x_wconf 83' lang='lat' dir='ltr'>facere</span> <span class='ocrx_word' id='word_1_226' title='bbox 2006 2068 2015 2096; x_wconf 90' lang='lat'><strong>:</strong></span> <span class='ocrx_word' id='word_1_227' title='bbox 2045 2051 2156 2114; x_wconf 85' lang='lat' dir='ltr'>quia</span> <span class='ocrx_word' id='word_1_228' title='bbox 2179 2051 2369 2116; x_wconf 87' lang='lat' dir='ltr'>eloquia</span> <span class='ocrx_word' id='word_1_229' title='bbox 2387 2054 2474 2099; x_wconf 90' lang='lat' dir='ltr'>Dei</span> <span class='ocrx_word' id='word_1_230' title='bbox 2491 2069 2591 2100; x_wconf 88' lang='lat' dir='ltr'>non</span> 
     </span>
     <span class='ocr_line' id='line_1_21' title="bbox 477 2128 2591 2198; baseline 0.001 -20"><span class='ocrx_word' id='word_1_231' title='bbox 477 2142 586 2178; x_wconf 90' lang='lat' dir='ltr'>sunt</span> <span class='ocrx_word' id='word_1_232' title='bbox 610 2132 897 2179; x_wconf 89' lang='lat' dir='ltr'>inventionis</span> <span class='ocrx_word' id='word_1_233' title='bbox 920 2131 1141 2178; x_wconf 86' lang='lat' dir='ltr'>humanae</span> <span class='ocrx_word' id='word_1_234' title='bbox 1161 2168 1173 2191; x_wconf 94' lang='lat'>,</span> <span class='ocrx_word' id='word_1_235' title='bbox 1202 2147 1291 2178; x_wconf 90' lang='lat' dir='ltr'>nec</span> <span class='ocrx_word' id='word_1_236' title='bbox 1313 2140 1476 2177; x_wconf 89' lang='lat' dir='ltr'>nostra</span> <span class='ocrx_word' id='word_1_237' title='bbox 1498 2139 1607 2176; x_wconf 88' lang='lat' dir='ltr'>sunt</span> <span class='ocrx_word' id='word_1_238' title='bbox 1633 2128 1924 2176; x_wconf 89' lang='lat' dir='ltr'>documenta</span> <span class='ocrx_word' id='word_1_239' title='bbox 1940 2166 1952 2189; x_wconf 97' lang='lat'>,</span> <span class='ocrx_word' id='word_1_240' title='bbox 1981 2130 2066 2177; x_wconf 88' lang='lat' dir='ltr'>sed</span> <span class='ocrx_word' id='word_1_241' title='bbox 2094 2130 2270 2178; x_wconf 88' lang='lat' dir='ltr'>divina.</span> <span class='ocrx_word' id='word_1_242' title='bbox 2303 2132 2447 2190; x_wconf 90' lang='lat' dir='ltr'>Quod</span> <span class='ocrx_word' id='word_1_243' title='bbox 2478 2150 2591 2198; x_wconf 85' lang='lat' dir='ltr'>ergo</span> 
     </span>
     <span class='ocr_line' id='line_1_22' title="bbox 477 2209 2590 2276; baseline 0.002 -20"><span class='ocrx_word' id='word_1_244' title='bbox 477 2211 540 2257; x_wconf 91' lang='lat' dir='ltr'>ait</span> <span class='ocrx_word' id='word_1_245' title='bbox 560 2229 569 2256; x_wconf 90' lang='lat'>:</span> <span class='ocrx_word' id='word_1_246' title='bbox 603 2231 625 2254; x_wconf 78' lang='grc' dir='ltr'><strong><em>α</em></strong></span> <span class='ocrx_word' id='word_1_247' title='bbox 650 2214 754 2258; x_wconf 93' lang='lat' dir='ltr'>Non</span> <span class='ocrx_word' id='word_1_248' title='bbox 776 2210 956 2274; x_wconf 85' lang='lat' dir='ltr'>jurabis</span> <span class='ocrx_word' id='word_1_249' title='bbox 982 2227 1069 2276; x_wconf 91' lang='lat' dir='ltr'>per</span> <span class='ocrx_word' id='word_1_250' title='bbox 1094 2220 1238 2276; x_wconf 89' lang='lat' dir='ltr'>caput</span> <span class='ocrx_word' id='word_1_251' title='bbox 1264 2219 1400 2257; x_wconf 88' lang='lat' dir='ltr'>tuum</span> <span class='ocrx_word' id='word_1_252' title='bbox 1426 2226 1435 2254; x_wconf 93' lang='lat'>:</span> <span class='ocrx_word' id='word_1_253' title='bbox 1467 2209 1579 2273; x_wconf 91' lang='lat' dir='ltr'>quia</span> <span class='ocrx_word' id='word_1_254' title='bbox 1609 2225 1707 2255; x_wconf 90' lang='lat' dir='ltr'>non</span> <span class='ocrx_word' id='word_1_255' title='bbox 1733 2218 1869 2274; x_wconf 92' lang='lat' dir='ltr'>potes</span> <span class='ocrx_word' id='word_1_256' title='bbox 1888 2218 1978 2256; x_wconf 90' lang='lat' dir='ltr'>etc.</span> <span class='ocrx_word' id='word_1_257' title='bbox 1997 2245 2009 2269; x_wconf 90' lang='lat'>‚</span> <span class='ocrx_word' id='word_1_258' title='bbox 2031 2228 2056 2253; x_wconf 91' lang='lat'>»</span> <span class='ocrx_word' id='word_1_259' title='bbox 2079 2210 2169 2257; x_wconf 86' lang='lat' dir='ltr'>tale</span> <span class='ocrx_word' id='word_1_260' title='bbox 2193 2221 2263 2257; x_wconf 90' lang='lat' dir='ltr'>est</span> <span class='ocrx_word' id='word_1_261' title='bbox 2286 2230 2296 2257; x_wconf 76' lang='grc' dir='ltr'>ι</span> <span class='ocrx_word' id='word_1_262' title='bbox 2318 2214 2425 2258; x_wconf 90' lang='lat' dir='ltr'>Non</span> <span class='ocrx_word' id='word_1_263' title='bbox 2443 2212 2590 2261; x_wconf 88' lang='lat' dir='ltr'>debes</span> 
     </span>
     <span class='ocr_line' id='line_1_23' title="bbox 477 2287 2590 2355; baseline 0.002 -19"><span class='ocrx_word' id='word_1_264' title='bbox 477 2289 716 2337; x_wconf 86' lang='lat' dir='ltr'>Christum</span> <span class='ocrx_word' id='word_1_265' title='bbox 740 2291 788 2337; x_wconf 91' lang='lat' dir='ltr'>in</span> <span class='ocrx_word' id='word_1_266' title='bbox 814 2290 1087 2354; x_wconf 88' lang='lat' dir='ltr'>juramento</span> <span class='ocrx_word' id='word_1_267' title='bbox 1114 2305 1315 2355; x_wconf 90' lang='lat' dir='ltr'>ponere,</span> <span class='ocrx_word' id='word_1_268' title='bbox 1350 2287 1483 2353; x_wconf 92' lang='lat' dir='ltr'>quod</span> <span class='ocrx_word' id='word_1_269' title='bbox 1511 2288 1612 2351; x_wconf 90' lang='lat' dir='ltr'>ejus</span> <span class='ocrx_word' id='word_1_270' title='bbox 1641 2287 1787 2334; x_wconf 88' lang='lat' dir='ltr'>solius</span> <span class='ocrx_word' id='word_1_271' title='bbox 1817 2302 2013 2334; x_wconf 89' lang='lat' dir='ltr'>summae</span> <span class='ocrx_word' id='word_1_272' title='bbox 2031 2289 2115 2335; x_wconf 89' lang='lat' dir='ltr'>Dei</span> <span class='ocrx_word' id='word_1_273' title='bbox 2140 2290 2381 2354; x_wconf 85' lang='lat' dir='ltr'>sapientiae</span> <span class='ocrx_word' id='word_1_274' title='bbox 2405 2292 2464 2339; x_wconf 87' lang='lat' dir='ltr'>sit</span> <span class='ocrx_word' id='word_1_275' title='bbox 2490 2292 2590 2340; x_wconf 88' lang='lat' dir='ltr'>haec</span> 
     </span>
     <span class='ocr_line' id='line_1_24' title="bbox 476 2366 2591 2435; baseline 0.002 -19"><span class='ocrx_word' id='word_1_276' title='bbox 476 2372 718 2430; x_wconf 87' lang='lat' dir='ltr'>invenire,</span> <span class='ocrx_word' id='word_1_277' title='bbox 748 2387 955 2435; x_wconf 88' lang='lat' dir='ltr'>quorum</span> <span class='ocrx_word' id='word_1_278' title='bbox 983 2370 1094 2430; x_wconf 89' lang='lat' dir='ltr'>alia,</span> <span class='ocrx_word' id='word_1_279' title='bbox 1123 2380 1176 2417; x_wconf 92' lang='lat' dir='ltr'>ut</span> <span class='ocrx_word' id='word_1_280' title='bbox 1199 2370 1405 2417; x_wconf 86' lang='lat' dir='ltr'>diximus</span> <span class='ocrx_word' id='word_1_281' title='bbox 1423 2405 1434 2427; x_wconf 88' lang='lat'>,</span> <span class='ocrx_word' id='word_1_282' title='bbox 1466 2366 1572 2416; x_wconf 89' lang='lat' dir='ltr'>alba</span> <span class='ocrx_word' id='word_1_283' title='bbox 1598 2378 1730 2427; x_wconf 91' lang='lat' dir='ltr'>sunt,</span> <span class='ocrx_word' id='word_1_284' title='bbox 1761 2368 1850 2414; x_wconf 85' lang='lat' dir='ltr'>alia</span> <span class='ocrx_word' id='word_1_285' title='bbox 1870 2369 2019 2432; x_wconf 88' lang='lat' dir='ltr'>nigra.</span> <span class='ocrx_word' id='word_1_286' title='bbox 2044 2368 2266 2416; x_wconf 87' lang='lat' dir='ltr'>Similiter</span> <span class='ocrx_word' id='word_1_287' title='bbox 2290 2388 2439 2435; x_wconf 89' lang='lat' dir='ltr'>quum</span> <span class='ocrx_word' id='word_1_288' title='bbox 2454 2372 2591 2435; x_wconf 87' lang='lat' dir='ltr'>jubet</span> 
     </span>
     <span class='ocr_line' id='line_1_25' title="bbox 475 2448 2591 2518; baseline 0.002 -21"><span class='ocrx_word' id='word_1_289' title='bbox 475 2460 527 2497; x_wconf 90' lang='lat' dir='ltr'>ut</span> <span class='ocrx_word' id='word_1_290' title='bbox 551 2467 639 2497; x_wconf 89' lang='lat' dir='ltr'>nec</span> <span class='ocrx_word' id='word_1_291' title='bbox 658 2450 873 2514; x_wconf 90' lang='lat' dir='ltr'>juremus</span> <span class='ocrx_word' id='word_1_292' title='bbox 899 2467 985 2512; x_wconf 90' lang='lat' dir='ltr'>per</span> <span class='ocrx_word' id='word_1_293' title='bbox 1008 2449 1208 2510; x_wconf 88' lang='lat' dir='ltr'>coelum,</span> <span class='ocrx_word' id='word_1_294' title='bbox 1239 2449 1368 2514; x_wconf 92' lang='lat' dir='ltr'>quod</span> <span class='ocrx_word' id='word_1_295' title='bbox 1397 2448 1599 2496; x_wconf 86' lang='lat' dir='ltr'>thronus</span> <span class='ocrx_word' id='word_1_296' title='bbox 1623 2448 1712 2495; x_wconf 89' lang='lat' dir='ltr'>Dei</span> <span class='ocrx_word' id='word_1_297' title='bbox 1736 2458 1828 2506; x_wconf 90' lang='lat' dir='ltr'>est,</span> <span class='ocrx_word' id='word_1_298' title='bbox 1861 2449 1926 2494; x_wconf 88' lang='lat' dir='ltr'>sic</span> <span class='ocrx_word' id='word_1_299' title='bbox 1944 2448 2106 2513; x_wconf 88' lang='lat' dir='ltr'>accipe</span> <span class='ocrx_word' id='word_1_300' title='bbox 2141 2467 2151 2495; x_wconf 91' lang='lat'><strong>:</strong></span> <span class='ocrx_word' id='word_1_301' title='bbox 2189 2459 2240 2496; x_wconf 90' lang='lat' dir='ltr'>ut</span> <span class='ocrx_word' id='word_1_302' title='bbox 2259 2466 2357 2497; x_wconf 89' lang='lat' dir='ltr'>non</span> <span class='ocrx_word' id='word_1_303' title='bbox 2377 2452 2487 2499; x_wconf 92' lang='lat' dir='ltr'>ideo</span> <span class='ocrx_word' id='word_1_304' title='bbox 2506 2470 2591 2518; x_wconf 88' lang='lat' dir='ltr'>per</span> 
     </span>
     <span class='ocr_line' id='line_1_26' title="bbox 474 2528 2587 2596; baseline 0.002 -19"><span class='ocrx_word' id='word_1_305' title='bbox 474 2532 631 2596; x_wconf 90' lang='lat' dir='ltr'>ipsum</span> <span class='ocrx_word' id='word_1_306' title='bbox 651 2531 810 2594; x_wconf 87' lang='lat' dir='ltr'>jurare</span> <span class='ocrx_word' id='word_1_307' title='bbox 836 2530 1062 2595; x_wconf 86' lang='lat' dir='ltr'>eligamus</span> <span class='ocrx_word' id='word_1_308' title='bbox 1076 2566 1088 2590; x_wconf 88' lang='lat'>,</span> <span class='ocrx_word' id='word_1_309' title='bbox 1116 2531 1228 2595; x_wconf 91' lang='lat' dir='ltr'>quia</span> <span class='ocrx_word' id='word_1_310' title='bbox 1251 2539 1392 2578; x_wconf 87' lang='lat' dir='ltr'>tantae</span> <span class='ocrx_word' id='word_1_311' title='bbox 1415 2529 1655 2593; x_wconf 79' lang='lat' dir='ltr'>dignitatis</span> <span class='ocrx_word' id='word_1_312' title='bbox 1678 2538 1770 2586; x_wconf 86' lang='lat' dir='ltr'>est,</span> <span class='ocrx_word' id='word_1_313' title='bbox 1801 2528 1935 2592; x_wconf 91' lang='lat' dir='ltr'>quod</span> <span class='ocrx_word' id='word_1_314' title='bbox 1954 2529 2130 2575; x_wconf 86' lang='lat' dir='ltr'>caeteris</span> <span class='ocrx_word' id='word_1_315' title='bbox 2148 2531 2325 2577; x_wconf 88' lang='lat' dir='ltr'>eminet</span> <span class='ocrx_word' id='word_1_316' title='bbox 2344 2535 2587 2582; x_wconf 86' lang='lat' dir='ltr'>creaturis.</span> 
     </span>
     <span class='ocr_line' id='line_1_27' title="bbox 473 2608 2589 2678; baseline 0.001 -21"><span class='ocrx_word' id='word_1_317' title='bbox 473 2614 523 2657; x_wconf 89' lang='lat' dir='ltr'>In</span> <span class='ocrx_word' id='word_1_318' title='bbox 554 2611 626 2658; x_wconf 85' lang='lat' dir='ltr'>his</span> <span class='ocrx_word' id='word_1_319' title='bbox 651 2612 808 2675; x_wconf 91' lang='lat' dir='ltr'>itaque</span> <span class='ocrx_word' id='word_1_320' title='bbox 834 2610 989 2659; x_wconf 88' lang='lat' dir='ltr'>verbis</span> <span class='ocrx_word' id='word_1_321' title='bbox 1013 2611 1284 2675; x_wconf 86' lang='lat' dir='ltr'>negativum</span> <span class='ocrx_word' id='word_1_322' title='bbox 1312 2608 1592 2656; x_wconf 90' lang='lat' dir='ltr'>adverbium</span> <span class='ocrx_word' id='word_1_323' title='bbox 1624 2609 1928 2674; x_wconf 87' lang='lat' dir='ltr'>praepositum</span> <span class='ocrx_word' id='word_1_324' title='bbox 1951 2608 2181 2668; x_wconf 87' lang='lat' dir='ltr'>orationi,</span> <span class='ocrx_word' id='word_1_325' title='bbox 2216 2626 2407 2658; x_wconf 85' lang='lat' dir='ltr'>causam</span> <span class='ocrx_word' id='word_1_326' title='bbox 2437 2614 2589 2678; x_wconf 88' lang='lat' dir='ltr'>ipsam</span> 
     </span>
     <span class='ocr_line' id='line_1_28' title="bbox 474 2689 2589 2758; baseline 0.001 -20"><span class='ocrx_word' id='word_1_327' title='bbox 474 2691 679 2738; x_wconf 86' lang='lat' dir='ltr'>excludit</span> <span class='ocrx_word' id='word_1_328' title='bbox 695 2727 706 2747; x_wconf 97' lang='lat'>,</span> <span class='ocrx_word' id='word_1_329' title='bbox 739 2707 838 2738; x_wconf 89' lang='lat' dir='ltr'>non</span> <span class='ocrx_word' id='word_1_330' title='bbox 876 2692 1210 2756; x_wconf 86' lang='lat' dir='ltr'>interpositum</span> <span class='ocrx_word' id='word_1_331' title='bbox 1233 2691 1385 2755; x_wconf 89' lang='lat' dir='ltr'>ipsam</span> <span class='ocrx_word' id='word_1_332' title='bbox 1406 2689 1629 2758; x_wconf 86' lang='lat' dir='ltr'>relinquit</span> <span class='ocrx_word' id='word_1_333' title='bbox 1660 2698 1803 2752; x_wconf 89' lang='lat' dir='ltr'>atque</span> <span class='ocrx_word' id='word_1_334' title='bbox 1827 2689 2086 2735; x_wconf 87' lang='lat' dir='ltr'>constituit.</span> <span class='ocrx_word' id='word_1_335' title='bbox 2116 2689 2262 2737; x_wconf 82' lang='lat' dir='ltr'>Aliam</span> <span class='ocrx_word' id='word_1_336' title='bbox 2289 2693 2467 2757; x_wconf 92' lang='lat' dir='ltr'>quippe</span> <span class='ocrx_word' id='word_1_337' title='bbox 2492 2695 2589 2741; x_wconf 85' lang='lat' dir='ltr'>vim</span> 
     </span>
     <span class='ocr_line' id='line_1_29' title="bbox 473 2768 2584 2837; baseline 0.001 -19"><span class='ocrx_word' id='word_1_338' title='bbox 473 2773 689 2835; x_wconf 87' lang='lat' dir='ltr'>negativa</span> <span class='ocrx_word' id='word_1_339' title='bbox 712 2771 942 2836; x_wconf 89' lang='lat' dir='ltr'>particula</span> <span class='ocrx_word' id='word_1_340' title='bbox 964 2770 1110 2818; x_wconf 92' lang='lat' dir='ltr'>habet</span> <span class='ocrx_word' id='word_1_341' title='bbox 1135 2770 1222 2817; x_wconf 91' lang='lat' dir='ltr'>toti</span> <span class='ocrx_word' id='word_1_342' title='bbox 1251 2770 1457 2816; x_wconf 88' lang='lat' dir='ltr'>orationi</span> <span class='ocrx_word' id='word_1_343' title='bbox 1484 2768 1737 2834; x_wconf 79' lang='lat' dir='ltr'>praeposita</span> <span class='ocrx_word' id='word_1_344' title='bbox 1755 2805 1766 2827; x_wconf 93' lang='lat'>,</span> <span class='ocrx_word' id='word_1_345' title='bbox 1800 2777 1853 2814; x_wconf 87' lang='lat' dir='ltr'>ut</span> <span class='ocrx_word' id='word_1_346' title='bbox 1874 2778 2024 2815; x_wconf 85' lang='lat' dir='ltr'>totam</span> <span class='ocrx_word' id='word_1_347' title='bbox 2049 2769 2226 2817; x_wconf 88' lang='lat' dir='ltr'>scilicet</span> <span class='ocrx_word' id='word_1_348' title='bbox 2249 2771 2390 2818; x_wconf 92' lang='lat' dir='ltr'>simul</span> <span class='ocrx_word' id='word_1_349' title='bbox 2415 2784 2584 2837; x_wconf 85' lang='lat' dir='ltr'>neget,</span> 
     </span>
     <span class='ocr_line' id='line_1_30' title="bbox 473 2849 2589 2919; baseline 0.002 -22"><span class='ocrx_word' id='word_1_350' title='bbox 473 2851 612 2898; x_wconf 89' lang='lat' dir='ltr'>aliam</span> <span class='ocrx_word' id='word_1_351' title='bbox 636 2852 912 2916; x_wconf 88' lang='lat' dir='ltr'>interposita</span> <span class='ocrx_word' id='word_1_352' title='bbox 932 2887 944 2912; x_wconf 93' lang='lat'>,</span> <span class='ocrx_word' id='word_1_353' title='bbox 972 2861 1024 2898; x_wconf 90' lang='lat' dir='ltr'>ut</span> <span class='ocrx_word' id='word_1_354' title='bbox 1046 2851 1130 2897; x_wconf 88' lang='lat' dir='ltr'>uni</span> <span class='ocrx_word' id='word_1_355' title='bbox 1154 2860 1339 2897; x_wconf 87' lang='lat' dir='ltr'>tantum</span> <span class='ocrx_word' id='word_1_356' title='bbox 1363 2849 1490 2896; x_wconf 90' lang='lat' dir='ltr'>illius</span> <span class='ocrx_word' id='word_1_357' title='bbox 1517 2849 1746 2896; x_wconf 89' lang='lat' dir='ltr'>orationis</span> <span class='ocrx_word' id='word_1_358' title='bbox 1764 2849 1886 2913; x_wconf 88' lang='lat' dir='ltr'>parti</span> <span class='ocrx_word' id='word_1_359' title='bbox 1907 2849 2136 2914; x_wconf 87' lang='lat' dir='ltr'>apposita.</span> <span class='ocrx_word' id='word_1_360' title='bbox 2167 2850 2303 2898; x_wconf 86' lang='lat' dir='ltr'>Aliud</span> <span class='ocrx_word' id='word_1_361' title='bbox 2323 2853 2501 2919; x_wconf 91' lang='lat' dir='ltr'>quippe</span> <span class='ocrx_word' id='word_1_362' title='bbox 2521 2865 2589 2902; x_wconf 89' lang='lat' dir='ltr'>est</span> 
     </span>
     <span class='ocr_line' id='line_1_31' title="bbox 472 2928 2584 2997; baseline 0.002 -20"><span class='ocrx_word' id='word_1_363' title='bbox 472 2932 628 2980; x_wconf 87' lang='lat' dir='ltr'>dicere</span> <span class='ocrx_word' id='word_1_364' title='bbox 661 2952 670 2979; x_wconf 77' lang='grc' dir='ltr'><strong><em>ε</em></strong></span> <span class='ocrx_word' id='word_1_365' title='bbox 700 2950 800 2979; x_wconf 90' lang='lat' dir='ltr'>non</span> <span class='ocrx_word' id='word_1_366' title='bbox 827 2933 936 2997; x_wconf 89' lang='lat' dir='ltr'>quia</span> <span class='ocrx_word' id='word_1_367' title='bbox 965 2931 1059 2978; x_wconf 90' lang='lat' dir='ltr'>hoc</span> <span class='ocrx_word' id='word_1_368' title='bbox 1088 2931 1265 2987; x_wconf 91' lang='lat' dir='ltr'>fecisti,</span> <span class='ocrx_word' id='word_1_369' title='bbox 1296 2930 1528 2995; x_wconf 72' lang='lat' dir='ltr'>peccasti,</span> <span class='ocrx_word' id='word_1_370' title='bbox 1556 2928 1685 2975; x_wconf 87' lang='lat' dir='ltr'>aliud</span> <span class='ocrx_word' id='word_1_371' title='bbox 1711 2928 1870 2976; x_wconf 89' lang='lat' dir='ltr'>dicere</span> <span class='ocrx_word' id='word_1_372' title='bbox 1907 2947 1916 2974; x_wconf 92' lang='lat'><strong>:</strong></span> <span class='ocrx_word' id='word_1_373' title='bbox 1949 2931 2181 2993; x_wconf 86' lang='lat' dir='ltr'>peccasti,</span> <span class='ocrx_word' id='word_1_374' title='bbox 2210 2932 2321 2995; x_wconf 88' lang='lat' dir='ltr'>quia</span> <span class='ocrx_word' id='word_1_375' title='bbox 2338 2932 2431 2980; x_wconf 90' lang='lat' dir='ltr'>hoc</span> <span class='ocrx_word' id='word_1_376' title='bbox 2457 2950 2584 2994; x_wconf 88' lang='lat' dir='ltr'>non,</span> 
     </span>
     <span class='ocr_line' id='line_1_32' title="bbox 474 3008 2586 3078; baseline 0.002 -21"><span class='ocrx_word' id='word_1_377' title='bbox 474 3012 633 3059; x_wconf 84' lang='lat' dir='ltr'>fecisti.</span> <span class='ocrx_word' id='word_1_378' title='bbox 668 3012 736 3059; x_wconf 88' lang='lat' dir='ltr'>lbi</span> <span class='ocrx_word' id='word_1_379' title='bbox 761 3029 970 3076; x_wconf 89' lang='lat' dir='ltr'>namque</span> <span class='ocrx_word' id='word_1_380' title='bbox 995 3028 1137 3058; x_wconf 86' lang='lat' dir='ltr'>causa</span> <span class='ocrx_word' id='word_1_381' title='bbox 1153 3020 1427 3058; x_wconf 87' lang='lat' dir='ltr'>removetur</span> <span class='ocrx_word' id='word_1_382' title='bbox 1448 3008 1702 3074; x_wconf 89' lang='lat' dir='ltr'>peccandi,</span> <span class='ocrx_word' id='word_1_383' title='bbox 1723 3018 1775 3055; x_wconf 88' lang='lat' dir='ltr'>ut</span> <span class='ocrx_word' id='word_1_384' title='bbox 1792 3008 2010 3073; x_wconf 86' lang='lat' dir='ltr'>videlicet</span> <span class='ocrx_word' id='word_1_385' title='bbox 2030 3025 2128 3056; x_wconf 90' lang='lat' dir='ltr'>non</span> <span class='ocrx_word' id='word_1_386' title='bbox 2150 3021 2345 3075; x_wconf 89' lang='lat' dir='ltr'>propter</span> <span class='ocrx_word' id='word_1_387' title='bbox 2360 3011 2453 3059; x_wconf 92' lang='lat' dir='ltr'>hoc</span> <span class='ocrx_word' id='word_1_388' title='bbox 2477 3031 2586 3078; x_wconf 87' lang='lat' dir='ltr'>pec-</span> 
     </span>
     <span class='ocr_line' id='line_1_33' title="bbox 472 3080 2581 3153; baseline 0.002 -17"><span class='ocrx_word' id='word_1_389' title='bbox 472 3093 645 3138; x_wconf 88' lang='lat' dir='ltr'>caverit</span> <span class='ocrx_word' id='word_1_390' title='bbox 661 3128 673 3150; x_wconf 97' lang='lat'>,</span> <span class='ocrx_word' id='word_1_391' title='bbox 704 3102 754 3138; x_wconf 88' lang='lat' dir='ltr'>ut</span> <span class='ocrx_word' id='word_1_392' title='bbox 775 3092 889 3138; x_wconf 90' lang='lat' dir='ltr'>hinc</span> <span class='ocrx_word' id='word_1_393' title='bbox 913 3107 1023 3138; x_wconf 91' lang='lat' dir='ltr'>eum</span> <span class='ocrx_word' id='word_1_394' title='bbox 1048 3100 1232 3138; x_wconf 90' lang='lat' dir='ltr'>certum</span> <span class='ocrx_word' id='word_1_395' title='bbox 1257 3080 1316 3136; x_wconf 83' lang='lat' dir='ltr'>sit</span> <span class='ocrx_word' id='word_1_396' title='bbox 1340 3105 1438 3135; x_wconf 89' lang='lat' dir='ltr'>non</span> <span class='ocrx_word' id='word_1_397' title='bbox 1464 3105 1684 3153; x_wconf 91' lang='lat' dir='ltr'>peccasse</span> <span class='ocrx_word' id='word_1_398' title='bbox 1704 3124 1715 3146; x_wconf 91' lang='lat'>,</span> <span class='ocrx_word' id='word_1_399' title='bbox 1743 3087 1826 3134; x_wconf 90' lang='lat' dir='ltr'>ubi</span> <span class='ocrx_word' id='word_1_400' title='bbox 1852 3105 1994 3135; x_wconf 88' lang='lat' dir='ltr'>causa</span> <span class='ocrx_word' id='word_1_401' title='bbox 2018 3089 2079 3135; x_wconf 88' lang='lat' dir='ltr'>ad</span> <span class='ocrx_word' id='word_1_402' title='bbox 2106 3089 2199 3136; x_wconf 94' lang='lat' dir='ltr'>hoc</span> <span class='ocrx_word' id='word_1_403' title='bbox 2226 3091 2541 3140; x_wconf 89' lang='lat' dir='ltr'>intercesserit</span> <span class='ocrx_word' id='word_1_404' title='bbox 2572 3131 2581 3140; x_wconf 91' lang='lat'><strong><em>.</em></strong></span> 
     </span>
     <span class='ocr_line' id='line_1_34' title="bbox 472 3169 2590 3240; baseline 0.002 -22"><span class='ocrx_word' id='word_1_405' title='bbox 472 3172 536 3218; x_wconf 87' lang='lat' dir='ltr'>ibi</span> <span class='ocrx_word' id='word_1_406' title='bbox 561 3189 673 3219; x_wconf 87' lang='lat' dir='ltr'>vero</span> <span class='ocrx_word' id='word_1_407' title='bbox 697 3190 796 3219; x_wconf 91' lang='lat' dir='ltr'>non</span> <span class='ocrx_word' id='word_1_408' title='bbox 821 3172 1089 3221; x_wconf 88' lang='lat' dir='ltr'>ostenditur</span> <span class='ocrx_word' id='word_1_409' title='bbox 1107 3172 1240 3238; x_wconf 90' lang='lat' dir='ltr'>quod</span> <span class='ocrx_word' id='word_1_410' title='bbox 1259 3188 1357 3219; x_wconf 92' lang='lat' dir='ltr'>non</span> <span class='ocrx_word' id='word_1_411' title='bbox 1385 3171 1674 3236; x_wconf 85' lang='lat' dir='ltr'>peccaverit,</span> <span class='ocrx_word' id='word_1_412' title='bbox 1703 3169 1788 3217; x_wconf 89' lang='lat' dir='ltr'>sed</span> <span class='ocrx_word' id='word_1_413' title='bbox 1805 3170 1899 3217; x_wconf 89' lang='lat' dir='ltr'>hoc</span> <span class='ocrx_word' id='word_1_414' title='bbox 1918 3179 2101 3217; x_wconf 89' lang='lat' dir='ltr'>tantum</span> <span class='ocrx_word' id='word_1_415' title='bbox 2118 3170 2247 3235; x_wconf 89' lang='lat' dir='ltr'>quod</span> <span class='ocrx_word' id='word_1_416' title='bbox 2275 3189 2373 3219; x_wconf 90' lang='lat' dir='ltr'>non</span> <span class='ocrx_word' id='word_1_417' title='bbox 2390 3185 2590 3240; x_wconf 86' lang='lat' dir='ltr'>propter</span> 
     </span>
     <span class='ocr_line' id='line_1_35' title="bbox 472 3251 2586 3317; baseline 0.001 -19"><span class='ocrx_word' id='word_1_418' title='bbox 472 3253 564 3298; x_wconf 92' lang='lat' dir='ltr'>hoc</span> <span class='ocrx_word' id='word_1_419' title='bbox 588 3253 877 3315; x_wconf 87' lang='lat' dir='ltr'>peccaverit,</span> <span class='ocrx_word' id='word_1_420' title='bbox 909 3262 960 3298; x_wconf 90' lang='lat' dir='ltr'>ut</span> <span class='ocrx_word' id='word_1_421' title='bbox 990 3252 1208 3299; x_wconf 89' lang='lat' dir='ltr'>videlicet</span> <span class='ocrx_word' id='word_1_422' title='bbox 1232 3268 1370 3299; x_wconf 88' lang='lat' dir='ltr'>causa</span> <span class='ocrx_word' id='word_1_423' title='bbox 1396 3251 1577 3316; x_wconf 88' lang='lat' dir='ltr'>peccati</span> <span class='ocrx_word' id='word_1_424' title='bbox 1612 3251 1771 3314; x_wconf 89' lang='lat' dir='ltr'>potius</span> <span class='ocrx_word' id='word_1_425' title='bbox 1797 3267 1942 3314; x_wconf 88' lang='lat' dir='ltr'>quam</span> <span class='ocrx_word' id='word_1_426' title='bbox 1969 3260 2214 3315; x_wconf 88' lang='lat' dir='ltr'>peccatum</span> <span class='ocrx_word' id='word_1_427' title='bbox 2243 3252 2399 3317; x_wconf 87' lang='lat' dir='ltr'>ipsum</span> <span class='ocrx_word' id='word_1_428' title='bbox 2429 3270 2586 3312; x_wconf 42' lang='lat' dir='ltr'>remor</span> 
     </span>
     <span class='ocr_line' id='line_1_36' title="bbox 474 3327 2585 3396; baseline 0 -17"><span class='ocrx_word' id='word_1_429' title='bbox 474 3343 652 3379; x_wconf 85' lang='lat' dir='ltr'>veatur.</span> <span class='ocrx_word' id='word_1_430' title='bbox 680 3331 791 3377; x_wconf 88' lang='lat' dir='ltr'>Tale</span> <span class='ocrx_word' id='word_1_431' title='bbox 813 3342 880 3378; x_wconf 89' lang='lat' dir='ltr'>est</span> <span class='ocrx_word' id='word_1_432' title='bbox 904 3348 1015 3396; x_wconf 89' lang='lat' dir='ltr'>ergo</span> <span class='ocrx_word' id='word_1_433' title='bbox 1044 3332 1177 3396; x_wconf 92' lang='lat' dir='ltr'>quod</span> <span class='ocrx_word' id='word_1_434' title='bbox 1203 3332 1263 3379; x_wconf 93' lang='lat' dir='ltr'>de</span> <span class='ocrx_word' id='word_1_435' title='bbox 1287 3332 1560 3395; x_wconf 88' lang='lat' dir='ltr'>juramento</span> <span class='ocrx_word' id='word_1_436' title='bbox 1582 3331 1818 3377; x_wconf 89' lang='lat' dir='ltr'>Dominus</span> <span class='ocrx_word' id='word_1_437' title='bbox 1845 3330 2053 3395; x_wconf 85' lang='lat' dir='ltr'>praecipit</span> <span class='ocrx_word' id='word_1_438' title='bbox 2082 3329 2154 3378; x_wconf 86' lang='lat' dir='ltr'>vel</span> <span class='ocrx_word' id='word_1_439' title='bbox 2180 3330 2480 3391; x_wconf 88' lang='lat' dir='ltr'>adhortatur,</span> <span class='ocrx_word' id='word_1_440' title='bbox 2502 3327 2548 3380; x_wconf 80' lang='lat' dir='ltr'>ut</span> <span class='ocrx_word' id='word_1_441' title='bbox 2570 3371 2585 3392; x_wconf 82' lang='lat'>,</span> 
     </span>
    </p>
   </div>
   <div class='ocr_carea' id='block_1_4' title="bbox 521 3510 1051 3552">
    <p class='ocr_par' dir='ltr' id='par_1_4' title="bbox 521 3510 1051 3552">
     <span class='ocr_line' id='line_1_37' title="bbox 521 3510 1051 3552; baseline -0.002 -10"><span class='ocrx_word' id='word_1_442' title='bbox 521 3511 528 3526; x_wconf 85' lang='lat'>¹</span> <span class='ocrx_word' id='word_1_443' title='bbox 557 3510 684 3550; x_wconf 71' lang='lat' dir='ltr'>Matth,</span> <span class='ocrx_word' id='word_1_444' title='bbox 703 3520 776 3552; x_wconf 86' lang='lat' dir='ltr'>cap.</span> <span class='ocrx_word' id='word_1_445' title='bbox 791 3521 829 3550; x_wconf 84' lang='lat' dir='ltr'>v,</span> <span class='ocrx_word' id='word_1_446' title='bbox 847 3521 875 3541; x_wconf 87' lang='lat' dir='ltr'>v.</span> <span class='ocrx_word' id='word_1_447' title='bbox 895 3510 935 3541; x_wconf 75' lang='lat'>34</span> <span class='ocrx_word' id='word_1_448' title='bbox 950 3516 982 3542; x_wconf 80' lang='lat' dir='ltr'>et</span> <span class='ocrx_word' id='word_1_449' title='bbox 996 3511 1051 3541; x_wconf 80' lang='lat'>35.</span> 
     </span>
    </p>
   </div>
  </div>
 </body>
</html>
