<?xml version="1.0" encoding="UTF-8"?>
<!DOCTYPE html PUBLIC "-//W3C//DTD XHTML 1.0 Transitional//EN"
    "http://www.w3.org/TR/xhtml1/DTD/xhtml1-transitional.dtd">
<html xmlns="http://www.w3.org/1999/xhtml" xml:lang="en" lang="en">
 <head>
  <title>
</title>
<meta http-equiv="Content-Type" content="text/html;charset=utf-8" />
  <meta name='ocr-system' content='tesseract 3.04.00' />
  <meta name='ocr-capabilities' content='ocr_page ocr_carea ocr_par ocr_line ocrx_word'/>
</head>
<body>
  <div class='ocr_page' id='page_1' title='image "./operahactenusseo01abeluoft_0720.png"; bbox 0 0 2970 4152; ppageno 0'>
   <div class='ocr_carea' id='block_1_1' title="bbox 517 367 1734 416">
    <p class='ocr_par' dir='ltr' id='par_1_1' title="bbox 517 367 1734 416">
     <span class='ocr_line' id='line_1_1' title="bbox 517 367 1734 416; baseline 0.001 -2"><span class='ocrx_word' id='word_1_1' title='bbox 517 367 612 414; x_wconf 79' lang='lat'>706</span> <span class='ocrx_word' id='word_1_2' title='bbox 1422 367 1734 416; x_wconf 86' lang='lat' dir='ltr'><strong>APPENDIX.</strong></span> 
     </span>
    </p>
   </div>
   <div class='ocr_carea' id='block_1_2' title="bbox 516 459 2645 929">
    <p class='ocr_par' dir='ltr' id='par_1_2' title="bbox 516 459 2645 929">
     <span class='ocr_line' id='line_1_2' title="bbox 516 459 2640 525; baseline 0.003 -19"><span class='ocrx_word' id='word_1_3' title='bbox 516 462 724 507; x_wconf 80' lang='lat' dir='ltr'>caruisse.</span> <span class='ocrx_word' id='word_1_4' title='bbox 753 463 811 505; x_wconf 84' lang='lat' dir='ltr'>Et</span> <span class='ocrx_word' id='word_1_5' title='bbox 835 460 953 505; x_wconf 89' lang='lat' dir='ltr'>beati</span> <span class='ocrx_word' id='word_1_6' title='bbox 981 470 1103 518; x_wconf 89' lang='lat' dir='ltr'>sunt,</span> <span class='ocrx_word' id='word_1_7' title='bbox 1131 459 1209 522; x_wconf 90' lang='lat' dir='ltr'>qui</span> <span class='ocrx_word' id='word_1_8' title='bbox 1235 471 1422 523; x_wconf 88' lang='lat' dir='ltr'>propter</span> <span class='ocrx_word' id='word_1_9' title='bbox 1439 479 1629 525; x_wconf 85' lang='lat' dir='ltr'>regnum</span> <span class='ocrx_word' id='word_1_10' title='bbox 1653 463 1868 509; x_wconf 87' lang='lat' dir='ltr'>coelorum</span> <span class='ocrx_word' id='word_1_11' title='bbox 1895 480 1940 509; x_wconf 90' lang='lat' dir='ltr'>se</span> <span class='ocrx_word' id='word_1_12' title='bbox 1964 474 2286 510; x_wconf 85' lang='lat' dir='ltr'>castraverunt.</span> <span class='ocrx_word' id='word_1_13' title='bbox 2312 465 2520 512; x_wconf 80' lang='lat' dir='ltr'><strong>Poteram</strong></span> <span class='ocrx_word' id='word_1_14' title='bbox 2547 466 2640 512; x_wconf 89' lang='lat' dir='ltr'>for·-</span> 
     </span>
     <span class='ocr_line' id='line_1_3' title="bbox 517 539 2641 608; baseline 0.002 -21"><span class='ocrx_word' id='word_1_15' title='bbox 517 553 630 587; x_wconf 89' lang='lat' dir='ltr'>tasse</span> <span class='ocrx_word' id='word_1_16' title='bbox 654 541 847 604; x_wconf 89' lang='lat' dir='ltr'>plurima</span> <span class='ocrx_word' id='word_1_17' title='bbox 871 539 1026 586; x_wconf 88' lang='lat' dir='ltr'>talium</span> <span class='ocrx_word' id='word_1_18' title='bbox 1054 540 1253 603; x_wconf 88' lang='lat' dir='ltr'>exempla</span> <span class='ocrx_word' id='word_1_19' title='bbox 1278 558 1466 603; x_wconf 87' lang='lat' dir='ltr'>ponere,</span> <span class='ocrx_word' id='word_1_20' title='bbox 1493 544 1569 589; x_wconf 89' lang='lat' dir='ltr'>sed</span> <span class='ocrx_word' id='word_1_21' title='bbox 1595 561 1693 606; x_wconf 86' lang='lat' dir='ltr'>quae</span> <span class='ocrx_word' id='word_1_22' title='bbox 1714 544 1834 590; x_wconf 85' lang='lat' dir='ltr'>dicta</span> <span class='ocrx_word' id='word_1_23' title='bbox 1858 553 1962 589; x_wconf 90' lang='lat' dir='ltr'>sunt</span> <span class='ocrx_word' id='word_1_24' title='bbox 1984 544 2225 590; x_wconf 86' lang='lat' dir='ltr'>sufficiant.</span> <span class='ocrx_word' id='word_1_25' title='bbox 2243 547 2382 608; x_wconf 82' lang='lat' dir='ltr'>Ergo,</span> <span class='ocrx_word' id='word_1_26' title='bbox 2403 546 2560 604; x_wconf 87' lang='lat' dir='ltr'>frater,</span> <span class='ocrx_word' id='word_1_27' title='bbox 2585 562 2641 591; x_wconf 90' lang='lat' dir='ltr'>ne</span> 
     </span>
     <span class='ocr_line' id='line_1_4' title="bbox 518 621 2643 688; baseline 0.002 -20"><span class='ocrx_word' id='word_1_28' title='bbox 518 622 669 668; x_wconf 84' lang='lat' dir='ltr'>doleas</span> <span class='ocrx_word' id='word_1_29' title='bbox 687 658 698 680; x_wconf 95' lang='lat'>,</span> <span class='ocrx_word' id='word_1_30' title='bbox 734 639 817 667; x_wconf 90' lang='lat' dir='ltr'>nec</span> <span class='ocrx_word' id='word_1_31' title='bbox 846 621 1151 679; x_wconf 78' lang='lat' dir='ltr'>contristeris,</span> <span class='ocrx_word' id='word_1_32' title='bbox 1182 638 1264 667; x_wconf 89' lang='lat' dir='ltr'>nec</span> <span class='ocrx_word' id='word_1_33' title='bbox 1290 624 1632 684; x_wconf 75' lang='lat' dir='ltr'>perturbatione</span> <span class='ocrx_word' id='word_1_34' title='bbox 1663 625 1794 685; x_wconf 91' lang='lat' dir='ltr'>hujus</span> <span class='ocrx_word' id='word_1_35' title='bbox 1819 625 2094 670; x_wconf 86' lang='lat' dir='ltr'>incommodi</span> <span class='ocrx_word' id='word_1_36' title='bbox 2127 626 2365 688; x_wconf 84' lang='lat' dir='ltr'>quatiaris,</span> <span class='ocrx_word' id='word_1_37' title='bbox 2395 627 2643 688; x_wconf 84' lang='lat' dir='ltr'>praesertim</span> 
     </span>
     <span class='ocr_line' id='line_1_5' title="bbox 517 701 2644 769; baseline 0.002 -21"><span class='ocrx_word' id='word_1_38' title='bbox 517 720 656 766; x_wconf 90' lang='lat' dir='ltr'>quum</span> <span class='ocrx_word' id='word_1_39' title='bbox 680 703 766 748; x_wconf 92' lang='lat' dir='ltr'>hoc</span> <span class='ocrx_word' id='word_1_40' title='bbox 791 713 881 748; x_wconf 89' lang='lat' dir='ltr'>tam</span> <span class='ocrx_word' id='word_1_41' title='bbox 911 701 1085 764; x_wconf 86' lang='lat' dir='ltr'>plures,</span> <span class='ocrx_word' id='word_1_42' title='bbox 1112 712 1162 747; x_wconf 89' lang='lat' dir='ltr'>ut</span> <span class='ocrx_word' id='word_1_43' title='bbox 1185 702 1357 748; x_wconf 90' lang='lat' dir='ltr'>dictum</span> <span class='ocrx_word' id='word_1_44' title='bbox 1380 714 1472 763; x_wconf 89' lang='lat' dir='ltr'>est,</span> <span class='ocrx_word' id='word_1_45' title='bbox 1509 705 1713 750; x_wconf 85' lang='lat' dir='ltr'>utilitatis</span> <span class='ocrx_word' id='word_1_46' title='bbox 1749 705 1908 751; x_wconf 87' lang='lat' dir='ltr'>afferat</span> <span class='ocrx_word' id='word_1_47' title='bbox 1945 706 2142 764; x_wconf 87' lang='lat' dir='ltr'>fructus;</span> <span class='ocrx_word' id='word_1_48' title='bbox 2175 717 2220 752; x_wconf 88' lang='lat' dir='ltr'>et</span> <span class='ocrx_word' id='word_1_49' title='bbox 2249 707 2372 769; x_wconf 91' lang='lat' dir='ltr'>quod</span> <span class='ocrx_word' id='word_1_50' title='bbox 2395 707 2482 753; x_wconf 85' lang='lat' dir='ltr'>hoc</span> <span class='ocrx_word' id='word_1_51' title='bbox 2506 707 2644 753; x_wconf 92' lang='lat' dir='ltr'>modo</span> 
     </span>
     <span class='ocr_line' id='line_1_6' title="bbox 519 784 2645 847; baseline 0.003 -19"><span class='ocrx_word' id='word_1_52' title='bbox 519 784 685 830; x_wconf 89' lang='lat' dir='ltr'>factum</span> <span class='ocrx_word' id='word_1_53' title='bbox 709 794 791 842; x_wconf 88' lang='lat' dir='ltr'>est,</span> <span class='ocrx_word' id='word_1_54' title='bbox 819 800 996 845; x_wconf 79' lang='lat' dir='ltr'>semper</span> <span class='ocrx_word' id='word_1_55' title='bbox 1018 794 1062 828; x_wconf 81' lang='lat' dir='ltr'>et</span> <span class='ocrx_word' id='word_1_56' title='bbox 1086 784 1378 846; x_wconf 76' lang='lat' dir='ltr'>irreparabile</span> <span class='ocrx_word' id='word_1_57' title='bbox 1405 797 1664 847; x_wconf 87' lang='lat' dir='ltr'>permaneat</span> <span class='ocrx_word' id='word_1_58' title='bbox 1688 796 1732 831; x_wconf 88' lang='lat' dir='ltr'>et</span> <span class='ocrx_word' id='word_1_59' title='bbox 1751 786 1968 832; x_wconf 90' lang='lat' dir='ltr'>evulsum.</span> <span class='ocrx_word' id='word_1_60' title='bbox 2003 788 2071 833; x_wconf 86' lang='lat' dir='ltr'>Sit</span> <span class='ocrx_word' id='word_1_61' title='bbox 2094 788 2181 834; x_wconf 93' lang='lat' dir='ltr'>hoc</span> <span class='ocrx_word' id='word_1_62' title='bbox 2205 789 2287 834; x_wconf 89' lang='lat' dir='ltr'>tibi</span> <span class='ocrx_word' id='word_1_63' title='bbox 2312 787 2511 834; x_wconf 88' lang='lat' dir='ltr'>solamen</span> <span class='ocrx_word' id='word_1_64' title='bbox 2538 789 2645 835; x_wconf 83' lang='lat' dir='ltr'>assi-</span> 
     </span>
     <span class='ocr_line' id='line_1_7' title="bbox 519 864 2141 929; baseline 0.002 -19"><span class='ocrx_word' id='word_1_65' title='bbox 519 865 617 910; x_wconf 73' lang='lat' dir='ltr'>due&#39;</span> <span class='ocrx_word' id='word_1_66' title='bbox 631 864 753 927; x_wconf 90' lang='lat' dir='ltr'>quod</span> <span class='ocrx_word' id='word_1_67' title='bbox 778 864 1073 926; x_wconf 82' lang='lat' dir='ltr'>redintegrari</span> <span class='ocrx_word' id='word_1_68' title='bbox 1099 875 1259 911; x_wconf 82' lang='lat' dir='ltr'>natura</span> <span class='ocrx_word' id='word_1_69' title='bbox 1285 883 1377 911; x_wconf 92' lang='lat' dir='ltr'>non</span> <span class='ocrx_word' id='word_1_70' title='bbox 1397 867 1584 929; x_wconf 89' lang='lat' dir='ltr'>patitur,</span> <span class='ocrx_word' id='word_1_71' title='bbox 1610 866 1749 912; x_wconf 90' lang='lat' dir='ltr'>levius</span> <span class='ocrx_word' id='word_1_72' title='bbox 1767 877 1916 929; x_wconf 83' lang='lat' dir='ltr'>potest</span> <span class='ocrx_word' id='word_1_73' title='bbox 1939 866 2141 913; x_wconf 86' lang='lat' dir='ltr'>tolerari.</span> 
     </span>
    </p>
   </div>
   <div class='ocr_carea' id='block_1_3' title="bbox 1069 998 1951 1051">
    <p class='ocr_par' dir='ltr' id='par_1_3' title="bbox 983 998 1951 1051">
     <span class='ocr_line' id='line_1_8' title="bbox 1069 998 1951 1051; baseline 0.004 -13.645"><span class='ocrx_word' id='word_1_74' title='bbox 1069 999 1144 1038; x_wconf 86' lang='lat' dir='ltr'>Fer</span> <span class='ocrx_word' id='word_1_75' title='bbox 1164 1004 1204 1039; x_wconf 85' lang='lat' dir='ltr'>et</span> <span class='ocrx_word' id='word_1_76' title='bbox 1222 998 1310 1039; x_wconf 86' lang='lat' dir='ltr'>haec</span> <span class='ocrx_word' id='word_1_77' title='bbox 1329 1001 1399 1048; x_wconf 88' lang='lat' dir='ltr'>(ut</span> <span class='ocrx_word' id='word_1_78' title='bbox 1416 999 1473 1040; x_wconf 84' lang='lat' dir='ltr'>ait</span> <span class='ocrx_word' id='word_1_79' title='bbox 1490 999 1613 1051; x_wconf 86' lang='lat' dir='ltr'>ille¹)‚</span> <span class='ocrx_word' id='word_1_80' title='bbox 1635 1000 1779 1040; x_wconf 80' lang='lat' dir='ltr'>solatia</span> <span class='ocrx_word' id='word_1_81' title='bbox 1798 1006 1951 1049; x_wconf 85' lang='lat' dir='ltr'>tecum,</span> 
     </span>
    </p>
   </div>
   <div class='ocr_carea' id='block_1_4' title="bbox 518 1134 2671 3372">
    <p class='ocr_par' dir='ltr' id='par_1_4' title="bbox 518 1134 2671 3372">
     <span class='ocr_line' id='line_1_9' title="bbox 518 1134 2648 1198; baseline 0 -19"><span class='ocrx_word' id='word_1_82' title='bbox 518 1135 733 1195; x_wconf 90' lang='lat' dir='ltr'>quoniam</span> <span class='ocrx_word' id='word_1_83' title='bbox 770 1144 974 1197; x_wconf 86' lang='lat' dir='ltr'>tempore</span> <span class='ocrx_word' id='word_1_84' title='bbox 1004 1135 1136 1196; x_wconf 84' lang='lat' dir='ltr'>hujus</span> <span class='ocrx_word' id='word_1_85' title='bbox 1170 1136 1484 1181; x_wconf 88' lang='lat' dir='ltr'>diminutionis</span> <span class='ocrx_word' id='word_1_86' title='bbox 1514 1134 1585 1180; x_wconf 89' lang='lat' dir='ltr'>vel</span> <span class='ocrx_word' id='word_1_87' title='bbox 1615 1136 1799 1180; x_wconf 83' lang='lat' dir='ltr'>thorum</span> <span class='ocrx_word' id='word_1_88' title='bbox 1830 1134 2045 1180; x_wconf 86' lang='lat' dir='ltr'>violando</span> <span class='ocrx_word' id='word_1_89' title='bbox 2075 1135 2293 1193; x_wconf 88' lang='lat' dir='ltr'>aliorum,</span> <span class='ocrx_word' id='word_1_90' title='bbox 2320 1135 2389 1181; x_wconf 89' lang='lat' dir='ltr'>vel</span> <span class='ocrx_word' id='word_1_91' title='bbox 2420 1136 2468 1181; x_wconf 91' lang='lat' dir='ltr'>in</span> <span class='ocrx_word' id='word_1_92' title='bbox 2497 1134 2648 1198; x_wconf 83' lang='lat' dir='ltr'>aliquo</span> 
     </span>
     <span class='ocr_line' id='line_1_10' title="bbox 519 1214 2650 1278; baseline 0 -18"><span class='ocrx_word' id='word_1_93' title='bbox 519 1214 830 1260; x_wconf 75' lang='lat' dir='ltr'>fornicationis</span> <span class='ocrx_word' id='word_1_94' title='bbox 850 1232 1024 1260; x_wconf 87' lang='lat' dir='ltr'>veneno</span> <span class='ocrx_word' id='word_1_95' title='bbox 1052 1216 1236 1260; x_wconf 88' lang='lat' dir='ltr'>minime</span> <span class='ocrx_word' id='word_1_96' title='bbox 1259 1216 1563 1277; x_wconf 88' lang='lat' dir='ltr'>deprehensus</span> <span class='ocrx_word' id='word_1_97' title='bbox 1587 1232 1649 1261; x_wconf 88' lang='lat' dir='ltr'>es.</span> <span class='ocrx_word' id='word_1_98' title='bbox 1672 1215 1880 1260; x_wconf 90' lang='lat' dir='ltr'>Membra</span> <span class='ocrx_word' id='word_1_99' title='bbox 1903 1215 2044 1277; x_wconf 86' lang='lat' dir='ltr'>quieti</span> <span class='ocrx_word' id='word_1_100' title='bbox 2064 1215 2251 1261; x_wconf 85' lang='lat' dir='ltr'>dederas</span> <span class='ocrx_word' id='word_1_101' title='bbox 2274 1226 2319 1261; x_wconf 91' lang='lat' dir='ltr'>et</span> <span class='ocrx_word' id='word_1_102' title='bbox 2341 1217 2518 1278; x_wconf 78' lang='lat' dir='ltr'>s&#39;opori,</span> <span class='ocrx_word' id='word_1_103' title='bbox 2548 1214 2650 1261; x_wconf 91' lang='lat' dir='ltr'>nul-</span> 
     </span>
     <span class='ocr_line' id='line_1_11' title="bbox 519 1294 2651 1359; baseline 0.001 -21"><span class='ocrx_word' id='word_1_104' title='bbox 519 1294 640 1358; x_wconf 89' lang='lat' dir='ltr'>lique</span> <span class='ocrx_word' id='word_1_105' title='bbox 673 1294 839 1340; x_wconf 90' lang='lat' dir='ltr'>malum</span> <span class='ocrx_word' id='word_1_106' title='bbox 873 1294 1041 1340; x_wconf 89' lang='lat' dir='ltr'>inferre</span> <span class='ocrx_word' id='word_1_107' title='bbox 1072 1295 1277 1359; x_wconf 78' lang='lat' dir='ltr'>parabas,</span> <span class='ocrx_word' id='word_1_108' title='bbox 1306 1312 1447 1357; x_wconf 92' lang='lat' dir='ltr'>quum</span> <span class='ocrx_word' id='word_1_109' title='bbox 1478 1312 1579 1341; x_wconf 85' lang='lat' dir='ltr'>ecce</span> <span class='ocrx_word' id='word_1_110' title='bbox 1610 1312 1771 1340; x_wconf 90' lang='lat' dir='ltr'>manus</span> <span class='ocrx_word' id='word_1_111' title='bbox 1796 1295 2038 1357; x_wconf 89' lang='lat' dir='ltr'>impietatis</span> <span class='ocrx_word' id='word_1_112' title='bbox 2062 1305 2106 1340; x_wconf 89' lang='lat' dir='ltr'>et</span> <span class='ocrx_word' id='word_1_113' title='bbox 2129 1295 2451 1341; x_wconf 89' lang='lat' dir='ltr'>ferramentum</span> <span class='ocrx_word' id='word_1_114' title='bbox 2476 1295 2651 1342; x_wconf 87' lang='lat' dir='ltr'>exitiale</span> 
     </span>
     <span class='ocr_line' id='line_1_12' title="bbox 520 1371 2651 1440; baseline 0.001 -20"><span class='ocrx_word' id='word_1_115' title='bbox 520 1376 783 1437; x_wconf 88' lang='lat' dir='ltr'>sanguinem</span> <span class='ocrx_word' id='word_1_116' title='bbox 808 1386 936 1421; x_wconf 87' lang='lat' dir='ltr'>tuum</span> <span class='ocrx_word' id='word_1_117' title='bbox 959 1371 1193 1421; x_wconf 87' lang='lat' dir='ltr'>innoxium</span> <span class='ocrx_word' id='word_1_118' title='bbox 1213 1376 1350 1438; x_wconf 84' lang='lat' dir='ltr'>gratis</span> <span class='ocrx_word' id='word_1_119' title='bbox 1373 1374 1564 1422; x_wconf 86' lang='lat' dir='ltr'>fundere</span> <span class='ocrx_word' id='word_1_120' title='bbox 1588 1393 1681 1421; x_wconf 93' lang='lat' dir='ltr'>non</span> <span class='ocrx_word' id='word_1_121' title='bbox 1708 1375 2046 1422; x_wconf 89' lang='lat' dir='ltr'>dubitaverunt.</span> <span class='ocrx_word' id='word_1_122' title='bbox 2077 1375 2258 1439; x_wconf 85' lang='lat' dir='ltr'>Plangit</span> <span class='ocrx_word' id='word_1_123' title='bbox 2280 1394 2387 1440; x_wconf 85' lang='lat' dir='ltr'>ergo</span> <span class='ocrx_word' id='word_1_124' title='bbox 2412 1377 2499 1422; x_wconf 95' lang='lat' dir='ltr'>hoc</span> <span class='ocrx_word' id='word_1_125' title='bbox 2523 1387 2651 1422; x_wconf 89' lang='lat' dir='ltr'>tuum</span> 
     </span>
     <span class='ocr_line' id='line_1_13' title="bbox 520 1454 2652 1519; baseline 0.001 -20"><span class='ocrx_word' id='word_1_126' title='bbox 520 1454 682 1500; x_wconf 90' lang='lat' dir='ltr'>vulnus</span> <span class='ocrx_word' id='word_1_127' title='bbox 707 1466 752 1501; x_wconf 91' lang='lat' dir='ltr'>et</span> <span class='ocrx_word' id='word_1_128' title='bbox 775 1455 991 1500; x_wconf 92' lang='lat' dir='ltr'>damnum</span> <span class='ocrx_word' id='word_1_129' title='bbox 1013 1455 1282 1501; x_wconf 89' lang='lat' dir='ltr'>venerabilis</span> <span class='ocrx_word' id='word_1_130' title='bbox 1305 1456 1505 1518; x_wconf 89' lang='lat' dir='ltr'>episcopi</span> <span class='ocrx_word' id='word_1_131' title='bbox 1529 1456 1801 1519; x_wconf 86' lang='lat' dir='ltr'>benignitas,</span> <span class='ocrx_word' id='word_1_132' title='bbox 1829 1456 1925 1518; x_wconf 89' lang='lat' dir='ltr'>qui,</span> <span class='ocrx_word' id='word_1_133' title='bbox 1948 1466 2168 1518; x_wconf 89' lang='lat' dir='ltr'>quantum</span> <span class='ocrx_word' id='word_1_134' title='bbox 2186 1456 2330 1515; x_wconf 91' lang='lat' dir='ltr'>licuit,</span> <span class='ocrx_word' id='word_1_135' title='bbox 2351 1474 2509 1502; x_wconf 87' lang='lat' dir='ltr'>vacare</span> <span class='ocrx_word' id='word_1_136' title='bbox 2521 1457 2652 1518; x_wconf 87' lang='lat' dir='ltr'>justi-</span> 
     </span>
     <span class='ocr_line' id='line_1_14' title="bbox 521 1534 2654 1598; baseline 0.001 -18"><span class='ocrx_word' id='word_1_137' title='bbox 521 1536 593 1581; x_wconf 80' lang='lat' dir='ltr'>tiae</span> <span class='ocrx_word' id='word_1_138' title='bbox 611 1535 798 1580; x_wconf 89' lang='lat' dir='ltr'>studuit.</span> <span class='ocrx_word' id='word_1_139' title='bbox 821 1534 1000 1598; x_wconf 88' lang='lat' dir='ltr'>Plangit</span> <span class='ocrx_word' id='word_1_140' title='bbox 1018 1534 1271 1581; x_wconf 86' lang='lat' dir='ltr'>liberalium</span> <span class='ocrx_word' id='word_1_141' title='bbox 1294 1537 1617 1582; x_wconf 88' lang='lat' dir='ltr'>canonicorum</span> <span class='ocrx_word' id='word_1_142' title='bbox 1636 1553 1687 1582; x_wconf 90' lang='lat' dir='ltr'>ac</span> <span class='ocrx_word' id='word_1_143' title='bbox 1704 1535 1924 1582; x_wconf 90' lang='lat' dir='ltr'>nobilium</span> <span class='ocrx_word' id='word_1_144' title='bbox 1945 1535 2212 1582; x_wconf 90' lang='lat' dir='ltr'>clericorum</span> <span class='ocrx_word' id='word_1_145' title='bbox 2236 1535 2496 1582; x_wconf 87' lang='lat' dir='ltr'>multitudo.</span> <span class='ocrx_word' id='word_1_146' title='bbox 2518 1536 2654 1582; x_wconf 91' lang='lat' dir='ltr'>Plan-</span> 
     </span>
     <span class='ocr_line' id='line_1_15' title="bbox 520 1617 2656 1680; baseline 0 -18"><span class='ocrx_word' id='word_1_147' title='bbox 520 1627 633 1679; x_wconf 88' lang='lat' dir='ltr'>gunt</span> <span class='ocrx_word' id='word_1_148' title='bbox 661 1617 795 1674; x_wconf 89' lang='lat' dir='ltr'>cives,</span> <span class='ocrx_word' id='word_1_149' title='bbox 824 1617 1019 1663; x_wconf 89' lang='lat' dir='ltr'>civitatis</span> <span class='ocrx_word' id='word_1_150' title='bbox 1051 1617 1138 1662; x_wconf 92' lang='lat' dir='ltr'>hoc</span> <span class='ocrx_word' id='word_1_151' title='bbox 1171 1617 1363 1663; x_wconf 84' lang='lat' dir='ltr'>dedecus</span> <span class='ocrx_word' id='word_1_152' title='bbox 1388 1627 1671 1680; x_wconf 83' lang='lat' dir='ltr'>reputantes,</span> <span class='ocrx_word' id='word_1_153' title='bbox 1701 1628 1746 1663; x_wconf 95' lang='lat' dir='ltr'>et</span> <span class='ocrx_word' id='word_1_154' title='bbox 1769 1617 1973 1664; x_wconf 89' lang='lat' dir='ltr'>dolentes</span> <span class='ocrx_word' id='word_1_155' title='bbox 1996 1635 2122 1664; x_wconf 88' lang='lat' dir='ltr'>suam</span> <span class='ocrx_word' id='word_1_156' title='bbox 2152 1618 2312 1663; x_wconf 85' lang='lat' dir='ltr'>urbem</span> <span class='ocrx_word' id='word_1_157' title='bbox 2342 1619 2406 1663; x_wconf 90' lang='lat' dir='ltr'>tui</span> <span class='ocrx_word' id='word_1_158' title='bbox 2426 1617 2656 1679; x_wconf 80' lang='lat' dir='ltr'>sangninis</span> 
     </span>
     <span class='ocr_line' id='line_1_16' title="bbox 520 1695 2655 1762; baseline 0.001 -20"><span class='ocrx_word' id='word_1_159' title='bbox 520 1697 741 1742; x_wconf 87' lang='lat' dir='ltr'>effusione</span> <span class='ocrx_word' id='word_1_160' title='bbox 764 1695 939 1742; x_wconf 88' lang='lat' dir='ltr'>violari.</span> <span class='ocrx_word' id='word_1_161' title='bbox 980 1698 1104 1756; x_wconf 86' lang='lat' dir='ltr'>Quid</span> <span class='ocrx_word' id='word_1_162' title='bbox 1137 1697 1416 1761; x_wconf 85' lang='lat' dir='ltr'>singularum</span> <span class='ocrx_word' id='word_1_163' title='bbox 1441 1698 1713 1744; x_wconf 89' lang='lat' dir='ltr'>feminarum</span> <span class='ocrx_word' id='word_1_164' title='bbox 1739 1699 1932 1745; x_wconf 85' lang='lat' dir='ltr'>referam</span> <span class='ocrx_word' id='word_1_165' title='bbox 1958 1698 2206 1761; x_wconf 89' lang='lat' dir='ltr'>planctum,</span> <span class='ocrx_word' id='word_1_166' title='bbox 2229 1716 2328 1762; x_wconf 88' lang='lat' dir='ltr'>quae</span> <span class='ocrx_word' id='word_1_167' title='bbox 2355 1700 2439 1758; x_wconf 93' lang='lat' dir='ltr'>sic,</span> <span class='ocrx_word' id='word_1_168' title='bbox 2465 1700 2552 1745; x_wconf 87' lang='lat' dir='ltr'>hoc</span> <span class='ocrx_word' id='word_1_169' title='bbox 2576 1715 2655 1744; x_wconf 82' lang='lat' dir='ltr'>au-</span> 
     </span>
     <span class='ocr_line' id='line_1_17' title="bbox 522 1777 2659 1842; baseline 0 -19"><span class='ocrx_word' id='word_1_170' title='bbox 522 1779 641 1837; x_wconf 90' lang='lat' dir='ltr'>dito,</span> <span class='ocrx_word' id='word_1_171' title='bbox 665 1777 895 1841; x_wconf 84' lang='lat' dir='ltr'>lacrymis,</span> <span class='ocrx_word' id='word_1_172' title='bbox 923 1795 1050 1823; x_wconf 88' lang='lat' dir='ltr'>more</span> <span class='ocrx_word' id='word_1_173' title='bbox 1074 1777 1287 1836; x_wconf 88' lang='lat' dir='ltr'>femineo,</span> <span class='ocrx_word' id='word_1_174' title='bbox 1316 1795 1396 1824; x_wconf 88' lang='lat' dir='ltr'>ora</span> <span class='ocrx_word' id='word_1_175' title='bbox 1420 1779 1650 1842; x_wconf 83' lang='lat' dir='ltr'>rigarunt,</span> <span class='ocrx_word' id='word_1_176' title='bbox 1678 1790 1866 1841; x_wconf 89' lang='lat' dir='ltr'>propter</span> <span class='ocrx_word' id='word_1_177' title='bbox 1892 1789 1936 1824; x_wconf 92' lang='lat' dir='ltr'>te</span> <span class='ocrx_word' id='word_1_178' title='bbox 1965 1778 2152 1825; x_wconf 89' lang='lat' dir='ltr'>militem</span> <span class='ocrx_word' id='word_1_179' title='bbox 2173 1797 2320 1838; x_wconf 91' lang='lat' dir='ltr'>suum,</span> <span class='ocrx_word' id='word_1_180' title='bbox 2345 1796 2476 1841; x_wconf 89' lang='lat' dir='ltr'>quem</span> <span class='ocrx_word' id='word_1_181' title='bbox 2503 1780 2659 1825; x_wconf 82' lang='lat' dir='ltr'>amise-</span> 
     </span>
     <span class='ocr_line' id='line_1_18' title="bbox 523 1857 2659 1922; baseline 0 -18"><span class='ocrx_word' id='word_1_182' title='bbox 523 1870 644 1919; x_wconf 88' lang='lat' dir='ltr'>rant,</span> <span class='ocrx_word' id='word_1_183' title='bbox 675 1876 726 1905; x_wconf 90' lang='lat' dir='ltr'>ac</span> <span class='ocrx_word' id='word_1_184' title='bbox 750 1859 785 1904; x_wconf 92' lang='lat' dir='ltr'>si</span> <span class='ocrx_word' id='word_1_185' title='bbox 804 1857 990 1922; x_wconf 85' lang='lat' dir='ltr'>singulae</span> <span class='ocrx_word' id='word_1_186' title='bbox 1007 1859 1155 1904; x_wconf 90' lang='lat' dir='ltr'>virum</span> <span class='ocrx_word' id='word_1_187' title='bbox 1180 1876 1311 1904; x_wconf 90' lang='lat' dir='ltr'>suum</span> <span class='ocrx_word' id='word_1_188' title='bbox 1338 1869 1416 1905; x_wconf 91' lang='lat' dir='ltr'>aut</span> <span class='ocrx_word' id='word_1_189' title='bbox 1439 1860 1634 1905; x_wconf 90' lang='lat' dir='ltr'>amicum</span> <span class='ocrx_word' id='word_1_190' title='bbox 1662 1870 1781 1905; x_wconf 87' lang='lat' dir='ltr'>sorte</span> <span class='ocrx_word' id='word_1_191' title='bbox 1806 1859 1912 1905; x_wconf 89' lang='lat' dir='ltr'>belli</span> <span class='ocrx_word' id='word_1_192' title='bbox 1934 1861 2203 1922; x_wconf 87' lang='lat' dir='ltr'>reperissent</span> <span class='ocrx_word' id='word_1_193' title='bbox 2222 1859 2519 1905; x_wconf 81' lang='lat' dir='ltr'>exstinctum?</span> <span class='ocrx_word' id='word_1_194' title='bbox 2541 1861 2659 1906; x_wconf 87' lang='lat' dir='ltr'>Tan-</span> 
     </span>
     <span class='ocr_line' id='line_1_19' title="bbox 523 1938 2659 2003; baseline 0 -18"><span class='ocrx_word' id='word_1_195' title='bbox 523 1949 594 1985; x_wconf 88' lang='lat' dir='ltr'>tus</span> <span class='ocrx_word' id='word_1_196' title='bbox 620 1956 727 2002; x_wconf 81' lang='lat' dir='ltr'>ergo</span> <span class='ocrx_word' id='word_1_197' title='bbox 751 1939 955 1984; x_wconf 89' lang='lat' dir='ltr'>omnium</span> <span class='ocrx_word' id='word_1_198' title='bbox 977 1938 1122 1985; x_wconf 90' lang='lat' dir='ltr'>luctus</span> <span class='ocrx_word' id='word_1_199' title='bbox 1143 1940 1329 1997; x_wconf 89' lang='lat' dir='ltr'>exstitit,</span> <span class='ocrx_word' id='word_1_200' title='bbox 1357 1949 1408 1985; x_wconf 89' lang='lat' dir='ltr'>ut</span> <span class='ocrx_word' id='word_1_201' title='bbox 1427 1938 1586 1985; x_wconf 90' lang='lat' dir='ltr'>melius</span> <span class='ocrx_word' id='word_1_202' title='bbox 1610 1940 1721 1985; x_wconf 90' lang='lat' dir='ltr'>mihi</span> <span class='ocrx_word' id='word_1_203' title='bbox 1742 1940 1936 1986; x_wconf 88' lang='lat' dir='ltr'>videaris</span> <span class='ocrx_word' id='word_1_204' title='bbox 1954 1951 1998 1986; x_wconf 87' lang='lat' dir='ltr'>te</span> <span class='ocrx_word' id='word_1_205' title='bbox 2015 1941 2179 1986; x_wconf 89' lang='lat' dir='ltr'>debere</span> <span class='ocrx_word' id='word_1_206' title='bbox 2195 1939 2307 1986; x_wconf 87' lang='lat' dir='ltr'>velle</span> <span class='ocrx_word' id='word_1_207' title='bbox 2324 1941 2507 2003; x_wconf 89' lang='lat' dir='ltr'>periisse</span> <span class='ocrx_word' id='word_1_208' title='bbox 2525 1956 2659 2002; x_wconf 87' lang='lat' dir='ltr'>quam</span> 
     </span>
     <span class='ocr_line' id='line_1_20' title="bbox 524 2018 2656 2081; baseline 0 -16"><span class='ocrx_word' id='word_1_209' title='bbox 524 2035 717 2073; x_wconf 88' lang='lat' dir='ltr'>servasse</span> <span class='ocrx_word' id='word_1_210' title='bbox 736 2019 858 2081; x_wconf 90' lang='lat' dir='ltr'>quod</span> <span class='ocrx_word' id='word_1_211' title='bbox 883 2019 1035 2081; x_wconf 90' lang='lat' dir='ltr'>periit.</span> <span class='ocrx_word' id='word_1_212' title='bbox 1063 2018 1187 2064; x_wconf 87' lang='lat' dir='ltr'>Felix</span> <span class='ocrx_word' id='word_1_213' title='bbox 1210 2036 1255 2065; x_wconf 92' lang='lat' dir='ltr'>se</span> <span class='ocrx_word' id='word_1_214' title='bbox 1272 2020 1414 2065; x_wconf 85' lang='lat' dir='ltr'>nescit</span> <span class='ocrx_word' id='word_1_215' title='bbox 1437 2020 1593 2065; x_wconf 89' lang='lat' dir='ltr'>amari.</span> <span class='ocrx_word' id='word_1_216' title='bbox 1622 2022 1743 2065; x_wconf 90' lang='lat' dir='ltr'>Pene</span> <span class='ocrx_word' id='word_1_217' title='bbox 1767 2029 1863 2065; x_wconf 88' lang='lat' dir='ltr'>tota</span> <span class='ocrx_word' id='word_1_218' title='bbox 1886 2021 2038 2067; x_wconf 88' lang='lat' dir='ltr'>civitas</span> <span class='ocrx_word' id='word_1_219' title='bbox 2059 2021 2106 2065; x_wconf 90' lang='lat' dir='ltr'>in</span> <span class='ocrx_word' id='word_1_220' title='bbox 2129 2030 2208 2065; x_wconf 87' lang='lat' dir='ltr'>tuo</span> <span class='ocrx_word' id='word_1_221' title='bbox 2229 2019 2386 2066; x_wconf 90' lang='lat' dir='ltr'>dolore</span> <span class='ocrx_word' id='word_1_222' title='bbox 2405 2019 2656 2066; x_wconf 87' lang='lat' dir='ltr'>contabuit.</span> 
     </span>
     <span class='ocr_line' id='line_1_21' title="bbox 525 2099 2657 2164; baseline 0 -19"><span class='ocrx_word' id='word_1_223' title='bbox 525 2100 675 2146; x_wconf 88' lang='lat' dir='ltr'>Habes</span> <span class='ocrx_word' id='word_1_224' title='bbox 698 2116 845 2144; x_wconf 90' lang='lat' dir='ltr'>arram</span> <span class='ocrx_word' id='word_1_225' title='bbox 868 2116 983 2145; x_wconf 86' lang='lat' dir='ltr'>verae</span> <span class='ocrx_word' id='word_1_226' title='bbox 1007 2099 1260 2146; x_wconf 89' lang='lat' dir='ltr'>dilectionis</span> <span class='ocrx_word' id='word_1_227' title='bbox 1285 2101 1333 2146; x_wconf 90' lang='lat' dir='ltr'>in</span> <span class='ocrx_word' id='word_1_228' title='bbox 1359 2110 1429 2159; x_wconf 87' lang='lat' dir='ltr'>te,</span> <span class='ocrx_word' id='word_1_229' title='bbox 1458 2117 1594 2163; x_wconf 90' lang='lat' dir='ltr'>quam</span> <span class='ocrx_word' id='word_1_230' title='bbox 1621 2101 1657 2146; x_wconf 91' lang='lat' dir='ltr'>si</span> <span class='ocrx_word' id='word_1_231' title='bbox 1682 2101 1808 2164; x_wconf 90' lang='lat' dir='ltr'>prius</span> <span class='ocrx_word' id='word_1_232' title='bbox 1837 2102 2118 2164; x_wconf 87' lang='lat' dir='ltr'>agnovisses,</span> <span class='ocrx_word' id='word_1_233' title='bbox 2143 2100 2286 2146; x_wconf 90' lang='lat' dir='ltr'>nullas</span> <span class='ocrx_word' id='word_1_234' title='bbox 2304 2136 2315 2157; x_wconf 94' lang='lat'>,</span> <span class='ocrx_word' id='word_1_235' title='bbox 2343 2117 2444 2146; x_wconf 88' lang='lat' dir='ltr'>meo</span> <span class='ocrx_word' id='word_1_236' title='bbox 2459 2100 2657 2162; x_wconf 88' lang='lat' dir='ltr'>judicio,</span> 
     </span>
     <span class='ocr_line' id='line_1_22' title="bbox 526 2178 2663 2244; baseline -0 -19"><span class='ocrx_word' id='word_1_237' title='bbox 526 2180 705 2226; x_wconf 88' lang='lat' dir='ltr'>divitias</span> <span class='ocrx_word' id='word_1_238' title='bbox 735 2178 800 2224; x_wconf 90' lang='lat' dir='ltr'>illi</span> <span class='ocrx_word' id='word_1_239' title='bbox 829 2179 1154 2241; x_wconf 86' lang='lat' dir='ltr'>comparabiles</span> <span class='ocrx_word' id='word_1_240' title='bbox 1186 2180 1445 2226; x_wconf 76' lang='lat' dir='ltr'>aestimares.</span> <span class='ocrx_word' id='word_1_241' title='bbox 1483 2181 1570 2225; x_wconf 90' lang='lat' dir='ltr'>Sed</span> <span class='ocrx_word' id='word_1_242' title='bbox 1603 2181 1793 2226; x_wconf 87' lang='lat' dir='ltr'>forsitan</span> <span class='ocrx_word' id='word_1_243' title='bbox 1818 2180 1895 2226; x_wconf 94' lang='lat' dir='ltr'>illo</span> <span class='ocrx_word' id='word_1_244' title='bbox 1928 2198 2135 2227; x_wconf 87' lang='lat' dir='ltr'>sermone</span> <span class='ocrx_word' id='word_1_245' title='bbox 2159 2182 2428 2244; x_wconf 84' lang='lat' dir='ltr'>prophetico</span> <span class='ocrx_word' id='word_1_246' title='bbox 2457 2181 2568 2226; x_wconf 90' lang='lat' dir='ltr'>mihi</span> <span class='ocrx_word' id='word_1_247' title='bbox 2593 2197 2663 2225; x_wconf 91' lang='lat' dir='ltr'>re-</span> 
     </span>
     <span class='ocr_line' id='line_1_23' title="bbox 527 2259 2664 2324; baseline 0.001 -20"><span class='ocrx_word' id='word_1_248' title='bbox 527 2260 751 2323; x_wconf 89' lang='lat' dir='ltr'>spondere</span> <span class='ocrx_word' id='word_1_249' title='bbox 777 2259 1051 2306; x_wconf 88' lang='lat' dir='ltr'>contendes:</span> <span class='ocrx_word' id='word_1_250' title='bbox 1075 2278 1096 2304; x_wconf 79' lang='grc' dir='ltr'>α</span> <span class='ocrx_word' id='word_1_251' title='bbox 1115 2261 1286 2306; x_wconf 89' lang='lat' dir='ltr'>Renuit</span> <span class='ocrx_word' id='word_1_252' title='bbox 1305 2260 1527 2306; x_wconf 89' lang='lat' dir='ltr'>consolari</span> <span class='ocrx_word' id='word_1_253' title='bbox 1549 2261 1736 2306; x_wconf 81' lang='lat' dir='ltr'>anima².</span> <span class='ocrx_word' id='word_1_254' title='bbox 1761 2280 1783 2304; x_wconf 88' lang='lat'>»</span> <span class='ocrx_word' id='word_1_255' title='bbox 1811 2263 1915 2309; x_wconf 89' lang='lat' dir='ltr'>Non</span> <span class='ocrx_word' id='word_1_256' title='bbox 1937 2278 2119 2324; x_wconf 90' lang='lat' dir='ltr'>possum</span> <span class='ocrx_word' id='word_1_257' title='bbox 2143 2279 2238 2307; x_wconf 92' lang='lat' dir='ltr'>non</span> <span class='ocrx_word' id='word_1_258' title='bbox 2264 2261 2417 2307; x_wconf 89' lang='lat' dir='ltr'>dolere</span> <span class='ocrx_word' id='word_1_259' title='bbox 2444 2272 2535 2307; x_wconf 86' lang='lat' dir='ltr'>tam</span> <span class='ocrx_word' id='word_1_260' title='bbox 2557 2278 2664 2324; x_wconf 91' lang='lat' dir='ltr'>pro-</span> 
     </span>
     <span class='ocr_line' id='line_1_24' title="bbox 528 2341 2659 2404; baseline 0 -17"><span class='ocrx_word' id='word_1_261' title='bbox 528 2341 665 2387; x_wconf 88' lang='lat' dir='ltr'>broso</span> <span class='ocrx_word' id='word_1_262' title='bbox 688 2351 831 2386; x_wconf 86' lang='lat' dir='ltr'>tactus</span> <span class='ocrx_word' id='word_1_263' title='bbox 851 2341 1142 2386; x_wconf 90' lang='lat' dir='ltr'>incommodo</span> <span class='ocrx_word' id='word_1_264' title='bbox 1159 2359 1169 2387; x_wconf 77' lang='grc' dir='ltr'><strong><em>ε</em></strong></span> <span class='ocrx_word' id='word_1_265' title='bbox 1189 2342 1405 2403; x_wconf 89' lang='lat' dir='ltr'>quoniam</span> <span class='ocrx_word' id='word_1_266' title='bbox 1423 2342 1511 2387; x_wconf 91' lang='lat' dir='ltr'>hoc</span> <span class='ocrx_word' id='word_1_267' title='bbox 1529 2342 1769 2386; x_wconf 88' lang='lat' dir='ltr'>hominum</span> <span class='ocrx_word' id='word_1_268' title='bbox 1789 2358 1929 2404; x_wconf 85' lang='lat' dir='ltr'>genus</span> <span class='ocrx_word' id='word_1_269' title='bbox 1949 2359 2073 2387; x_wconf 92' lang='lat' dir='ltr'>suam</span> <span class='ocrx_word' id='word_1_270' title='bbox 2097 2341 2211 2387; x_wconf 90' lang='lat' dir='ltr'>solet</span> <span class='ocrx_word' id='word_1_271' title='bbox 2227 2352 2404 2388; x_wconf 84' lang='lat' dir='ltr'>aetatem</span> <span class='ocrx_word' id='word_1_272' title='bbox 2421 2341 2659 2388; x_wconf 88' lang='lat' dir='ltr'>adducere.</span> 
     </span>
     <span class='ocr_line' id='line_1_25' title="bbox 528 2422 2665 2486; baseline -0 -16"><span class='ocrx_word' id='word_1_273' title='bbox 528 2423 773 2471; x_wconf 88' lang='lat' dir='ltr'>Nudantur</span> <span class='ocrx_word' id='word_1_274' title='bbox 797 2439 921 2484; x_wconf 85' lang='lat' dir='ltr'>genae</span> <span class='ocrx_word' id='word_1_275' title='bbox 951 2432 1052 2484; x_wconf 85' lang='lat' dir='ltr'>post</span> <span class='ocrx_word' id='word_1_276' title='bbox 1081 2422 1310 2468; x_wconf 88' lang='lat' dir='ltr'>modicum</span> <span class='ocrx_word' id='word_1_277' title='bbox 1336 2433 1604 2468; x_wconf 89' lang='lat' dir='ltr'>ornamento</span> <span class='ocrx_word' id='word_1_278' title='bbox 1623 2422 1839 2485; x_wconf 90' lang='lat' dir='ltr'>pilorum,</span> <span class='ocrx_word' id='word_1_279' title='bbox 1861 2433 1906 2468; x_wconf 93' lang='lat' dir='ltr'>et</span> <span class='ocrx_word' id='word_1_280' title='bbox 1929 2422 2074 2486; x_wconf 89' lang='lat' dir='ltr'>gloria</span> <span class='ocrx_word' id='word_1_281' title='bbox 2097 2423 2210 2469; x_wconf 88' lang='lat' dir='ltr'>cutis</span> <span class='ocrx_word' id='word_1_282' title='bbox 2237 2423 2281 2468; x_wconf 91' lang='lat' dir='ltr'>in</span> <span class='ocrx_word' id='word_1_283' title='bbox 2308 2422 2419 2468; x_wconf 89' lang='lat' dir='ltr'>facie</span> <span class='ocrx_word' id='word_1_284' title='bbox 2444 2423 2489 2467; x_wconf 91' lang='lat' dir='ltr'>in</span> <span class='ocrx_word' id='word_1_285' title='bbox 2507 2440 2665 2486; x_wconf 83' lang='lat' dir='ltr'>rugam</span> 
     </span>
     <span class='ocr_line' id='line_1_26' title="bbox 531 2500 2663 2566; baseline 0 -18"><span class='ocrx_word' id='word_1_286' title='bbox 531 2502 839 2560; x_wconf 88' lang='lat' dir='ltr'>contrahitur,</span> <span class='ocrx_word' id='word_1_287' title='bbox 872 2500 1018 2564; x_wconf 92' lang='lat' dir='ltr'>pallor</span> <span class='ocrx_word' id='word_1_288' title='bbox 1049 2502 1373 2548; x_wconf 88' lang='lat' dir='ltr'>inconveniens</span> <span class='ocrx_word' id='word_1_289' title='bbox 1401 2502 1641 2548; x_wconf 90' lang='lat' dir='ltr'>confundit</span> <span class='ocrx_word' id='word_1_290' title='bbox 1663 2502 1863 2561; x_wconf 86' lang='lat' dir='ltr'>vultum,</span> <span class='ocrx_word' id='word_1_291' title='bbox 1887 2513 1931 2549; x_wconf 90' lang='lat' dir='ltr'>et</span> <span class='ocrx_word' id='word_1_292' title='bbox 1954 2504 2031 2565; x_wconf 92' lang='lat' dir='ltr'>qui</span> <span class='ocrx_word' id='word_1_293' title='bbox 2057 2520 2129 2549; x_wconf 88' lang='lat' dir='ltr'>me</span> <span class='ocrx_word' id='word_1_294' title='bbox 2153 2502 2397 2566; x_wconf 88' lang='lat' dir='ltr'>aliquando</span> <span class='ocrx_word' id='word_1_295' title='bbox 2421 2513 2663 2562; x_wconf 87' lang='lat' dir='ltr'>noverunt,</span> 
     </span>
     <span class='ocr_line' id='line_1_27' title="bbox 533 2569 2662 2647; baseline -0 -18"><span class='ocrx_word' id='word_1_296' title='bbox 533 2601 586 2629; x_wconf 83' lang='lat' dir='ltr'>ex</span> <span class='ocrx_word' id='word_1_297' title='bbox 600 2569 871 2646; x_wconf 54' lang='lat' dir='ltr'>quo‘faciem</span> <span class='ocrx_word' id='word_1_298' title='bbox 895 2599 1041 2628; x_wconf 89' lang='lat' dir='ltr'>meam</span> <span class='ocrx_word' id='word_1_299' title='bbox 1059 2583 1274 2642; x_wconf 88' lang='lat' dir='ltr'>viderint,</span> <span class='ocrx_word' id='word_1_300' title='bbox 1298 2585 1450 2629; x_wconf 88' lang='lat' dir='ltr'>statim</span> <span class='ocrx_word' id='word_1_301' title='bbox 1465 2601 1557 2630; x_wconf 90' lang='lat' dir='ltr'>esse</span> <span class='ocrx_word' id='word_1_302' title='bbox 1581 2583 1792 2629; x_wconf 91' lang='lat' dir='ltr'>mutilum</span> <span class='ocrx_word' id='word_1_303' title='bbox 1811 2584 1896 2630; x_wconf 88' lang='lat' dir='ltr'>hac</span> <span class='ocrx_word' id='word_1_304' title='bbox 1913 2585 2118 2647; x_wconf 89' lang='lat' dir='ltr'>corporis</span> <span class='ocrx_word' id='word_1_305' title='bbox 2142 2594 2269 2647; x_wconf 87' lang='lat' dir='ltr'>parte</span> <span class='ocrx_word' id='word_1_306' title='bbox 2292 2594 2396 2630; x_wconf 89' lang='lat' dir='ltr'>sunt</span> <span class='ocrx_word' id='word_1_307' title='bbox 2419 2584 2662 2646; x_wconf 84' lang='lat' dir='ltr'>cognituri.</span> 
     </span>
     <span class='ocr_line' id='line_1_28' title="bbox 531 2663 2666 2728; baseline 0 -20"><span class='ocrx_word' id='word_1_308' title='bbox 531 2665 717 2726; x_wconf 82' lang='lat' dir='ltr'>Exigam</span> <span class='ocrx_word' id='word_1_309' title='bbox 741 2680 849 2726; x_wconf 84' lang='lat' dir='ltr'>ergo</span> <span class='ocrx_word' id='word_1_310' title='bbox 869 2664 957 2708; x_wconf 88' lang='lat' dir='ltr'>mei</span> <span class='ocrx_word' id='word_1_311' title='bbox 973 2663 1219 2710; x_wconf 89' lang='lat' dir='ltr'>vindictam</span> <span class='ocrx_word' id='word_1_312' title='bbox 1244 2663 1494 2722; x_wconf 89' lang='lat' dir='ltr'>dedecoris,</span> <span class='ocrx_word' id='word_1_313' title='bbox 1515 2675 1559 2710; x_wconf 86' lang='lat' dir='ltr'>et</span> <span class='ocrx_word' id='word_1_314' title='bbox 1583 2675 1730 2711; x_wconf 91' lang='lat' dir='ltr'>totum</span> <span class='ocrx_word' id='word_1_315' title='bbox 1762 2682 1872 2710; x_wconf 87' lang='lat' dir='ltr'>meae</span> <span class='ocrx_word' id='word_1_316' title='bbox 1900 2665 2079 2728; x_wconf 91' lang='lat' dir='ltr'>pondus</span> <span class='ocrx_word' id='word_1_317' title='bbox 2106 2665 2281 2727; x_wconf 85' lang='lat' dir='ltr'>injuriae</span> <span class='ocrx_word' id='word_1_318' title='bbox 2318 2664 2515 2709; x_wconf 91' lang='lat' dir='ltr'>romanis</span> <span class='ocrx_word' id='word_1_319' title='bbox 2543 2664 2666 2710; x_wconf 87' lang='lat' dir='ltr'>auri-</span> 
     </span>
     <span class='ocr_line' id='line_1_29' title="bbox 534 2744 2668 2808; baseline 0 -20"><span class='ocrx_word' id='word_1_320' title='bbox 534 2744 618 2790; x_wconf 87' lang='lat' dir='ltr'>bus</span> <span class='ocrx_word' id='word_1_321' title='bbox 638 2745 846 2789; x_wconf 88' lang='lat' dir='ltr'>intimare</span> <span class='ocrx_word' id='word_1_322' title='bbox 870 2744 1078 2803; x_wconf 87' lang='lat' dir='ltr'>studebo,</span> <span class='ocrx_word' id='word_1_323' title='bbox 1107 2755 1151 2790; x_wconf 91' lang='lat' dir='ltr'>et</span> <span class='ocrx_word' id='word_1_324' title='bbox 1176 2755 1267 2790; x_wconf 87' lang='lat' dir='ltr'>tam</span> <span class='ocrx_word' id='word_1_325' title='bbox 1294 2746 1555 2808; x_wconf 90' lang='lat' dir='ltr'>episcopum</span> <span class='ocrx_word' id='word_1_326' title='bbox 1577 2763 1712 2808; x_wconf 87' lang='lat' dir='ltr'>quam</span> <span class='ocrx_word' id='word_1_327' title='bbox 1729 2747 1987 2805; x_wconf 90' lang='lat' dir='ltr'>canonicos,</span> <span class='ocrx_word' id='word_1_328' title='bbox 2010 2746 2224 2808; x_wconf 88' lang='lat' dir='ltr'>quoniam</span> <span class='ocrx_word' id='word_1_329' title='bbox 2241 2745 2435 2807; x_wconf 88' lang='lat' dir='ltr'>primum</span> <span class='ocrx_word' id='word_1_330' title='bbox 2445 2744 2668 2806; x_wconf 89' lang='lat' dir='ltr'>judicium</span> 
     </span>
     <span class='ocr_line' id='line_1_30' title="bbox 538 2822 2668 2888; baseline 0 -19"><span class='ocrx_word' id='word_1_331' title='bbox 538 2825 593 2871; x_wconf 91' lang='lat' dir='ltr'>de</span> <span class='ocrx_word' id='word_1_332' title='bbox 623 2824 700 2870; x_wconf 92' lang='lat' dir='ltr'>illo</span> <span class='ocrx_word' id='word_1_333' title='bbox 726 2825 803 2887; x_wconf 92' lang='lat' dir='ltr'>qui</span> <span class='ocrx_word' id='word_1_334' title='bbox 832 2825 879 2870; x_wconf 92' lang='lat' dir='ltr'>in</span> <span class='ocrx_word' id='word_1_335' title='bbox 908 2842 978 2870; x_wconf 91' lang='lat' dir='ltr'>me</span> <span class='ocrx_word' id='word_1_336' title='bbox 1009 2824 1151 2871; x_wconf 90' lang='lat' dir='ltr'>malus</span> <span class='ocrx_word' id='word_1_337' title='bbox 1186 2826 1379 2884; x_wconf 85' lang='lat' dir='ltr'>exstitit,</span> <span class='ocrx_word' id='word_1_338' title='bbox 1411 2838 1587 2872; x_wconf 89' lang='lat' dir='ltr'>mutare</span> <span class='ocrx_word' id='word_1_339' title='bbox 1616 2826 1860 2871; x_wconf 90' lang='lat' dir='ltr'>machinati</span> <span class='ocrx_word' id='word_1_340' title='bbox 1894 2836 2021 2885; x_wconf 88' lang='lat' dir='ltr'>sunt,</span> <span class='ocrx_word' id='word_1_341' title='bbox 2052 2837 2271 2888; x_wconf 89' lang='lat' dir='ltr'>quantum</span> <span class='ocrx_word' id='word_1_342' title='bbox 2305 2836 2466 2888; x_wconf 90' lang='lat' dir='ltr'>potero</span> <span class='ocrx_word' id='word_1_343' title='bbox 2490 2822 2668 2888; x_wconf 86' lang='lat' dir='ltr'>pertur-</span> 
     </span>
     <span class='ocr_line' id='line_1_31' title="bbox 538 2906 2669 2970; baseline 0 -18"><span class='ocrx_word' id='word_1_344' title='bbox 538 2907 674 2966; x_wconf 90' lang='lat' dir='ltr'>babo,</span> <span class='ocrx_word' id='word_1_345' title='bbox 699 2924 750 2952; x_wconf 87' lang='lat' dir='ltr'>ac</span> <span class='ocrx_word' id='word_1_346' title='bbox 766 2917 863 2952; x_wconf 89' lang='lat' dir='ltr'>tum</span> <span class='ocrx_word' id='word_1_347' title='bbox 886 2906 1068 2952; x_wconf 89' lang='lat' dir='ltr'>demum</span> <span class='ocrx_word' id='word_1_348' title='bbox 1086 2906 1357 2970; x_wconf 82' lang='lat' dir='ltr'>intelligent,</span> <span class='ocrx_word' id='word_1_349' title='bbox 1386 2924 1521 2969; x_wconf 92' lang='lat' dir='ltr'>quam</span> <span class='ocrx_word' id='word_1_350' title='bbox 1541 2907 1597 2953; x_wconf 89' lang='lat' dir='ltr'>sit</span> <span class='ocrx_word' id='word_1_351' title='bbox 1621 2908 1900 2953; x_wconf 86' lang='lat' dir='ltr'>contrarium</span> <span class='ocrx_word' id='word_1_352' title='bbox 1923 2908 2146 2954; x_wconf 85' lang='lat' dir='ltr'>honestati</span> <span class='ocrx_word' id='word_1_353' title='bbox 2172 2924 2197 2953; x_wconf 86' lang='lat' dir='ltr'>a</span> <span class='ocrx_word' id='word_1_354' title='bbox 2217 2907 2365 2969; x_wconf 87' lang='lat' dir='ltr'>rigore</span> <span class='ocrx_word' id='word_1_355' title='bbox 2383 2906 2569 2968; x_wconf 84' lang='lat' dir='ltr'>justitiae</span> <span class='ocrx_word' id='word_1_356' title='bbox 2592 2906 2669 2952; x_wconf 90' lang='lat' dir='ltr'>de-</span> 
     </span>
     <span class='ocr_line' id='line_1_32' title="bbox 539 2985 2671 3050; baseline 0 -17"><span class='ocrx_word' id='word_1_357' title='bbox 539 2989 695 3033; x_wconf 90' lang='lat' dir='ltr'>viasse.</span> <span class='ocrx_word' id='word_1_358' title='bbox 715 3005 738 3030; x_wconf 88' lang='lat'>»</span> <span class='ocrx_word' id='word_1_359' title='bbox 759 2989 801 3032; x_wconf 93' lang='lat' dir='ltr'><strong>O</strong></span> <span class='ocrx_word' id='word_1_360' title='bbox 820 2987 1034 3032; x_wconf 87' lang='lat' dir='ltr'>miserum</span> <span class='ocrx_word' id='word_1_361' title='bbox 1057 2986 1185 3032; x_wconf 90' lang='lat' dir='ltr'>valde</span> <span class='ocrx_word' id='word_1_362' title='bbox 1208 2987 1466 3047; x_wconf 88' lang='lat' dir='ltr'>consilium,</span> <span class='ocrx_word' id='word_1_363' title='bbox 1489 2998 1534 3032; x_wconf 88' lang='lat' dir='ltr'>et</span> <span class='ocrx_word' id='word_1_364' title='bbox 1556 2988 1681 3033; x_wconf 89' lang='lat' dir='ltr'>omni</span> <span class='ocrx_word' id='word_1_365' title='bbox 1700 2987 1963 3034; x_wconf 86' lang='lat' dir='ltr'>destitutum</span> <span class='ocrx_word' id='word_1_366' title='bbox 1985 2985 2201 3034; x_wconf 79' lang='lat' dir='ltr'>utilitate!</span> <span class='ocrx_word' id='word_1_367' title='bbox 2228 2987 2447 3050; x_wconf 90' lang='lat' dir='ltr'>Nunquid</span> <span class='ocrx_word' id='word_1_368' title='bbox 2471 3004 2565 3032; x_wconf 91' lang='lat' dir='ltr'>non</span> <span class='ocrx_word' id='word_1_369' title='bbox 2584 3004 2671 3034; x_wconf 88' lang='lat' dir='ltr'>au-</span> 
     </span>
     <span class='ocr_line' id='line_1_33' title="bbox 539 3067 2670 3132; baseline 0 -17"><span class='ocrx_word' id='word_1_370' title='bbox 539 3069 644 3115; x_wconf 85' lang='lat' dir='ltr'>disti</span> <span class='ocrx_word' id='word_1_371' title='bbox 658 3067 900 3130; x_wconf 90' lang='lat' dir='ltr'>aliquando</span> <span class='ocrx_word' id='word_1_372' title='bbox 913 3068 968 3113; x_wconf 91' lang='lat' dir='ltr'>de</span> <span class='ocrx_word' id='word_1_373' title='bbox 986 3069 1297 3114; x_wconf 86' lang='lat' dir='ltr'>Romanorum</span> <span class='ocrx_word' id='word_1_374' title='bbox 1314 3069 1502 3115; x_wconf 88' lang='lat' dir='ltr'>avaritia</span> <span class='ocrx_word' id='word_1_375' title='bbox 1518 3079 1562 3114; x_wconf 93' lang='lat' dir='ltr'>et</span> <span class='ocrx_word' id='word_1_376' title='bbox 1576 3069 1868 3132; x_wconf 80' lang='lat' dir='ltr'>impuritate?</span> <span class='ocrx_word' id='word_1_377' title='bbox 1887 3070 2001 3128; x_wconf 89' lang='lat' dir='ltr'>Quis</span> <span class='ocrx_word' id='word_1_378' title='bbox 2018 3086 2219 3132; x_wconf 90' lang='lat' dir='ltr'>unquam</span> <span class='ocrx_word' id='word_1_379' title='bbox 2238 3070 2328 3115; x_wconf 91' lang='lat' dir='ltr'>suis</span> <span class='ocrx_word' id='word_1_380' title='bbox 2346 3069 2494 3131; x_wconf 90' lang='lat' dir='ltr'>potuit</span> <span class='ocrx_word' id='word_1_381' title='bbox 2507 3068 2670 3131; x_wconf 91' lang='lat' dir='ltr'>opibus</span> 
     </span>
     <span class='ocr_line' id='line_1_34' title="bbox 542 3148 2669 3213; baseline -0.001 -17"><span class='ocrx_word' id='word_1_382' title='bbox 542 3150 829 3196; x_wconf 87' lang='lat' dir='ltr'>meretricum</span> <span class='ocrx_word' id='word_1_383' title='bbox 854 3149 1118 3212; x_wconf 88' lang='lat' dir='ltr'>voraginem</span> <span class='ocrx_word' id='word_1_384' title='bbox 1143 3149 1333 3195; x_wconf 81' lang='lat' dir='ltr'>satiare?</span> <span class='ocrx_word' id='word_1_385' title='bbox 1354 3150 1468 3208; x_wconf 81' lang='lat' dir='ltr'>Quis</span> <span class='ocrx_word' id='word_1_386' title='bbox 1498 3150 1648 3212; x_wconf 90' lang='lat' dir='ltr'>potuit</span> <span class='ocrx_word' id='word_1_387' title='bbox 1670 3149 1854 3196; x_wconf 87' lang='lat' dir='ltr'>sacculis</span> <span class='ocrx_word' id='word_1_388' title='bbox 1879 3150 2139 3213; x_wconf 88' lang='lat' dir='ltr'>cupiditatis</span> <span class='ocrx_word' id='word_1_389' title='bbox 2162 3166 2316 3195; x_wconf 89' lang='lat' dir='ltr'>earum</span> <span class='ocrx_word' id='word_1_390' title='bbox 2338 3148 2543 3194; x_wconf 89' lang='lat' dir='ltr'>sufficere</span> <span class='ocrx_word' id='word_1_391' title='bbox 2566 3165 2669 3194; x_wconf 90' lang='lat' dir='ltr'>cru-</span> 
     </span>
     <span class='ocr_line' id='line_1_35' title="bbox 542 3227 2670 3293; baseline -0.001 -18"><span class='ocrx_word' id='word_1_392' title='bbox 542 3228 716 3275; x_wconf 83' lang='lat' dir='ltr'>menis?</span> <span class='ocrx_word' id='word_1_393' title='bbox 740 3230 973 3287; x_wconf 86' lang='lat' dir='ltr'>Quantum</span> <span class='ocrx_word' id='word_1_394' title='bbox 1003 3246 1111 3292; x_wconf 84' lang='lat' dir='ltr'>ergo</span> <span class='ocrx_word' id='word_1_395' title='bbox 1141 3231 1318 3275; x_wconf 88' lang='lat' dir='ltr'>ratione</span> <span class='ocrx_word' id='word_1_396' title='bbox 1340 3228 1521 3293; x_wconf 89' lang='lat' dir='ltr'>colligo,</span> <span class='ocrx_word' id='word_1_397' title='bbox 1545 3246 1629 3274; x_wconf 90' lang='lat' dir='ltr'>nec</span> <span class='ocrx_word' id='word_1_398' title='bbox 1655 3229 1760 3285; x_wconf 86' lang='lat' dir='ltr'>tibi,</span> <span class='ocrx_word' id='word_1_399' title='bbox 1789 3247 1873 3276; x_wconf 89' lang='lat' dir='ltr'>nec</span> <span class='ocrx_word' id='word_1_400' title='bbox 1899 3229 2107 3276; x_wconf 84' lang='lat' dir='ltr'>Ecclesiae</span> <span class='ocrx_word' id='word_1_401' title='bbox 2130 3240 2240 3288; x_wconf 87' lang='lat' dir='ltr'>tuae,</span> <span class='ocrx_word' id='word_1_402' title='bbox 2267 3229 2355 3274; x_wconf 89' lang='lat' dir='ltr'>hoc</span> <span class='ocrx_word' id='word_1_403' title='bbox 2380 3228 2516 3273; x_wconf 89' lang='lat' dir='ltr'>etiam</span> <span class='ocrx_word' id='word_1_404' title='bbox 2545 3227 2670 3290; x_wconf 85' lang='lat' dir='ltr'>cogi-</span> 
     </span>
     <span class='ocr_line' id='line_1_36' title="bbox 545 3305 2670 3372; baseline -0.001 -17"><span class='ocrx_word' id='word_1_405' title='bbox 545 3321 654 3367; x_wconf 71' lang='lat' dir='ltr'>(are,</span> <span class='ocrx_word' id='word_1_406' title='bbox 683 3308 860 3354; x_wconf 88' lang='lat' dir='ltr'>salubre</span> <span class='ocrx_word' id='word_1_407' title='bbox 879 3308 1117 3355; x_wconf 90' lang='lat' dir='ltr'>consilium</span> <span class='ocrx_word' id='word_1_408' title='bbox 1142 3327 1235 3356; x_wconf 89' lang='lat' dir='ltr'>esse</span> <span class='ocrx_word' id='word_1_409' title='bbox 1258 3310 1555 3372; x_wconf 85' lang='lat' dir='ltr'>dignoscitur.</span> <span class='ocrx_word' id='word_1_410' title='bbox 1583 3311 1640 3355; x_wconf 88' lang='lat' dir='ltr'>Et</span> <span class='ocrx_word' id='word_1_411' title='bbox 1667 3309 1912 3372; x_wconf 89' lang='lat' dir='ltr'>plurimum</span> <span class='ocrx_word' id='word_1_412' title='bbox 1936 3310 2210 3356; x_wconf 90' lang='lat' dir='ltr'>monasterio</span> <span class='ocrx_word' id='word_1_413' title='bbox 2237 3319 2338 3367; x_wconf 89' lang='lat' dir='ltr'>tuo,</span> <span class='ocrx_word' id='word_1_414' title='bbox 2368 3307 2440 3354; x_wconf 89' lang='lat' dir='ltr'>cui</span> <span class='ocrx_word' id='word_1_415' title='bbox 2466 3305 2670 3353; x_wconf 86' lang='lat' dir='ltr'>addictus</span> 
     </span>
    </p>
   </div>
   <div class='ocr_carea' id='block_1_5' title="bbox 591 3444 1636 3486">
    <p class='ocr_par' dir='ltr' id='par_1_5' title="bbox 591 3444 1636 3486">
     <span class='ocr_line' id='line_1_37' title="bbox 591 3444 1636 3486; baseline -0.001 -8"><span class='ocrx_word' id='word_1_416' title='bbox 591 3445 599 3461; x_wconf 88' lang='lat'>¹</span> <span class='ocrx_word' id='word_1_417' title='bbox 627 3446 765 3485; x_wconf 67' lang='lat' dir='ltr'>Lucam,</span> <span class='ocrx_word' id='word_1_418' title='bbox 784 3445 956 3484; x_wconf 67' lang='lat' dir='ltr'>Phua-sal„</span> <span class='ocrx_word' id='word_1_419' title='bbox 973 3444 1027 3486; x_wconf 86' lang='lat' dir='ltr'>Vl,</span> <span class='ocrx_word' id='word_1_420' title='bbox 1051 3457 1083 3479; x_wconf 91' lang='lat' dir='ltr'>v.</span> <span class='ocrx_word' id='word_1_421' title='bbox 1101 3448 1177 3482; x_wconf 81' lang='lat'><strong>802.</strong></span> <span class='ocrx_word' id='word_1_422' title='bbox 1198 3465 1234 3470; x_wconf 82' lang='lat'>-</span> <span class='ocrx_word' id='word_1_423' title='bbox 1259 3445 1399 3479; x_wconf 60' lang='lat' dir='ltr'>’reatum</span> <span class='ocrx_word' id='word_1_424' title='bbox 1418 3456 1531 3486; x_wconf 53' lang='lat' dir='ltr'>mxxvi,</span> <span class='ocrx_word' id='word_1_425' title='bbox 1551 3457 1580 3479; x_wconf 88' lang='lat' dir='ltr'>v.</span> <span class='ocrx_word' id='word_1_426' title='bbox 1603 3448 1636 3478; x_wconf 77' lang='lat'>3.</span> 
     </span>
    </p>
   </div>
  </div>
 </body>
</html>
