2970 4152
558 443 654 488 352
1163 421 1167 424 ’
1360 436 1530 484 Perat
1565 437 1878 487 ABAELARm

557 533 798 592 subditur,
826 530 888 578 ad
912 546 1058 595 quam
1081 530 1168 576 iste
1189 528 1423 594 legatione
1442 530 1652 596 fungitur
1674 551 1683 579 :
1711 552 1735 578 «
1759 532 1830 580 Ad
1851 532 2119 596 Virginem,
2146 551 2169 576 »
2198 533 2393 597 inquit¹,
2427 552 2451 578 «
2474 533 2677 600 despon-

558 625 721 661 satam.
751 632 774 656 »
809 611 1052 675 Virginem
1076 610 1317 675 praemittit
1336 610 1656 675 desponsatae,
1686 629 1784 660 non
1809 623 1908 659 tam
1931 613 2159 677 temporis
2179 629 2325 677 quam
2340 613 2578 678 dignitatis
2603 631 2677 662 or-

558 694 686 741 dine.
714 692 807 739 Sed
832 708 937 755 quae
956 691 1069 750 ista,
1092 707 1252 755 quaeso
1266 727 1278 749 ,
1306 700 1376 738 est
1397 691 1600 756 dignitas
1614 728 1626 751 ,
1653 709 1754 740 esse
1778 693 2010 756 virginem
2033 693 2081 739 in
2101 709 2267 753 carne,
2290 694 2329 741 si
2342 694 2441 758 jam
2458 703 2545 759 per
2563 710 2678 742 con-

557 789 747 820 sensum
783 781 1009 836 corrupta
1036 770 1188 819 fuerat
1217 781 1378 819 mente
1399 771 1418 816 P
1437 775 1542 819 Non
1567 773 1695 820 enim
1721 772 2022 837 desponsari,
2061 772 2135 820 vel
2171 774 2531 822 matrimonium
2562 791 2677 822 con·

558 852 701 912 trahi,
746 852 835 898 nisi
871 852 974 917 pari
1015 851 1222 899 duorum
1271 868 1505 899 consensu
1543 862 1728 917 potest;
1770 869 1861 899 nec
1896 851 2030 900 aliter
2066 853 2168 917 ipsa
2214 855 2389 918 conjux
2439 854 2513 902 vel
2557 872 2678 902 uxor

556 932 731 998 Joseph
757 941 1008 979 vocaretur
1032 931 1092 979 ab
1112 931 1410 996 evangelista.
1447 932 1563 989 Quis
1588 933 1728 996 igitur
1746 932 1832 979 iste
1851 948 2112 980 consensus
2143 933 2226 980 fuit
2247 934 2266 979 Ρ
2292 933 2519 999 Nunquid
2547 951 2678 982 com-

558 1013 797 1060 mixtionis
822 1012 1047 1072 carnalis,
1081 1022 1133 1060 ut
1169 1013 1218 1058 in
1252 1012 1347 1059 hoc
1374 1012 1474 1075 jam
1505 1013 1649 1076 Virgo
1689 1013 2028 1071 consensisset,
2065 1011 2199 1077 quod
2235 1014 2404 1061 florem
2440 1013 2678 1078 dignitatis

557 1094 789 1141 amitteret
810 1093 829 1138 Ξ)
862 1092 992 1140 Absit
1013 1093 1108 1139 hoc
1132 1108 1159 1139 a
1183 1092 1273 1157 piis
1296 1092 1555 1150 mentibus,
1585 1102 1637 1139 ut
1661 1109 1766 1157 quae
1789 1093 1944 1158 prima
1967 1093 2245 1157 virginitatis
2262 1110 2437 1141 munus
2452 1093 2678 1142 obtulisse

557 1176 659 1221 Deo
685 1173 917 1233 creditur,
943 1174 992 1220 in
1018 1172 1150 1220 hunc
1177 1188 1464 1219 consensum
1490 1172 1632 1219 ducta
1654 1173 1932 1230 aestimetur,
1955 1174 2004 1219 in
2030 1190 2175 1238 quem
2198 1183 2270 1221 tot
2298 1174 2502 1238 virgines
2524 1191 2585 1222 ne
2605 1191 2681 1222 ve-

557 1255 735 1313 nirent,
765 1255 869 1301 vitae
897 1252 1201 1319 dispendium
1232 1252 1501 1316 elegerunt,
1539 1262 1586 1299 et
1615 1253 1681 1300 sic
1715 1256 1901 1317 Agnum
1935 1255 2069 1318 sequi
2099 1270 2390 1319 quocunque
2413 1254 2543 1313 ierit,
2578 1270 2678 1302 non

557 1334 712 1381 solum
738 1343 1071 1399 permanentes
1095 1333 1321 1397 virgines,
1355 1348 1521 1379 verum
1548 1333 1689 1380 etiam
1714 1333 1845 1381 factae
1869 1332 2107 1381 mulieres'.
2139 1334 2256 1392 Quis
2280 1334 2360 1381 hic
2387 1344 2547 1382 autem
2566 1351 2680 1382 con-

558 1431 722 1462 sensus
750 1413 1080 1479 intelligendus
1107 1415 1166 1460 sit
1191 1423 1289 1460 tam
1310 1413 1358 1459 in
1386 1429 1558 1477 sponsa
1576 1429 1720 1477 quam
1746 1414 1794 1460 in
1821 1414 2027 1478 virgine,
2059 1415 2304 1479 sequentia
2327 1415 2378 1462 ni
2403 1413 2540 1462 fallor
2569 1414 2680 1462 insi-

559 1506 724 1543 nuant.
752 1498 822 1542 De
846 1511 1024 1560 sponso
1048 1494 1270 1559 quidem,
1296 1510 1445 1557 quum
1476 1510 1566 1541 nec
1590 1510 1769 1541 nomen
1800 1495 1947 1559 ipsius
1977 1495 2223 1554 reticetur,
2258 1512 2409 1559 quum
2441 1495 2675 1542 dicitur²:

563 1596 586 1619 «
610 1577 723 1622 Viro
743 1576 820 1623 cui
836 1591 1013 1622 nomen
1034 1584 1133 1622 erat
1150 1573 1342 1638 Joseph.
1368 1592 1391 1617 »
1418 1573 1595 1639 Joseph
1616 1575 1821 1639 quippe,
1844 1574 1978 1638 quod
1996 1575 2332 1639 interpretatur
2349 1586 2675 1640 augmentum,

561 1655 677 1719 quid
703 1655 831 1702 aliud
857 1654 995 1702 nobis
1027 1655 1202 1713 innuit,
1235 1669 1380 1717 quam
1416 1669 1638 1717 magnam
1668 1655 1717 1701 in
1751 1670 1810 1701 eo
1845 1654 2186 1720 perfectionem
2220 1654 2489 1702 virtutum?
2525 1657 2682 1713 Quem

562 1737 700 1783 etiam
715 1772 726 1794 ,
753 1746 806 1782 ut
822 1735 987 1782 beatus
1007 1734 1223 1782 meminit
1241 1734 1557 1797 Hieronymus
1569 1735 1599 1794 ⁸,
1623 1734 1852 1798 virginem
1867 1769 1879 1793 ,
1908 1734 2029 1781 sicut
2052 1750 2278 1800 sponsam
2302 1735 2474 1800 ipsius,
2497 1745 2683 1783 constat

561 1816 892 1881 permansisse.
929 1818 963 1862 Α
989 1831 1084 1879 qua
1105 1813 1319 1880 profecto
1337 1814 1613 1878 virginitatis
1630 1814 1920 1878 perfectione
1939 1815 1977 1866 si
1995 1831 2081 1880 per
2098 1831 2388 1862 consensum
2402 1815 2682 1862 imminutus

562 1908 683 1945 esset
706 1897 904 1946 carnalis
930 1896 1346 1962 concupiscentiae,
1375 1912 1677 1961 nequaquam
1702 1896 1900 1961 dignum
1925 1907 2047 1944 esset
2077 1897 2138 1944 ab
2165 1897 2449 1962 evangelista
2473 1913 2683 1946 comme·

563 1980 739 2025 morari
770 1995 880 2025 eum
918 1977 1094 2043 Joseph
1130 1976 1384 2023 nominari.
1429 1977 1523 2034 Qui
1553 1977 1865 2042 postmodum
1899 1988 2146 2043 comperto
2180 1978 2385 2042 'Virginis
2415 1988 2678 2043 conceptu,

565 2069 696 2107 tanto
723 2060 908 2124 gravius
930 2059 980 2106 id
1003 2075 1114 2106 eum
1138 2059 1258 2105 ferre
1283 2075 1380 2105 non
1407 2068 1477 2106 est
1502 2058 1738 2119 mirabile,
1767 2069 1947 2124 quanto
1980 2077 2029 2107 se
2062 2059 2210 2123 magis
2238 2058 2428 2106 illusum
2462 2058 2679 2118 dolebat,

565 2157 709 2204 quem
731 2140 792 2186 ad
810 2139 1111 2186 continentiae
1133 2155 1420 2186 consensum
1443 2156 1618 2204 sponsa
1643 2149 1950 2204 pertraxerat.
1981 2143 2086 2204 Ipsa
2105 2139 2247 2187 etiam
2266 2139 2429 2203 Virgo,
2452 2155 2603 2203 quum
2622 2138 2683 2186 de

564 2238 614 2267 se
644 2220 955 2285 postmodum
986 2221 1074 2268 ait⁴
1102 2239 1111 2266 :
1151 2221 1454 2278 «Quomodo
1487 2220 1567 2267 fiet
1591 2221 1739 2280 istud,
1777 2222 2193 2286 quoniam'virum
2228 2238 2325 2268 non
2365 2220 2635 2284 cognosco?
2657 2239 2679 2263 »

565 2310 780 2365 patenter
809 2302 986 2360 innuit,
1024 2317 1326 2365 nequaquam
1360 2302 1409 2347 in
1445 2318 1584 2348 usum
1610 2302 1764 2348 carnis
1787 2318 1893 2348 eam
1921 2302 2238 2361 consensisse,
2270 2301 2431 2348 necin
2459 2301 2685 2365 concupi-

566 2381 743 2427 scentia
761 2397 810 2427 se
828 2381 931 2427 viro
951 2380 1215 2427 foederasse.
1240 2383 1301 2426 Ut
1320 2380 1437 2444 quid
1457 2381 1586 2427 enim
1605 2380 1804 2440 diceret,
1835 2401 1857 2425 «
1875 2380 2125 2444 quomodo
2144 2380 2225 2428 fiet
2244 2380 2339 2428 hoc
2354 2416 2365 2438 ,
2394 2381 2503 2444 quia
2528 2381 2685 2427 virum

565 2477 663 2507 non
696 2460 964 2525 cognosco?
989 2480 1011 2504 »
1045 2461 1084 2507 si
1108 2461 1157 2506 in
1188 2470 1348 2507 mente
1379 2459 1577 2507 haberet
1609 2461 1712 2508 viro
1747 2461 2084 2508 commisceri?
2120 2464 2177 2507 Et
2211 2461 2251 2507 si
2285 2461 2413 2508 enim
2434 2460 2534 2524 jam
2555 2475 2687 2507 com-

565 2540 711 2589 mixta
753 2558 854 2588 non
898 2551 1040 2601 esset,
1085 2550 1246 2605 posset
1282 2540 1445 2604 utique
1482 2541 1793 2605 postmodum
1827 2541 2151 2600 commisceri,
2193 2551 2244 2587 ut
2277 2540 2550 2587 mirandum
2586 2557 2685 2587 non

564 2634 707 2683 esset,
735 2623 774 2669 si
798 2623 898 2687 ipsa
929 2615 1144 2686 quoque,
1174 2621 1294 2668 sicut
1318 2620 1582 2680 Elizabeth,
1611 2638 1697 2686 per
1722 2621 1894 2668 divinae
1919 2622 2075 2685 gratiae
2105 2621 2290 2668 donum
2316 2639 2373 2669 ex
2397 2623 2499 2668 viro
2529 2621 2690 2669 conci-

564 2713 712 2768 peret.
745 2702 931 2750 Sciebat
956 2702 1097 2749 etiam
1128 2718 1216 2748 nec
1246 2701 1466 2748 homines
1492 2701 1637 2748 latere
1662 2702 1978 2765 integritatem
2010 2702 2286 2765 virginitatis
2310 2717 2421 2748 suae.
2455 2703 2551 2747 Cur
2572 2717 2686 2764 ergo

564 2785 697 2847 quasi
727 2784 967 2831 admirans
993 2792 1244 2846 quaereret,
1274 2782 1475 2846 qualiter
1492 2782 1542 2828 id
1560 2781 1663 2829 fieri
1680 2792 1869 2846 posset,
1896 2798 2048 2846 quum
2075 2782 2232 2828 virum
2261 2782 2363 2847 ipsa
2388 2797 2488 2828 non
2515 2797 2689 2846 cogno-

564 2864 747 2911 sceret?
780 2864 828 2910 Si
861 2863 1007 2922 hanc,
1045 2863 1265 2926 inquam,
1299 2862 1622 2925 cognitionem
1655 2861 1744 2908 viri
1775 2861 1837 2908 ad
1861 2862 2253 2908 commixtionem
2278 2861 2432 2907 carnis
2466 2861 2683 2919 referret,

563 2944 812 3007 quomodo
832 2943 893 2991 de
919 2943 1068 2990 Adam
1087 2942 1162 2989 vel
1178 2941 1422 2989 nonnullis
1438 2941 1538 2988 aliis
1557 2941 1738 2988 dictum
1757 2951 1848 3001 est,
1870 2942 1981 3005 quia
2001 2951 2329 3006 cognoverunt
2348 2957 2520 2988 uxores
2545 2941 2687 2987 suas?

566 3025 692 3082 Quid
716 3035 783 3072 est
809 3041 921 3089 ergo
950 3023 1082 3088 quod
1116 3024 1179 3070 ait
1205 3041 1214 3068 :
1248 3022 1461 3068 «Virum
1491 3039 1590 3068 non
1626 3023 1854 3086 cognovi,
1880 3040 1902 3066 υ
1932 3023 2022 3070 nisi
2049 3024 2161 3087 quia
2192 3021 2309 3069 nulli
2337 3037 2551 3085 unquam
2580 3036 2691 3067 con-

566 3123 703 3154 sensu
732 3107 908 3154 carnali
938 3123 1015 3154 me
1048 3105 1345 3152 commisceri
1376 3104 1627 3168 acquievi?
1661 3107 1713 3150 ln
1739 3121 1836 3168 quo
1862 3121 1975 3169 ergo
2001 3113 2307 3152 consenserat
2336 3101 2512 3166 Joseph
2539 3118 2690 3166 quum

568 3185 627 3233 ab
653 3204 710 3233 eo
737 3187 1130 3252 desponsaretur,
1167 3185 1259 3232 nisi
1289 3195 1340 3231 ut
1373 3185 1661 3231 castimoniae
1698 3185 1924 3232 virtutem
1953 3185 2056 3250 pari
2085 3183 2382 3231 custodirent
2411 3198 2647 3229 consensu
2670 3182 2689 3227 Ρ

568 3265 768 3314 Videbat
791 3268 968 3332 quippe
987 3283 1036 3313 se
1056 3283 1082 3312 a
1104 3264 1380 3331 parentibus
1405 3264 1465 3311 ad
1495 3265 1684 3329 nuptias
1706 3265 1835 3328 cogi,
1863 3281 1920 3311 ex
1942 3265 2043 3330 ipsa
2067 3264 2271 3311 maxime
2291 3262 2405 3326 legis
2424 3261 2687 3320 sanctione,

570 3363 673 3409 quae
699 3345 787 3392 sub
809 3345 1060 3393 maledicto
1093 3345 1305 3410 ponebat
1335 3360 1502 3391 omnes
1527 3344 1610 3408 qui
1634 3360 1732 3391 non
1760 3344 2081 3409 relinquerent
2107 3359 2269 3391 semen
2291 3343 2338 3388 in
2359 3340 2517 3388 Israel.
2544 3344 2694 3388 Nove·

620 3532 627 3544 ²
651 3531 742 3568 Luc.,
763 3540 835 3572 cap.
854 3541 882 3571 1,
903 3541 933 3563 v.
952 3531 1005 3563 Ξὸ.
1024 3549 1064 3553 -
1083 3530 1095 3546 ²
1117 3530 1197 3563 lbid.
1219 3549 1258 3555 ——
1275 3531 1288 3550 ¹
1306 3530 1387 3565 Adv.
1407 3529 1585 3563 Helvidium
1601 3556 1608 3570 ,
1634 3531 1714 3571 Opp.
1734 3536 1754 3561 t.
1777 3529 1832 3568 lv,
1853 3535 1935 3572 part.
1960 3528 2007 3568 ll,
2028 3528 2091 3560 col.
2119 3528 2190 3560 ΜΞ.
2206 3526 2273 3552 -⁴
2291 3527 2385 3567 Luc„
2407 3536 2479 3568 cap.
2498 3537 2528 3566 ι,
2546 3536 2576 3558 v.
2594 3526 2649 3557 3⁴.
