2970 4152
849 409 928 455 DE
962 405 1186 455 SANCTO
1220 403 1446 453 JOANNE
1479 403 1759 451 BAPTISTA
1793 403 2009 450 SERMO.
2397 404 2490 460 579

380 525 407 551 11.
416 508 592 564 ,Crates
608 504 689 552 ille
708 502 962 552 Thebanus
979 502 1195 567 projecto
1212 501 1263 547 in
1279 515 1412 546 mare
1433 515 1534 546 non
1552 515 1702 564 parvo
1722 499 1825 546 auri
1840 498 2086 563 pondere:
2107 517 2129 543 1(
2143 498 2296 557 Abite,
2316 499 2488 563 inquit,

380 605 404 631 «
429 590 638 651 pestium,
663 585 799 633 malae
819 584 1119 649 cupiditates.
1137 585 1236 646 Ego
1257 597 1345 628 vos
1366 595 1579 643 mergam
1600 595 1664 626 ne
1676 580 1785 644 ipse
1806 572 1995 643 mergiir
2016 596 2043 626 a
2063 579 2219 626 vobis.
2241 598 2263 623 »
2288 582 2408 625 Item
2430 579 2490 626 ad

376 666 629 714 Paulinum
660 664 1017 731 presbyterum¹
1041 681 1052 709 :
1082 680 1108 707 1(
1132 663 1296 709 Crates
1327 660 1405 707 ille
1438 658 1726 718 Thebanus,
1745 658 1897 706 homo
1927 659 2179 724 quondam
2197 658 2487 717 ditissimus,

374 762 526 812 quum
543 760 546 762 ·
562 747 624 795 ad
656 745 1014 812 philosophiam
1042 742 1250 790 Athenas
1282 750 1527 807 pergeret,
1561 757 1791 804 magnum
1819 741 1923 788 auri
1952 741 2145 805 pondus
2176 740 2370 804 abjecit3
2402 757 2491 787 nec

372 828 559 892 putavit
591 843 642 874 se
675 843 816 892 posse
850 836 897 873 et
923 826 1123 873 virtutes
1153 823 1295 871 simul
1328 832 1376 870 et
1407 821 1595 891 divitias
1628 821 1891 886 possidere.
1930 824 2026 868 Nos
2054 821 2346 869 suffarcinati
2373 837 2491 868 auro

373 909 615 956 Christum
642 908 887 972 sequimur
908 922 1171 972 pauperem
1184 942 1196 965 ‚
1221 915 1269 952 et
1290 903 1385 952 sub
1407 890 1638 969 ffraetextu
1666 902 1978 967 eleemosynae
1999 903 2210 967 pristinis
2227 901 2407 966 opibus·
2421 903 2493 948 in-

372 988 603 1057 cubantes
617 1026 628 1048 ,
649 987 905 1053 quomodo
935 1003 1191 1052 possumus
1213 985 1368 1033 aliena
1387 983 1592 1032 fideliter
1614 982 1924 1042 distribuere,
1951 983 2035 1047 qui
2056 993 2222 1030 nostra
2242 982 2399 1029 timidi
2420 998 2494 1029 re-

371 1054 687 1115 801113010εὲ1)
721 1067 856 1115 Idem
883 1067 945 1115 ad
980 1065 1342 1114 Pammachium
1369 1065 1431 1112 de
1457 1073 1614 1111 morte
1639 1062 1870 1110 Paulinae'
1897 1081 1906 1108 ε
1932 1065 2080 1109 «Non
2103 1071 2174 1108 est
2199 1061 2417 1126 proiecto
2447 1070 2493 1107 et

372 1158 710 1196 consummato
738 1149 843 1196 viro
872 1165 989 1213 opes
1017 1157 1350 1204 contemnere,
1380 1145 1637 1210 pecuniam
1665 1143 1919 1208 dissipare,
1951 1153 1999 1190 et
2022 1141 2255 1207 projicere
2283 1141 2416 1205 quod
2443 1141 2491 1187 in

373 1231 624 1275 momento
637 1238 685 1274 et
699 1228 837 1292 perdi
850 1238 899 1275 et
910 1228 1115 1275 inveniri
1130 1236 1305 1291 potest.
1321 1226 1449 1272 Fecit
1465 1224 1560 1271 hoc
1576 1226 1738 1271 Crates
1752 1222 2026 1281 Thebanus,
2045 1223 2155 1269 fecit
2170 1221 2489 1279 Antisthenes,

372 1306 587 1355 fecerunt
614 1307 831 1372 plurimi,
862 1323 985 1371 quos
1005 1306 1336 1354 vitiosissimos
1358 1304 1575 1367 legimus.
1601 1302 1708 1348 Plus
1729 1301 1875 1348 debet
1897 1301 2071 1349 Christi
2098 1301 2357 1364 discipulus
2378 1316 2495 1365 prae-

371 1396 496 1435 stare
510 1425 522 1447 ,
547 1404 695 1452 quam
717 1387 887 1434 mundi
909 1386 1244 1451 philosophus.
1271 1384 1486 1431 Christus
1507 1381 1820 1429 sanctificatio
1844 1392 1932 1430 est.
1961 1381 2174 1428 Christus
2196 1380 2490 1445 redemptio,

369 1465 501 1515 idem
516 1466 794 1531 redemptor
815 1475 863 1512 et
884 1465 1108 1530 pretium.
1136 1463 1350 1511 Christus
1373 1462 1554 1520 omnia,
1572 1472 1626 1508 ut
1648 1462 1732 1526 qui
1754 1461 1918 1508 omnia
1939 1470 2141 1526 propter
2158 1459 2402 1508 Christum
2421 1459 2494 1506 di-

370 1547 575 1606 miserit,
607 1563 759 1592 unum
780 1545 994 1592 inveniat
1020 1559 1111 1608 pro
1127 1541 1383 1601 omnibus,
1414 1552 1468 1589 ut
1488 1542 1646 1607 ¹possit
1666 1541 1815 1589 libere
1837 1540 2137 1605 proclamare
2163 1558 2174 1587 ε
2205 1558 2228 1584 «
2255 1542 2367 1586 Pars
2389 1556 2495 1587 mea

373 1646 398 1673 κ
421 1627 678 1697 pominus,
698 1645 721 1671 »
746 1628 868 1672 Sunt
883 1634 931 1672 et
945 1624 1029 1689 qui
1050 1623 1112 1670 de
1134 1623 1435 1671 monasteriis
1455 1621 1518 1670 ad
1538 1622 1764 1669 saeculum
1787 1620 2098 1686 prodeuntes,
2123 1621 2174 1667 in
2196 1630 2384 1667 tantum
2405 1620 2494 1667 sibi

369 1709 611 1773 religionis
628 1724 809 1756 nomen
828 1706 1092 1765 vindicant,
1109 1715 1157 1753 et
1172 1704 1412 1752 mirabiles
1429 1703 1584 1751 videri
1605 1713 1855 1768 appetunt,
1872 1712 1925 1749 ut
1940 1701 2283 1749 miraculorum
2300 1718 2494 1766 quoque

370 1791 571 1855 gratiam
586 1806 636 1838 se
656 1789 837 1837 habere
858 1788 1100 1847 simulent,
1126 1797 1269 1852 atque
1286 1786 1336 1833 id
1354 1785 1419 1833 de
1437 1802 1487 1832 se
1509 1784 1756 1850 praedicari
1779 1784 2058 1848 glorientur.
2084 1783 2259 1841 Quales
2282 1782 2491 1829 nonnul-

367 1869 440 1918 los
455 1869 755 1935 temporibus
778 1869 952 1916 nostris
967 1867 1194 1926 vidimus,
1212 1867 1294 1932 qui
1317 1866 1637 1931 frequentiam
1657 1865 1913 1912 hominum
1934 1879 2081 1928 quam
2101 1863 2307 1910 maxime
2331 1862 2491 1925 fugere

368 1949 637 1997 debuerant
651 1987 662 2009 ,
687 1949 779 1997 hac
800 1949 1104 2014 potissimum
1127 1957 1228 1995 arte
1250 1946 1603 1994 convocabant.
1637 1945 1855 2009 Denique
1876 1954 1927 2009 et
1946 1945 1995 1991 iu
2024 1953 2214 1991 tantum
2234 1942 2327 1989 hac
2349 1942 2493 1989 simu-

366 2027 546 2077 latione
570 2031 768 2094 gratiam
789 2039 1044 2095 potentum
1066 2028 1141 2075 vel
1164 2027 1377 2075 favorem
1397 2026 1823 2074 ecclesiasticarum
1846 2033 2139 2089 potestatum
2158 2032 2418 2081 venantur,
2441 2033 2493 2068 ut

364 2109 534 2157 relicto
556 2110 807 2174 proposito
830 2108 1082 2168 monachi,
1107 2106 1411 2155 saecularibus
1432 2106 1615 2153 clericis
1636 2104 1956 2170 praeficiantur
1978 2102 2209 2168 episcopi.
2229 2101 2375 2157 Quod
2391 2101 2494 2165 qui-

367 2188 480 2237 dem
511 2206 663 2254 quum
696 2189 758 2236 ad
791 2189 1074 2253 religionem
1101 2204 1202 2235 non
1235 2186 1504 2246 adducant,
1530 2187 1579 2233 in
1608 2185 1968 2233 saecularitatem
1989 2199 2159 2230 eorum
2188 2181 2324 2229 facile
2346 2180 2491 2228 decli-

363 2279 508 2329 nant,
540 2279 588 2317 et
613 2286 672 2317 ex
699 2286 870 2317 eorum
898 2269 1072 2317 misera
1098 2269 1464 2317 conversatione
1480 2304 1492 2326 ,
1523 2277 1571 2314 et
1599 2266 1943 2329 religiosorum*
1960 2264 2162 2311 fratrum
2191 2263 2493 2328 separatione

366 2359 539 2397 notum
559 2349 679 2397 illud
700 2349 954 2398 Psalmistae
975 2348 1287 2415 proverbium
1308 2348 1385 2395 vel
1407 2364 1508 2395 non
1531 2347 1804 2405 attendunt,
1829 2345 1903 2393 vel
1927 2344 2272 2392 contemnunt⁸
2296 2361 2306 2389 ι
2331 2362 2355 2386 «
2372 2345 2491 2389 Cum

337 2459 342 2467 ·
366 2438 533 2476 sancto
556 2439 748 2476 sanctus
770 2429 879 2488 eris,
899 2439 948 2476 et
967 2445 1081 2476 cum
1101 2444 1328 2493 perverso
1351 2427 1653 2492 perverteris.
1680 2445 1703 2470 υ
1737 2429 1808 2472 De
1822 2441 1920 2489 qua
1942 2424 2139 2488 quidem
2159 2438 2331 2469 eorum
2353 2422 2495 2469 subli-

367 2510 597 2569 matione,
623 2509 686 2557 ad
706 2526 854 2575 quam
875 2525 975 2561 non
997 2519 1100 2556 tam
1121 2508 1182 2556 ab
1204 2507 1306 2555 aliis
1329 2507 1484 2566 tracti,
1505 2522 1652 2571 quam
1673 2522 1702 2552 a
1718 2522 1768 2552 se
1790 2505 1904 2569 ipsis
1918 2513 2031 2551 sunt
2046 2503 2234 2562 intrusi,
2254 2501 2371 2549 illud
2391 2519 2489 2550 non

366 2576 630 2654 incongrue
649 2590 896 2655 accipitur,
916 2587 1050 2653 quod
1065 2588 1128 2636 ad
1149 2591 1304 2635 Deum
1327 2587 1553 2634 dicitur⁴1
1574 2604 1598 2630 «
1619 2584 1840 2648 Dejecisti
1864 2600 1948 2631 eos
1970 2582 2441 2630 dumallevarentur.
2463 2601 2486 2626 »

302 2662 347 2704 ‘f
366 2671 562 2717 Certum
588 2670 768 2735 quippe
797 2679 870 2716 est
899 2668 1133 2734 spiritales
1159 2668 1288 2715 viros
1317 2667 1379 2714 de
1407 2666 1684 2713 monasterii
1711 2665 1872 2730 quiete
1896 2663 1958 2711 ad
1985 2662 2311 2728 pontificalem
2336 2662 2489 2709 admi-

237 2739 239 2743 4
364 2749 700 2798 nistrationem
715 2749 1010 2815 compulsos,
1030 2748 1092 2796 ab
1114 2748 1194 2796 illa
1209 2764 1357 2813 quam
1377 2746 1647 2794 habuerant
1666 2746 1899 2793 virtutum
1920 2744 2070 2808 gratia
2091 2760 2176 2808 per
2197 2753 2271 2790 tot
2291 2759 2493 2807 occupa-

366 2831 551 2878 tionem
573 2845 799 2878 curarum
815 2846 923 2878 esse
944 2830 1208 2877 diminutos
1221 2866 1232 2888 ,
1257 2829 1379 2876 sicut
1401 2827 1462 2875 de
1484 2828 1740 2892 semetipso
1765 2825 1944 2873 scilicet
1964 2823 2217 2889 profitetur
2239 2824 2486 2881 Martinus,

365 2919 413 2957 et
432 2908 602 2958 beatus
624 2910 882 2973 Gregorius
901 2909 1139 2975 deplorat.

430 2989 480 3036 Si
501 3005 617 3053 ergo
630 2989 720 3036 viri
740 2990 862 3036 tanti
881 2988 977 3036 hoc
998 2989 1100 3036 sine
1117 2987 1408 3036 detrimento
1426 2987 1738 3052 pristinarum
1752 2985 1984 3032 virtutum
2000 2983 2062 3031 ad
2083 2982 2488 3031 Marthamtrans-

366 3071 445 3140 ire-
458 3069 520 3117 de
541 3070 690 3118 Maria
709 3086 811 3117 non
833 3078 1122 3135 potuerunt,
1147 3068 1266 3133 quid
1288 3068 1350 3115 de
1370 3068 1445 3115 his
1466 3084 1590 3132 quos
1611 3066 1815 3113 diximus
1838 3074 1983 3112 restat
2003 3062 2364 3111 aestimandum?
2390 3063 2490 3110 Ste-

368 3149 500 3209 11103,
531 3151 779 3215 inquiunt,
810 3160 922 3197 sunt
949 3148 1206 3209 monachi,
1232 3159 1280 3196 et
1312 3148 1597 3214 spiritalium
1625 3147 1836 3194 filiorum
1863 3145 2050 3192 beatior
2077 3143 2361 3191 fecunditas.
2393 3143 2488 3190 Sed

368 3231 589 3296 nunquid
610 3232 788 3297 nuptiae
802 3230 1107 3296 praeferendae
1125 3240 1239 3278 sunt
1262 3230 1588 3289 continentiae,
1604 3238 1687 3276 aut
1694 3227 1933 3275 habentes
1952 3225 2075 3274 filios
2090 3226 2355 3290 conjugatae
2374 3234 2487 3272 sunt

414 3430 424 3449 ⁸
444 3430 548 3475 Epist.
568 3442 660 3473 xux,
683 3433 765 3475 Opp.
789 3440 812 3467 t.
839 3433 895 3473 lv.
913 3439 998 3476 part.
1022 3433 1050 3466 u
1065 3458 1074 3474 ,
1096 3443 1134 3477 p.
1154 3433 1230 3466 563.
1244 3433 1396 3466 Socrates
1449 3439 1535 3477 part.
1564 3432 1614 3472 ΙΙ,
1640 3442 1675 3475 p.
1705 3430 1782 3464 585.
1806 3448 1846 3453 —
1863 3428 1876 3447 ⁸
1897 3430 1975 3472 1¹09.
2005 3430 2053 3469 11,
2084 3438 2156 3472 cap.
2193 3439 2278 3470 xxn,
2310 3438 2341 3461 v.
2372 3428 2427 3460 2⁷.
2445 3441 2484 3452 -

368 3487 454 3521 male
469 3486 587 3531 legitur
604 3488 637 3522 in
651 3488 726 3523 edit.
748 3488 842 3523 Amb.
859 3507 903 3515 —
917 3488 930 3506 ¹
949 3488 1053 3532 Epist.
1083 3500 1144 3529 ων,
1175 3489 1254 3530 opp.
1286 3496 1312 3522 t.
1342 3488 1396 3530 Ν,
1452 3488 1466 3506 ⁴
1485 3488 1601 3522 Psalm.
1624 3498 1722 3528 txxu,
1743 3498 1775 3520 v.
1798 3488 1850 3518 18.
