2970 4152
531 425 625 470 420
1318 422 1498 472 PETRI
1538 425 1842 474 ABAELARDI
1912 459 1915 463 ,

530 533 623 579 que
641 516 984 563 circumfertur.
1003 518 1108 563 Hoc
1126 517 1399 565 vehiculum
1416 519 1515 584 ipse
1537 519 1625 566 sibi
1643 518 1870 567 Salomon
1889 520 2022 579 fecit,
2051 521 2132 584 qui
2155 515 2295 568 bonis
2314 522 2536 587 operibus
2560 527 2640 570 Ju-

531 595 656 643 daeos
673 596 720 642 in
739 594 966 641 invidiam
986 595 1252 645 accendens
1265 633 1279 658 ,
1295 598 1428 663 ipsos
1453 599 1513 645 ad
1526 599 1621 646 hoc
1638 601 1900 647 commovit
1926 610 1978 646 ut
1995 616 2104 647 eum
2125 599 2479 665 crucifigercmt.·
2498 605 2639 661 Quod

531 692 831 739 nequaquam
864 674 1037 722 factum
1062 678 1133 723 est
1151 694 1238 742 per
1263 678 1452 725 illorum
1480 681 1803 738 coactionem,
1833 679 1916 726 sed
1948 680 2280 728 tantummodo
2301 698 2388 746 per
2405 681 2505 745 ejus
2527 695 2642 748 prae'-

530 756 820 811 missionem,
837 765 979 819 atque
992 756 1220 821 optimam
1235 759 1389 822 ipsius
1395 757 1814 823 dispensationem.
1829 762 1933 824 Ipse
1944 760 2122 825 quippe
2137 771 2206 808 est
2224 762 2306 825 qui
2322 762 2428 808 ai't':
2453 781 2478 807 «
2491 765 2641 818 Nemo

528 835 647 881 tollit
668 852 693 881 a
714 852 790 882 me
809 836 1015 882 animam
1040 853 1218 897 meam,
1246 838 1330 886 sed
1351 855 1446 902 ego
1451 855 1580 904 pono
1600 855 1766 885 eam.»
1789 842 1848 885 Et
1859 842 2077 911 rursum²
2097 858 2106 886 :
2140 860 2162 885 «
2186 843 2468 889 Potestatem
2485 841 2641 890 habeo

526 915 741 979 ponendi
760 915 984 962 animam¹
980 933 1172 976 Wmeam
1198 928 1288 965 etc.
1304 938 1331 962 ω
1360 918 1541 965 Fet-culi
1565 918 1849 965 columnas
1837 933 1938 983 lpse
1956 919 2083 966 idem
2108 920 2227 967 fecit
2222 910 2510 984 argenteas,
2535 935 2642 987 quae

525 1005 634 1041 sunt
658 996 925 1060 apostolicae
950 996 1310 1061 praedicationis
1325 998 1539 1061 eloquia,
1568 1008 1615 1053 et
1639 998 1700 1044 de
1729 1014 1813 1045 ore
1843 996 1994 1063 ipsius
2007 1004 2207 1064 accepta
2236 995 2548 1048 documenta:
2544 1004 2641 1050 ‘De

525 1075 697 1138 quibus
723 1076 921 1140 eloquiis
949 1076 1188 1124 psalmista
1224 1078 1526 1141 praedixerat³
1551 1096 1558 1122 :
1596 1077 1838 1142 «Eloquia
1866 1079 2066 1125 Domini
2086 1079 2274 1144 eloquia
2298 1091 2448 1140 casta,
2477 1088 2640 1145 argeti-'-

526 1167 627 1202 tum
645 1157 752 1221 igne
770 1158 1139 1204 examinatum.»
1154 1160 1287 1205 Casta
1307 1175 1472 1205 eorum
1483 1157 1753 1223 praedicatio
1768 1158 1956 1217 dicitur,
1977 1160 2086 1223 quia
2108 1160 2227 1206 sicut
2248 1177 2368 1206 unus
2387 1176 2554 1209 eorum
2571 1160 2641 1208 di-

527 1239 611 1296 cit,
638 1255 737 1285 non
756 1248 889 1285 erant
914 1237 1230 1285 adulterantes
1253 1238 1449 1285 'verbum
1472 1238 1583 1296 Dei,
1606 1239 1714 1302 quia
1738 1239 2122 1303 praedicationem
2144 1255 2277 1286 suam
2301 1240 2440 1303 gratis
2462 1241 2642 1304 impen-

526 1317 740 1364 debant:
771 1334 869 1364 non
902 1334 984 1382 spe
1012 1317 1207 1380 alicujus
1238 1319 1409 1364 terieni
1448 1318 1564 1364 lucri
1600 1318 1804 1365 vendere
1838 1319 2168 1378 intendebant,
2201 1336 2290 1366 nec
2320 1337 2369 1366 se
2398 1321 2446 1366 in
2486 1322 2639 1384 pretio

526 1413 659 1443 more
678 1397 995 1443 adulterarum
1017 1397 1111 1443 sive
1130 1397 1428 1443 meretricum
1452 1396 1710 1461 ponebant.
1736 1401 1965 1461 Argentea
1985 1398 2209 1445 dicuntur
2234 1398 2502 1463 apostolicae
2527 1417 2639 1464 prae-

524 1475 770 1522 dicationis
797 1476 962 1534 verba,
992 1477 1101 1539 quia
1127 1476 1383 1522 claritatem
1406 1475 1584 1522 habent
1602 1476 1941 1540 intelligentiae,
1969 1494 2068 1523 non
2095 1477 2431 1524 obscuritatem
2449 1478 2641 1525 velami-

525 1557 620 1614 nis,
643 1557 762 1603 sicut
779 1556 852 1603 lex
872 1567 917 1602 et
943 1556 1228 1620 prophetiae,
1251 1573 1355 1619 quae
1374 1556 1580 1619 mysticis
1605 1557 1752 1620 magis
1771 1573 1914 1620 quam
1934 1557 2106 1621 apertis
2127 1568 2323 1604 utuntur
2345 1558 2514 1605 verbiS.
2532 1562 2639 1606 Haec

524 1646 749 1700 tanquam
766 1636 999 1682 columnae
1014 1636 1243 1682 ferculum
1261 1646 1546 1694 sustentant,
1571 1646 1618 1683 et
1637 1636 1927 1699 dominicam
1954 1653 2145 1683 crucem
2163 1637 2494 1699 corroborant,
2523 1639 2638 1686 dum

520 1717 750 1780 passionis
775 1716 1024 1763 dominicae
1043 1717 1195 1763 crucis
1218 1717 1437 1763 virtutem
1456 1717 1757 1763 annuntiant.
1779 1720 1836 1762 Et
1852 1716 1984 1780 quod
2004 1717 2170 1763 dicunt
2187 1717 2466 1764 eduxerunt.
2498 1718 2635 1765 Unde

522 1797 644 1844 bene
670 1814 754 1862 per
778 1796 1101 1844 excellentiam
1124 1796 1313 1861 eloquia
1332 1789 1575 1856 dicuntur,
1596 1794 1877 1861 quas‘i'extra
1904 1807 2093 1844 caeteras
2108 1796 2251 1844 'sacrae
2268 1793 2494 1845 doctrinae
2512 1799 2639 1846 locu-

524 1877 675 1923 tiones
689 1913 700 1935 ,
730 1876 902 1940 quibus
921 1887 1031 1923 sunt
1050 1878 1117 1922 ex‘
1132 1876 1329 1923 utilitate
1348 1876 1492 1940 longe
1509 1875 1878 1923 commodiores.
1907 1877 2076 1923 Omnis
2095 1877 2273 1941 quippe
2291 1876 2468 1924 locutio
2489 1877 2548 1924 ad
2568 1872 2638 1925 in-

523 1956 825 2019 {elligentiam
850 1966 919 2002 est
943 1955 1332 2013 accommodata,
1362 1966 1408 2002 et
1435 1965 1631 2021 propter
1662 1971 1767 2002 eam
1786 1955 1844 2002 ⁴in
1870 1955 2095 2002 auditore
2114 1955 2379 2002 faciendam
2407 1956 2561 2003 etiam
2572 1952 2641 2004 re·

523 2046 681 2099 perta,
706 2045 754 2082 et
768 2035 829 2082 ad
845 2035 942 2081 hoc
961 2051 1107 2082 unum
1138 2035 1363 2082 instituta.
1386 2034 1617 2092 Quaelibet
1637 2036 1796 2100 itaque
1814 2035 1959 2082 verba
1978 2050 2075 2099 quo
2102 2035 2466 2099 intelligibiliora
2499 2046 2635 2117 sunt,

524 2125 570 2160 et
587 2116 650 2160 ita
672 2114 804 2178 quod
820 2113 996 2160 debent
1010 2115 1156 2178 magis
1176 2113 1412 2172 efficiunt,
1442 2115 1618 2160 caeteris
1634 2116 1796 2178 utique
1811 2114 2135 2180 praeponenda
2153 2125 2278 2161 sunt.
2551 2130 2555 2132 ·
2630 2111 2636 2127 “

587 2195 715 2241 Sicut
744 2204 903 2240 autem
937 2193 1204 2258 apostolicae
1239 2193 1584 2258 praedicationis
1612 2194 1755 2241 verba
1780 2193 2028 2241 columnas
2053 2194 2217 2240 felculi
2243 2193 2472 2252 diximus,
2505 2194 2573 2240 sic
2596 2204 2643 2241 et

523 2275 649 2337 ipsos
675 2290 731 2320 ex
758 2274 926 2320 virtute
951 2272 1205 2319 verborum
1225 2286 1447 2331 suorum,
1469 2273 1543 2319 vel
1562 2271 1706 2336 gratia
1728 2273 2065 2320 miraculorum
2080 2268 2157 2336 ‘eis
2176 2269 2343 2320 collata
2361 2310 2373 2332 ,
2388 2283 2495 2337 'qua
2527 2287 2640 2320 cor-

522 2353 750 2399 roborant
774 2369 856 2399 sna
882 2353 1005 2399 dicta
1021 2388 1032 2410 ,
1062 2352 1309 2399 columnas
1328 2346 1549 2398 novi'mu's
1566 2352 1838 2417 appellatas.
1868 2352 2006 2399 Unde
2032 2362 2077 2399 et
2106 2350 2226 2399 unus
2245 2369 2410 2399 eorum
2425 2389 2436 2411 ,
2459 2340 2636 2400 nomen

522 2433 654 2495 cujus
694 2449 836 2497 supra
871 2432 1201 2490 meminimus,
1237 2432 1412 2478 Galatis
1448 2432 1667 2478 scribit⁴:
1704 2452 1726 2476 «
1747 2432 1951 2478 Jacobus
1970 2469 1982 2491 ,
2012 2442 2058 2478 et
2083 2432 2269 2497 Cephas
2292 2435 2525 2491 JoanneS,
2557 2433 2639 2497 qui

522 2512 803 2558 videbantur
826 2512 1059 2558 columnae
1087 2517 1202 2558 esse.
1232 2526 1257 2555 »¹
1284 2510 1650 2558 Reclinatorium
1684 2502 1872 2571 dicitur,
1902 2520 2000 2558 non
2038 2511 2188 2558 lectus
2215 2511 2271 2558 in
2306 2528 2404 2575 quo
2433 2511 2638 2575 Jacendo

522 2594 796 2651 moriamur,
834 2593 917 2640 sed
951 2592 1135 2639 loculus
1169 2591 1362 2656 quidam
1395 2592 1442 2637 in
1484 2607 1628 2655 quem
1669 2608 1719 2638 se
1758 2591 2033 2638 reclinando
2077 2592 2160 2655 qui
2194 2592 2359 2638 sedent
2394 2589 2640 2657 paululum

521 2673 808 2737 quiescendo
835 2690 885 2720 se
910 2673 1145 2733 refovent,
1173 2682 1219 2719 et
1243 2672 1458 2736 fatigatos
1483 2689 1532 2719 se
1557 2672 1617 2718 ad
1643 2671 1812 2718 horam
1839 2682 2070 2719 recreant.
2102 2671 2470 2718 Reclinatorium
2500 2670 2640 2736 igitur

520 2757 566 2799 in
594 2754 769 2800 ferculo
799 2770 827 2800 a
850 2752 1105 2799 Salomone
1131 2762 1472 2818 praeparatum,
1500 2769 1698 2798 somnus
1732 2762 1800 2799 est
1832 2752 2084 2798 dominicae
2109 2752 2275 2798 mortis
2299 2753 2347 2797 in
2374 2767 2541 2814 cruce,
2565 2751 2640 2799 ‘de

520 2850 615 2896 quo
639 2828 865 2898 scriptum
890 2834 987 2879 est⁵
1010 2851 1018 2878 :
1053 2851 1076 2876 «
1098 2835 1153 2878 Et
1177 2832 1404 2878 inclinato
1430 2833 1600 2896 capite,
1634 2831 1828 2879 tradidit
1857 2832 2087 2896 spiritum.
2114 2850 2136 2875 υ
2165 2831 2251 2878 Hic
2286 2847 2484 2878 somnus
2520 2831 2640 2878 sicut

518 2914 740 2960 velociter
764 2913 980 2972 advenit,
1003 2913 1068 2959 ita
1093 2921 1138 2958 et
1163 2912 1387 2959 velociter
1411 2913 1607 2958 transiit.
1641 2913 1824 2958 Scimus
1855 2912 2032 2976 quippe
2059 2912 2320 2958 Dominum
2355 2911 2474 2958 hora
2508 2916 2635 2958 sexta

519 2993 792 3040 crucifixum
806 3029 819 3050 ,
842 2994 964 3040 circa
986 3009 1166 3039 nonam
1187 2993 1448 3058 expirasse,
1475 3002 1520 3039 et
1539 2992 1739 3039 Pilatum
1758 2993 1978 3039 miratum
2000 2992 2141 3039 fuisse
2159 2991 2292 3056 quod
2312 3001 2409 3038 tam
2425 2991 2638 3039 celeriter

519 3073 708 3131 obierit,
738 3083 992 3137 antequam
1023 3073 1230 3119 latrones
1264 3072 1429 3119 fractis
1449 3071 1664 3119 cruribus
1694 3073 2140 3136 mori'cogerentur.
2175 3071 2325 3118 Velox
2350 3069 2544 3134 quoque
2573 3070 2643 3117 ad=

520 3153 860 3198 transeundum
885 3154 970 3199 iste
997 3169 1192 3200 somnus
1216 3152 1331 3212 fuit,
1365 3152 1475 3216 quia
1498 3152 1592 3197 cito
1618 3153 1852 3198 Dominus
1879 3150 2147 3200 resurreiit.
2175 3151 2320 3207 Quasi
2346 3165 2457 3212 ergo
2483 3149 2532 3195 in
2557 3165 2636 3196 re-

520 3231 765 3278 clinatorio
798 3234 1032 3279 Dominus
1063 3232 1378 3291 obdormivit,
1416 3232 1526 3295 quia
1551 3232 1716 3278 mortis
1750 3230 2220 3279 somnum-velocem
2243 3229 2632 3276 et‘transitorium

565 3436 570 3450 ¹
598 3434 707 3474 Joan.,
727 3445 798 3478 cap.
821 3447 841 3468 x
882 3447 913 3469 v.
940 3439 987 3469 18.
1006 3454 1044 3459 —
1060 3436 1072 3454 ’
1089 3437 1187 3477 1bid.‚
1211 3437 1290 3471 ibid.
1308 3457 1340 3461 —
1366 3437 1379 3453 ³
1398 3437 1514 3470 Psalm.
1537 3449 1588 3477 xi,
1612 3448 1642 3468 v.
1667 3440 1699 3468 7.
1718 3455 1757 3462 --
1774 3437 1787 3455 ⁴
1808 3439 1933 3479 Galata,
1952 3447 2025 3481 cap.
2047 3448 2090 3477 u,
2112 3447 2145 3469 v.
2167 3438 2200 3469 9.
2222 3452 2265 3459 -
2290 3435 2429 3471 noan„
2453 3443 2523 3476 caP·
2549 3444 2603 3465 ΧΠ
2624 3458 2631 3471 ι

518 3504 548 3523 v.
572 3493 625 3523 3³³.
2463 3505 2466 3510 ’
2493 3504 2495 3506 ·
