2970 4152
553 425 629 471 DE
664 424 857 472 LAUDE
890 422 1090 471 SANCTI
1124 422 1409 471 STEPHANI
1445 423 1938 471 PROTOMARTYRIS
1971 425 2185 471 SERMO.
2341 425 2432 473 565

324 533 423 564 non
447 516 650 564 defuisse
671 517 739 563 illi
760 517 1023 580 lugentium
1040 516 1264 581 pietatem
1287 515 1588 564 feminarum.
1615 517 1745 563 Sicut
1762 516 1891 564 idem
1913 518 2130 564 meminit
2149 518 2435 581 evangelista

323 594 487 642 dicens
503 597 514 621 ¹
541 615 551 642 :
581 615 604 641 «
623 596 918 660 Sequebatur
936 606 1096 643 autem
1109 611 1220 642 eum
1233 594 1490 641 multitudo
1508 595 1676 659 populi
1688 605 1735 642 et
1748 596 2003 643 mulierum
2021 614 2125 661 quae
2146 596 2435 661 plangebant

322 685 369 722 et
390 675 774 724 lamentabantur
796 694 923 724 eum.
946 696 967 721 υ
989 679 1257 723 Conversus
1274 685 1432 722 autem
1454 676 1516 723 ad
1535 675 1636 723 illas
1653 680 1784 724 Jesus
1797 677 1914 724 dixit
1932 696 1941 723 :
1963 697 1986 722 «
2002 678 2126 724 Filiae
2143 678 2401 725 Jerusalem
2420 716 2430 735 ‚

321 756 472 804 nolite
494 758 607 805 flere
628 774 771 822 super
786 774 881 817 me,
899 767 1023 804 etc.»
1043 757 1091 804 Si
1104 774 1217 821 ergo
1232 756 1446 804 infideles
1461 757 1679 816 seminas,
1696 768 1743 804 et
1755 758 1971 822 ipsorum
1987 769 2034 805 et
2046 760 2433 824 persequentium

321 852 491 883 uxores
513 837 739 883 naturalis
761 837 958 883 affectus
979 837 1166 902 pietatis
1188 838 1272 901 qui
1293 837 1497 882 maxime
1515 846 1674 882 vestro
1697 838 1826 883 sexui
1857 838 1980 884 inest
2005 838 2067 885 ad
2091 838 2435 904 compassionis

321 913 555 979 lacrymas
578 916 865 974 commovit,
891 916 1009 980 quid
1030 926 1189 964 vestro
1211 916 1424 963 debeatis
1439 915 1684 980 Stephano
1706 933 1807 962 non
1829 917 2074 980 ignoratis.

385 998 542 1053 Quem
563 996 707 1042 etiam
728 1006 839 1060 post
859 1006 1067 1044 mortem
1094 1007 1214 1061 quot
1249 1007 1296 1044 et
1324 996 1515 1061 quantis
1540 996 1779 1043 miraculis
1807 999 2042 1045 Dominus
2077 999 2293 1046 extulerit
2314 1017 2432 1064 prae-

320 1075 459 1140 cipue
481 1074 704 1122 doctores
720 1076 938 1123 Ecclesiae
955 1075 1016 1123 ad
1038 1086 1343 1141 posterorum
1353 1076 1636 1123 memoriam
1652 1076 1864 1123 studiose
1886 1077 2140 1125 scribendo
2161 1080 2433 1126 transmise-

319 1163 449 1200 runt.
488 1155 625 1202 Unde
657 1155 780 1202 inter
814 1165 982 1202 caetera
1017 1157 1197 1203 meritis
1232 1156 1332 1220 ejus
1364 1165 1634 1221 perpetrata
1663 1156 1922 1219 magnalia,
1951 1158 2183 1206 maximus
2219 1158 2437 1206 Ecclesia»

319 1231 492 1280 doctor
521 1234 808 1298 Augustinus
838 1234 963 1281 libro
985 1234 1042 1282 de
1070 1237 1266 1282 Cc'vitate
1293 1238 1407 1283 θεῖ’
1426 1235 1596 1282 ultimo
1614 1252 1695 1282 sex
1722 1246 1940 1284 mortuos
1966 1238 2015 1284 in
2038 1238 2192 1284 Africa
2222 1255 2434 1285 comme—

319 1324 478 1362 morat
500 1316 750 1363 suscitatos
766 1353 778 1375 ,
803 1315 936 1380 quod
959 1333 1048 1363 nec
1065 1317 1222 1382 ipsum
1245 1317 1336 1364 sibi
1357 1317 1619 1364 Dominum
1644 1334 1734 1364 nec
1758 1318 1950 1364 Petrum
1973 1318 2022 1364 id
2048 1318 2288 1365 miraculis
2315 1336 2434 1383 prae-

319 1395 486 1461 cipuo,
524 1413 613 1443 nec
648 1398 873 1461 cuiquam
903 1407 1180 1444 sanctorum
1208 1397 1407 1462 legimus
1441 1399 1747 1445 concessisse.
1780 1399 1913 1445 Prius
1950 1399 2146 1463 quidem
2178 1398 2435 1463 quemdam

318 1474 674 1540 presbyterum,
700 1476 875 1524 deinde
896 1494 1119 1542 puerum,
1140 1488 1307 1543 postea
1334 1477 1596 1543 quamdam
1619 1478 2048 1538 sanctimonialem,
2066 1478 2242 1526 debinc
2268 1495 2435 1543 quam-

320 1554 433 1603 dam
464 1557 697 1622 puellam,
735 1568 902 1623 postea
930 1558 1183 1622 juvenem,
1221 1559 1397 1606 deinde
1435 1559 1694 1624 quemdam
1724 1559 1973 1607 infantem.
2009 1559 2271 1607 Eucharius
2308 1561 2434 1607 enim

318 1635 566 1701 presbyter
584 1647 743 1685 vetere
759 1637 934 1684 morbo
956 1638 1166 1685 calcibus
1189 1638 1441 1686 laborabat
1459 1649 1505 1685 et
1527 1655 1614 1703 per
1636 1639 1919 1686 memoriam
1942 1640 2041 1702 ejus
2062 1640 2112 1686 in
2129 1640 2265 1686 terris
2281 1639 2436 1686 salvus

321 1716 471 1764 factus
501 1727 587 1764 est.
617 1721 721 1782 Ipse
744 1735 858 1765 vero
892 1729 1058 1783 postea
1080 1719 1255 1766 morbo
1278 1719 1371 1766 alio
1396 1719 1783 1784 praevalescente,
1809 1730 2026 1767 mortuus
2048 1730 2136 1778 est,
2161 1720 2245 1766 sed
2275 1720 2435 1766 tunica

320 1795 535 1859 ejusdem
577 1797 841 1862 presbyteri
876 1808 1132 1863 postquam
1177 1798 1238 1845 ad
1284 1799 1569 1846 memoriam
1606 1800 1757 1846 sancti
1796 1800 2016 1864 martyris
2057 1799 2213 1846 delata
2251 1810 2344 1858 est,
2389 1810 2435 1846 et

319 1886 562 1941 reportata
597 1887 693 1937 est,
725 1887 772 1924 et
805 1878 1173 1943 superjacentis
1209 1879 1388 1926 mortui
1420 1895 1595 1943 corpus
1630 1880 1809 1944 posita,
1846 1880 2025 1926 meritis
2051 1878 2181 1927 beati
2216 1880 2436 1943 martyris

319 1957 570 2004 suscitatus
593 1967 679 2005 est.
706 1960 777 2005 De
799 1975 950 2023 puero
973 1975 1088 2005 vero
1111 1958 1310 2022 legimus
1332 1959 1467 2023 quia,
1492 1976 1641 2023 quum
1665 1959 1714 2004 in
1735 1975 1844 2006 area
1866 1958 2068 2019 luderet,
2088 1959 2433 2007 exorbitantem

319 2033 467 2082 boves
502 2036 583 2100 qui
616 2025 890 2083 vehiculum
917 2037 1171 2085 trahebant
1200 2038 1317 2085 rotis
1354 2054 1465 2084 eum
1493 2038 1796 2096 attriverant,
1828 2047 1874 2085 et
1908 2038 2160 2085 confestim
2190 2038 2433 2103 palpitavit

319 2116 554 2180 expirans.
590 2119 728 2163 Hunc
755 2127 908 2164 mater
940 2127 1183 2182 arreptum
1220 2117 1281 2164 ad
1309 2118 1530 2165 eamdem
1553 2118 1835 2165 memoriam
1864 2118 2041 2183 posuit,
2067 2128 2114 2165 et
2148 2135 2247 2165 non
2279 2118 2434 2166 solum

318 2197 485 2244 revixit
501 2197 585 2245 sed
599 2198 741 2245 etiam
755 2197 923 2245 illaesus
938 2199 1175 2263 apparuit.
1193 2198 1575 2246 sanctimonialis
1591 2215 1706 2245 vero
1721 2215 1871 2263 quum
1883 2199 2160 2263 aegritudine
2173 2199 2429 2258 laboraret,

320 2277 382 2325 ad
399 2279 620 2326 eamdem
643 2280 925 2326 memoriam
949 2280 1108 2327 tunica
1132 2279 1255 2326 illius
1272 2279 1412 2327 allata
1434 2289 1522 2338 est,
1541 2279 1626 2327 sed
1649 2290 1907 2345 antequam
1933 2281 2092 2327 tunica
2113 2291 2437 2346 reportaretur

319 2356 397 2404 illa
420 2357 645 2405 defuncta
667 2368 753 2405 est.
779 2361 878 2406 Hac
906 2358 1114 2423 denique
1136 2359 1297 2406 tunica
1320 2369 1614 2424 operuerunt
1635 2358 1839 2406 cadaver
1855 2360 1955 2423 ejus
1977 2369 2024 2406 et
2051 2370 2243 2424 recepto
2267 2361 2432 2424 spiritu

318 2435 496 2484 salvata
518 2447 604 2484 est.

384 2517 603 2575 Quadam
621 2528 780 2565 autem
798 2518 893 2577 die,
916 2535 1066 2582 quum
1083 2521 1227 2565 Basus
1244 2518 1440 2582 quidam
1455 2521 1599 2582 Syrus
1617 2518 1677 2565 ad
1691 2519 1975 2566 memoriam
1988 2518 2202 2582 ejusdem
2216 2521 2434 2584 martyris

318 2613 407 2662 pro
432 2596 528 2644 filia
563 2608 820 2660 aegrotante
847 2608 1035 2662 rogaret
1064 2609 1111 2645 et
1138 2608 1319 2646 vestem
1346 2598 1514 2664 puellae
1548 2616 1606 2646 eo
1639 2598 1905 2659 detulisset,
1938 2616 2048 2646 ecce
2080 2599 2178 2647 duo
2207 2601 2342 2665 pueri
2373 2600 2432 2647 de

319 2677 468 2726 domo
486 2689 798 2725 occurrerunt
820 2679 901 2743 qui
915 2695 1021 2726 eam
1038 2689 1279 2726 mortuam
1303 2680 1660 2726 nuntiaverunt.
1682 2679 1775 2727 Sed
1798 2680 1937 2727 amici
1960 2680 2042 2744 qui
2065 2691 2199 2728 erant
2218 2681 2266 2727 in
2285 2680 2432 2728 domo

319 2757 670 2823 prohibuerunt
692 2759 758 2806 illi
781 2759 957 2819 dicere,
983 2776 1042 2807 ne
1069 2777 1155 2825 per
1170 2759 1417 2825 publicum
1439 2760 1702 2826 plangeret.
1726 2761 1820 2818 Qui
1837 2778 1986 2826 quum
2006 2761 2206 2809 domum
2219 2762 2432 2810 rediisset

319 2839 469 2885 nimio
495 2838 663 2886 dolore
689 2849 976 2901 commotus,
1003 2850 1203 2887 mortuae
1226 2839 1331 2887 filiae
1353 2850 1531 2888 vestem
1554 2858 1699 2906 quam
1722 2841 1956 2889 detulerat
1985 2842 2237 2907 superjecit
2260 2853 2306 2890 et
2328 2844 2434 2890 vitaz

319 2917 504 2965 reddita
534 2927 620 2964 est.
656 2918 798 2966 Filius
829 2920 944 2966 item
975 2919 1223 2983 cujusdam
1247 2920 1481 2968 extinctus
1509 2931 1626 2968 erat.
1653 2921 1797 2985 Cujus
1832 2938 2008 2987 corpus
2040 2923 2178 2970 amici
2214 2923 2433 2986 martyris

318 2997 426 3045 oleo
449 3008 774 3063 perunxerunt
791 3008 838 3046 et
858 2999 1018 3046 statim
1034 2999 1218 3047 revixit.
1236 3001 1402 3047 Sextus
1424 3017 1539 3048 vero
1555 3002 1638 3066 qui
1660 3011 1874 3067 superest
1895 3001 1991 3049 hoc
2012 3002 2161 3049 modo
2184 3003 2433 3050 suscitatus

318 3087 404 3124 est.
438 3077 681 3138 Eleustus,
707 3078 780 3125 vir
802 3078 1094 3138 tribunitius,
1119 3077 1302 3126 habens
1326 3079 1614 3128 infantulum
1641 3081 1691 3128 in
1716 3080 1989 3129 infirmitate
2018 3092 2264 3129 mortuum
2291 3098 2433 3147 super

318 3158 600 3205 memoriam
632 3158 851 3222 martyris
886 3159 1068 3223 posuit,
1094 3168 1142 3206 et
1173 3169 1284 3224 post
1322 3160 1523 3208 multam
1556 3162 1823 3209 orationem
1856 3178 1967 3208 cum
1994 3162 2215 3226 lacrymis
2252 3162 2429 3223 fusam,

315 3237 540 3300 juvenem
562 3238 752 3286 levavit.
776 3242 885 3285 Haec
901 3239 1088 3298 Omnia,
1113 3248 1167 3286 ut
1188 3239 1410 3300 diximuS,
1437 3241 1487 3288 in
1502 3241 1656 3289 Africa
1678 3251 1824 3306 gesta,
1843 3258 1948 3306 quae
1962 3241 2185 3289 videlicet
2207 3241 2272 3289 ibi
2293 3242 2430 3290 habi-

318 3316 466 3364 tando
497 3328 715 3378 noverat,
742 3318 910 3366 beatus
932 3328 1279 3367 commemorat
1306 3321 1610 3384 Augustinus,
1644 3338 1699 3368 ex
1726 3320 1800 3368 his
1825 3320 1999 3368 scilicet
2025 3321 2229 3369 innuens
2251 3338 2355 3386 quae
2383 3322 2430 3368 in

362 3497 373 3515 ¹
400 3498 493 3539 Luc.,
511 3508 583 3543 cap.
602 3511 702 3541 xxm,
716 3511 747 3534 v.
768 3502 867 3534 27.-
886 3500 992 3546 Ἔαρ.
1008 3511 1081 3541 viu.
1104 3502 1202 3545 opp„
1216 3508 1238 3534 t.
1257 3500 1407 3543 V11,c01.
1424 3502 1501 3536 668.
