2970 4152
485 399 580 447 298
1289 395 1459 443 PETRI
1497 395 1808 445 ABAELARDI

486 509 653 542 verum
670 493 812 539 etiam
835 488 1157 554 quorumdam
1178 488 1471 552 hymnorum
1495 492 1841 557 compositores
1857 527 1869 551 ,
1898 490 1973 537 vel
1995 506 2052 537 ex
2073 489 2269 554 propria
2291 489 2438 537 animi
2465 505 2599 539 com-

486 575 744 641 punctione
766 572 945 619 alienos
968 579 1250 636 pensanteS,
1271 570 1347 619 vel
1363 571 1641 637 improvidae
1662 572 1821 635 studio
1846 571 2031 638 pietatis
2055 569 2280 641 extollere
2304 579 2494 618 sanctos
2515 588 2598 620 cu-

486 660 694 724 pienteS,
739 655 789 701 in
830 652 1066 718 aliquibus
1105 653 1170 700 ita
1206 653 1408 701 modum
1443 648 1772 714 excesserunt,
1805 664 1857 701 ut
1879 663 2044 701 contra
2068 653 2223 718 ipsam
2245 661 2460 700 nostram
2485 652 2600 703 con-

486 736 729 785 scientiam
750 733 908 798 aliqua
931 734 981 780 in
1006 732 1120 798 ipsis
1147 733 1316 798 saepius
1345 733 1643 799 proferamus
1671 745 1897 799 tanquam
1932 751 1960 780 a
1993 734 2188 781 veritate
2206 748 2404 799 prorsus
2425 732 2595 785 aliena.

486 815 754 864 Paucissimi
794 814 974 879 quippe
1010 823 1121 860 sunt
1162 813 1246 878 qui
1280 814 1695 880 contemplationis
1731 816 1903 863 ardore
1938 813 2014 862 vel
2052 823 2364 880 peccatorum
2403 828 2602 862 suorum

486 895 856 960 compunctione
888 893 1054 941 flentes
1089 908 1145 939 ac
1181 903 1448 956 gementes,
1486 893 1566 941 illa
1589 894 1730 958 digne
1763 894 1950 943 valeant
1974 894 2228 942 decantare
2250 896 2500 942 =«,Preces
2524 910 2604 958 ge·

485 987 666 1024 mentes
682 976 714 1023 f.
735 975 784 1022 d.
805 992 853 1039 q.
876 977 961 1039 p.²‚
997 993 1022 1018 „
1045 984 1092 1021 et
1107 974 1278 1022 iterum
1299 994 1310 1021 ε
1341 995 1363 1020 «
1393 978 1589 1021 Nostros
1610 976 1717 1039 pius
1738 993 1851 1023 cum
1869 976 2062 1024 canticis
2079 976 2113 1024 f.
2135 976 2185 1024 b.
2208 977 2283 1036 s.²‚
2314 994 2339 1020 υ
2365 984 2413 1023 et
2434 975 2603 1026 similia

484 1073 588 1121 quae
603 1056 723 1102 sicut
744 1055 904 1102 electis
922 1054 986 1101 ita
1010 1054 1175 1119 paucis
1204 1055 1511 1102 conveniunt.
1540 1057 1647 1111 Qua
1670 1056 1814 1102 etiam
1846 1057 2218 1122 praesumptione
2244 1054 2441 1120 singulis
2466 1057 2604 1104 annis

483 1138 734 1185 decantare
759 1152 859 1184 non
893 1151 1144 1184 vereamur
1171 1154 1181 1182 :
1207 1155 1231 1180 «
1259 1135 1485 1193 Martine‚
1513 1152 1601 1201 par
1625 1136 1878 1201 apostolis,
1905 1156 1930 1182 υ
1956 1137 2034 1185 vel
2071 1136 2283 1202 singulos
2304 1136 2604 1186 confessores

483 1217 796 1265 immoderate
837 1215 898 1263 de
934 1216 1172 1263 miraculis
1207 1215 1523 1280 glorificantes
1556 1216 1801 1265 dicamus:
1828 1237 1851 1263 «
1882 1218 1954 1265 Ad
1988 1233 2176 1265 sacrum
2206 1217 2342 1281 cujus
2363 1216 2602 1264 tumulum

481 1300 753 1363 frequenter
771 1296 987 1344 membra
1001 1296 1315 1361 languentum
1338 1296 1487 1344 modo
1513 1298 1729 1359 sanitati,
1751 1308 1865 1358 etc.‚
1894 1318 1916 1343 »
1944 1297 2166 1347 discretio
2184 1308 2338 1346 vestra
2354 1296 2598 1362 dijudicet.

483 1381 564 1427 His
587 1378 663 1426 vel
685 1377 1010 1426 consimilibus
1026 1387 1292 1426 vestrarum
1308 1378 1695 1443 persuasionibus
1711 1380 1951 1428 rationum
1969 1379 2032 1427 ad
2051 1378 2330 1427 scribendos
2342 1394 2434 1444 -per
2448 1387 2604 1426 totum

482 1460 594 1507 anni
618 1457 850 1505 circulum
873 1458 1080 1522 hymnos
1107 1459 1323 1505 animum
1350 1468 1568 1507 nostrum
1593 1469 1758 1508 vestrae
1779 1461 2046 1508 reverentia
2069 1459 2329 1507 sanctitatis
2349 1457 2598 1524 compulit.

485 1543 535 1586 [n
553 1540 649 1586 hoc
672 1539 831 1603 itaque
854 1538 972 1585 mihi
1004 1537 1142 1586 vobis
1180 1538 1556 1605 supplicantibus
1572 1576 1584 1600 ,
1613 1557 1799 1606 sponsae
1831 1541 2005 1588 Christi
2041 1539 2117 1588 vel
2148 1539 2359 1601 ancillae,
2392 1548 2440 1586 et
2461 1553 2553 1587 nos
2577 1555 2604 1586 e

480 1634 711 1666 converso
730 1617 865 1665 vobis
884 1617 1205 1684 supplicamus
1222 1655 1235 1679 ,
1263 1629 1316 1666 ut
1334 1619 1467 1684 quod
1485 1620 1661 1668 nostris
1689 1637 1813 1668 onus
1836 1620 2127 1686 imposuistis
2161 1619 2399 1679 humeris,
2429 1627 2604 1666 vestra·

480 1717 587 1746 rum
624 1699 896 1746 orationum
931 1699 1155 1746 manibus
1191 1698 1469 1760 sublevetis,
1506 1710 1562 1748 ut
1599 1701 1684 1765 qui
1720 1702 1924 1750 seminat
1945 1711 1992 1749 et
2016 1702 2100 1767 qui
2124 1701 2282 1760 metit,
2324 1698 2467 1747 simul
2490 1714 2604 1764 ope-

482 1788 636 1825 rantes
654 1778 1004 1843 congaudeant.

973 2004 1006 2040 1.
1032 2002 1035 2004 ’
1622 2007 1679 2043 Fit
1697 2008 1881 2056 pondere,
1902 2020 2100 2055 mensura,
2121 2021 2297 2054 numeru,

574 2095 610 2130 U
641 2096 647 2101 .
772 2109 779 2116 ‚
966 2097 972 2103 .
1618 2067 1674 2103 Ne
1694 2068 1838 2106 vacillet
1856 2069 1897 2105 in
1911 2081 2101 2118 quoquam
2117 2070 2226 2106 ratio.

612 2107 846 2132 niversoium
865 2096 1056 2143 conditor,

575 2155 826 2192 Conditorum
847 2156 1048 2205 dispositor
1059 2185 1069 2202 ‚
1668 2167 1776 2215 Opus
1793 2167 1953 2216 dignum
1969 2168 2120 2216 opifice,

530 2214 710 2251 Universa
730 2222 767 2251 te
785 2215 939 2252 laudant
956 2216 1125 2260 condita,
1664 2227 1891 2272 Pulchrum,
1912 2226 2192 2272 indissolubile,

530 2274 754 2311 Glorislcant
765 2275 775 2294 ³
791 2283 924 2312 cuncta
941 2276 1133 2324 disposita·
1618 2287 1679 2324 Ad
1697 2287 1886 2336 exemplar
1903 2287 1944 2324 fit
1962 2285 2295 2336 perfectissimum,

575 2375 594 2411 I
947 2376 954 2383 .
1017 2376 1022 2383 .
1616 2347 1740 2384 Instar
1755 2355 1889 2384 cuncta
1904 2347 2129 2385 concludens
2149 2348 2348 2397 optimum.

597 2382 835 2412 nstrumento
855 2388 930 2411 non
945 2375 1119 2424 indigens
1130 2406 1140 2422 ,

576 2437 708 2486 Neque
725 2437 851 2473 thema
869 2436 1091 2480 discutiens,
1667 2446 1745 2482 Nec
1762 2446 1909 2482 minore
1926 2446 2140 2494 disponitur

529 2496 614 2533 Solo
633 2504 766 2533 cuncta
787 2497 950 2545 comples
967 2497 1139 2545 imperio.
1667 2507 1839 2543 Bonitate
1855 2520 1968 2556 quam
1987 2505 2180 2543 conditur:

530 2557 630 2593 Dicis
652 2573 660 2593 ι
684 2558 811 2602 Fiant,
831 2564 869 2593 et
888 2557 983 2594 fiunt
1000 2557 1116 2594 illico.
1623 2566 1822 2616 Quidquid
1841 2566 1936 2603 male
1955 2567 2053 2615 gerit
2069 2565 2265 2615 iniquitas,

969 2659 976 2666 .
1018 2660 1025 2666 .
1622 2627 1773 2663 Summa
1792 2627 1888 2663 bene
1905 2626 2070 2674 disponit
2088 2625 2252 2674 aequitas.

576 2659 720 2695 Auctor
737 2671 775 2695 es
792 2665 1115 2707 praestantissimus
1127 2691 1137 2707 ‚

578 2718 847 2767 OmnipotenS,
869 2731 944 2755 non
961 2720 1133 2764 aemulus;
1666 2727 1722 2764 Sit
1737 2739 1870 2777 perpes
1886 2728 1965 2763 Deo
1983 2726 2100 2775 gloria
2111 2753 2121 2771 ‚

529 2779 693 2815 Tantum
711 2791 801 2827 ergo
817 2791 897 2828 quae
913 2779 1001 2815 facis
1018 2781 1142 2816 omnia
1155 2809 1165 2823 ‚
1667 2789 1722 2823 Ex
1742 2800 1817 2836 quo
1836 2794 1923 2823 sunt
1939 2799 2019 2836 quae
2039 2792 2127 2822 sunt
2143 2785 2280 2822 omnia.

530 2840 722 2885 Quantum
740 2838 847 2874 decet
863 2839 1117 2875 facis-eximia·
1623 2849 1751 2896 Ipsum
1768 2854 1901 2884 cuncta
1915 2859 1984 2895 per
2000 2859 2112 2895 quem
2130 2852 2216 2882 sunt
2233 2845 2452 2894 praedicent,

576 2940 604 2974 s,
636 2940 643 2945 .
760 2939 766 2946 .
828 2938 835 2946 .
897 2939 904 2946 .
933 2939 940 2946 .
1622 2909 1697 2957 Ipsi
1715 2920 1861 2956 semper
1875 2909 1914 2943 in
1932 2919 2008 2956 quo
2026 2913 2114 2943 sunt
2126 2905 2304 2955 jubilent.

591 2952 692 2985 ‘ujus
709 2951 809 2974 emm
822 2939 1009 2986 judicium

578 2999 662 3034 Non
681 3005 805 3034 censet
821 2998 929 3034 illum
947 2999 1148 3047 imperium

532 3059 607 3103 Qui
625 3059 862 3095 commodum
885 3059 1045 3096 scienter
1062 3059 1272 3105 subtrahit,

2386 2978 2508 3013 Auru.
2553 2995 2557 2999 -

533 3118 643 3162 Quod
662 3131 728 3154 nec
747 3127 872 3167 gravat
892 3119 1043 3156 tandem
1062 3132 1129 3156 nec
1146 3120 1283 3156 minuit
1297 3125 1324 3155 ὁ.
2055 3118 2107 3154 11.

578 3215 639 3250 Fit
654 3228 744 3263 ergo
762 3218 924 3255 mundus
940 3219 1123 3266 optimus,
1667 3220 1785 3264 Deus,
1805 3220 1870 3268 qui
1884 3225 1970 3255 tuos
1986 3217 2114 3255 erudis

576 3276 630 3310 Ac
647 3277 832 3323 perfectus
849 3279 889 3314 in
910 3279 1093 3315 omnibus
1110 3295 1119 3324 ;
1667 3280 1994 3316 Testamentorum
2010 3277 2177 3328 pagiuiS,

530 3420 539 3435 ¹
562 3420 706 3454 «Preces
731 3430 895 3465 gementes
912 3424 1094 3466 fundimus5
1111 3426 1237 3460 dimitte
1257 3426 1344 3471 quod
1359 3427 1514 3470 peccavi·
1568 3426 1686 3470 Hymn.
1713 3425 1748 3459 S.
1767 3425 1879 3459 Ambr.
1903 3443 1942 3450 -·
1959 3425 1972 3442 ⁸
1990 3425 2176 3466 Glonficent
2197 3422 2281 3458 eod.
2302 3422 2400 3456 Brux.
2425 3440 2462 3445 ·—
2484 3419 2496 3436 ⁴
2517 3418 2600 3453 Cod-

486 3486 565 3509 mus.
586 3489 601 3506 n
615 3478 734 3521 Hymos
748 3479 783 3512 S.
801 3480 914 3513 Ambr.
929 3499 969 3505 —-
983 3480 995 3497 ²
1014 3494 1029 3510 «
1046 3482 1154 3516 Fletus
1176 3483 1317 3527 benigne
1338 3483 1482 3527 suscipe.
1498 3495 1514 3511 ¹»
1570 3482 1669 3516 Brux.
1691 3482 1856 3516 Minuitur.
