2970 4152
732 391 966 441 CONTRA
1002 390 1299 449 QUEMDAM
1332 391 1675 441 CANONICUM
1707 393 2089 441 REGULAREM.
2385 395 2481 444 687

350 485 660 551 professionis
679 485 901 545 clericos,
928 502 1050 550 quos
1073 484 1335 532 canonicos
1357 485 1598 549 regulares
1630 487 1837 546 vocatis,
1864 487 1931 534 sic
1961 487 2128 534 efferre
2157 487 2363 535 labores.
2391 491 2479 536 Mi-

349 585 513 616 ramur
536 578 696 616 autem
718 568 758 615 si
780 568 846 615 ita
869 568 951 626 sit,
978 567 1063 615 sed
1086 566 1291 632 amplius
1313 567 1546 614 miramur
1568 569 1607 614 si
1629 568 1696 615 ita
1716 585 1817 615 non
1842 569 1926 625 sit,
1952 586 2104 633 quum
2132 569 2315 616 nullam
2338 570 2478 618 aliam

346 650 578 715 suspicari
599 649 840 715 possimus
863 665 1073 696 causam.
1095 648 1249 707 Dicis,
1274 657 1328 694 ut
1354 648 1523 695 dicunt
1537 685 1548 706 ,
1574 649 1718 712 longe
1741 649 1912 696 ordine
1935 660 2020 697 tuo
2044 660 2264 697 nostrum
2287 651 2480 699 inferio-

346 747 450 778 rem
469 747 595 790 esse,
620 740 668 778 et
686 730 949 795 plurimum
970 729 1236 777 monachos
1258 746 1287 777 a
1308 728 1540 793 dig‘nitate
1562 729 1848 777 clericorum
1871 730 2053 778 abesse.
2079 735 2134 778 In
2158 749 2256 797 quo
2282 733 2478 797 quidem

346 812 559 877 primum
581 828 610 860 a
631 821 678 859 te
701 811 929 859 sciscitari
952 810 1176 859 volumus
1194 848 1205 871 ,
1232 810 1293 858 de
1315 827 1412 875 qua
1432 811 1484 858 id
1506 810 1737 875 dignitate
1761 811 1995 875 intelligas
2009 849 2020 870 ,
2047 822 2209 859 utrum
2239 813 2477 878 praelatio-

345 891 420 938 nis
455 891 581 938 inter
615 891 839 938 homines
857 928 868 950 ,
907 907 967 938 an
1002 890 1246 954 religionis
1280 890 1411 956 apud
1440 894 1617 938 Deum.
1655 890 1801 949 Quod
1844 891 2086 955 religionis
2119 893 2338 957 profecto
2375 893 2476 941 haec

345 968 551 1034 dignitas
572 971 819 1018 verissima
840 980 935 1030 est,
956 987 1061 1035 quae
1080 987 1170 1018 nos
1190 973 1293 1018 Deo
1316 970 1522 1018 maxime
1546 970 1874 1031 commendat,
1894 981 2037 1037 atque
2059 973 2314 1020 virtutibus
2337 974 2477 1022 ador-

343 1059 428 1096 nat
444 1086 458 1109 ,
484 1059 533 1097 et
553 1060 690 1098 tanto
722 1050 1025 1114 gloriosiores
1053 1051 1104 1098 in
1128 1051 1398 1098 coelestibus
1435 1050 1602 1111 efficit,
1636 1061 1819 1116 quanto
1850 1052 2131 1100 humiliores
2164 1053 2400 1102 habemur
2427 1057 2476 1103 in

343 1117 561 1178 terrenis.
587 1133 647 1179 At
667 1148 783 1179 vero
806 1149 902 1197 qua
922 1132 1111 1179 ratione
1140 1132 1217 1179 vel
1247 1133 1531 1180 auctoritate
1553 1133 1681 1179 hanc
1706 1133 1798 1180 sibi
1829 1133 2113 1197 dignitatem
2135 1134 2295 1182 clerici
2316 1136 2475 1183 vindi-

343 1227 452 1258 care
485 1211 677 1260 valeant
692 1250 703 1272 ‚
738 1212 868 1261 dicas
895 1214 935 1260 si
962 1213 1139 1278 possis,
1176 1222 1260 1260 aut
1293 1212 1487 1277 adjicias
1521 1230 1608 1261 cur
1628 1230 1739 1265 non
1773 1215 1944 1279 possis.
1978 1216 2096 1273 Quis
2133 1217 2262 1263 enim
2298 1219 2476 1266 nesciat

341 1292 476 1355 quod
498 1293 792 1358 quotidianis
815 1294 1047 1342 docemur
1077 1294 1413 1359 experimentis
1442 1294 1533 1343 hos
1563 1295 1708 1344 etiam
1741 1295 1964 1357 clericos,
1990 1298 2072 1361 qui
2107 1299 2289 1362 majore
2325 1300 2474 1363 gradu

340 1374 626 1437 praeminent
642 1412 654 1434 ,
681 1376 999 1423 monasticam
1020 1375 1194 1440 eligere
1220 1375 1391 1436 vitam,
1411 1394 1563 1442 quum
1586 1377 1721 1443 quod
1742 1379 1793 1425 in
1815 1378 2041 1426 clericatu
2061 1378 2351 1444 deliquerint
2373 1398 2478 1447 per-

340 1451 460 1502 fecte
482 1456 720 1520 corrigere
741 1467 963 1521 satagunt
979 1495 990 1517 ,
1025 1467 1073 1504 et
1101 1475 1253 1523 quum
1274 1458 1341 1504 eis
1373 1457 1435 1506 ad
1465 1459 1811 1508 monachatum
1833 1461 2037 1508 transire
2058 1460 2198 1509 liceat
2213 1499 2224 1521 ,
2251 1462 2315 1509 ad
2337 1462 2475 1510 cleri-

338 1543 501 1583 catum
521 1535 794 1584 nullatenus
817 1537 974 1586 redire
995 1539 1361 1603 permittantur?
1383 1541 1475 1586 Aut
1496 1539 1535 1586 si
1556 1540 1853 1605 quandoque
1875 1557 1961 1606 per
1982 1540 2224 1605 religionis
2247 1542 2475 1590 excellen-

338 1613 481 1674 tiam,
508 1615 835 1664 ecclesiasticae
852 1634 1071 1683 personae
1092 1617 1153 1665 de
1176 1619 1479 1666 monasteriis
1501 1619 1684 1679 electae,
1707 1620 1993 1668 clericorum
2015 1620 2185 1669 officiis
2208 1621 2472 1687 praefician-

337 1703 432 1754 tur,
458 1695 561 1761 ipse
582 1714 778 1762 quoque
802 1697 995 1746 habitus
1014 1698 1311 1746 monachalis
1333 1709 1467 1747 tanta
1489 1699 1720 1764 dignitate
1741 1702 2014 1766 praeminet,
2042 1711 2095 1749 ut
2119 1702 2266 1750 semel
2287 1719 2471 1750 assum-

336 1785 447 1839 ptus
469 1776 652 1842 deponi
682 1795 785 1826 non
813 1778 1018 1827 debeat:
1040 1797 1131 1845 pro
1160 1797 1260 1845 quo
1291 1797 1391 1828 non
1415 1779 1574 1828 solum
1607 1781 1867 1842 saecularis,
1898 1783 2215 1830 verumetiam
2244 1783 2472 1831 clericalis

335 1859 634 1924 abjiciendus
656 1872 744 1910 est.
772 1862 902 1921 Quid
924 1873 996 1911 est
1018 1864 1186 1923 etiam,
1213 1863 1346 1929 quod
1373 1882 1524 1929 quum
1546 1882 1669 1930 saepe
1692 1865 1921 1913 monachi
1949 1866 2163 1931 episcopi
2192 1865 2302 1913 facti
2333 1866 2470 1914 cleri-

335 1939 403 1987 cis
426 1952 791 2006 praeponantur,
817 1942 893 1990 vel
916 1942 1301 2009 quibuscumque
1333 1943 1502 1991 officiis
1525 1945 1854 1995 ecclesiasticis
1883 1945 2211 2011 applicentur?
2239 1948 2336 1993 Cur
2369 1962 2470 1994 non

334 2037 361 2068 e
383 2038 622 2070 converso
644 2023 706 2071 de
729 2023 912 2071 clericis
934 2023 1132 2072 abbates
1155 2025 1204 2072 in
1235 2026 1539 2074 monasteriis
1569 2025 1712 2088 fiant,
1739 2026 1816 2073 vel
1851 2026 2123 2074 officiorum
2157 2026 2470 2074 monachico-

333 2118 444 2149 rum
474 2119 642 2151 curam
671 2104 963 2169 suscipiant?
985 2107 1099 2165 Cur,
1133 2105 1356 2170 inquam,
1388 2123 1492 2166 cur,
1530 2106 1760 2167 obsecro,
1793 2108 1884 2155 nisi
1918 2107 2053 2172 quod
2085 2107 2470 2171 indignissimum

332 2193 570 2243 censetur,
603 2194 656 2232 ut
684 2184 784 2248 ejus
813 2186 921 2232 vitae
950 2186 1171 2249 regimini
1199 2186 1349 2234 laxior
1371 2198 1701 2252 praeponatur,
1727 2205 1817 2253 pro
1841 2205 1937 2253 qua
1959 2189 2103 2235 etiam
2125 2189 2230 2254 ipsa
2252 2198 2469 2237 contem-

332 2263 493 2312 nen'da
517 2275 610 2324 est,
637 2275 707 2326 et,
735 2276 787 2314 ut
809 2265 1041 2327 diximus,
1067 2284 1154 2333 per
1176 2284 1284 2316 eam
1306 2269 1622 2333 corrigenda?
1644 2272 1740 2317 Cur
1762 2270 1906 2318 etiam
1931 2287 2018 2318 vos
2042 2270 2156 2335 ipsi,
2180 2280 2227 2317 et
2249 2271 2469 2318 universa

331 2344 529 2393 ecclesia
546 2346 596 2392 in
616 2346 966 2411 supplicatione
982 2349 1290 2396 Letaniarum
1309 2349 1492 2396 dicitis:
1517 2352 1739 2397 «Omnes
1761 2351 1912 2397 sancti
1934 2349 2161 2397 monachi
2178 2359 2226 2396 et
2241 2350 2465 2409 eremitae,

332 2440 501 2472 omnes
523 2436 697 2474 sanctae.
718 2427 950 2491 virgines,
977 2444 1147 2476 omnes
1168 2439 1344 2477 sanctae
1365 2429 1522 2477 viduae
1545 2440 1592 2478 et
1614 2431 1941 2492 continentes,
1959 2440 2103 2478 -01310
2127 2446 2218 2495 pro
2252 2430 2417 2490 nobis,
2442 2450 2465 2476 υ

330 2513 378 2552 01
399 2521 520 2565 11011,
549 2508 770 2554 «Omnes
792 2508 943 2554 sancti
966 2507 1150 2569 clerici,
1169 2509 1246 2556 vel
1267 2510 1420 2557 sancti
1441 2510 1733 2575 presbyteri,
1750 2511 1826 2558 vel
1848 2512 1999 2558 5311011
2022 2511 2262 2577 episcopi?
2280 2530 2304 2556 »
2331 2513 2469 2558 Certe

329 2585 444 2650 quia
467 2585 569 2634 haec
594 2588 795 2635 nomina
817 2587 964 2635 officii
986 2590 1136 2654 magis
1162 2600 1298 2649 sunt,
1324 2591 1446 2638 sicut
1467 2591 1549 2639 illa
1572 2591 1832 2656 religionis.
1854 2591 1981 2650 Quid
2006 2602 2076 2640 est
2099 2592 2243 2639 0113111
2265 2592 2399 2657 quod
2417 2593 2466 2640 in

329 2664 419 2713 illis
451 2668 653 2730 Hymnis
689 2667 953 2716 festivitatis
982 2670 1203 2717 omnium
1237 2681 1541 2732 sanctorum,
1582 2673 1631 2719 in
1676 2672 1852 2738 quibus
1887 2683 1986 2720 tam
2016 2690 2044 2721 a
2071 2672 2209 2721 vobis
2227 2710 2238 2732 ,
2271 2689 2418 2737 quam
2440 2690 2467 2720 a

329 2747 508 2795 caeteris
527 2747 751 2813 suffragia
772 2759 1050 2798 sanctorum
1071 2752 1396 2817 postulantur,
1422 2753 1554 2802 nulla
1574 2755 1721 2802 vestri
1744 2755 1927 2802 mentio
1950 2754 2057 2814 fiat,
2074 2755 2197 2801 sicut
2219 2753 2272 2801 fit
2295 2770 2465 2802 mona-

329 2825 535 2876 chorum
558 2838 606 2877 et
627 2829 895 2894 virginum?
916 2832 993 2879 Sic
1015 2832 1195 2898 quippe
1218 2834 1452 2898 scriptum
1474 2845 1546 2882 est
1569 2854 1579 2882 ε

945 2964 1105 3006 Chorus
1125 2971 1356 3006 sanctarum
1376 2966 1581 3020 virginum
1593 3001 1605 3019 ,

943 3031 1322 3087 Monachorumque
1342 3034 1526 3075 omnium
1538 3066 1549 3084 ‚

946 3099 1074 3141 Simul
1097 3113 1191 3142 cum
1211 3102 1366 3143 sanctis
1386 3102 1579 3144 omnibus

947 3167 1167 3211 Consortes
1186 3169 1339 3212 Christi
1357 3170 1493 3213 facite.

394 3283 513 3329 Item
535 3300 545 3329 :

947 3394 1242 3436 Monachorum
1263 3394 1480 3449 suffragia,

943 3462 1178 3519 Omnesque
1197 3464 1311 3524 cives
1328 3464 1462 3506 coelici
1478 3496 1488 3515 ,
