2970 4152
534 406 629 452 490
1336 399 1507 447 PETRI
1544 401 1858 449 ABAELARDI

510 555 514 558 y
532 499 760 564 Spiritum
782 505 1000 543 sanctum
1020 513 1030 541 :
1052 511 1261 559 quorum
1280 495 1553 542 remiseritis
1572 506 1785 560 peccata,
1807 491 1964 555 etc.,'»
1991 496 2076 543 sed
2098 496 2266 561 repleti
2291 496 2467 562 Spiritu
2490 509 2655 545 sancto

533 597 632 627 non
668 588 826 636 erant,
864 577 984 623 sicut
1014 575 1160 623 hodie
1193 576 1372 623 factum
1403 594 1503 624 esse
1534 588 1829 625 monstratur
1856 595 2007 642 quum
2029 578 2221 625 dicitur¹
2249 597 2259 625 :
2297 579 2520 644 «Repleti
2547 591 2658 626 sunt

534 676 700 706 omnes
726 658 902 723 Spiritu
928 666 1112 704 sancto.
1138 675 1161 701 »
1193 657 1351 704 Primo
1374 658 1535 722 itaque
1563 644 1852 723 quibusdam
1875 658 2016 705 donis
2039 659 2234 718 initiati,
2259 658 2406 705 hodie
2430 659 2657 707 cumulati

533 750 643 786 sunt
665 749 711 786 et
728 737 1065 785 consummati.
1088 740 1158 783 De
1178 730 1274 801 qua
1289 738 1486 802 quidem
1502 739 1765 804 repletione
1784 739 1985 804 Spiritus
2001 739 2134 803 quasi
2155 739 2314 786 statim
2330 749 2631 786 eructuantes
2643 778 2654 798 ,

534 829 781 885 coeperunt
801 818 934 882 loqui
957 818 1057 864 aliis
1079 817 1275 881 linguis,
1301 819 1422 866 sicut
1444 819 1494 866 in
1525 836 1676 883 graeco
1699 819 1930 879 habetur,
1955 836 2101 884 quam
2123 830 2263 867 antea
2285 820 2510 866 fecerant.
2538 823 2658 867 Nam

534 917 617 947 sua
640 900 836 965 propria
856 899 1042 962 lingua,
1063 898 1112 945 id
1129 909 1199 946 est
1214 898 1441 947 hebraica
1454 937 1465 959 ,
1485 916 1792 964 nequaquam
1815 909 1931 947 tunc
1952 900 2085 966 loqui
2108 901 2426 966 incip1ebant,
2450 900 2535 947 sed
2556 900 2658 948 aliis

535 999 652 1047 quas
679 983 1038 1045 ignoraverant,
1064 997 1153 1045 pro
1177 981 1450 1028 diversitate
1475 981 1653 1028 scilicet
1674 982 1931 1028 hominum
1953 999 2008 1029 ex
2031 983 2166 1029 omni
2193 983 2413 1040 natione,
2442 998 2547 1046 quae
2568 981 2658 1029 sub

536 1064 657 1110 coelo
687 1073 779 1122 est,
809 1062 870 1109 ad
894 1062 1023 1109 diem
1046 1061 1218 1108 festum
1251 1062 1557 1126 Jerosolymis
1579 1072 1997 1126 congregatorum.
2023 1066 2094 1109 De
2125 1079 2221 1126 qua
2243 1063 2439 1127 quidem
2461 1062 2659 1110 diversi-

536 1154 630 1191 tate
653 1143 923 1207 linguarum
937 1179 948 1201 ,
968 1159 1065 1207 quo
1089 1141 1354 1188 mirabilior
1379 1141 1637 1201 habeatur,
1663 1142 1714 1188 id
1736 1142 1935 1206 quidam
1956 1152 2228 1201 senserunt,
2254 1152 2306 1188 ut
2324 1159 2475 1206 quum
2491 1134 2660 1189 omnes

535 1225 675 1271 unius
697 1224 867 1287 linguae
893 1223 1163 1289 prolatione
1185 1233 1456 1282 uterentur,
1489 1222 1685 1286 singulis
1705 1223 2006 1270 auditoribus
2028 1224 2226 1288 propria
2247 1224 2476 1288 cujusque
2497 1224 2659 1288 lingua

535 1304 669 1369 loqui
684 1305 976 1351 viderentur.
1003 1303 1096 1349 Sed
1111 1302 1206 1349 hoc
1221 1302 1438 1367 profecto
1456 1319 1763 1367 nequaquam
1785 1313 1906 1350 esset
1922 1303 2055 1367 loqui
2075 1303 2177 1350 aliis
2193 1303 2389 1367 linguis,
2407 1304 2492 1350 sed
2507 1303 2659 1350 videri

538 1386 638 1433 aliis
660 1386 819 1451 loqui3
847 1402 936 1432 nec
957 1386 1131 1432 veritas
1154 1394 1276 1430 esset
1296 1383 1568 1446 linguarum
1583 1421 1594 1442 ,
1623 1383 1708 1430 sed
1731 1384 1897 1449 opinio
1918 1383 2231 1449 deceptorum
2252 1383 2508 1431 hominum
2532 1402 2542 1430 ε
2568 1400 2660 1430 nec

538 1465 598 1512 de
627 1465 800 1529 linguis
831 1465 1096 1530 quidquam
1130 1473 1252 1511 esset
1279 1464 1507 1528 apostolis
1537 1463 1765 1510 collatum
1777 1463 1898 1522 ,·sed
1932 1463 1992 1510 de
2023 1463 2334 1527 intelligentia
2361 1463 2660 1510 auditoribus

538 1547 835 1612 inspiratum.
862 1546 1052 1593 Falsum
1074 1545 1282 1609 denique
1301 1555 1348 1591 et
1366 1544 1485 1591 illud
1504 1554 1625 1591 esset
1644 1544 1778 1608 quod
1800 1544 1862 1591 ab
1882 1544 2180 1590 auditoribus
2204 1544 2471 1591 dicebatur²
2497 1563 2507 1590 :
2532 1564 2554 1590 «
2574 1547 2662 1591 Au-

538 1627 743 1675 divimus
763 1645 844 1674 eos
866 1628 1117 1692 loquentes
1138 1626 1310 1688 linguis
1333 1626 1526 1672 nostris.
1541 1644 1565 1669 »
1592 1625 1640 1671 Si
1663 1625 1792 1671 enim
1809 1625 1989 1671 locutio
2011 1625 2283 1688 linguarum
2305 1641 2406 1671 non
2426 1634 2549 1683 erat,
2575 1624 2659 1671 sed

538 1708 810 1766 videbatur,
833 1708 1005 1754 falsum
1022 1716 1092 1753 est
1114 1723 1196 1752 eos
1217 1706 1403 1753 audisse
1425 1706 1475 1751 in
1498 1705 1589 1752 illis
1604 1705 1808 1752 verbum
1826 1705 1960 1769 quod
1981 1722 2083 1752 non
2105 1715 2207 1752 erat
2227 1706 2277 1752 in
2295 1705 2426 1770 ipsis.

603 1790 709 1835 Non
737 1788 895 1835 solum
917 1787 1059 1851 igitur
1083 1786 1143 1833 de
1168 1785 1479 1849 intelligentia
1504 1785 1744 1832 interioris
1771 1785 1932 1844 verbi,
1959 1785 2274 1832 verumetiam
2301 1785 2361 1831 de
2383 1786 2662 1849 pronuntia'-

538 1868 669 1915 tione
683 1869 788 1914 soni
798 1867 944 1915 hodie
958 1876 1069 1914 sunt
1081 1866 1299 1913 instructi
1311 1903 1322 1925 ,
1343 1882 1404 1912 ne
1420 1865 1538 1930 quid
1555 1865 1677 1912 desit
1692 1865 1742 1911 in
1760 1865 1858 1913 ulla
1874 1866 2040 1930 gratia.
2064 1865 2202 1912 Unde
2219 1882 2425 1930 praesens
2441 1865 2662 1912 solemni-

536 1959 608 1996 tas
630 1959 812 2013 quanto
835 1948 1126 2013 multipliore
1151 1947 1301 2010 gratia
1322 1945 1375 1993 fit
1395 1946 1616 2012 praedita,
1633 1956 1769 1994 tanto
1786 1948 1968 2011 majore
1986 1947 2244 1994 devotione
2262 1956 2332 1993 est
2353 1946 2656 2006 celebranda,

539 2041 585 2077 et
609 2031 828 2077 omnium
854 2030 1132 2093 linguarum·
1156 2027 1378 2075 laudibus
1399 2027 1712 2087 honoranda,
1744 2028 1941 2092 quando
1971 2028 2033 2076 ad
2059 2027 2419 2093 praedicandum
2441 2026 2661 2091 gentibus

540 2112 771 2158 universis
807 2125 983 2173 genera
1018 2109 1184 2156 omnia
1216 2108 1489 2171 linguarum
1524 2108 1753 2173 apostolis
1788 2117 1900 2155 sunt
1927 2108 2117 2155 collata.
2151 2111 2303 2171 Atque
2331 2108 2517 2154 utinam
2544 2124 2657 2166 vos,

539 2208 724 2256 sponsae
737 2190 910 2237 Christi
927 2189 1142 2253 gloriosae
1154 2225 1165 2247 ,
1186 2188 1378 2252 quibus,
1397 2198 1450 2235 ut
1468 2205 1612 2253 supra
1631 2188 1960 2246 meminimus,
1983 2188 2086 2234 haec
2102 2187 2378 2234 solemnitas
2396 2188 2677 2252 specialiter·

540 2269 774 2317 incumbit
789 2268 1094 2326 celebranda,
1111 2267 1331 2314 omnium
1343 2267 1615 2330 linguarum
1638 2266 1891 2329 generibus
1907 2266 2092 2314 divinas
2111 2267 2161 2312 in
2184 2282 2240 2312 ea
2251 2266 2415 2314 laudes
2436 2283 2660 2313 resonare
2679 2310 2685 2317 .

540 2348 758 2415 possetis!
793 2348 937 2406 Quod
965 2348 1077 2412 quia
1110 2364 1210 2394 non
1242 2345 1477 2406 sufficitis,
1508 2337 1583 2393 vel
1613 2346 1708 2392 hoc
1739 2346 1907 2393 saltem
1938 2345 2132 2405 efficite,
2170 2356 2224 2393 ut
2253 2347 2484 2393 doctrinae
2515 2347 2661 2394 trium

540 2430 875 2496 principalium
895 2428 1191 2491 linguarum,
1217 2426 1391 2491 quibus
1414 2426 1512 2473 duo
1538 2429 1839 2473 Testamenta
1865 2427 2137 2491 conscripta
2165 2437 2299 2486 sunt,
2333 2437 2381 2474 et
2409 2427 2663 2475 dominicae

539 2513 691 2559 crucis
707 2511 870 2558 titulus
894 2509 1170 2573 insignitus,
1195 2524 1394 2573 operam
1414 2508 1605 2567 dantes,
1625 2507 1807 2572 aliquid
1831 2507 2035 2573 amplius
2059 2524 2207 2572 quam
2228 2509 2383 2555 caeteri
2403 2508 2566 2556 fideles
2587 2508 2662 2555 his

540 2594 714 2640 festivis
735 2592 920 2640 addatis
938 2590 1206 2656 praeconiis.
1230 2590 1374 2648 Quod
1398 2599 1446 2636 et
1469 2590 1570 2654 ipse
1592 2590 1794 2654 Spiritus
1815 2589 1876 2636 ad
1898 2588 2138 2636 honorem
2156 2590 2228 2636 sui
2252 2589 2390 2637 vobis
2412 2606 2661 2653 suggerere

540 2673 782 2737 dignetur,
812 2673 917 2737 qui,
948 2671 1032 2718 ubi
1056 2670 1159 2718 vult
1183 2670 1393 2735 spirans,
1422 2670 1520 2716 sive
1538 2685 1660 2716 sono
1684 2668 1827 2716 docet
1849 2669 2070 2728 interius,
2096 2670 2195 2716 sive
2214 2669 2399 2716 calamo
2424 2668 2589 2716 scribit
2606 2669 2659 2716 'in

539 2752 805 2811 mentibus,
832 2768 921 2798 nec
955 2767 1115 2798 moras
1145 2750 1324 2814 patitur
1349 2750 1399 2795 in
1427 2748 1652 2795 docendo
1671 2786 1682 2808 ,
1709 2765 1798 2795 nec
1828 2748 2109 2795 dilationem
2133 2748 2280 2795 habet
2306 2749 2357 2794 in
2382 2748 2656 2795 scribendo.

539 2836 642 2896 Ipse
661 2831 986 2878 infirmitatem
1001 2840 1208 2877 vestram
1224 2830 1272 2876 in
1292 2839 1459 2876 sancto
1476 2828 1672 2875 roboret
1688 2828 1938 2893 proposito
1951 2864 1962 2886 ,
1982 2827 2065 2891 qui
2082 2827 2228 2874 hodie
2245 2827 2488 2892 apostolos
2506 2826 2663 2874 induit

540 2930 594 2959 ex
628 2914 743 2960 alto.
781 2917 886 2978 Ipse
917 2911 1080 2958 fictilia
1109 2927 1222 2958 vasa
1248 2921 1428 2969 vestra,
1461 2920 1507 2957 et
1535 2910 1714 2957 luteam
1742 2908 1900 2957 adhuc
1931 2909 2132 2957 crudam
2161 2919 2332 2957 testam
2368 2910 2478 2972 igne
2511 2908 2661 2956 divini

541 2995 716 3042 amoris
755 2993 1069 3059 excoquendo
1108 2992 1280 3039 solidet
1298 3029 1308 3051 ,
1351 3008 1449 3056 quo
1486 2990 1833 3056 discipulorum
1873 2990 2022 3037 corda
2058 2990 2205 3037 hodie
2243 2990 2459 3055 replevit.
2498 2993 2661 3054 Ipsum

540 3094 742 3140 sponsus
765 3086 920 3124 vester
938 3075 1174 3122 Dominus
1193 3077 1326 3121 Jesus
1342 3073 1557 3121 Christus
1575 3072 1743 3119 vestris
1765 3089 1952 3137 semper
1974 3072 2215 3119 mentibus
2238 3072 2458 3137 inspiret,
2485 3080 2532 3117 et
2553 3079 2659 3117 tan-

541 3174 686 3220 quam
711 3158 903 3205 arrham
932 3155 1316 3222 desponsationis
1345 3164 1392 3201 et
1419 3153 1629 3218 spiritale
1656 3154 1828 3218 pignus
1854 3153 1980 3200 dotis
2005 3153 2143 3201 vobis
2170 3152 2431 3211 custodiat,
2461 3160 2515 3198 ut
2539 3150 2660 3196 sicut

541 3239 767 3302 apostolis
786 3239 1028 3303 promisit,
1058 3247 1250 3285 maneat
1268 3236 1520 3284 vobiscum
1542 3236 1592 3282 in
1620 3245 1870 3282 aeternum.
1899 3237 2067 3282 Amen.

589 3380 598 3396 ¹
627 3382 698 3413 Act.
715 3382 840 3422 Apost„
860 3391 933 3424 cap.
951 3391 992 3420 ιι,
1011 3392 1040 3413 v.
1064 3381 1098 3413 4:
1114 3397 1155 3405 —
1172 3379 1185 3397 ¹
1203 3379 1302 3420 lbid„
1321 3390 1352 3412 v.
1376 3380 1429 3412 11.
