2970 4152
1243 420 1558 467 ErisTotAE.
2183 481 2193 486 ᾖ
2404 415 2462 460 49

348 530 478 574 rum,
503 512 636 578 quod
655 511 715 560 de
741 513 945 560 trinitate
967 528 1356 578 composueram,
1383 530 1573 561 mecum
1593 513 1827 560 afferrem.
1851 514 1910 560 Et
1932 511 2109 559 factum
2134 518 2206 556 est
2224 509 2302 555 ita
2327 510 2465 554 Ante-

348 611 492 658 quam
518 603 681 642 autem
705 592 817 640 illuc
850 594 1173 658 pervenirem,
1201 593 1300 641 duo
1336 594 1403 641 illi
1425 594 1638 667 praedicti
1674 593 1832 642 aemuli
1867 592 2015 640 nostri
2054 591 2119 638 ita
2148 606 2226 636 me
2262 589 2312 634 in
2338 587 2465 635 clero

348 683 395 721 et
424 673 606 739 populo
637 673 1022 734 diffamaverunt,
1052 683 1104 721 ut
1138 689 1262 739 pene
1290 691 1368 721 me
1389 668 1614 740 populus
1646 689 1924 738 paucosque
1961 671 2044 736 qui
2075 670 2372 718 advenerant
2408 685 2464 715 ex

346 753 588 820 discipulis
618 754 819 812 nostris,
850 754 1005 817 prima
1034 754 1111 801 die
1136 754 1287 802 nostri
1308 754 1545 802 adventus
1573 754 1865 820 lapidarent,
1889 753 2099 800 dicentes
2121 767 2198 798 me
2221 760 2316 797 tres
2339 752 2466 796 Deos

347 835 603 900 praedicare
626 844 673 882 et
697 834 958 900 scripsisse,
987 821 1109 883 sicut
1127 836 1240 901 ipsis
1262 851 1542 902 persuasum
1571 836 1757 899 fueraty-
1768 835 1954 882 Accessi
1982 843 2164 887 autem,
2194 848 2308 878 mox
2336 841 2387 877 ut
2403 830 2466 877 ad

347 916 584 963 civitatem
603 916 736 975 veni,
765 915 827 962 ad
851 915 1088 980 legatum3
1117 916 1256 981 eique
1279 916 1494 964 libellum
1520 926 1739 964 nostrum
1762 913 2113 980 inspiciendum
2138 922 2182 959 et
2207 911 2468 975 dijudican-

348 995 465 1043 dum
496 995 698 1055 tradidi3
727 1005 774 1043 et
798 1011 876 1043 me
889 1031 901 1055 ,
941 997 980 1043 si
1001 996 1183 1061 aliquid
1207 997 1497 1063 scripsissem
1531 995 1665 1061 quod
1699 1012 1727 1043 a
1762 995 1997 1044 catholica
2030 993 2125 1041 fide
2152 992 2421 1040 dissentiret
2437 994 2464 1050 ¹,

347 1085 566 1139 paratum
585 1091 687 1122 esse
705 1075 767 1122 ad
793 1076 1148 1141 correptionem
1165 1078 1179 1100 ²
1202 1076 1277 1124 vel
1302 1076 1666 1125 satisfactionem
1691 1075 1859 1122 obtuli.
1888 1074 1969 1122 Ille
1985 1084 2145 1121 autem
2169 1072 2327 1119 statim
2353 1070 2470 1118 mihi

347 1156 570 1221 praecepit
600 1154 814 1203 libellum
842 1156 1000 1221 ipsum
1034 1155 1392 1223 archiepiscopo
1424 1157 1611 1222 illisque
1640 1156 1821 1204 aemulis
1848 1156 1965 1203 meis
1995 1154 2177 1202 deferre
2190 1190 2202 1213 ,
2236 1163 2470 1217 quatenus

347 1236 435 1301 ipsi
463 1252 540 1283 me
562 1235 855 1299 judicarent,
883 1237 967 1301 qui
993 1254 1070 1284 me
1095 1253 1241 1302 super
1266 1238 1360 1286 hoc
1385 1237 1672 1286 accusabant
1696 1256 1706 1284 :
1743 1248 1797 1284 ut
1826 1236 1945 1284 illud
1970 1237 2019 1283 in
2051 1252 2130 1283 me
2166 1236 2309 1283 etiam
2337 1252 2470 1282 com-

347 1315 580 1381 pleretur,
607 1337 630 1361 «
653 1326 700 1365 et
724 1317 901 1364 inimici
927 1318 1078 1365 nostri
1102 1327 1214 1365 sunt
1233 1318 1458 1382 judices'.
1484 1339 1508 1363 ω
1537 1319 1716 1384 Saepius
1734 1328 1894 1365 autem
1916 1317 1983 1364 illi
2008 1317 2310 1382 inspicientes
2325 1326 2467 1380 atque

348 1396 645 1444 revolventes
669 1396 907 1458 libellum,
945 1415 1034 1446 nec
1064 1398 1183 1463 quid
1211 1399 1260 1446 in
1289 1399 1532 1448 audientia
1548 1401 1563 1424 ⁴
1589 1399 1805 1465 proferre
1839 1398 2095 1446 adversum
2130 1414 2207 1444 me
2241 1396 2471 1444 auderent

348 1476 641 1524 invenientes
654 1513 667 1537 ,
700 1477 986 1546 distulerunt
1017 1494 1167 1543 usque
1200 1479 1250 1526 in
1288 1478 1434 1527 finem
1467 1479 1656 1527 concilii
1691 1479 1826 1539 libri,
1861 1478 1923 1526 ad
1965 1495 2110 1543 quam
2150 1476 2465 1536 anhelabant,

348 1546 736 1617 damnationem.i
752 1561 852 1622 Ego
878 1568 1039 1606 autem
1066 1558 1262 1623 singulis
1291 1558 1461 1607 diebus
1491 1570 1747 1624 antequam
1778 1558 1990 1633 sederet⁶
2006 1557 2286 1617 concilium,
2312 1558 2359 1603 in
2384 1575 2471 1622 pu-
2518 1576 2530 1599 ·,

348 1635 474 1684 blico
508 1636 733 1685 omnibus
767 1637 1036 1685 secundum
1071 1654 1219 1702 quam
1255 1639 1535 1705 scripseram
1569 1639 1718 1687 fidem
1750 1639 2034 1686 catholicam
2076 1637 2389 1696 disserebam,
2427 1648 2471 1684 et

349 1733 458 1763 cum
495 1733 667 1781 magua
703 1717 1020 1765 admiratione
1058 1734 1228 1766 omnes
1267 1719 1350 1783 qui
1383 1718 1665 1779 audiebant,
1705 1730 1803 1767 tam
1849 1719 2107 1766 verborum
2147 1719 2445 1784 apertionem
2460 1720 2472 1742 ‘³

348 1812 493 1861 quam
517 1812 710 1844 sensum
728 1807 947 1844 nostrum
966 1798 1387 1846 commendabant.
1404 1799 1550 1857 Quod
1569 1817 1721 1864 quum
1741 1800 1948 1866 populus
1962 1809 2010 1847 et
2024 1800 2178 1847 clerus
2197 1800 2466 1865 inspiceret,

349 1889 596 1945 coeperunt
620 1878 886 1927 adinvicem
912 1878 1098 1927 dicerez
1119 1882 1241 1927 Ecce
1266 1896 1397 1928 nunc
1419 1880 1579 1946 palam
1604 1881 1831 1946 loquitur,
1853 1890 1901 1928 et
1923 1897 2068 1928 nemo
2087 1882 2135 1927 in
2155 1897 2266 1928 eum
2288 1881 2467 1944 aliquid

348 1958 479 2007 dicit.
503 1962 561 2007 Et
578 1959 836 2008 concilium
852 1959 917 2007 ad
934 1958 1081 2008 finem
1109 1960 1321 2021 festinat,
1362 1962 1569 2009 maxime
1599 1962 1647 2009 in
1683 1977 1820 2020 eum,
1861 1972 1914 2009 ut
1940 1960 2234 2020 audivimus,
2271 1977 2469 2026 congre-

349 2051 526 2105 gatum
562 2040 789 2106 Nunquid
822 2040 1007 2106 judices
1047 2052 1378 2107 cognoverunt
1407 2044 1519 2107 quia
1549 2044 1638 2110 ipsi
1673 2044 1831 2109 potius
1870 2059 2017 2108 quam
2051 2042 2130 2090 ille
2163 2053 2323 2091 errant
2344 2043 2362 2088 P
2402 2046 2466 2089 Ex

348 2136 446 2185 quo
481 2121 638 2168 aemuli
665 2121 816 2169 nostri
852 2121 1069 2187 quotidie
1100 2123 1247 2187 magis
1279 2139 1334 2170 ac
1365 2124 1515 2188 magis
1544 2123 2011 2171 inflammabantur&
2053 2123 2272 2181 Quadam
2313 2133 2470 2171 autem

349 2201 443 2261 die,
472 2201 715 2250 Albericus
739 2201 801 2249 ad
828 2219 906 2250 me
935 2203 1099 2250 animo
1133 2202 1495 2251 intentandum⁸
1519 2221 1631 2252 cum
1657 2204 1945 2269 quibusdam
1963 2204 2205 2270 discipulis
2228 2206 2323 2252 suis
2347 2219 2474 2252 acce·

348 2282 489 2342 dens,
518 2292 628 2348 post
655 2282 876 2348 quaedam
900 2282 1079 2330 blanda
1106 2283 1368 2349 colloquia,
1400 2284 1517 2332 dixit
1546 2301 1597 2332 se
1626 2286 1787 2333 mirari
1811 2284 2085 2350 quoddam,
2119 2284 2254 2350 quod
2281 2285 2328 2331 in
2354 2284 2476 2332 libro

349 2361 429 2409 illo
448 2372 694 2410 notaverat
718 2382 727 2409 :
755 2362 888 2427 quod
904 2362 1102 2424 scilicet,
1122 2380 1272 2428 quum
1292 2366 1421 2413 Deus
1442 2366 1597 2413 Deum
1615 2365 1851 2430 genuerit,
1874 2382 1963 2413 nec
1980 2366 2071 2412 nisi
2095 2381 2220 2412 unus
2236 2368 2364 2412 Deus
2385 2366 2466 2421 sit,

349 2457 572 2505 negarem
603 2451 762 2490 tamen
797 2445 954 2490 Deum
984 2444 1190 2509 seipsum
1233 2444 1466 2508 genuisse.
1497 2446 1584 2491 Cui
1620 2445 1777 2492 statim
1811 2444 2066 2511 respondi:
2095 2447 2252 2510 Super
2287 2445 2402 2503 hoc,
2436 2447 2471 2491 si

348 2522 511 2581 vultis,
541 2523 775 2569 rationem
800 2523 1078 2587 proseram⁹.
1109 2527 1213 2571 Non
1237 2541 1488 2581 curamus,
1511 2525 1665 2590 inquit
1693 2525 1797 2585 ille,
1820 2526 2055 2572 rationem
2073 2525 2360 2584 humanam,
2387 2538 2468 2572 aut

348 2619 539 2650 sensum
557 2611 776 2649 nostrum
801 2602 850 2648 in
876 2602 1071 2662 talibus,
1094 2603 1178 2651 sed
1197 2603 1489 2651 auctoritatis
1508 2604 1654 2651 verba
1673 2604 1996 2651 solummodo.
2021 2605 2108 2652 Cui
2124 2621 2237 2669 ego:
2263 2606 2464 2665 Vertite,

347 2685 567 2747 inquam,
606 2681 773 2729 folium
801 2681 930 2742 libri,
971 2693 1018 2730 et
1051 2684 1298 2731 invenietis
1331 2685 1662 2732 auctoritatem
1680 2687 1718 2731 ¹⁰.
1750 2688 1809 2732 Et
1834 2695 1935 2732 erat
1967 2684 2138 2751 praesto
2171 2685 2291 2733 liber
2324 2703 2468 2751 quem

348 2775 510 2809 secum
534 2761 634 2826 ipse
663 2759 910 2809 detulerat.
954 2761 1149 2810 Revolvi
1182 2763 1244 2810 ad
1280 2763 1442 2811 locum
1480 2778 1624 2829 quem
1659 2781 1911 2824 noveram,
1946 2782 2091 2830 quem
2133 2766 2234 2832 ipse
2273 2765 2468 2813 minime

349 2848 679 2907 compererat,
717 2852 798 2889 aut
835 2843 919 2907 qui
947 2859 1047 2890 non
1080 2843 1171 2891 nisi
1196 2844 1313 2891 mihi
1354 2845 1571 2893 nocitura
1604 2845 1860 2911 quaerebat.
1892 2849 1950 2893 Et
1976 2846 2193 2894 voluntas
2228 2847 2316 2894 Dei
2356 2844 2464 2907 fuit,

351 2934 401 2970 ut
438 2914 532 2970 cito
564 2912 836 2970 occurreret
868 2923 985 2970 mihi
1017 2923 1151 2989 quod
1177 2924 1412 2973 volebam.
1446 2929 1557 2973 Erat
1592 2936 1752 2974 autem
1786 2928 2018 2974 sententia
2043 2926 2274 2975 intitulata
2287 2930 2310 2952 ¹¹
2336 2946 2345 2974 ε
2368 2933 2468 2975 Λιι-

344 3005 560 3069 guatinas
600 3001 657 3049 de
704 3004 933 3051 Trinc‘tate
977 3003 1054 3051 lib.
1092 3007 1122 3051 I
1135 3006 1190 3052 ¹¹:
1210 3025 1233 3050 «
1262 3005 1358 3064 Qui
1388 3017 1521 3072 putat
1554 3007 1655 3071 ejus
1698 3008 1921 3073 potentiae
1961 3010 2138 3068 Deum,
2183 3019 2233 3056 ut
2261 3009 2466 3075 seipsum

350 3083 447 3148 ipse
472 3082 711 3147 genuerit,
740 3099 798 3130 eo
832 3081 939 3148 plus
975 3094 1100 3131 errat
1136 3084 1269 3149 quod
1303 3102 1402 3133 non
1433 3086 1587 3134 solum
1621 3088 1749 3135 Deus
1782 3088 1841 3134 ita
1874 3104 1972 3134 non
2000 3098 2102 3147 est;
2147 3088 2230 3136 sed
2255 3105 2344 3136 nec
2376 3091 2467 3155 spi—

395 3229 404 3245 ⁴
425 3229 601 3263 catholiam
619 3235 650 3262 et
663 3231 835 3270 veroefidei
848 3231 1010 3264 dissonum
1025 3229 1120 3265 RUS.
1133 3248 1175 3255 —
1190 3231 1204 3250 ¹
1220 3231 1276 3266 Sic
1290 3232 1389 3268 habet
1430 3241 1520 3269 certe
1531 3235 1630 3269 lectio
1643 3232 1910 3269 osv—Tramiatio
1922 3234 2044 3271 Gallica
2061 3249 2100 3270 ιι
2115 3231 2185 3281 Ung
2194 3238 2268 3281 jour
2283 3238 2349 3272 vim
2361 3238 2378 3271 ἃ
2392 3248 2466 3282 moy

350 3285 450 3318 editio
474 3284 637 3318 ureniana
657 3295 675 3317 e
697 3285 834 3318 variant.
857 3286 935 3318 lect.
952 3285 1103 3320 Amboes.
1117 3289 1387 3323 -correceionem
1431 3304 1447 3321 α
1468 3292 1613 3335 Aubery‚
1637 3302 1761 3336 aveque
1790 3303 1894 3326 aucun
1918 3293 1988 3327 sien
2011 3294 2164 3337 disciple‚
2194 3305 2234 3327 en
2254 3294 2406 3338 couraige
2425 3295 2467 3328 de

351 3340 437 3374 Edit.
455 3340 552 3374 Amb.
569 3358 606 3364 —-
620 3341 633 3358 ⁸
646 3341 775 3375 Deuter-
792 3352 868 3386 cap.
885 3353 995 3382 xxxii,
1008 3354 1041 3377 v.
1056 3346 1155 3377 31.—
1165 3344 1180 3363 ⁴
1191 3346 1278 3379 Goem
1290 3345 1385 3379 RHS.
1433 3361 1447 3377 ι
1466 3357 1541 3392 moy
1560 3355 1712 3391 tempter.
1726 3361 1741 3378 ι
1759 3365 1798 3371 ——
1814 3347 1827 3365 ⁰
1847 3350 1898 3382 Ad
1912 3350 1975 3382 hoc
1987 3352 2189 3391 probandum
2201 3376 2209 3390 ,
2224 3354 2252 3383 εἰ
2269 3353 2386 3388 velitis,
2411 3362 2465 3383 ar-

349 3397 409 3420 -—⁸
424 3398 554 3431 Cederet
564 3397 630 3431 MS.
643 3398 779 3432 Amh.-
788 3398 802 3416 ⁸
814 3400 843 3431 E
844 3401 1072 3440 ,inplicationem
1085 3400 1241 3435 Rus—'¹
1254 3403 1390 3436 Accensa*
1431 3413 1581 3446 {lumenta
1600 3415 1663 3437 non
1686 3407 1860 3446 sophistica
1878 3408 1958 3439 nudi
1976 3406 2069 3439 RMS.
2086 3424 2125 3430 ·—
2141 3406 2172 3423 ‘⁰
2185 3409 2354 3440 Auctorem
2367 3407 2461 3440 m.
2472 3430 2493 3442 v

345 3456 479 3494 siceram
495 3454 655 3488 Rus-⁸
670 3454 724 3488 Sic
735 3455 822 3489 Edit.
836 3456 935 3492 Oren.
952 3464 984 3490 et
999 3458 1064 3491 HS.
1083 3458 1387 3499 Ambelneeman's,
1434 3479 1469 3484 --
1491 3460 1517 3478 '¹
1541 3461 1642 3494 Gessit
1667 3461 1752 3494 hunc
1777 3464 1902 3495 citatim
1927 3466 2083 3496 sententia
2112 3462 2205 3496 RMS.
2223 3478 2263 3487 u
2278 3462 2307 3480 ⁴²
2323 3463 2401 3507 Cap.
2433 3476 2463 3502 ι,

350 3510 437 3553 quod
454 3511 487 3544 in
504 3511 629 3545 caeterin
641 3511 838 3546 editionibus
851 3520 883 3546 et
900 3515 1129 3558 manuscriptis
1143 3516 1274 3560 legitur,
1290 3527 1389 3559 prava
1435 3517 1530 3558 opp„
1547 3517 1695 3557 Parisiis,
1721 3519 1801 3551 1688
1814 3543 1823 3559 ‚
1842 3518 1887 3551 in·
1898 3518 1967 3560 fot,
1985 3525 2009 3552 t.
2026 3518 2099 3552 vul
2110 3544 2119 3559 ,
2135 3519 2199 3553 col.
2217 3519 2291 3552 749.

2542 516 2722 549 Concilium

2491 593 2494 597 ,
2525 567 2637 593 COsslPa
2656 570 2742 593 eum.
