2970 4152
580 394 676 442 630
1383 392 1553 441 PETRI
1586 393 1901 444 ABAELARDI

580 489 816 554 propheta
850 503 950 534 non
974 494 1275 550 exsequatur,
1297 487 1346 533 in
1370 488 1573 535 transitu
1595 497 1758 536 tamen
1781 504 1888 536 eam
1909 487 2222 553 perstringat,
2246 504 2310 537 ne
2329 489 2449 555 quid
2470 490 2570 554 ejus
2592 506 2702 538 nar·

578 570 752 618 rationi
777 568 837 615 de
862 567 1035 614 divinis
1058 566 1285 632 operibus
1308 567 1473 616 deesse
1489 568 1725 618 videatur.
2303 557 2306 560 ⁴

648 670 671 694 «
692 654 751 696 Et
772 648 980 695 tenebrae
1002 658 1138 696 erant
1161 666 1304 714 super
1327 650 1497 698 faciem
1519 650 1734 716 abyssi.»
1753 650 2004 714 Abyssum,
2030 648 2081 696 id
2104 659 2174 696 est
2195 649 2598 714 profunditatem,
2620 667 2701 700 vo-

579 740 653 776 cat
675 739 828 775 totam
849 728 980 775 illam
1002 728 1252 777 confusam
1275 730 1485 778 necdum
1507 730 1783 778 distinctam
1800 766 1812 789 ,
1840 730 1962 776 sicut
1995 729 2308 794 postmodum
2342 730 2431 777 fuit
2447 766 2459 790 ,
2490 730 2698 778 elemen-

578 818 738 854 torum
775 809 1066 872 congeriem.
1107 812 1265 866 Quam
1302 810 1499 875 quidem
1537 810 1871 858 confusionem
1909 808 2132 856 nonnulli
2167 808 2572 875 philosophorum
2616 823 2700 856 seu

579 897 829 951 poetarum
867 888 1014 936 chaos
1051 889 1304 938 dixerunt:
1327 891 1461 956 quod
1485 891 1616 957 enim
1637 889 1936 955 profundum
1969 899 2064 949 est,
2099 890 2258 937 minus
2292 899 2491 955 apparet
2511 898 2560 936 et
2578 889 2701 936 visui

577 979 722 1032 patet.
752 969 884 1017 Illam
916 971 1076 1034 itaque
1104 970 1454 1018 elementorum
1487 971 1763 1034 congeriem
1798 968 2020 1017 nondum
2048 985 2135 1035 per
2167 979 2327 1035 partes
2354 969 2598 1016 ordinatas
2631 968 2702 1015 di·

577 1050 799 1096 stinctam
816 1088 827 1109 ‚
853 1060 907 1097 ut
930 1051 1194 1114 cognitioni
1217 1062 1390 1099 nostrae
1412 1051 1488 1098 vel
1511 1052 1632 1098 visui
1654 1060 1818 1115 patere
1839 1059 2002 1114 posset
2018 1085 2030 1109 ,
2057 1050 2242 1097 etiamsi
2260 1050 2361 1113 Jam
2382 1049 2533 1096 homo
2566 1063 2699 1096 crea·

577 1139 652 1175 tus
678 1139 821 1187 esset,
849 1129 1074 1194 abyssum
1096 1132 1340 1190 nominat;
1369 1131 1539 1178 faciem
1560 1147 1676 1176 vero
1700 1145 1797 1194 qua
1820 1130 2150 1194 unusquisque
2171 1129 2476 1192 cognoscitur
2494 1144 2587 1193 pro
2608 1144 2699 1175 no·

575 1209 676 1255 titia
697 1209 853 1272 ponit.
876 1210 1036 1257 Facies
1053 1226 1166 1274 ergo
1189 1211 1346 1275 abyssi
1365 1208 1574 1257 tenebris
1591 1209 1803 1256 obducta
1820 1218 1921 1255 erat
1932 1245 1944 1267 ,
1963 1208 2014 1256 id
2030 1218 2117 1267 est,
2130 1209 2309 1256 notitia
2323 1208 2447 1259 illius
2461 1208 2701 1272 congeriei

575 1304 630 1334 ex
666 1288 822 1352 prima
856 1276 1141 1337 confusione
1168 1290 1568 1355 praepediebatur,
1593 1298 1647 1344 ut
1675 1304 1984 1353 nequaquam
2004 1304 2055 1335 se
2081 1287 2319 1336 visibilem
2340 1287 2572 1353 praeberet
2588 1323 2600 1346 ,
2623 1287 2700 1334 vel

576 1369 734 1433 aliqua
755 1371 856 1432 ejus
877 1369 1054 1417 utilitas
1077 1371 1127 1416 in
1151 1369 1344 1417 laudem
1368 1370 1596 1417 creatoris
1617 1368 1778 1416 adhuc
1800 1378 2069 1435 appareret.

645 1468 667 1491 α
695 1452 754 1494 Et
781 1449 974 1513 spiritus
1002 1449 1195 1496 Domini
1225 1448 1466 1496 ferebatur
1493 1463 1638 1513 super
1669 1463 1834 1512 aquas.
1858 1466 1882 1492 »
1907 1447 2198 1495 Hebraicum
2226 1446 2397 1505 habet,
2427 1445 2701 1493 «volitabat

575 1542 717 1590 super
756 1526 925 1573 faciem
963 1542 1214 1591 aquarum.
1239 1544 1262 1571 »
1287 1527 1551 1574 Translatio
1585 1543 1701 1574 vero
1737 1525 1959 1591 quaedam
1991 1526 2137 1574 habet
2151 1562 2164 1586 ‚
2206 1525 2442 1574 «fovebat
2475 1539 2646 1591 aquas,
2670 1542 2695 1569 »
2711 1526 2722 1544 “

575 1605 820 1669 quaedam,
850 1624 873 1650 «
897 1606 1138 1654 ferebatur
1167 1623 1311 1672 super
1345 1623 1516 1671 aquas,
1543 1625 1567 1650 »
1598 1607 1721 1653 sicut
1753 1606 1901 1654 habet
1934 1621 2142 1672 praesens
2172 1622 2319 1670 quam
2349 1621 2447 1671 prae
2479 1603 2700 1654 manibus

574 1685 808 1733 habemus
822 1723 834 1744 ‚
860 1702 915 1733 ac
937 1687 1149 1751 primum
1172 1685 1314 1734 nobis
1337 1687 1545 1734 occurrit
1567 1686 1870 1752 exponenda.
1894 1688 2141 1744 Quantum
2171 1702 2286 1750 ergo
2317 1686 2459 1734 nobis
2489 1684 2696 1744 videtur,

575 1783 807 1830 aquarum
830 1769 973 1815 etiam
995 1769 1195 1816 nomine
1216 1768 1416 1815 fluidam
1438 1768 1569 1816 illam
1585 1778 1730 1833 atque
1747 1767 2020 1816 instabilem
2038 1769 2315 1832 congeriem
2330 1766 2553 1815 nondum
2570 1775 2701 1814 certa

574 1848 783 1912 partium
805 1864 1000 1895 suarum
1023 1848 1341 1896 collocatione
1365 1848 1604 1896 firmatam
1629 1847 2015 1914 comprehendit.
2044 1849 2198 1913 Super
2228 1847 2355 1894 hanc
2378 1847 2539 1911 itaque
2560 1845 2700 1911 spiri·

575 1936 649 1973 tus
673 1928 870 1973 Domini
893 1927 1152 1987 ferebatur,
1177 1929 1291 1992 quia
1321 1938 1374 1975 ut
1403 1944 1510 1976 eam
1533 1927 1782 1976 ordinaret
1796 1963 1809 1987 ,
1834 1938 2066 1992 tanquam
2086 1927 2292 1992 imperio
2318 1942 2408 1974 suo
2435 1925 2699 1990 subjectam

575 2005 737 2053 divina
759 2006 1049 2071 disponebat
1071 2008 1244 2070 gratia,
1271 2024 1333 2054 ne
1354 2007 1577 2055 videlicet
1607 2007 1804 2056 ulterius
1829 2017 1952 2055 esset
1972 2007 2129 2054 inanis
2151 2016 2234 2054 aut
2254 2021 2430 2065 vacua,
2456 2021 2541 2053 seu
2564 2014 2699 2053 tene·

573 2085 718 2132 brosa
739 2085 816 2133 vel
833 2085 999 2133 fluida.
1026 2086 1154 2143 Quid
1185 2087 1315 2133 enim
1338 2087 1531 2151 spiritus
1552 2087 1640 2133 Dei
1663 2086 1755 2133 nisi
1777 2086 1877 2149 ejus
1899 2085 2093 2133 bonitas
2113 2085 2410 2149 intelligitur,
2435 2084 2570 2148 cujus
2588 2099 2699 2150 par·

573 2164 850 2229 ticipatione
877 2175 989 2212 sunt
1015 2165 1148 2212 bona
1174 2165 1423 2213 universa?
1445 2168 1562 2222 Quae
1582 2164 1804 2212 videlicet
1824 2165 1913 2212 Dei
1934 2164 2151 2222 bonitas,
2172 2164 2286 2228 quia
2307 2162 2530 2210 nondum
2550 2151 2601 2209 in
2619 2161 2701 2210 illa

574 2243 924 2291 elementorum
945 2245 1229 2292 confusione
1252 2244 1514 2310 apparebat
1530 2281 1542 2305 ,
1569 2233 1826 2310 superferri
1847 2244 2009 2309 potius
2030 2243 2098 2290 illi
2116 2280 2128 2303 ‚
2153 2260 2301 2308 quam
2322 2242 2487 2290 inferri
2514 2240 2702 2291 diceba·-

574 2333 668 2383 tur,
689 2326 803 2388 quia
823 2325 1045 2371 nondum
1066 2326 1115 2372 in
1140 2342 1196 2373 ea
1218 2337 1444 2390 operatus
1462 2326 1639 2385 fuerat,
1658 2325 1789 2374 unde
1809 2324 1991 2389 aliquid
2009 2324 2232 2372 utilitatis·
2241 2325 2346 2389 ipsa
2361 2322 2696 2389 praetenderet.

574 2405 712 2452 Unde
735 2422 824 2452 nec
845 2407 896 2452 in
919 2406 1018 2469 ejus
1040 2406 1464 2454 commendatione
1486 2406 1678 2466 dicitur,
1712 2426 1738 2451 «
1762 2405 1884 2453 vidit
1909 2407 2039 2453 Deus
2060 2405 2174 2470 quia
2199 2404 2388 2452 bonum
2410 2413 2508 2461 est,
2528 2421 2554 2448 »
2578 2403 2700 2450 sicut

571 2486 619 2532 in
643 2485 1065 2533 commendatione
1087 2486 1384 2551 reliquorum
1407 2502 1629 2552 operum.
1650 2486 1916 2550 Diligenter
1937 2486 2082 2534 etiam
2105 2485 2222 2533 dicit
2246 2505 2270 2530 «
2288 2485 2531 2533 ferebatur
2552 2499 2698 2549 super

573 2582 737 2630 aquas,
761 2585 782 2611 υ
810 2566 969 2631 potius
991 2582 1155 2631 quam,
1185 2586 1208 2611 «
1230 2577 1332 2614 erat
1347 2604 1358 2625 ,
1384 2568 1520 2631 quasi
1555 2567 1949 2615 ostendenseum
1965 2565 2145 2614 habere
2165 2565 2698 2630 quemdam-transitum

571 2649 620 2694 in
645 2648 746 2695 istis
760 2684 771 2706 ‚
791 2657 844 2694 ut
866 2647 927 2694 de
949 2647 1159 2694 tenebris
1185 2647 1247 2695 ad
1269 2647 1427 2695 lucem
1443 2648 1757 2712 produceret,
1776 2664 1878 2695 non
1907 2648 1958 2694 in
1987 2647 2054 2694 eis
2083 2646 2467 2712 permanentiam
2489 2644 2693 2703 habere,

572 2745 690 2792 quas
712 2743 1019 2792 nequaquam
1041 2728 1090 2791 in
1114 2727 1206 2775 hac
1228 2727 1511 2775 confusione
1533 2737 1852 2793 proposuerat
1873 2727 2161 2791 relinquere.

636 2807 737 2854 Alia
756 2808 901 2854 etiam
913 2844 925 2866 ,
946 2816 1000 2853 ut
1016 2806 1240 2865 diximus,
1260 2807 1509 2854 translatio
1531 2807 1679 2855 habet
1691 2844 1703 2866 ,
1728 2826 1752 2852 «
1770 2817 1820 2854 et
1836 2806 2030 2872 spiritus
2051 2805 2250 2853 Domini
2271 2804 2467 2853 fovebat
2486 2819 2653 2868 aquas,
2668 2822 2693 2850 »

571 2904 705 2934 more
728 2886 950 2936 videlicet
971 2887 1069 2934 avis
1085 2924 1096 2946 ,
1124 2903 1228 2951 quae
1257 2903 1351 2934 ovo
1380 2887 1640 2946 incumbit,
1674 2897 1728 2935 ut
1755 2887 1914 2951 ipsum
1943 2885 2102 2933 foveat
2134 2894 2279 2950 atque
2311 2883 2541 2943 vivificet3
2567 2882 2696 2933 unde

573 2978 620 3013 et
640 2967 764 3014 bene
786 2966 1132 3014 vivificatorem
1160 2966 1391 3031 Spiritum
1419 2977 1640 3014 sanctum
1672 2966 1983 3032 appellamus.
2006 2969 2134 3013 Bene
2162 2974 2323 3013 autem
2350 2981 2446 3013 ovo
2474 2963 2697 3011 nondum

574 3049 811 3097 vivificato
842 3060 924 3097 aut
951 3049 1158 3097 formato
1187 3049 1267 3097 illa
1300 3049 1501 3097 confusa
1534 3051 1781 3114 congeries
1808 3059 2135 3116 comparatur,
2165 3050 2215 3096 in
2247 3065 2343 3114 qua
2381 3058 2613 3113 tanquam
2642 3049 2694 3096 in

575 3145 669 3175 ovo
692 3140 899 3192 quatuor
920 3131 969 3176 in
991 3146 1043 3177 se
1064 3130 1331 3177 continenti
1366 3140 1572 3194 quatuor
1607 3130 1843 3178 elementa
1875 3129 2371 3195 comprehenduntur.
2401 3131 2484 3176 Est
2516 3129 2696 3193 quippe

574 3208 623 3253 in
647 3224 741 3254 ovo
766 3218 886 3255 testa
909 3209 1135 3268 exterior3
1161 3208 1338 3256 deinde
1360 3209 1488 3256 intus
1516 3208 1609 3256 tela
1624 3246 1635 3268 ,
1672 3209 1724 3256 id
1759 3220 1829 3257 est
1858 3209 2086 3273 cartilago
2121 3208 2354 3273 quaedam·
2373 3216 2504 3254 testae
2534 3206 2695 3254 adhae·

572 3303 705 3349 rens3
741 3303 795 3334 ac
829 3289 1142 3352 postmodum
1169 3289 1376 3354 albugo;
1409 3290 1618 3354 denique
1649 3289 1864 3337 medium
1893 3289 2013 3336 illud
2042 3289 2123 3336 ovi
2158 3289 2295 3353 quasi
2328 3287 2542 3335 medulla
2571 3288 2691 3351 ejus.

570 3365 713 3423 Quod
736 3365 932 3429 quidem
954 3367 1167 3415 medium
1190 3369 1271 3415 ovi
1298 3368 1433 3434 quod
1455 3368 1671 3416 vitellum
1698 3368 1928 3428 dicimus,
1958 3367 2095 3432 quasi
2126 3376 2254 3415 terra
2287 3376 2359 3414 est
2384 3367 2435 3413 in
2468 3365 2653 3413 mundo
2676 3384 2687 3412 ε

569 3446 743 3510 albugo
768 3448 904 3511 quasi
928 3464 1052 3511 aqua
1074 3458 1213 3496 terrae
1236 3449 1482 3497 adhaerens
1506 3467 1517 3496 :
1537 3449 1631 3496 tela
1653 3458 1885 3513 tanquam
1906 3464 1987 3499 aer
2016 3465 2028 3494 ι
2056 3456 2179 3496 testa
2199 3456 2253 3495 ut
2274 3447 2413 3511 ignis.
2440 3450 2508 3494 Ex
2529 3444 2691 3494 vitello
