2970 4152
895 438 1015 485 CUM
1047 435 1220 483 PETRI
1256 433 1570 482 ABAELARDI
1605 430 2037 479 SOLUTlONIBUS.
2431 427 2527 474 243

405 546 575 601 quarta
610 534 783 599 vigilia.
814 532 953 580 Unde
987 541 1171 579 certum
1196 540 1265 578 est
1289 526 1376 595 per
1401 545 1550 575 unam
1572 537 1758 574 tantum
1782 526 2015 590 integram
2040 533 2232 571 noctem
2261 520 2530 587 praeceden—

407 627 505 664 tem
545 614 794 663 sabbatum
812 650 824 674 ,
864 623 911 660 et
944 629 1031 678 per
1062 613 1294 675 integram
1327 609 1475 674 ipsius
1494 607 1703 655 '“sabbati
1739 606 1867 653 diem
1893 622 2005 652 eum
2027 605 2077 651 in
2110 602 2328 668 sepulcro
2354 601 2493 648 fuisse
2513 637 2525 660 ‚

407 713 554 760 quem
586 705 755 760 quarta
780 694 936 758 vigilia
973 693 1127 740 noctis
1153 690 1471 753 Hieronymus
1494 691 1554 735 In
1577 687 1842 752 Epi-stolam
1858 688 1870 710 ¹
1907 684 1974 731 ad
1997 684 2194 732 Galatas
2225 683 2338 730 dicit
2368 698 2532 729 resur-

409 793 597 825 nexisse.

1234 865 1414 912 Solutio
1447 869 1492 911 A
1495 861 1696 910 baelardl'
1699 899 1708 908 .

429 1037 435 1040 ,
474 983 618 1043 Quod
641 984 705 1030 ait
722 981 983 1040 Dominus,
1015 999 1038 1024 α
1066 978 1215 1026 trihus
1233 977 1402 1026 diebus
1427 986 1475 1024 et
1497 975 1646 1023 tribus
1665 975 1904 1036 noctibus,
1929 995 1952 1020 »
1974 993 2075 1023 non
2094 985 2163 1023 est
2181 971 2529 1039 accipiendum,

410 1050 542 1130 quod
566 1080 653 1130 per
676 1073 770 1110 tres
790 1061 892 1122 djes
908 1061 1117 1124 integros
1141 1069 1186 1106 et
1211 1068 1378 1106 noctes
1396 1057 1463 1104 ibi
1482 1056 1621 1103 fuerit
1644 1075 1653 1102 :
1683 1055 1767 1103 sed
1794 1055 1927 1121 quod
1950 1057 2000 1103 in
2020 1067 2236 1121 tempore
2261 1054 2535 1101 continente

411 1155 505 1192 tres
543 1143 645 1191 dies
680 1159 791 1190 cum
823 1140 1046 1188 noctibus
1080 1140 1176 1186 suis
1209 1138 1422 1203 sepultus
1453 1136 1702 1201 quieverit.
1734 1136 1872 1183 Unde
1898 1147 1946 1183 et
1978 1136 2109 1198 bene·
2134 1153 2284 1201 quum
2319 1135 2491 1182 dicitur
2521 1153 2529 1179 :

414 1245 437 1269 κ
456 1224 623 1271 Tribus
641 1222 810 1270 diebus
826 1231 873 1268 et
891 1220 1042 1268 tribus
1061 1219 1282 1266 noctibus
1296 1254 1308 1278 ,
1333 1237 1356 1262 »
1384 1217 1664 1281 adjunctum
1688 1227 1757 1264 est
1770 1253 1781 1275 ,
1806 1237 1828 1261 α
1850 1217 1970 1264 sicut
1987 1221 2130 1264 Jonas
2146 1254 2159 1276 ‚
2185 1236 2208 1262 »
2235 1233 2381 1281 quem
2399 1216 2536 1263 tertio

411 1304 488 1352 die
505 1304 646 1369 piscis
665 1301 877 1350 evomuit
894 1301 943 1347 in
965 1299 1177 1359 aridam3
1200 1314 1255 1346 ac
1276 1315 1364 1363 per
1387 1297 1499 1357 hoe,
1523 1314 1609 1362 per
1635 1313 1780 1343 unam
1800 1306 1983 1344 tantum
2004 1307 2196 1344 noctem
2214 1297 2447 1360 integram
2460 1331 2472 1355 ‚
2493 1305 2537 1342 et

412 1401 561 1432 unum
587 1393 771 1430 tantum
796 1382 1034 1445 integrum
1065 1379 1195 1426 diem
1222 1379 1271 1425 in
1298 1387 1464 1425 ventre
1486 1377 1578 1424 ceti
1596 1377 1750 1423 fuerit.
1774 1379 1978 1442 Tempus
2003 1377 2162 1441 itaque
2182 1376 2432 1423 continens
2448 1385 2539 1422 tres

411 1465 512 1513 dies
548 1481 659 1511 cum
690 1461 910 1510 noctibus
943 1461 1038 1508 suis
1055 1496 1067 1520 ,
1099 1459 1261 1525 accipe
1288 1475 1317 1505 a
1344 1458 1580 1524 principio
1609 1458 1762 1504 noctis
1786 1474 2091 1523 parascevem
2119 1457 2357 1521 sequentis
2392 1473 2539 1520 usque

412 1545 474 1594 ad
506 1544 651 1593 finem
684 1543 938 1591 dominicae
963 1541 1058 1588 diei
1086 1559 1096 1588 :
1131 1550 1178 1588 et
1200 1540 1414 1587 invenies
1436 1540 1484 1588 in
1511 1538 1592 1586 illo
1619 1539 1848 1604 temporis
1874 1539 2048 1604 spatio,
2074 1538 2292 1603 quamvis
2322 1554 2421 1584 non
2456 1554 2542 1602 per

413 1635 570 1673 totum
602 1635 815 1689 tempus,
841 1622 1105 1669 Dominum
1135 1619 1286 1667 tribus
1318 1618 1487 1667 diebus
1519 1629 1567 1666 et
1601 1619 1751 1666 tribus
1775 1619 1997 1666 noctibus
2011 1618 2214 1682 jacuisse
2231 1618 2281 1664 in
2299 1616 2538 1681 sepulcro.

414 1709 521 1754 Non
543 1706 673 1753 enim
696 1703 831 1769 quod
856 1704 911 1757 in
942 1713 1159 1768 tempore
1190 1700 1351 1765 aliquo
1371 1699 1424 1747 fit
1447 1717 1535 1766 per
1559 1710 1715 1747 totum
1739 1699 1857 1747 illud
1884 1710 2071 1765 tempus
2107 1698 2211 1746 fieri
2240 1714 2430 1746 necesse
2452 1708 2536 1745 est.

415 1787 642 1833 Fortassis
673 1795 723 1832 et
759 1783 893 1849 quod
918 1783 1123 1830 dicitur:
1169 1801 1192 1828 «
1213 1785 1267 1828 ln
1299 1781 1447 1828 corde
1483 1791 1642 1840 terrae,
1670 1799 1694 1824 υ
1736 1797 1836 1827 non
1860 1790 1958 1828 tam
1989 1780 2050 1827 de
2075 1779 2316 1845 sepultura
2349 1778 2543 1825 Domini

415 1866 565 1931 accipi
597 1864 810 1925 videtur,
848 1880 995 1928 quam
1030 1862 1090 1910 de
1125 1861 1352 1917 cordibus
1384 1861 1639 1908 hominum
1665 1877 1723 1908 eo
1746 1871 1963 1926 tempore
1984 1861 2033 1907 in
2064 1870 2247 1907 tantum
2272 1859 2332 1906 de
2357 1858 2543 1906 Christo

416 1947 771 2013 desperantium
787 1982 800 2006 ,
831 1955 882 1993 ut
905 1943 1126 2010 discipuli
1150 1960 1343 2008 quoque
1367 1960 1459 1990 nec
1478 1960 1579 1990 non
1598 1953 1645 1990 et
1664 1952 1816 1990 mater
1839 1943 1985 2008 ipsius
2012 1943 2062 1989 in
2088 1941 2183 1989 fide
2213 1941 2414 2006 graviter
2433 1941 2544 1988 titu-

416 2019 650 2076 baverint.
694 2027 829 2075 Unde
858 2026 1145 2091 Augustinus
1185 2026 1508 2086 Quaestionum
1548 2025 1598 2070 in
1638 2025 1801 2070 veteris
1833 2034 1882 2069 et
1912 2040 2045 2070 novoe
2079 2024 2212 2087 Legis
2243 2020 2451 2086 capitulo
2483 2023 2497 2045 ²
2530 2040 2540 2067 :

420 2129 443 2154 «
478 2110 631 2157 Etiam
667 2109 840 2169 Maria,
883 2125 970 2174 per
1007 2123 1155 2172 quam
1191 2106 1469 2171 mysterium
1497 2115 1681 2170 gestum
1716 2114 1786 2152 est
1811 2104 2153 2151 incarnationis
2178 2102 2432 2150 Salvatoris
2454 2138 2467 2162 ‚
2498 2103 2546 2161 in

416 2199 570 2237 morte
594 2189 792 2236 Domini
820 2187 1076 2247 dubitavit;
1105 2188 1170 2234 ita
1198 2187 1316 2234 utin
1333 2186 1680 2233 resurrectione
1702 2185 1896 2231 Domini
1913 2183 2196 2231 firmaretur.
2220 2185 2401 2230 Omnes
2419 2182 2546 2229 enim

415 2270 464 2317 in
491 2279 646 2317 morte
672 2268 1037 2327 dubitaverunt,
1069 2277 1116 2315 et
1145 2266 1258 2332 quia
1275 2267 1435 2314 omnis
1460 2265 1741 2330 ambiguitas
1766 2282 1793 2312 a
1812 2264 2157 2312 resurrectione
2179 2262 2376 2310 Domini
2395 2278 2547 2310 reces-

415 2366 525 2397 sura
541 2359 657 2410 erat,
672 2349 959 2415 pertransire
982 2347 1100 2395 dixit
1123 2346 1351 2412 gladium.
1380 2365 1403 2390 »
1428 2346 1523 2393 Cor
1538 2346 1698 2410 itaque
1725 2355 1858 2392 terrae
1874 2344 2010 2410 quasi
2026 2361 2111 2391 cor
2127 2353 2369 2390 terrenum
2390 2341 2548 2390 adhuc

416 2439 464 2477 et
487 2429 676 2497 carnale
703 2428 924 2476 nondum
952 2427 1160 2493 spiritale
1191 2427 1369 2474 factum
1389 2444 1449 2474 ex
1473 2425 1694 2474 firmitate
1720 2424 1857 2485 fidei,
1891 2424 1965 2472 vel
1990 2424 2163 2472 ardore
2186 2423 2408 2483 caritatis,
2434 2423 2547 2471 dicit

417 2525 504 2556 cor
526 2508 794 2556 humanum
814 2527 824 2555 :
848 2508 1063 2573 quandiu
1089 2508 1310 2555 homines
1331 2508 1383 2554 in
1401 2507 1482 2554 illo
1507 2507 1736 2572 temporis
1752 2505 1951 2553 articulo
1971 2505 2212 2553 Christum
2231 2521 2424 2552 carnem
2443 2520 2545 2550 ma-

418 2589 513 2653 gis,
540 2587 635 2636 hoc
654 2598 723 2636 est
747 2588 1024 2646 hominem,
1056 2604 1202 2652 quam
1226 2590 1384 2634 Deum
1408 2588 1695 2634 aestimarent
1710 2623 1722 2646 ‚
1757 2596 1804 2634 et
1832 2595 2076 2633 terrenum
2100 2585 2259 2650 potius
2283 2600 2428 2648 quam
2451 2601 2549 2631 coe·

419 2670 601 2718 lestem.
635 2669 778 2728 Quod
806 2686 919 2734 ergo
945 2668 1118 2716 Judaeis
1144 2669 1332 2732 signum
1356 2668 1580 2733 potentiae
1603 2666 1953 2731 requirentibus
1974 2675 2199 2730 tanquam
2222 2682 2308 2730 per
2322 2665 2417 2712 hoc
2437 2682 2547 2713 eum

420 2759 816 2815 recognoscerent
842 2752 1024 2808 Deum,
1052 2747 1302 2814 respondit
1325 2764 1375 2795 se
1399 2748 1559 2813 potius
1585 2747 1652 2794 eis
1675 2746 1900 2794 daturum
1933 2747 2121 2810 signum
2139 2748 2270 2792 Jonae
2287 2781 2299 2805 ,
2329 2744 2421 2792 tale
2445 2754 2515 2792 est
2531 2780 2545 2805 ,

421 2831 556 2896 quod
576 2832 735 2897 potius
758 2830 1084 2878 infirmitatem
1107 2830 1156 2877 in
1177 2846 1236 2877 eo
1254 2846 1545 2894 cognoscere
1562 2828 1693 2893 digni
1712 2829 1805 2876 sint
1825 2847 1834 2875 :
1860 2828 1980 2875 sicut
1996 2830 2142 2875 Jonas
2159 2827 2210 2874 in
2230 2843 2360 2874 mare
2378 2827 2549 2874 missus

423 2912 530 2977 plus
555 2911 792 2975 injustitiae
809 2927 953 2976 quam
975 2911 1215 2976 religionis
1232 2911 1489 2958 aestimatus
1508 2920 1578 2958 est
1602 2909 1848 2969 habuisse,
1877 2919 1924 2957 et
1947 2908 2042 2956 hoc
2056 2908 2105 2956 ei
2123 2925 2181 2956 ex
2199 2907 2393 2973 propria
2410 2904 2551 2971 culpa

423 2992 700 3057 contigisse,
731 3001 785 3040 ut
811 2991 1030 3038 damnari
1054 2992 1196 3039 etiam
1221 3001 1499 3039 mereretur.

1193 3131 1438 3163 PROBLEMA
1471 3131 1694 3163 HELOISSAE
1728 3132 1776 3162 V.

491 3234 744 3280 Maximam
763 3232 1111 3280 dubitationem
1130 3232 1192 3280 de
1207 3232 1586 3298 apparitionibus
1601 3233 1796 3280 Domini
1814 3231 2100 3295 resurgentis
2116 3267 2128 3291 ,
2156 3247 2260 3295 quae
2276 3228 2554 3277 mulieribus

429 3312 558 3360 factae
582 3322 715 3373 sunt,
741 3312 881 3360 nobis
900 3312 1197 3376 evangelistae
1221 3311 1533 3378 reliquerunt.
1564 3315 1750 3360 Marcus
1767 3314 1781 3337 ⁸
1803 3311 1982 3377 quippe
2008 3321 2054 3358 et
2084 3313 2292 3358 Joannes
2307 3311 2321 3334 ⁴
2350 3326 2462 3357 eum
2484 3309 2555 3355 in-

475 3468 485 3485 ¹
505 3469 650 3510 Epistola
668 3468 819 3501 Cod.·—-’
839 3470 921 3511 Opp.
935 3476 960 3503 t.
975 3470 1040 3511 111,
1060 3477 1145 3514 part.
1160 3481 1182 3503 u
1196 3494 1205 3510 ,
1219 3480 1312 3513 app„
1328 3469 1394 3503 col.
1412 3471 1468 3502 Π.
1513 3471 1593 3504 Novi
1612 3470 1802 3503 Testamenti
1812 3468 1991 3512 Augustino
2001 3467 2260 3512 abjudicant.—⁸
2272 3467 2388 3508 Marc„
2402 3477 2554 3510 cap-xvi,

434 3524 581 3558 Monachi
607 3524 729 3559 ordinis
758 3525 868 3559 Sancti
890 3525 1056 3559 Benedicti
1077 3527 1273 3567 Quoestiones
1302 3526 1422 3559 Veteris
1441 3534 1471 3559 et
1515 3536 1545 3558 v.
1572 3528 1582 3557 1
1609 3532 1642 3558 et
1660 3535 1709 3569 sq.
1732 3541 1773 3548 —
1791 3523 1929 3564 ‘Joan.,
1948 3533 2023 3567 cap.
2044 3534 2087 3556 xx
2100 3548 2109 3565 ‚
2125 3535 2154 3557 v.
2175 3527 2186 3556 1
2207 3529 2240 3556 et
2253 3533 2304 3566 sq.
