2970 4152
569 338 669 384 614
1370 337 1545 384 PETRI
1578 338 1893 387 ABAELARDI

570 430 835 496 corporalis
850 431 893 477 ei
909 447 1007 477 non
1024 429 1227 476 defuerit
1242 445 1482 490 ascensus,
1503 431 1587 496 qui
1604 431 1734 479 hunc
1750 432 2009 480 exaltatum
2025 442 2342 480 attestaretur.
2360 435 2479 480 Nam
2497 442 2543 481 et
2558 433 2690 497 quod

572 528 685 570 mox
728 511 937 569 additur,
975 529 998 555 «
1032 509 1166 556 sedet
1199 509 1261 556 ad
1295 510 1540 560 dexteram
1573 514 1722 560 Patris
1740 551 1752 573 ‚
1782 532 1806 558 »
1845 530 1946 560 non
1969 512 2030 560 de
2053 512 2294 577 corporali
2310 513 2424 577 -ejus
2453 515 2686 572 sessione,

570 593 645 640 vel
667 594 727 641 de
762 590 1001 656 corporali
1033 591 1132 654 ejus
1155 590 1349 640 dextera
1375 594 1524 641 Patris
1554 583 1625 641 est
1646 594 1997 659 accipiendum.
2032 593 2161 651 Quid
2186 604 2257 641 est
2279 594 2409 642 enim
2442 594 2691 649 hominem

570 673 812 720 Christum
835 671 898 718 ad
920 671 1164 718 dexteram
1193 672 1288 719 Dei'
1307 671 1498 732 sedere,
1525 674 1616 721 nisi
1638 689 1751 721 eum
1771 674 1821 720 in
1846 673 1995 738 gloria
2017 674 2106 721 Dei
2123 674 2296 734 Patris,
2322 674 2417 721 hoc
2439 684 2510 722 est
2538 675 2588 722 in
2610 691 2690 722 su-

569 770 718 818 perna
739 753 819 801 illa
839 752 1139 800 beatitudine
1162 752 1433 816 digniorem
1459 753 1662 817 gradum
1685 764 1874 811 tenere,
1901 763 2133 818 tanquam
2163 754 2383 801 omnium
2399 771 2426 802 a
2448 757 2550 802 Deo
2561 754 2690 819 judi-

566 850 672 880 cem
687 832 1034 880 constitutum?
1054 831 1194 879 Unde
1208 831 1431 879 subditur
1452 851 1463 879 :
1483 852 1507 877 «
1527 832 1646 879 Inde
1659 869 1670 891 ‚
1691 851 1714 877 n
1735 831 1830 879 hoc
1850 842 1924 879 est
1944 833 2145 897 perinde
2157 868 2169 891 ,
2193 851 2218 878 «
2235 843 2466 881 venturus
2476 833 2689 898 judicare

562 915 697 960 vivos
719 923 767 960 et
802 922 1036 960 mortuos.
1061 931 1085 958 »
1115 913 1263 971 Quasi
1286 913 1465 960 caeteris
1487 913 1647 960 electis
1663 913 1726 960 ad
1747 913 1990 961 sinistram
2013 914 2102 960 Dei
2123 915 2418 974 constitutis,
2452 914 2584 966 solus
2602 915 2690 963 iste

563 995 736 1042 assistit
753 994 956 1042 dexterae
977 1013 988 1042 :
1008 994 1122 1059 quia
1134 994 1256 1041 sicut
1268 993 1461 1041 dextera
1476 993 1702 1059 praevalet
1715 994 1915 1042 sinistrae
1926 1032 1939 1054 ,
1955 995 2057 1060 ipse
2070 995 2304 1043 universis
2316 996 2566 1061 praeminet
2583 995 2692 1044 bea-

560 1075 781 1122 titudine.
810 1076 935 1134 Quia
957 1090 1075 1123 vero
1096 1074 1261 1122 sedere
1269 1075 1614 1139 judicantium,
1635 1075 1757 1122 sicut
1771 1085 1897 1123 stare
1914 1075 2313 1139 judicandorum,
2338 1077 2464 1125 bene
2486 1093 2572 1142 per
2589 1077 2689 1141 ejus

561 1157 822 1205 sessionem
841 1156 1142 1220 judiciariam
1159 1156 1379 1221 exprimit
1391 1166 1696 1221 potestatem.
1713 1156 1861 1204 Vivos
1883 1166 1930 1204 et
1948 1167 2165 1205 mortuos
2179 1157 2439 1221 judicabit,
2463 1158 2575 1222 quia
2590 1167 2689 1206 tam

560 1237 719 1284 electis
741 1252 887 1301 quam
909 1237 1127 1302 reprobis
1156 1236 1232 1283 vel
1254 1253 1450 1301 poenam
1467 1236 1543 1283 vel
1561 1237 1811 1302 praemium
1845 1238 1937 1302 pro
1973 1238 2154 1285 meritis
2187 1238 2374 1285 reddet.
2413 1239 2539 1296 Quia
2560 1238 2689 1286 enim

555 1320 710 1381 justus
733 1335 791 1365 ex
813 1317 908 1365 fide
929 1319 1069 1377 vivit,
1092 1327 1140 1365 et
1162 1318 1386 1382 iniquitas
1410 1334 1543 1364 mors
1561 1317 1782 1382 quaedam
1805 1319 2001 1380 animae,
2023 1319 2158 1383 juxta
2176 1319 2320 1367 illud¹
2341 1338 2351 1366 :
2378 1339 2402 1364 «
2425 1322 2531 1366 Non
2556 1336 2690 1367 mor—

562 1400 631 1445 tui
645 1397 913 1446 laudabunt
930 1408 995 1458 te,
1013 1398 1221 1445 Domine
1234 1435 1245 1457 ,
1267 1397 1352 1445 sed
1370 1414 1460 1445 nos
1481 1398 1563 1462 qui
1585 1398 1789 1445 vivimus
1810 1397 2140 1446 benedicimus
2156 1399 2436 1446 Dominum.
2458 1418 2482 1443 »
2502 1398 2689 1446 Electos

560 1479 639 1525 hic
660 1478 795 1525 vivos
808 1515 819 1537 ,
841 1465 1077 1542 reprobos
1099 1477 1307 1542 appellat
1335 1487 1570 1524 mortuos.
1593 1477 1678 1525 Vel
1694 1478 1830 1525 vivos
1849 1477 1989 1535 dicit,
2011 1495 2134 1541 quos
2154 1478 2392 1525 adventus
2411 1477 2488 1524 ille
2510 1478 2688 1525 ,Iudicis

560 1560 773 1607 occultus
801 1558 959 1607 adhuc
981 1560 1031 1606 in
1057 1575 1262 1623 corpore
1286 1559 1498 1606 viventes
1517 1559 1723 1623 reperiet
1746 1577 1756 1605 :
1779 1555 1974 1606 caeteros
1992 1575 2132 1620 vero,
2156 1568 2375 1606 mortuos
2396 1559 2620 1624 appellat.

629 1660 652 1685 «
670 1640 828 1688 Credo
850 1641 900 1686 in
914 1640 1145 1705 Spiritum
1166 1649 1403 1686 sanctum.
1427 1658 1450 1684 »
1467 1641 1585 1697 Quae
1606 1639 1804 1704 quidem
1825 1639 2064 1687 confessio
2078 1639 2192 1688 fidei
2211 1640 2370 1705 ipsum
2386 1656 2519 1705 aeque
2532 1642 2687 1688 Deum

560 1722 681 1768 sicut
713 1723 901 1768 Patrem
934 1730 982 1767 et
1008 1719 1179 1767 Filium
1209 1729 1430 1785 patenter
1459 1720 1641 1767 asserit.
1682 1720 1907 1784 Alioquin
1944 1737 2046 1767 non
2087 1721 2289 1781 diceret,
2322 1741 2345 1767 «
2379 1722 2429 1768 in
2458 1722 2687 1786 Spiritum

558 1811 800 1860 sanctum,
826 1820 850 1845 »
877 1800 962 1847 sed
991 1819 1015 1846 «
1037 1800 1267 1866 Spiritum
1288 1819 1311 1845 »
1336 1810 1527 1848 tantum
1547 1818 1558 1848 z
1584 1801 1708 1847 sicut
1726 1810 1773 1848 et
1796 1811 2147 1865 consequenter
2159 1801 2275 1849 dicit
2300 1821 2324 1847 «
2351 1801 2637 1861 Ecclesiam,
2660 1819 2684 1846 η

558 1898 657 1929 non
694 1883 788 1928 «in
814 1880 1097 1940 Ecclesiam,
1133 1891 1225 1928 etc.
1254 1899 1278 1926 »
1304 1881 1436 1928 Sicut
1471 1897 1586 1945 ergo
1618 1880 1821 1928 dicimus
1851 1881 2039 1928 :Credo
2074 1892 2292 1930 sanctam
2320 1881 2602 1940 Ecclesiam,
2636 1881 2687 1928 id

557 1973 628 2010 est
660 1972 767 2010 eam
804 1978 905 2009 esse
939 1971 1176 2020 sanctam,
1206 1962 1274 2009 ita
1303 1971 1351 2009 et
1377 1961 1537 2009 dicere
1561 1978 1817 2026 possumus
1843 1980 1853 2008 :
1882 1961 2039 2010 Credo
2075 1972 2296 2009 sanctum
2323 1966 2539 2020 Petrum,
2567 1962 2643 2009 vel
2671 1981 2681 2008 :

557 2043 714 2090 Credo
734 2051 900 2089 sancto
917 2045 1077 2101 Petro,
1100 2052 1175 2089 et:
1194 2041 1350 2089 Credo
1367 2051 1542 2089 sanctae
1556 2041 1792 2089 Ecclesiae.
1816 2041 1904 2089 Vel
1926 2042 2051 2089 Petri
2067 2052 2298 2106 tanquam
2318 2042 2485 2107 capitis
2501 2057 2684 2100 sumus,

558 2124 679 2170 sicut
705 2122 925 2169 membra
956 2123 1046 2169 Dei
1072 2122 1334 2169 existimus.
1359 2121 1577 2169 Membra
1597 2131 1760 2169 tamen
1782 2121 2002 2168 Ecclesiae
2023 2131 2254 2186 tanquam
2275 2123 2493 2187 corporis
2514 2121 2685 2168 dicun-

556 2214 651 2264 tur,
686 2203 770 2251 sed
804 2203 949 2250 solius
983 2202 1071 2248 Dei
1094 2212 1326 2265 tanquam
1346 2202 1532 2266 capitis.
1559 2202 1705 2259 Quod
1727 2201 1926 2266 quidem
1953 2201 2035 2249 illa
2055 2202 2214 2249 innuit
2239 2202 2508 2267 propositio
2535 2217 2686 2265 quum

557 2286 748 2344 dicitur,
777 2304 800 2330 «
825 2285 878 2332 in
898 2287 1054 2331 Deum
1069 2320 1081 2342 ,
1106 2284 1228 2330 sicut
1244 2283 1347 2346 jam
1367 2282 1585 2347 superius
1607 2283 1842 2347 expositio
1865 2293 2032 2331 nostra
2051 2283 2264 2347 praefixit.
2285 2284 2436 2331 Graeci
2454 2293 2616 2331 tamen
2637 2294 2686 2331 et

560 2367 651 2412 «in
667 2365 944 2423 Ecclesiam,
958 2363 1160 2410 »dicere
1178 2379 1280 2409 non
1299 2370 1526 2408 verentur
1547 2380 1557 2408 :
1577 2361 1700 2408 sicut
1716 2371 1763 2408 et
1783 2362 2059 2426 symbolum
2079 2361 2198 2409 illud
2217 2363 2450 2422 continet,
2466 2362 2603 2427 vquod
2622 2363 2685 2410 ad

555 2443 933 2493 cautelamssfidei
969 2442 1252 2490 orthodoxae
1283 2445 1379 2488 Leo
1411 2444 1473 2489 ΙΙΙ
1503 2431 1729 2500 instituit,
1767 2451 1815 2488 et
1857 2442 1908 2489 in
1942 2441 2104 2490 tabula
2133 2453 2359 2507 argentea
2392 2442 2685 2508 descriptum

556 2529 717 2573 Romae
750 2525 887 2572 altari
919 2524 1071 2572 sancti
1096 2523 1226 2570 Pauli
1246 2521 1413 2570 affixit.
1443 2541 1466 2566 «
1494 2521 1817 2581 Catholicam,
1849 2541 1871 2566 »
1895 2522 1947 2569 id
1975 2533 2046 2570 est
2066 2524 2407 2584 universalem,
2440 2534 2488 2572 et
2510 2525 2682 2571 nonin

555 2607 714 2672 aliqua
734 2605 906 2653 mundi
926 2614 1060 2670 parte
1076 2642 1087 2664 ,
1112 2604 1234 2651 sicut
1255 2613 1367 2651 sunt
1388 2602 1723 2651 haereticorum
1745 2602 2082 2651 conventicula
2096 2641 2108 2663 ,
2133 2604 2410 2652 conclusam
2437 2623 2448 2651 ε
2473 2604 2559 2652 sed
2571 2603 2685 2651 ubi-

556 2705 649 2754 que
672 2687 940 2746 dilatatam,
966 2687 1087 2734 sicut
1121 2695 1168 2733 et
1202 2685 1352 2732 Jacob
1380 2685 1431 2731 in
1453 2684 1606 2748 figura
1628 2683 1803 2732 Christi
1825 2685 2118 2751 promissum
2146 2695 2216 2732 est
2233 2722 2245 2744 ,
2269 2701 2421 2749 quum
2447 2685 2646 2733 dicitur’
2667 2703 2677 2731 :

561 2790 583 2814 «
608 2767 892 2816 Dilataberis
913 2765 976 2814 ad
998 2765 1248 2812 Orientem
1271 2774 1318 2811 et
1340 2763 1671 2811 Occidentem.
1701 2782 1725 2808 »

626 2869 648 2894 «
675 2851 962 2896 Sanctorum
994 2845 1407 2893 communionem.
1439 2863 1461 2889 »
1495 2846 1599 2891 Hoc
1632 2853 1705 2891 est
1731 2842 1886 2903 illam,
1916 2860 2013 2908 qua
2045 2845 2199 2892 sancti
2229 2844 2500 2893 efficiuntur
2526 2844 2604 2892 vel
2630 2845 2679 2891 in

556 2932 804 2979 sanctitate
837 2927 1203 2984 confirmantur,
1238 2925 1390 2973 divini
1418 2924 1597 2972 scilicet
1618 2926 1905 2973 sacramenti
1935 2927 2302 2992 participatione
2329 2945 2339 2973 :
2365 2927 2441 2974 vel
2462 2939 2680 2975 commu—

555 2999 670 3057 'nem
696 3009 914 3056 Ecclesiae
946 3007 1117 3065 fidem,
1142 3006 1242 3053 sive
1263 3005 1471 3052 caritatis
1493 3005 1744 3052 unionem.
1770 3008 2029 3054 Possumus
2049 3015 2096 3054 et
2122 3025 2145 3052 «
2170 3017 2448 3055 sanctorum
2473 3025 2498 3051 »
2522 3005 2682 3052 dicere

558 3090 850 3148 neutraliter,
870 3089 921 3136 id
938 3098 1009 3136 est
1030 3085 1309 3135 sanctificati
1331 3085 1469 3150 panis
1490 3095 1538 3132 et
1549 3086 1648 3132 vini
1662 3086 1713 3132 in
1726 3096 2078 3134 sacramentum
2095 3086 2271 3135 altaris.
2295 3106 2318 3132 «
2335 3086 2682 3134 Remissionem

558 3182 890 3236 peccatorum,
912 3180 1052 3217 »tam
1071 3185 1158 3234 per
1179 3167 1534 3233 poenitentiam,
1559 3183 1707 3231 quam
1728 3183 1814 3231 per
1838 3168 2067 3217 virtutem
2087 3168 2516 3216 ecclesiasticorum
2528 3182 2683 3214 sacra·

561 3262 854 3301 mentorum.
881 3251 1088 3299 «Carnis
1109 3249 1570 3307 resurrectionem,»
1591 3247 1756 3295 tamin
1779 3247 1939 3297 electis
1962 3249 2181 3298 videlicet
2203 3266 2349 3314 quam
2370 3249 2420 3296 in
2443 3247 2677 3314 reprobis,

606 3440 614 3459 ¹
641 3439 760 3471 Psalm.
779 3448 855 3470 cxm
871 3461 876 3473 ‚
893 3447 922 3468 v.
950 3437 1046 3468 17.--
1059 3434 1071 3452 ²
1090 3435 1217 3471 Genes„
1232 3443 1303 3476 cap.
1319 3443 1440 3472 xxviii,
1456 3442 1486 3465 ν.
1511 3433 1562 3472 14,
