2970 4152
1252 365 1568 414 EPISTOLAE.
2375 368 2392 412 1
2405 364 2465 411 67

357 478 521 512 earum
548 461 755 528 praelatio
785 460 1051 525 perniciosa
1078 460 1130 508 fit
1154 461 1462 509 monasterio.
1498 458 1769 506 Verendum
1788 459 1965 522 quippe
1986 467 2054 504 est
2075 473 2134 504 ne
2162 457 2329 503 vicinia
2357 475 2467 504 suo-

356 561 464 591 rum
487 560 590 590 eam
621 541 1031 606 praesumptiorem
1062 540 1258 598 reddat,
1303 551 1350 588 et
1393 539 1655 602 frequentia
1693 539 1905 602 ipsorum
1943 547 2103 601 gravet
2129 548 2210 583 aut
2241 537 2468 601 inquietet

357 622 725 677 monasterium,
765 630 907 683 atque
946 620 1046 684 ipsa
1084 626 1170 684 pei·
1203 637 1314 667 suos
1345 618 1585 681 religionis
1617 617 1819 681 perferat
1853 617 2223 675 detrimentum,
2261 626 2341 663 aut
2369 615 2467 662 aliis

357 701 512 748 veniat
529 701 577 747 in
602 686 955 763 contemptum,
981 698 1115 760 juxta
1140 699 1257 747 illud
1284 697 1527 745 Veritatis¹
1550 714 1562 742 :
1592 715 1615 740 «
1640 698 1744 742 Non
1772 706 1841 742 est
1867 695 2101 760 propheta
2129 696 2227 742 sine
2252 695 2464 755 honore,

354 779 443 826 nisi
468 780 518 826 in
544 779 693 843 patria
726 793 826 824 sua.
854 795 878 821 »
910 777 1054 834 Quod
1078 778 1244 825 beatus
1272 793 1465 841 quoque
1493 774 1752 840 providens
1779 775 2122 838 Hieronymus,
2154 775 2215 821 ad
2246 774 2469 822 Heliodo-

353 875 462 905 rum
489 858 726 916 scribens,
759 873 910 920 quum
942 856 1168 920 pleraque
1201 864 1588 913 annumerasset,
1628 871 1733 918 quae
1769 853 2017 900 monachis
2049 853 2262 900 officiunt
2298 855 2346 901 in
2385 872 2468 902 sua

354 937 650 986 morantibus
679 937 830 1002 patria
854 954 864 982 ε
897 939 1010 982 «Ex
1041 936 1160 996 hac,
1188 956 1210 981 n
1242 937 1450 1000 inquit¹,
1487 955 1510 980 «
1534 935 1870 1000 supputatione
1904 933 1982 980 illa
2011 950 2195 980 summa
2227 936 2465 995 nascitur,

352 1017 642 1064 monachum
671 1017 719 1062 in
745 1015 896 1080 patria
926 1032 1008 1062 sua
1039 1016 1301 1080 perfectum
1317 1031 1416 1063 esse
1433 1031 1532 1062 non
1551 1030 1705 1079 posse.
1730 1013 1994 1060 Perfectum
2020 1030 2119 1060 esse
2139 1024 2295 1061 autem
2319 1014 2464 1074 nolle,

352 1097 628 1162 delinquere
652 1106 736 1144 est.
765 1115 788 1139 »
818 1099 1062 1153 Quantum
1087 1113 1202 1143 vero
1230 1107 1299 1143 est
1330 1096 1594 1142 animarum
1624 1094 1852 1140 damnum
1874 1130 1886 1154 ,
1918 1094 1956 1139 si
1985 1094 2142 1140 minor
2170 1094 2219 1139 in
2243 1094 2467 1158 religione

352 1178 490 1225 fuerit
508 1214 521 1237 ,
549 1193 654 1241 quoe
678 1175 916 1239 religionis
940 1186 1109 1240 praeest
1137 1175 1440 1239 magisterio?
1466 1174 1670 1238 Singulis
1694 1174 1872 1239 quippe
1899 1173 2118 1236 subjectis
2144 1174 2348 1238 singulas
2375 1176 2467 1221 vir—

354 1267 476 1305 tutes
500 1257 720 1305 exhibere
745 1255 930 1303 sufficit.
953 1260 1007 1303 ln
1031 1256 1120 1303 hac
1145 1268 1304 1303 autem
1323 1257 1539 1303 omnium
1563 1254 1778 1320 exempla
1797 1254 1976 1301 debent
1992 1255 2200 1302 eminere
2219 1256 2464 1316 virtutum,

355 1348 406 1384 ut
430 1337 592 1384 omnia
617 1353 722 1401 quae
746 1337 847 1383 aliis
870 1337 1145 1402 praeceperit
1169 1337 1373 1402 propriis
1398 1336 1651 1401 praeveniat
1668 1335 1920 1400 exemplis;
1944 1351 2005 1383 ne
2022 1336 2119 1401 ipsa
2139 1353 2243 1400 quae
2261 1338 2467 1402 praecipit

351 1416 564 1464 moribus
591 1426 862 1482 oppugnet,
891 1426 938 1463 et
957 1415 1089 1480 quod
1113 1415 1269 1463 verbis
1293 1415 1519 1473 aedificat,
1555 1415 1684 1462 factis
1712 1416 1811 1480 ipsa
1836 1415 2077 1474 destruat,
2106 1426 2152 1462 et
2181 1415 2241 1462 de
2266 1433 2349 1463 ore
2380 1434 2466 1464 suo

352 1495 552 1544 verbum
577 1496 884 1543 correctionis
909 1495 1170 1555 auferatur;
1198 1513 1347 1560 quum
1373 1496 1475 1560 ipsa
1498 1495 1546 1541 in
1572 1495 1673 1542 aliis
1694 1494 1939 1542 erubescat
1960 1496 2213 1559 corrigere,
2237 1514 2341 1561 quae
2360 1514 2467 1544 con-

352 1586 449 1624 stat
471 1593 577 1624 eam
601 1577 916 1623 committere.
947 1576 1091 1633 Quod
1115 1575 1310 1640 quidem
1336 1575 1577 1622 Psalmista
1597 1591 1657 1621 ne
1679 1575 1721 1621 ei
1740 1576 1925 1622 eveniat
1943 1577 2205 1622 Dominum
2224 1588 2460 1640 precatur,

350 1656 514 1704 dicens
529 1657 543 1681 ⁸
565 1674 575 1702 ε
602 1675 625 1700 «
642 1659 700 1702 Et
720 1672 782 1703 ne
800 1656 982 1702 auferas
998 1655 1059 1702 de
1076 1672 1159 1702 ore
1176 1673 1284 1703 meo
1302 1656 1547 1703 veritatem
1567 1672 1923 1719 usquequaque.
1942 1675 1965 1699 »
1989 1656 2271 1703 Attendebat
2287 1658 2464 1723 quippe

349 1736 476 1784 illam
501 1737 822 1800 gravissimam
846 1736 1039 1782 Domini
1063 1737 1439 1802 increpationem
1455 1771 1467 1794 ,
1497 1736 1557 1783 de
1577 1752 1671 1800 qua
1690 1746 1736 1783 et
1754 1736 1853 1800 ipse
1877 1735 1987 1782 alibi
2005 1737 2217 1784 meminit
2237 1737 2399 1784 <licens
2416 1741 2427 1762 ὦ
2450 1759 2459 1783 :

352 1835 377 1861 α
399 1815 642 1864 Peccatori
657 1825 816 1861 autem
829 1814 946 1861 dixit
958 1817 1110 1861 Deus:
1138 1818 1334 1872 «Quare
1357 1825 1404 1861 tu
1424 1831 1615 1862 enarras
1629 1815 1834 1878 justitias
1857 1831 1985 1861 meas
2005 1851 2018 1875 ‚
2041 1825 2088 1862 et
2108 1818 2306 1863 assumis
2333 1827 2464 1864 testa-

351 1915 374 1940 «
397 1904 614 1942 mentum
625 1910 784 1941 meum
800 1910 884 1958 per
905 1909 960 1940 os
977 1894 1137 1940 tuum?
1156 1896 1221 1940 Tu
1242 1911 1355 1941 vero
1379 1893 1520 1940 odisti
1540 1893 1857 1958 disciplinam,
1885 1905 1931 1941 et
1955 1895 2193 1959 projecisti
2219 1912 2461 1943 sermones

348 1994 372 2020 «
397 1991 531 2022 meos
546 1984 689 2022 retro.
715 1993 740 2019 »
764 1972 907 2031 Quod
924 1972 1134 2020 studiose
1148 1990 1418 2038 praecavens
1444 1973 1696 2038 Apostolus
1713 1976 1726 1998 ⁸
1749 1992 1759 2019 :
1793 1975 2035 2038 «Castigo,
2057 1993 2077 2017 »
2107 1975 2260 2039 inquit
2276 2012 2287 2034 ,
2314 1997 2337 2020 «
2358 1993 2460 2023 cor-

343 2064 435 2119 p'us
458 2071 619 2102 meum
638 2089 651 2114 ,
679 2063 725 2101 et
750 2054 797 2100 in
823 2053 1097 2100 servitutem
1117 2053 1281 2117 redigo
1299 2089 1311 2112 ‚
1338 2070 1396 2100 ne
1416 2053 1552 2112 forte,
1582 2070 1731 2118 quum
1752 2053 1853 2100 aliis
1872 2054 2245 2118 praedicaverim,
2269 2057 2369 2120 ipse
2390 2074 2459 2103 re-

296 2135 301 2138 ’
343 2133 523 2198 probus
551 2132 740 2180 efficiar.
768 2151 792 2177 υ
830 2133 974 2196 Cujus
996 2132 1173 2198 quippe
1202 2133 1298 2180 vita
1322 2132 1610 2198 despicitur,
1649 2142 1791 2180 restat
1819 2142 1869 2179 ut
1896 2143 1942 2179 et
1967 2133 2240 2198 praedicatio
2273 2135 2345 2181 vel
2371 2135 2458 2181 do-

342 2213 493 2261 ctrina
511 2222 858 2260 contemnatur.
876 2215 932 2259 Et
957 2229 1105 2277 quum
1128 2229 1294 2260 curare
1323 2213 1429 2277 quis
1456 2212 1602 2260 alium
1626 2212 1825 2272 debeat,
1845 2213 1881 2259 si
1908 2213 1955 2259 in
1985 2213 2152 2260 eadem
2176 2213 2459 2262 laboraverit

342 2292 638 2353 infirmitate,
685 2303 810 2340 recte
847 2293 936 2358 ipsi
973 2292 1033 2340 ab
1067 2303 1243 2356 aegroto
1280 2294 1662 2359 improperatur⁶
1690 2313 1700 2339 :
1736 2313 1759 2338 «
1782 2293 1964 2341 Medice
1983 2329 1995 2350 ,
2026 2310 2138 2340 cura
2164 2305 2209 2341 te
2230 2295 2401 2359 ipsum.
2431 2315 2453 2339 »

342 2374 563 2422 Attendat
586 2373 782 2421 sollicite
800 2374 1014 2438 quisquis
1039 2373 1257 2421 Ecclesiae
1280 2392 1478 2439 praeesse
1504 2374 1713 2434 videtur,
1740 2384 1967 2439 quantam
1994 2376 2179 2422 ruinam
2205 2392 2339 2422 casus
2358 2378 2458 2439 ejus

341 2453 574 2518 praebeat,
601 2470 751 2518 quum
778 2453 879 2515 ipse
905 2453 966 2501 ad
990 2455 1299 2519 praecipitium
1332 2471 1493 2502 secum
1524 2455 1699 2519 pariter
1721 2454 1958 2518 subjectos
1982 2455 2136 2502 trahat
2158 2475 2166 2502 :
2195 2476 2217 2500 «
2241 2458 2336 2515 Qui
2365 2457 2456 2504 sol-

341 2535 482 2594 verit,
507 2552 530 2578 »
565 2534 719 2597 inquit
749 2534 989 2593 Veritas⁷,
1023 2552 1047 2578 α
1071 2550 1221 2580 unum
1256 2534 1316 2580 de
1358 2534 1592 2581 mandatis
1633 2536 1728 2581 istis
1770 2535 2003 2594 minimis,
2048 2545 2094 2582 et
2135 2535 2353 2582 docuerit
2393 2538 2459 2583 sic

339 2611 585 2672 homines,
623 2612 848 2658 minimus
883 2611 1128 2659 vocabitur
1161 2613 1208 2659 in
1236 2629 1382 2676 regno
1409 2613 1656 2659 coelorum.
1684 2632 1707 2656 »
1739 2613 1889 2659 Solvit
1926 2614 2103 2678 quippe
2141 2615 2418 2662 mandatum
2440 2654 2450 2674 ,

337 2693 420 2756 qui
444 2702 608 2739 contra
631 2691 816 2755 agendo
845 2691 1054 2755 infringit
1079 2691 1235 2757 ipsum
1252 2729 1264 2752 ,
1299 2703 1346 2740 et
1367 2677 1586 2758 exemplo
1608 2710 1696 2740 suo
1722 2709 2034 2758 corrumpens
2060 2694 2176 2741 alios
2193 2732 2204 2754 ,
2229 2696 2275 2741 in
2305 2697 2458 2744 cathe-

337 2774 423 2821 dra
446 2772 719 2838 pestilentiae
753 2772 924 2819 doctor
964 2772 1151 2819 residet.
1178 2773 1322 2831 Quod
1347 2774 1385 2819 si
1410 2772 1632 2837 quislibet
1657 2773 1752 2820 hoc
1777 2790 1919 2837 agens
1950 2774 2174 2821 minimus
2208 2775 2455 2824 habendus

339 2863 409 2901 est
435 2853 483 2900 in
511 2869 656 2917 regno
682 2851 912 2899 coelorum
930 2888 942 2907 ,
963 2851 1057 2899 hoc
1078 2862 1148 2899 est
1171 2853 1220 2899 in
1248 2853 1449 2900 Ecclesia
1476 2854 1693 2918 praesenti
1712 2890 1724 2911 ,
1753 2854 1917 2918 quanti
1940 2854 2189 2901 habendus
2208 2866 2278 2902 est
2305 2859 2455 2921 pessi-

339 2951 443 2980 mus
480 2932 695 2998 praelatus
722 2948 748 2978 a
772 2931 906 2995 cujus
926 2931 1207 2995 negligentia
1244 2949 1342 2980 non
1379 2950 1473 2981 suae
1504 2943 1716 2993 tantum,
1759 2933 1843 2981 sed
1881 2935 2095 2981 omnium
2136 2934 2453 2998 subjectarum

337 3014 603 3074 animarum
627 3012 906 3075 sanguinem
929 3012 1165 3059 Dominus
1188 3013 1417 3077 requirit?
1448 3013 1586 3060 Unde
1618 3013 1741 3061 bene
1777 3014 2014 3077 Sapientia
2051 3014 2220 3061 talibus
2254 3019 2454 3064 commi-

337 3103 476 3141 natur
492 3095 505 3118 ⁸
527 3111 537 3139 ε
570 3095 733 3140 «Data
758 3101 828 3139 est
851 3108 878 3138 a
904 3092 1115 3139 Domino
1145 3103 1349 3157 potestas
1379 3092 1546 3152 vobis,
1573 3103 1620 3140 et
1642 3094 1788 3140 virtus
1818 3092 1878 3138 ah
1905 3092 2140 3140 Altissimo
2157 3130 2170 3152 ,
2202 3096 2283 3158 qui
2303 3097 2455 3144 inter-

336 3171 518 3237 rogabit
544 3189 689 3238 opera
716 3181 869 3219 vestra
885 3206 899 3231 ,
927 3181 971 3218 et
989 3172 1298 3237 cogitationes
1322 3173 1624 3220 scrutabitur.
1646 3173 1886 3230 Quoniam
1902 3189 2051 3236 quum
2071 3177 2232 3223 essetis
2251 3177 2452 3224 ministri

377 3325 386 3341 ⁴
413 3323 540 3363 nauh..
568 3333 641 3367 cap.
670 3334 745 3363 xm,
774 3334 804 3355 v.
828 3322 882 3355 57.
900 3339 941 3346 —-
957 3322 969 3339 ¹
992 3323 1095 3365 Epist.
1111 3333 1143 3363 v,
1163 3325 1243 3365 Opp.
1266 3331 1289 3356 t.
1311 3324 1366 3365 IV,
1413 3336 1442 3357 v.
1464 3326 1517 3357 23.
1537 3342 1575 3347 —-·
1595 3324 1606 3341 ⁴¹
1624 3324 1751 3363 matth..
1772 3334 1843 3366 cap.
1869 3335 1898 3363 v,
1921 3336 1948 3356 v.
1974 3324 2022 3357 19.
2041 3343 2078 3349 ——
2099 3327 2110 3343 ⁸
2129 3327 2290 3368 Sapiem„
2311 3339 2381 3372 cap.
2406 3341 2450 3369 vu,

331 3380 396 3414 col.
414 3380 444 3412 9.
460 3379 528 3405 -³
546 3379 663 3412 Psalm.
687 3389 783 3411 cxvm
798 3403 806 3418 ‚
824 3389 856 3411 v.
874 3380 906 3411 8.
927 3395 966 3401 —
988 3378 1001 3395 ⁴
1019 3379 1134 3413 Psatm.
1155 3390 1227 3412 xux
1244 3405 1253 3417 ,
1270 3390 1299 3412 v.
1330 3382 1366 3411 16
1413 3391 1442 3412 v.
1461 3381 1481 3411 4
1499 3388 1530 3413 et
1545 3391 1595 3425 sq.

332 3445 364 3470 et
386 3438 434 3469 ¹7.
453 3455 488 3459 -
508 3435 519 3452 ⁸
536 3434 681 3469 Corinth.
697 3435 731 3474 1,
750 3445 823 3478 cap.
842 3445 875 3470 ix
890 3460 898 3473 ,
918 3446 948 3469 v.
967 3436 1020 3468 2⁷.
1036 3452 1079 3460 -
1093 3435 1106 3452 ⁰
1126 3435 1220 3477 Luc.‚
1233 3445 1306 3479 cap.
1322 3447 1367 3475 iv,
