2970 4152
1124 426 1202 473 DE
1236 426 1425 474 CRUCE
1459 416 1678 474 SERMO.
2208 432 2211 434 ’
2369 428 2465 475 457

339 521 729 569 benedictionem
750 530 1068 569 converteret.
1096 521 1234 568 Unde
1256 530 1304 568 et
1325 521 1579 586 Apostolus
1602 538 1752 586 quum
1773 522 2075 587 praemisisset
2095 540 2106 568 ε
2137 539 2161 566 «
2179 525 2348 569 Factus
2375 539 2464 587 pro

340 601 481 648 nobis
498 600 806 649 maledictum
818 640 829 661 ,
849 602 970 649 sicut
982 601 1213 667 seriptum
1225 611 1318 659 est,
1332 619 1356 645 »
1377 602 1536 648 statim
1550 601 1744 665 adjecit,
1775 620 1799 646 «
1811 611 1865 648 ut
1876 602 1926 648 in
1950 601 2170 665 gentibus
2191 601 2463 649 benedictio

339 681 489 729 fieret.
509 683 679 729 »Sicut
694 699 807 746 ergo
827 683 877 729 in
899 682 1029 747 ligno
1042 719 1054 742 ,
1072 681 1122 729 id
1143 669 1215 728 est
1229 698 1320 746 pro
1342 682 1716 745 transgressione
1738 681 1853 745 ligni
1875 682 2031 741 vetiti,
2057 681 2271 729 Christus
2293 699 2465 748 corpo-

338 761 498 809 raliter
520 772 590 810 est
611 773 852 822 mortuus,
879 764 945 810 ita
966 773 1013 810 et
1034 761 1346 828 corporaliter
1367 778 1454 827 per
1475 778 1670 827 poenam
1692 777 1720 808 a
1741 764 1845 808 Deo
1869 761 2171 821 maledictus,
2196 762 2292 810 hoc
2314 773 2385 810 est
2406 779 2462 809 ex

337 843 574 891 sententia
594 844 682 890 Dei
703 861 857 908 poenae
878 843 991 891 huic
1014 844 1287 909 deputatur.
1314 843 1437 889 Hinc
1460 843 1590 889 enim
1618 852 1666 890 et
1693 852 1890 908 peccata
1911 852 2075 890 nostra
2096 844 2356 909 suscepisse
2378 860 2461 891 seu

337 933 552 988 portasse
579 924 776 981 dicitur,
807 924 903 971 hoc
931 934 1002 971 est
1028 935 1338 989 peccatorum
1367 933 1645 970 nostrorum
1673 939 1867 988 poenam
1895 922 2143 982 tolerasse,
2175 933 2221 970 et
2249 924 2316 971 sic
2342 941 2462 988 quo-

337 1002 601 1051 dammodo
635 1013 809 1050 nostrae
843 1003 1169 1051 maledictioni
1203 1003 1598 1052 communicasse.
1632 1003 1775 1066 Cujus
1803 1003 2000 1068 quidem
2026 1019 2221 1068 poenam
2250 996 2327 1051 vel
2360 1020 2463 1069 pas-

335 1084 545 1144 sionem,
571 1101 665 1149 qua
687 1084 947 1150 perductus
969 1095 1039 1132 est
1067 1085 1129 1132 ad
1158 1095 1387 1142 mortem,
1420 1084 1460 1131 si
1487 1100 1574 1149 per
1601 1083 1787 1147 singula
1814 1083 2139 1141 revolvamus,
2170 1085 2460 1149 reperiemus

336 1180 393 1212 ea
413 1181 519 1229 quae
540 1175 747 1212 mortem
768 1175 1110 1231 praecesserunt
1121 1202 1132 1224 ,
1152 1165 1294 1229 longe
1311 1165 1531 1229 graviora
1546 1174 1593 1211 et
1608 1163 1985 1212 intolerabiliora
2003 1174 2158 1211 morte
2173 1165 2276 1229 ipsa
2297 1164 2455 1211 fuisse.

335 1244 620 1292 Imminente
636 1246 814 1310 quippe
829 1246 1063 1310 passionis
1080 1245 1298 1304 articulo,
1315 1246 1365 1292 in
1382 1255 1566 1293 tantam
1585 1245 1795 1292 animam
1811 1245 1912 1308 ejus
1923 1245 2208 1292 anxietatem
2220 1243 2456 1308 legimus¹,

334 1332 388 1370 ut
408 1323 558 1371 sudor
579 1325 678 1388 ejus
701 1324 836 1373 fieret
858 1336 1089 1390 tanquam
1117 1335 1259 1390 guttae
1292 1326 1534 1389 sanguinis
1569 1324 1866 1372 decurrentis
1899 1324 1949 1371 in
1979 1335 2173 1372 terram.
2205 1324 2300 1381 Qui
2331 1324 2460 1370 enim

335 1414 535 1452 noverat
555 1415 762 1469 quantus
791 1407 1027 1471 passionis
1056 1406 1198 1453 dolor
1227 1407 1275 1453 in
1309 1406 1388 1453 illa
1418 1405 1731 1453 dissolutione
1759 1405 1975 1470 corporis
2003 1414 2050 1452 et
2078 1404 2247 1452 animae
2276 1402 2460 1450 futurus

333 1494 472 1543 esset,
492 1484 709 1532 mirabile
729 1503 829 1533 non
853 1495 923 1533 est
945 1487 1001 1544 si,
1022 1487 1157 1549 juxta
1178 1486 1504 1534 infirmitatem
1527 1495 1779 1551 assumptae
1800 1485 2128 1543 humanitatis,
2154 1484 2280 1531 hanc
2302 1500 2462 1548 supre-

334 1579 463 1611 mam
476 1565 750 1629 passionem
765 1565 968 1631 amplius
983 1565 1218 1613 horreret.
1231 1568 1408 1631 Captus
1422 1577 1583 1614 autem
1599 1565 1914 1631 postmodum
1927 1574 1974 1612 et
1990 1575 2167 1623 tentus,
2183 1574 2230 1611 et
2244 1564 2455 1629 insuper,

332 1646 516 1691 Joanne
532 1645 783 1705 referente,
807 1646 1010 1706 vinctus,
1028 1646 1089 1694 ad
1111 1646 1383 1694 sacerdotes
1405 1646 1616 1711 primum
1636 1645 1872 1693 adductus
1890 1654 1984 1704 est,
2003 1644 2088 1692 ubi
2100 1682 2111 1704 ,
2132 1645 2253 1691 sicut
2273 1646 2459 1692 Marcus

332 1725 585 1784 meminit2,
607 1736 855 1791 coeperunt
871 1726 1070 1791 quidam
1087 1743 1354 1791 conspuere
1377 1742 1512 1784 eum,
1532 1735 1579 1773 et
1601 1725 1758 1773 velare
1784 1724 1954 1772 faciem
1977 1724 2077 1788 ejus
2095 1761 2106 1783 ,
2133 1734 2197 1783 et,
2223 1733 2276 1771 ut
2296 1723 2459 1771 scribit

330 1805 613 1866 Matthaeus³,
633 1807 681 1853 in
706 1824 813 1855 eam
835 1824 1125 1873 conspuere,
1146 1818 1192 1855 et
1210 1818 1308 1855 tam
1330 1806 1544 1872 colaphis
1567 1823 1714 1872 quam
1737 1806 1885 1871 alapis
1907 1806 2065 1871 ipsum
2087 1805 2267 1852 caedere
2283 1843 2294 1865 ,
2315 1815 2457 1870 atque

331 1883 529 1933 illudere
551 1886 764 1934 dicentes
784 1906 793 1934 :
816 1906 838 1932 «
850 1887 1133 1953 Prophetiza
1146 1887 1303 1947 nobis,
1321 1887 1523 1946 Christe,
1541 1887 1647 1952 quis
1662 1897 1732 1934 est
1745 1886 1826 1951 qui
1850 1896 1896 1933 te
1918 1886 2175 1952 percussit?
2187 1905 2210 1930 »
2229 1884 2321 1932 Ubi
2334 1886 2458 1932 inter

330 1974 515 2024 caetera,
536 1983 686 2030 quum
703 1984 729 2014 a
748 1967 975 2032 pontifice
997 1968 1370 2032 interrogaretur
1383 1967 1445 2014 de
1462 1966 1706 2032 discipulis
1719 1967 1815 2014 suis
1831 1976 1880 2013 et
1897 1966 2119 2013 doctrina
2136 1965 2237 2029 ejus
2252 2002 2263 2024 ,
2290 1975 2336 2012 et
2357 1966 2457 2030 ipse

330 2046 673 2110 respondissev
700 2066 710 2094 :
752 2067 775 2092 «
802 2051 902 2112 Ego
936 2048 1095 2113 palam
1129 2049 1316 2096 locutus
1347 2066 1477 2107 sum,
1518 2058 1631 2107 etc.,
1662 2066 1685 2091 »
1712 2064 1836 2094 unus
1871 2047 2092 2094 assistens
2128 2046 2456 2093 ministrorum

330 2123 463 2172 dedit
493 2125 682 2191 alapam
714 2128 780 2186 ei,
813 2127 998 2175 dicens⁶
1024 2147 1033 2175 :
1066 2129 1185 2175 «Sic
1207 2128 1470 2194 respondes
1498 2127 1741 2193 pontifici?
1760 2147 1783 2172 »
1814 2130 1924 2174 Haec
1952 2136 2115 2174 autem
2138 2127 2186 2173 in
2211 2136 2352 2174 nocte
2381 2143 2457 2174 ca-

329 2204 507 2268 ptionis
519 2222 614 2253 suae
628 2217 816 2254 constat
828 2208 877 2254 in
897 2224 1009 2255 eum
1032 2208 1157 2256 sacta
1178 2225 1295 2256 esse.
1314 2210 1453 2256 Mane
1476 2218 1638 2256 autem
1663 2207 1788 2255 facto
1802 2245 1813 2267 ,
1840 2207 1901 2254 de
1920 2206 2126 2254 concilio
2150 2206 2455 2254 sacerdotum

329 2283 391 2331 ad
418 2284 620 2333 Pilatum
647 2287 898 2352 praesidem
925 2288 1083 2353 ipsum
1113 2288 1272 2336 adhuc
1306 2288 1382 2336 vel
1411 2289 1585 2336 iterum
1612 2288 1828 2334 vinctum
1856 2286 2199 2353 perduxerunt.
2235 2289 2344 2344 Quo
2373 2287 2455 2335 ad-

329 2362 499 2425 ducto,
524 2375 580 2412 ut
600 2366 847 2414 Matthaeus
869 2368 968 2426 ait⁶,
994 2368 1122 2415 stetit
1149 2378 1260 2416 ante
1291 2368 1559 2434 praesidem.
1598 2367 1759 2426 Stetit,
1797 2354 2020 2431 inquam,
2053 2375 2106 2413 ut
2141 2366 2323 2413 dictum
2357 2376 2450 2424 est,

328 2442 520 2507 ligatus,
546 2446 706 2510 potius
728 2462 875 2510 quam
903 2447 1026 2494 sedit
1042 2485 1053 2507 ,
1086 2458 1139 2495 ut
1166 2448 1388 2495 videlicet
1416 2449 1465 2495 in
1495 2458 1723 2512 utroque,
1755 2457 1855 2494 tam
1883 2447 2087 2494 statione
2109 2445 2287 2493 scilicet
2308 2462 2452 2510 quam

327 2522 553 2587 ligatione
587 2542 699 2572 eum
732 2525 1012 2590 affligerent.
1051 2530 1243 2585 Quanta
1276 2538 1437 2575 autem
1471 2527 1742 2574 constantia
1776 2526 1870 2573 illic
1904 2526 2198 2590 persisteret,
2235 2535 2453 2590 patenter

329 2603 620 2664 ostenditur,
647 2605 730 2652 ubi
753 2607 1070 2670 interrogatus
1098 2623 1126 2654 a
1154 2607 1327 2668 Pilato,
1360 2624 1646 2672 responsum
1674 2607 1718 2653 ei
1741 2623 1841 2653 non
1864 2604 2113 2652 reddebat.
2142 2607 2212 2651 De
2235 2621 2331 2669 qua
2352 2605 2452 2668 ejus

327 2683 642 2744 confidentia,
681 2695 727 2732 et
756 2687 892 2750 quasi
919 2686 982 2733 de
1008 2704 1096 2734 suo
1125 2697 1407 2752 contemptu
1435 2687 1608 2735 Pilatus
1637 2687 1906 2735 admirans⁷
1931 2704 1942 2732 ε
1978 2686 2202 2745 «Nescis,
2224 2705 2246 2730 »
2271 2686 2448 2750 inquit,

332 2782 355 2807 «
372 2765 483 2828 quia
523 2775 810 2830 potestatem
843 2765 1000 2814 habeo
1039 2766 1314 2830 crucifigere
1347 2777 1423 2826 te,
1463 2777 1511 2815 et
1543 2777 1830 2832 potestatem
1863 2765 2021 2813 habeo
2050 2765 2290 2812 dimittere
2327 2766 2448 2812 te?»

329 2844 422 2901 Qui
444 2845 589 2891 etiam
611 2861 639 2892 a
659 2845 808 2893 Pilato
832 2846 892 2894 ad
915 2846 1157 2894 Herodem
1184 2848 1355 2895 missus
1370 2885 1382 2907 ,
1409 2864 1561 2912 quum
1586 2846 1746 2894 multis
1769 2846 1831 2894 ab
1853 2846 1958 2911 ipso
1981 2863 2175 2911 quoque
2197 2847 2455 2910 interroga-

327 2934 458 2973 retur
489 2927 793 2974 sermonibus
810 2965 821 2987 ,
859 2928 980 2975 nihil
1010 2929 1054 2976 ei
1081 2928 1421 2994 respondebat.
1459 2928 1599 2976 Unde
1627 2938 1727 2976 tam
1755 2927 1816 2975 ab
1845 2928 1950 2993 ipso
1979 2944 2125 2992 quam
2154 2927 2215 2975 ab
2245 2928 2452 2975 exercitu

327 3006 428 3069 ejus
449 3017 636 3071 spretus
658 3017 705 3055 et
727 3007 890 3055 illusus
912 3018 1005 3068 est,
1031 3018 1161 3056 veste
1183 3009 1292 3057 alba
1314 3009 1533 3069 indutus,
1559 3019 1607 3056 et
1628 3009 1696 3056 sic
1719 3008 1780 3056 ad
1802 3007 2003 3055 Pilatum
2025 3008 2264 3055 remissus.

392 3092 429 3133 A
456 3088 755 3154 principibus
786 3090 946 3154 itaque
980 3090 1321 3154 interrogatus,
1353 3091 1436 3155 qui
1464 3090 1527 3138 ad
1555 3106 1667 3137 eum
1695 3088 1999 3137 liberandum
2027 3087 2288 3153 plurimum
2321 3098 2454 3154 pote-

327 3176 458 3227 rant,
480 3170 794 3234 responsione
816 3187 901 3218 sua
917 3170 1089 3234 dignos
1111 3187 1194 3218 eos
1213 3188 1313 3219 non
1337 3172 1545 3230 censuit;
1571 3171 1654 3236 qui
1676 3180 1856 3229 tamen,
1881 3179 2100 3235 utsupra
2122 3170 2447 3229 meminimus,

328 3262 355 3293 a
377 3248 595 3296 ministro
614 3249 854 3315 pontificis
875 3267 1149 3316 percussus,
1168 3250 1399 3299 blandam
1421 3251 1465 3299 ei
1487 3250 1853 3316 responsionem
1875 3265 1975 3296 non
1999 3249 2212 3314 negavit,
2233 3248 2446 3298 dicens⁸z

373 3449 382 3467 ⁸
400 3449 460 3484 nic
472 3452 594 3496 aliquid
606 3453 721 3488 deesse
735 3453 936 3488 videtum—¹
949 3454 1066 3495 Mare„
1080 3464 1153 3498 cap.
1172 3465 1240 3496 xiv,
1256 3464 1288 3487 v.
1301 3455 1357 3488 53.
1411 3453 1471 3482 ·-··⁸
1491 3453 1591 3496 1bid.‚'
1608 3464 1640 3486 v.
1655 3454 1756 3487 22.—
1767 3452 1780 3471 ⁰
1795 3452 1924 3492 matth..
1939 3462 2012 3496 cap.
2031 3461 2119 3485 xxvn
2132 3476 2142 3494 ,
2157 3461 2189 3486 v.
2207 3451 2306 3484 11.—
2316 3450 2328 3468 ⁷
2339 3450 2448 3490 Joan.,

329 3523 357 3530 -—
379 3506 392 3523 ⁸
406 3506 513 3549 Mau„
530 3519 604 3553 cap.
619 3521 714 3550 xxvi,
730 3522 761 3543 v.
778 3513 879 3545 67.—
894 3510 909 3539 ἱ
921 3511 1030 3552 Joan„
1047 3519 1121 3554 cap.
1137 3521 1214 3544 xvm
1226 3535 1235 3551 ,
1252 3521 1281 3543 v.
1304 3512 1358 3545 20.
1414 3519 1489 3554 cap.
1507 3521 1584 3552 xix,
1600 3520 1630 3542 v.
1652 3511 1705 3543 10.
1720 3527 1762 3534 -
1777 3508 1790 3527 ⁸
1806 3509 1917 3550 Joan„
1933 3519 2006 3553 cap.
2021 3519 2119 3550 xvm,
2135 3518 2167 3542 v.
2187 3508 2243 3541 25.

513 3579 525 3608 ι
844 3587 849 3592 -
2209 3561 2262 3608 58
