2970 4152
852 413 971 461 CUM
1004 411 1175 459 PETRI
1210 409 1524 457 ABAELARDI
1558 408 1989 458 SOLUTIONIBUS.
2396 411 2490 459 249

387 514 437 559 in·
461 509 741 558 sacramenti
767 495 1090 573 perceptione,
1118 502 1427 551 verumetiam
1450 502 1500 548 in
1525 503 1754 567 passionis
1778 503 2039 551 imitatione
2066 502 2279 567 accipere
2296 501 2486 551 debere.

390 589 527 638 Unde
551 599 598 636 et
628 587 870 635 Psalmista
910 604 921 632 :
967 604 991 630 α
1022 583 1226 632 Calicem
1249 581 1577 642 salutar-ists»
1607 581 1703 628 hoc
1729 592 1799 629 est
1822 582 1922 630 veri
1958 585 2066 629 Jesu
2089 617 2102 642 ,
2138 601 2162 627 «
2184 582 2413 647 accipiam
2431 619 2444 642 ,
2468 603 2491 627 υ

388 687 501 718 eum
524 668 743 716 videlicet
768 683 854 732 per
879 664 1112 730 passionis
1129 654 1323 727 quoque
1347 663 1569 709 virtutem
1586 661 1835 734 imitando.
1859 664 1917 708 Et
1933 662 2044 726 quia
2068 671 2272 709 mortem
2296 662 2495 711 tolerare

389 767 488 798 non
518 759 587 798 est
609 749 830 796 humanae
855 745 1162 803 infirmitatis,
1189 743 1273 791 sed
1299 742 1480 801 collatae
1502 742 1639 789 nobis
1664 758 1691 789 a
1714 745 1818 789 Deo
1834 742 2017 789 virtutis
2037 761 2046 789 :
2069 743 2168 807 ipse
2186 752 2256 790 est
2273 743 2498 791 invocan-

391 830 509 890 dus,
537 846 566 876 a
589 845 686 894 quo
710 829 798 875 ista
822 825 1055 891 speranda
1077 834 1148 872 est
1167 825 1345 882 virtus,
1372 823 1421 870 in
1453 838 1548 886 qua
1571 838 1671 869 non
1699 831 1796 872 tam
1816 832 2029 869 nostram
2055 822 2302 870 utilitatem
2321 859 2333 883 ,
2355 840 2500 887 quam

392 911 493 974 ejus
524 909 721 975 gloriam
757 923 965 971 quaerere
1002 904 1265 963 debemus,
1294 919 1399 967 quae
1426 919 1512 967 per
1550 919 1729 949 nomen
1754 902 1855 966 ejus
1884 901 2185 966 significatur.
2219 904 2348 950 Sicut
2374 905 2504 951 enim

393 990 707 1055 ignominiosa
728 988 968 1044 dicuntur,
989 1002 1093 1050 quae
1116 985 1313 1032 nomine
1336 983 1479 1048 digna
1507 999 1607 1030 non
1630 983 1882 1030 videntur:
1907 983 1972 1029 ita
1996 999 2022 1030 e
2045 984 2283 1030 contrario
2304 1001 2503 1049 quaeque

396 1070 599 1135 gloriosa
636 1067 831 1116 nomine
862 1066 1005 1130 digna
1041 1074 1151 1116 sunt
1178 1075 1226 1112 et
1252 1064 1393 1111 fama.
1428 1066 1615 1111 Nomen
1642 1063 1782 1128 igitur
1810 1065 1896 1109 Dei
1931 1063 2235 1122 invocamus,
2267 1081 2416 1128 quum
2450 1081 2505 1112 ea

396 1166 501 1214 quae
520 1149 716 1197 facimus
741 1147 803 1196 ad
821 1145 1018 1210 gloriam
1037 1144 1138 1208 ejus
1155 1144 1470 1203 intendimus,
1498 1153 1552 1190 ut
1574 1142 1651 1190 ille
1669 1143 1827 1208 potius
1852 1143 1902 1189 in
1926 1142 2065 1190 nobis
2081 1179 2093 1203 ,
2119 1160 2263 1207 quam
2281 1161 2370 1190 nos
2398 1145 2502 1210 ipsi,

397 1227 685 1294 glorificetur
707 1237 849 1291 atque
873 1224 1108 1284 laudetur,
1135 1240 1162 1270 a
1184 1240 1282 1288 quo
1307 1224 1355 1270 in
1379 1223 1454 1270 his
1473 1223 1694 1270 virtutem
1720 1223 2002 1288 accipimus,
2037 1223 2098 1270 ad
2123 1240 2227 1287 quae
2251 1223 2426 1271 infirmi
2450 1240 2507 1271 ex

396 1308 536 1356 nobis
557 1323 737 1355 sumus.
761 1306 882 1352 Hinc
906 1315 953 1352 et
977 1303 1229 1369 Apostolus
1245 1305 1285 1349 ἐ
1313 1323 1336 1349 «
1354 1304 1448 1361 Qui
1466 1302 1771 1368 glorificatur,
1795 1322 1819 1347 »
1846 1303 2025 1367 inquit,
2057 1323 2080 1348 «
2100 1304 2151 1350 in
2176 1304 2384 1351 Domino
2408 1304 2507 1368 glo-

397 1388 560 1446 rietur,
580 1397 608 1431 »'
634 1385 730 1433 hoc
747 1395 843 1445 est,
874 1385 957 1448 qui
980 1384 1029 1432 in
1056 1400 1106 1430 se
1130 1383 1308 1448 aliquid
1335 1384 1519 1430 virtutis
1543 1383 1619 1430 vel
1645 1383 1785 1449 pretii
1810 1384 2133 1447 recognoscit,
2162 1400 2259 1431 non
2292 1401 2342 1431 se
2367 1384 2504 1443 inde,

398 1466 483 1515 sed
506 1470 660 1515 Deum
682 1475 859 1531 quaerat
881 1465 1126 1523 honorari,
1151 1480 1240 1512 nec
1263 1463 1313 1511 id
1337 1464 1495 1512 virtuti
1518 1480 1638 1523 suae,
1665 1463 1749 1513 sed
1779 1463 1950 1511 divinae
1973 1463 2173 1511 ascribat
2198 1464 2381 1528 gratiae,
2410 1480 2508 1511 non

400 1563 428 1594 a
449 1563 524 1607 se,
553 1546 638 1594 sed
662 1563 689 1593 a
718 1549 820 1593 Deo
852 1545 903 1592 id
931 1548 1276 1609 recognoscens
1300 1559 1417 1591 esse.
1450 1546 1521 1591 De
1547 1543 1642 1590 hoc
1674 1543 1842 1604 calice,
1866 1561 2016 1609 vquem
2040 1544 2213 1592 Christi
2242 1545 2510 1609 passionem

401 1625 632 1673 imitando
658 1625 887 1672 sumimus
901 1660 913 1684 ‚
935 1623 1052 1670 illud
1074 1633 1144 1670 est
1164 1623 1297 1688 quod
1319 1622 1425 1669 filiis
1445 1622 1660 1670 Zebedaei
1684 1624 1773 1670 ait³
1794 1642 1804 1670 :
1832 1643 1856 1668 «
1876 1625 2076 1671 Potestis
2098 1623 2261 1671 bibere
2286 1624 2479 1671 calicem
2496 1659 2508 1681 ,

401 1721 546 1770 quem
570 1721 658 1769 ego
678 1704 909 1751 bibiturus
926 1702 1064 1750 sum?
1086 1721 1111 1747 »
1139 1705 1242 1749 Hoc
1260 1712 1330 1749 est
1343 1738 1356 1762 ,
1378 1718 1456 1749 me
1475 1719 1561 1768 per
1587 1703 1859 1767 passionem
1884 1703 2056 1750 imitari
2074 1719 2212 1769 posse
2239 1703 2512 1750 confiditis?

403 1787 528 1833 Bene
561 1794 721 1832 autem
745 1784 806 1832 de
834 1783 927 1830 hoc
958 1782 1102 1830 calice
1122 1783 1278 1848 primo
1295 1815 1308 1842 ,
1332 1792 1378 1830 et
1397 1798 1495 1829 non
1519 1781 1579 1830 de
1599 1782 1837 1843 secundo,
1861 1783 2103 1849 discipulis
2127 1785 2220 1831 ait:
2245 1804 2267 1829 «
2289 1784 2510 1849 Accipite,

401 1875 446 1912 et
470 1863 666 1912 dividite
696 1864 819 1911 inter
844 1880 945 1911 vos.
971 1882 995 1907 »
1022 1863 1227 1911 Calicem
1258 1863 1436 1928 quippe
1456 1862 1630 1910 Christi
1654 1862 1715 1909 ab
1738 1879 1796 1911 eo
1823 1865 2105 1929 accipientes
2127 1864 2251 1911 inter
2277 1881 2367 1911 nos
2402 1864 2517 1911 divi-

403 1944 560 1993 dimus
576 1980 589 2005 ,
611 1962 761 2009 quum
786 1961 898 1992 eum
921 1943 1116 1991 diversis
1142 1943 1393 2008 generibus
1417 1943 1694 2008 passionum
1718 1943 1974 1991 imitamur.
1999 1947 2052 1991 In
2077 1945 2384 2009 perceptione
2402 1960 2516 1991 vero

402 2027 683 2076 sacramenti
700 2043 799 2074 non
821 2035 891 2073 est
914 2025 1083 2072 divisio
1107 2043 1116 2071 :
1139 2025 1251 2089 quia
1275 2011 1341 2072 ibi
1365 2034 1435 2071 est
1454 2040 1549 2071 una
1567 2024 1713 2089 ipsius
1731 2025 1896 2090 capitis
1916 2041 2015 2072 non
2041 2024 2369 2072 membrorum
2389 2024 2519 2072 obla·

404 2108 471 2155 tio
485 2143 497 2166 ‚
520 2123 624 2171 quae
643 2123 670 2154 a
689 2105 824 2152 malis
846 2122 979 2170 aeque
1005 2114 1056 2152 ut
1080 2121 1107 2152 a
1130 2104 1269 2152 bonis
1293 2103 1617 2151 sacerdotibus
1640 2105 1813 2152 virtute
1837 2105 2111 2152 divinorum
2129 2105 2385 2152 verborum
2410 2121 2520 2152 con-

405 2185 575 2234 ficitur.
604 2206 630 2231 α
651 2187 882 2251 Accipite,
904 2204 927 2229 »
955 2185 1131 2250 inquit,
1160 2205 1184 2230 «
1203 2184 1424 2244 calicem,
1445 2202 1469 2228 »
1495 2183 1627 2231 hunc
1651 2200 1678 2231 a
1697 2201 1801 2245 me,
1829 2201 1974 2250 quem
2006 2195 2172 2250 postea
2200 2185 2325 2232 inter
2342 2201 2429 2233 vos
2448 2184 2519 2232 di-

406 2264 592 2325 vidatis,
614 2283 637 2310 ι(
658 2265 769 2329 quia
788 2265 1011 2329 deinceps
1030 2281 1129 2311 non
1151 2263 1314 2311 bibam
1332 2263 1394 2311 de
1413 2264 1716 2328 generatione
1733 2265 1856 2325 vitis,
1874 2283 1898 2310 υ
1918 2265 2012 2312 hoc
2030 2275 2124 2325 est,
2148 2281 2246 2312 non
2269 2264 2519 2312 celebrabo

407 2345 530 2394 hanc
547 2346 749 2394 hostiam
770 2332 886 2393 meae
903 2345 1151 2411 passionis,
1176 2364 1199 2390 «
1217 2344 1374 2391 donec
1392 2361 1593 2409 regnum
1612 2346 1700 2392 Dei
1719 2346 1900 2405 veniat,
1920 2364 1943 2390 »
1964 2346 2059 2393 hoc
2075 2355 2162 2403 est,
2188 2346 2282 2392 vita
2302 2344 2518 2403 coelestis,

408 2426 456 2472 in
485 2442 579 2490 qua
609 2426 737 2473 solus
767 2425 1027 2484 Dominus,
1056 2441 1156 2472 non
1186 2434 1434 2489 peccatum
1466 2435 1655 2488 regnat,
1692 2442 1779 2490 per
1814 2426 2084 2490 passionem
2116 2442 2272 2472 meam
2305 2424 2524 2472 fidelibus

408 2505 614 2570 patefiat.
645 2509 769 2552 Bene
793 2504 987 2552 calicem
1018 2504 1292 2553 imitationis
1317 2504 1450 2551 calici
1478 2505 1701 2569 praemisit
1735 2506 2046 2552 sacramenti:
2068 2506 2180 2569 quia
2212 2504 2263 2551 hi
2292 2505 2380 2551 soli
2412 2521 2526 2551 con·

410 2585 542 2650 digni
558 2594 669 2631 sunt
684 2575 933 2631 dominicae
951 2600 1125 2630 mensae
1141 2584 1498 2631 communicare
1511 2619 1523 2643 ,
1547 2583 1630 2647 qui
1647 2584 1919 2648 passionem
1937 2584 2037 2647 ejus
2056 2585 2248 2643 imitari,
2271 2594 2317 2631 et
2335 2601 2523 2647 crucem

411 2665 511 2728 ejus
539 2665 691 2730 parati
721 2649 1043 2711 sunt'tollere.
1079 2663 1217 2710 Unde
1247 2673 1293 2709 et
1323 2663 1550 2727 scriptum
1578 2672 1680 2711 est:
1708 2683 1732 2708 «
1752 2663 1823 2710 Ad
1853 2680 2067 2711 mensam
2089 2680 2311 2728 magnam
2335 2663 2521 2723 sedisti,

411 2746 529 2792 scito
548 2745 775 2809 quoniam
795 2744 905 2791 talia
921 2753 1111 2809 oportet
1133 2752 1179 2790 te
1198 2758 1476 2808 praeparare.
1503 2762 1526 2787 υ
1548 2746 1736 2790 Novum
1750 2779 1762 2803 ,
1791 2760 1890 2791 non
1914 2754 2047 2792 vetus
2071 2754 2405 2791 testamentum
2437 2754 2527 2790 tra·-

411 2826 553 2885 dens,
581 2836 679 2873 tam
701 2841 875 2891 panem
894 2841 1038 2888 quam
1064 2823 1258 2871 calicem
1277 2824 1535 2889 accipiens,
1558 2825 1726 2889 gratias
1747 2825 1840 2889 agit
1863 2842 1873 2871 ε
1894 2826 2098 2872 innuens
2116 2842 2200 2890 per
2215 2824 2309 2872 hoc
2332 2825 2411 2872 hic
2429 2841 2529 2872 esse

413 2904 705 2970 completum
720 2940 732 2963 ,
761 2904 892 2968 quod
921 2903 987 2950 ibi
1010 2903 1160 2951 fuerat
1185 2902 1534 2968 praefiguratum
1549 2940 1561 2963 ‚
1590 2914 1638 2951 et
1656 2903 1716 2951 de
1732 2905 1927 2951 veritate
1947 2905 2104 2970 potius
2122 2921 2265 2969 quam
2283 2904 2343 2951 de
2360 2904 2526 2951 umbra

392 2987 569 3032 'Deum
601 3001 701 3032 esse
738 2983 1117 3048 glorificandum.
1166 2984 1391 3047 Superius
1421 2993 1580 3031 tamen
1615 3001 1665 3031 se
1696 2983 1986 3032 desiderasse
2020 2984 2135 3031 dixit
2168 2994 2302 3032 vetus
2337 3001 2529 3049 quoque

415 3063 589 3130 pascha
606 3082 715 3112 cum
735 3063 975 3128 d1scipulis
994 3063 1257 3122 celebrare,
1278 3079 1340 3110 ne
1364 3063 1431 3111 sic
1454 3063 1515 3110 ab
1537 3064 1642 3129 ipso
1667 3080 1793 3112 nova
1820 3075 2114 3112 sacramenta
2137 3065 2453 3129 susciperent,
2481 3075 2532 3111 ut

416 3161 444 3191 a
461 3147 563 3192 Deo
580 3145 751 3192 tradita
773 3154 930 3191 vetera
956 3159 1054 3190 non
1078 3144 1377 3190 aestimarent.
1402 3146 1519 3201 Quae
1537 3144 1678 3192 etiam
1698 3154 1857 3192 vetera
1874 3144 1941 3191 eis
1960 3143 2117 3191 adhuc
2149 3144 2384 3191 veteribus
2420 3155 2533 3192 tunc

418 3226 621 3273 maxime
639 3224 988 3289 congruebant,
1017 3233 1068 3270 ut
1085 3223 1180 3270 hoc
1198 3223 1433 3288 praecipue
1456 3224 1691 3271 Dominus
1709 3223 1903 3271 deberet
1920 3240 2030 3271 cum
2056 3224 2123 3271 eis
2144 3224 2382 3272 celebrare
2401 3225 2532 3289 quod

418 3305 484 3352 eis
500 3305 800 3371 potissimum
824 3303 1014 3351 videbat
1035 3302 1317 3363 convenire,
1339 3312 1566 3368 tanquam
1591 3303 1639 3350 in
1664 3302 1759 3350 hoc
1782 3305 1897 3350 suo‘
1918 3302 2154 3351 desiderio
2179 3304 2228 3351 id
2260 3321 2310 3351 se
2334 3304 2533 3351 innuere

467 3493 477 3509 ⁴
502 3493 620 3526 Psalm.
642 3504 716 3531 cxv,
733 3504 763 3525 v.
787 3494 838 3526 13.
857 3512 888 3516 --
911 3492 924 3510 ⁸
941 3492 1083 3526 Corinth.
1105 3494 1138 3533 Ι,
1154 3504 1229 3538 cap.
1244 3505 1276 3537 ι,
1293 3506 1322 3527 v.
1343 3496 1395 3528 3¹.
1413 3514 1450 3518 —---
1469 3494 1482 3511 ²
1499 3494 1629 3535 Matth„
1650 3505 1722 3539 cap.
1739 3506 1802 3535 xx,
1820 3506 1850 3529 v.
1870 3496 1923 3528 22.
1946 3514 1976 3519 --
1998 3494 2011 3512 ⁰
2031 3495 2090 3529 Sui
2106 3494 2187 3528 cod.

608 3562 619 3590 1
2298 3556 2349 3594 32
