2970 4152
1250 770 1579 847 INDEX

647 961 834 1007 EORUM
865 961 991 1014 QUAE
1021 962 1081 1008 IN
1111 961 1220 1008 HOC
1250 963 1438 1008 PRIORI
1468 963 1749 1010 VOLUMINE
1781 963 2177 1010 CONTINENTUR.

354 1460 505 1495 Luca-ont
529 1459 667 1499 Vicron
692 1458 840 1496 Consu«.
862 1484 1113 1494 ...........
1147 1459 1286 1506 Pagina
1369 1470 1380 1494 ι

347 1519 458 1556 Pmu
470 1520 659 1556 Animam
669 1531 713 1555 m·
720 1519 909 1556 Hnoissaz
918 1530 1080 1555 comunis
1090 1518 1284 1556 Eris-roms.
1358 1520 1374 1555 Ι

395 1578 560 1626 Epistola
574 1579 595 1615 I
603 1607 614 1626 ‚
632 1591 714 1629 quae
728 1586 784 1616 est
799 1579 956 1616 historia
971 1578 1223 1615 calamitatum
1237 1578 1286 1615 ad

440 1640 604 1676 amicum
627 1640 762 1689 scripta
769 1665 1282 1678 ......................
1361 1642 1382 1677 3

348 1718 395 1726 --
411 1699 569 1736 Andreae
598 1701 826 1747 Quercetani
857 1700 1088 1737 Turonensis
1117 1707 1212 1736 notae
1242 1700 1288 1735 ad

443 1759 639 1797 historiam
666 1761 936 1797 calamitatum.
959 1786 1233 1798 ............
1235 1788 1258 1809 γ.
1273 1787 1282 1795 .
1337 1762 1383 1798 38

396 1820 560 1868 Epistola
576 1821 614 1857 11
627 1849 637 1866 ,
656 1833 737 1871 quae
753 1828 809 1858 est
824 1820 1000 1858 Heloissae
1016 1819 1063 1856 ad
1084 1820 1258 1857 Petrum.
1273 1847 1280 1856 .
1334 1821 1383 1859 72

327 1918 338 1922 ‚
396 1880 562 1928 Epistola
577 1881 651 1927 ΠΙ,
681 1893 763 1931 quae
786 1889 843 1918 est
867 1881 1090 1930 rescriptum
1117 1881 1221 1918 Petri
1242 1880 1291 1918 ad

445 1940 671 1979 Heloissam.
691 1967 1282 1980 .........................
1335 1942 1384 1981 79

397 2000 561 2048 Epistola
577 2002 650 2047 IV,
678 2013 760 2052 quae
784 2009 840 2038 est
864 2002 1090 2050 rescriptum
1115 2001 1291 2039 Heloissae

443 2060 489 2097 ad
504 2061 659 2098 Petrum
668 2088 847 2098 ........
854 2091 858 2096 ,
861 2087 1282 2100 ..................
1336 2064 1384 2100 85

396 2121 560 2168 Epistola
576 2121 627 2168 V,
641 2134 722 2171 quae
733 2128 789 2159 est
802 2121 1026 2170 rescriptum
1041 2121 1143 2158 Petri
1161 2133 1291 2158 rursus

443 2179 489 2215 ad
509 2179 716 2217 Heloissam
724 2207 1284 2219 ........................
1338 2182 1384 2220 92

399 2241 563 2287 Epistola
583 2241 641 2279 VI
652 2269 662 2285 ,
681 2254 763 2291 quae
778 2248 833 2278 est
849 2241 1016 2289 ejusdem
1042 2240 1218 2278 Heloissae
1242 2241 1289 2277 ad

443 2300 617 2336 eumdem
634 2301 789 2337 Petrum
794 2326 1283 2337 .....................
1315 2303 1384 2340 406

398 2360 563 2408 Epistola
579 2359 656 2398 VII
670 2388 680 2405 ‚
699 2372 781 2409 quae
796 2366 851 2396 est
867 2371 1017 2396 rursum
1034 2359 1137 2396 Petri
1154 2359 1199 2395 ad
1217 2361 1290 2396 He-

443 2420 589 2456 loissam
601 2447 610 2465 ‚
631 2420 678 2457 de
693 2420 840 2469 origine
855 2419 1191 2456 sanctimonialium
1201 2446 1209 2454 .
1224 2446 1235 2457 .
1248 2445 1259 2455 .
1274 2446 1282 2455 .
1315 2421 1379 2460 424

399 2480 563 2527 Epistola
587 2479 684 2517 VIII
703 2507 714 2527 ‚
739 2492 821 2529 quae
844 2486 899 2516 est
924 2479 1090 2527 ejusdem
1114 2479 1218 2516 Petri
1243 2478 1291 2515 ad

446 2542 678 2588 Heloissam,
698 2542 888 2578 institutio
913 2554 977 2578 seu
1004 2541 1132 2590 regula
1157 2542 1291 2578 sancti-

444 2601 664 2638 monialium
673 2626 1283 2638 ..........................
1315 2604 1330 2637 4
1340 2603 1384 2639 53

400 2662 569 2710 Magistri
585 2662 686 2698 Petri
704 2661 860 2710 epistola
876 2660 923 2697 ad
947 2662 1110 2709 virgines
1125 2661 1289 2698 Par-acli-

446 2729 566 2758 tenses
582 2720 628 2757 de
649 2720 775 2757 studio
791 2721 1002 2758 litterarum
1011 2747 1282 2758 ............
1315 2724 1386 2759 225

401 2781 574 2818 Heloissae
585 2781 843 2818 paraclitensis
852 2781 1080 2830 problemata
1092 2794 1178 2818 cum
1189 2794 1288 2830 mag.

445 2843 487 2878 P.
505 2841 690 2879 Abaelardi
712 2841 960 2878 solutionibus
964 2869 1282 2880 ..............
1313 2843 1384 2882 237

502 2940 684 2976 Mnus-riu
709 2940 819 2976 Puni
843 2941 1037 2978 Anulum
1062 2942 1243 2979 Cnmtm.

399 3019 607 3067 Sequentiae
622 3026 660 3055 et
675 3019 806 3071 hymni
823 3032 891 3068 per
906 3027 1029 3057 toturn
1054 3022 1143 3058 anni
1167 3023 1291 3058 circu-

449 3079 526 3114 lum
544 3080 583 3115 in
600 3092 708 3116 usum
727 3080 915 3128 virginum
941 3082 1155 3122 monasterii
1177 3083 1288 3119 Para·

448 3139 612 3175 clitensis
621 3164 1284 3179 ............................
1315 3145 1384 3180 295

402 3200 443 3234 P.
462 3198 645 3235 Abaelardi
663 3199 709 3235 de
734 3198 839 3236 beata
856 3200 999 3248 virgine
1016 3212 1123 3248 prosa
1132 3227 1284 3239 .......
1318 3205 1385 3239 328

404 3259 544 3295 Versus
577 3259 743 3307 magistri
777 3259 818 3295 P.
855 3259 1039 3296 Abaelardi
1072 3260 1111 3297 in
1143 3261 1287 3297 beatam

449 3318 648 3367 virginem.
671 3344 680 3355 .
701 3344 1286 3358 .........................
1318 3321 1388 3360 329

406 3377 619 3425 Rhythmus
632 3379 799 3427 magistri
811 3378 996 3416 Abailiart
1008 3379 1054 3416 de
1067 3387 1190 3416 sancta
1208 3381 1293 3416 Tri·

452 3438 584 3474 nitate.
605 3465 1286 3479 .............................
1319 3444 1381 3478 334

1481 1458 1651 1506 Magistri
1677 1458 1721 1495 P.
1739 1457 2117 1507 Abaelardi‘planctus
2144 1458 2235 1495 varii
2244 1484 2372 1494 ......
2405 1463 2472 1497 333

1481 1518 1624 1557 Versus
1654 1517 1698 1556 P.
1735 1517 1920 1555 Abaelardi
1955 1518 2003 1555 ad
2039 1518 2292 1556 Astralabium
2333 1518 2378 1554 fi-

1523 1578 1635 1615 lium.
1657 1605 1666 1615 .
1687 1605 2370 1618 .............................
2405 1581 2473 1617 340

1482 1639 1611 1677 Altera
1626 1639 1795 1688 ejusdem
1817 1640 1994 1677 carminis
2018 1640 2185 1677 recensio
2194 1667 2371 1677 ........
2405 1641 2472 1676 344

1436 1762 1613 1798 Mic-:sm
1629 1763 1738 1799 Pam
1763 1763 1951 1799 Asa-:uani
1977 1773 2150 1797 snumonss
2178 1773 2236 1796 rsa
2262 1772 2378 1796 misum

1484 1834 1630 1859 Luctum
1638 1848 2368 1861 ...............................
2403 1823 2470 1858 349

1482 1902 1533 1912 -
1546 1883 1593 1920 In
1608 1884 1905 1922 Annuntiatione
1918 1883 2033 1920 beatae
2046 1882 2217 1930 Virginis
2223 1908 2370 1917 .......
2404 1883 2466 1917 354

1483 1963 1532 1972 -
1547 1943 1592 1980 In
1610 1943 1731 1981 Natali
1747 1944 1900 1981 Domini
1907 1969 2368 1981 ....................
2403 1944 2471 1979 359

1483 2023 1532 2032 —
1546 2003 1591 2040 In
1607 2003 1903 2057 circumcisione
1917 2002 2069 2039 Domini
2076 2027 2369 2039 .............
2403 2004 2470 2040 370

1483 2084 1532 2092 -
1547 2064 1593 2100 In
1608 2064 1820 2112 Epiphania
1836 2063 1990 2100 Domini
2001 2088 2371 2099 ................
2404 2066 2466 2100 384

1484 2142 1532 2152 --
1547 2123 1593 2159 In
1609 2123 1873 2160 Purificatione
1889 2129 2020 2160 sanctae
2037 2123 2163 2159 Mariae
2171 2149 2372 2158 .........
2405 2125 2473 2158 390

1484 2204 1533 2212 -
1549 2184 1592 2220 In
1609 2184 1888 2233 Septuagesima
1897 2209 2371 2221 ....................
2405 2186 2472 2221 398

1485 2263 1533 2272 -
1550 2244 1595 2280 In
1611 2243 1740 2279 Ramis
1755 2243 1962 2292 palmarum
1972 2267 2367 2279 .................
2404 2245 2470 2279 404

1485 2324 1533 2331 —
1546 2302 1593 2339 In
1608 2303 1738 2339 eadem
1755 2302 1833 2338 die.
1855 2328 2371 2338 ......................
2405 2304 2472 2338 440

1483 2381 1533 2391 -
1548 2362 1593 2397 In
1608 2361 1738 2398 eadem
1755 2360 1834 2397 die.
1858 2385 2370 2397 ......................
2405 2363 2441 2397 44
2451 2364 2471 2397 9

1485 2442 1532 2450 -
1548 2422 1592 2457 In
1608 2421 1739 2458 eadem
1755 2420 1834 2456 die.
1858 2445 2370 2456 ......................
2405 2422 2472 2456 4⁶23

1486 2502 1532 2509 —
1548 2481 1603 2518 De
1619 2481 1731 2517 rebus
1750 2480 1862 2529 gestis
1877 2480 1917 2516 in
1934 2479 2066 2515 diebus
2082 2480 2267 2515 Passionis
2272 2506 2371 2515 .....
2405 2483 2472 2517 428

1484 2562 1531 2569 -
1547 2541 1728 2583 Decruce
1737 2566 2371 2576 ...........................
2407 2545 2473 2579 455

1483 2621 1532 2629 —-
1548 2601 1593 2637 In
1610 2600 1671 2637 die
1687 2601 1835 2637 Paschae
1839 2626 2371 2637 .......................
2405 2605 2472 2639 460

1483 2682 1532 2692 -
1548 2661 1741 2710 Expositio
1757 2660 1952 2697 dominicae
1977 2660 2155 2696 orationis
2180 2661 2219 2696 in
2245 2661 2376 2697 diebus

1532 2722 1773 2770 rogationum
1789 2732 1869 2769 quae
1891 2719 2027 2755 litaniae
2049 2719 2233 2757 dicuntur
2240 2747 2370 2757 ......
2404 2725 2471 2759 465

1486 2802 1532 2810 -
1550 2783 1593 2818 In
1610 2781 1672 2818 die
1687 2779 1923 2817 Ascensionis
1929 2806 2369 2818 ...................
2404 2784 2470 2820 473

1485 2863 1533 2871 -
1547 2842 1592 2879 In
1608 2849 1734 2879 octava
1758 2841 1994 2878 Ascensionis
2001 2867 2369 2878 ................
2406 2845 2472 2880 476

1485 2922 1534 2932 -
1549 2903 1595 2939 In
1620 2909 1718 2939 sexta
1744 2901 1837 2938 seria
1862 2907 1948 2949 post
1971 2908 2115 2937 octavas
2139 2902 2376 2938 Ascensionis

1534 2962 1686 2999 Domini
1691 2987 2369 2999 ............................
2403 2967 2470 3002 478

1484 3042 1533 3052 -
1548 3023 1592 3059 In
1608 3022 1670 3058 die
1686 3022 1921 3058 Pentecostes
1929 3048 2369 3059 ...................
2404 3026 2471 3062 484

1484 3103 1533 3111 —
1548 3083 1593 3119 In
1609 3082 1703 3119 seria
1719 3081 1880 3118 secunda
1901 3082 2137 3118 Pentecostes
2146 3108 2371 3120 ..........
2403 3087 2466 3122 494

1486 3163 1534 3172 -
1550 3144 1595 3179 In
1612 3142 1703 3178 feria
1719 3141 1828 3178 tertia
1853 3142 2090 3179 Pentecostes
2098 3169 2370 3179 ............
2405 3147 2473 3182 495

1488 3223 1533 3231 -
1548 3203 1594 3239 In
1610 3202 1702 3238 feria
1721 3209 1854 3250 quarta
1878 3202 2113 3238 Pentecostes
2122 3229 2369 3239 ...........
2404 3207 2470 3242 498

1418 3288 1419 3293 ,
1486 3281 1535 3291 --
1549 3262 1594 3297 In
1611 3261 1703 3297 feria
1719 3262 1850 3309 quinta
1871 3261 2123 3298 Pentecostes.
2147 3289 2368 3299 ..........
2403 3266 2466 3301 504

1432 3339 1433 3344 ’
1453 3339 1536 3369 2—-
1547 3321 1605 3359 De
1621 3328 1747 3357 sancto
1763 3321 1874 3358 Petro
1883 3348 2370 3359 .....................
2406 3326 2472 3361 504

1396 3373 1399 3378 ”
1424 3371 1536 3427 ’μ”σ-
1549 3381 1595 3419 In
1611 3383 1850 3418 conversione
1866 3383 1981 3418 sancti
2007 3382 2111 3418 Pauli
2122 3410 2368 3419 ...........
2402 3387 2470 3420 509

1488 3461 1537 3472 —
1551 3441 1606 3478 De
1623 3448 1749 3478 sancto
1767 3442 1909 3479 Joanne
1931 3442 2160 3490 Evangelista
2171 3469 2368 3479 .........
2402 3446 2470 3479 547
