2970 4152
554 396 647 442 592
1353 388 1523 437 PETRI
1560 389 1868 439 ABAELARDI

552 488 763 548 Quilibet
784 487 833 532 in
857 484 1027 531 saeculo
1042 483 1304 551 macilenti,
1323 501 1475 549 quum
1497 485 1559 533 ad
1574 475 1754 534 vivaria
1777 484 2154 532 monasticorum
2175 481 2491 538 claustrorum
2504 497 2670 547 perve-

552 578 745 625 nerunt,
771 567 837 612 ita
858 566 908 610 in
932 564 1068 611 brevi
1089 563 1273 611 dilatati
1295 581 1350 614 ac
1373 566 1658 631 impinguati
1677 565 1816 625 fiunt,
1838 575 1892 612 ut
1915 565 1954 611 si
1978 571 2088 629 post
2109 561 2357 616 modicum
2376 570 2566 626 tempus
2589 578 2671 608 eos

551 646 735 703 visites,
767 645 844 691 vix
877 659 1135 706 agnoscere
1163 660 1327 708 queas.
1361 647 1490 693 Inter
1518 645 1647 694 mille
1669 645 1842 703 laicos,
1868 644 1906 691 si
1929 658 2109 708 paucos
2131 639 2360 689 adhibeas
2384 639 2666 706 monachos,

552 727 743 792 plures
732 742 780 772 m
804 724 870 772 eis
894 724 1117 788 pingues,
1150 724 1310 789 plures
1333 725 1535 786 nitidos,
1566 726 1726 801 plures
1750 743 1808 772 ex
1836 724 1988 771 nimio
2007 719 2174 770 calore'
2192 710 2476 781 inebriatos,
2500 720 2670 818 saepius

552 806 717 870 capitis
740 804 901 851 calvos
923 804 1147 870 reperies.

1508 983 1600 989 ..ψ-ω.--
1606 983 1719 990 -0-0--0-

1139 1167 1215 1224 IN
1265 1166 1541 1225 NATALI
1589 1155 2096 1225 INNOCENTUM.
2582 1167 2625 1195 '“

1434 1332 1582 1363 SERMo
1615 1333 1760 1362 xxxw
1770 1319 1798 1362 ¹.

619 1482 667 1526 Si
691 1480 753 1528 ad
775 1481 1076 1546 corporalem
1099 1483 1384 1546 aspiciamus
1407 1499 1577 1547 pacem
1599 1483 1837 1530 hodierna
1859 1483 2019 1547 passio
2042 1483 2358 1528 innocentum
2381 1480 2537 1544 prima
2563 1495 2679 1544 pro-
2706 1523 2712 1530 .

556 1562 725 1608 fessata
743 1571 813 1608 est
829 1578 975 1626 quam
997 1579 1166 1609 verum
1182 1563 1323 1610 fuerit
1344 1563 1477 1627 quod
1494 1564 1597 1627 ipsa
1618 1564 1811 1626 Veritas
1821 1562 2138 1628 postmodum
2162 1562 2277 1607 ait':
2301 1560 2493 1607 «Nolite
2508 1555 2690 1625 putare*

554 1643 664 1707 quia
696 1644 806 1689 veni
841 1659 1009 1707 pacem
1041 1644 1230 1689 mittere
1264 1644 1314 1689 in
1349 1653 1528 1689 terram
1557 1661 1567 1689 z
1596 1659 1697 1690 non
1720 1643 1830 1689 veni
1863 1658 2035 1707 pacem
2058 1642 2264 1700 mittere,
2291 1641 2376 1688 sed
2399 1637 2676 1704 gladiu11'1,‚.,›3

555 1722 653 1785 Etsi
676 1723 806 1768 enim
829 1722 1063 1768 adventus
1084 1722 1184 1783 ejus
1206 1738 1378 1785 pacem
1400 1722 1660 1767 maximam
1682 1721 1868 1767 mundo
1892 1720 2081 1767 dederit
2096 1757 2108 1778 ‚
2131 1719 2269 1766 bellis
2306 1719 2550 1785 prioribus
2588 1718 2680 1769 sub

553 1807 765 1866 Augusto
778 1801 941 1860 finitis,
960 1817 1268 1865 nequaquam
1285 1802 1386 1865 ipse
1397 1800 1487 1847 sibi
1505 1800 1633 1848 hanc
1642 1801 1859 1865 praestitit
1881 1817 2029 1865 quam
2052 1799 2278 1847 omnibus
2300 1800 2521 1847 contulit.
2535 1797 2682 1857 Quod

554 1884 751 1947 quidem
771 1899 873 1929 non
895 1882 998 1929 sine
1021 1898 1195 1945 magna
1218 1881 1577 1946 dispensatione
1601 1882 1782 1929 factum
1805 1899 1906 1929 esse
1930 1882 2171 1928 credimus
2186 1918 2198 1940 ,
2224 1891 2277 1928 ut
2304 1883 2354 1928 in
2378 1881 2490 1944 ejus·
2504 1879 2681 1933 scilicet
2703 1910 2709 1918 ·

554 1964 886 2027 persecutione
908 1972 1007 2009 tam
1030 1962 1126 2009 cito
1149 1961 1404 2020 inchoata,
1432 1962 1606 2025 singuli
1630 1961 1794 2009 fideles
1818 1963 1867 2008 in
1903 1962 2102 2027 propria
2136 1977 2185 2008 se
2217 1962 2422 2007 maxime
2458 1959 2680 2012 consola-

555 2053 747 2102 rentur,
773 2058 919 2106 quam
953 2051 999 2088 et
1035 2042 1136 2107 ipse
1170 2042 1407 2088 Dominus
1451 2041 1835 2088 consolationem
1870 2041 2116 2106 discipulis
2151 2041 2503 2105 anteponens³:
2534 2059 2558 2085 «
2584 2040 2713 2112 Meu

558 2131 798 2179 mentote‚
823 2121 1008 2185 inquit,
1045 2121 1281 2167 sermonis
1310 2121 1432 2180 mei,
1475 2137 1620 2183 quem
1657 2137 1745 2184 ego
1785 2120 1883 2166 dixi
1914 2120 2053 2167 vobis
2078 2139 2088 2166 :
2116 2137 2217 2166 non
2253 2120 2383 2167 enim
2412 2130 2483 2166 cst
2518 2132 2683 2166 servus

559 2202 713 2264 major
744 2201 946 2248 domino
982 2217 1104 2259 suo;
1143 2202 1182 2247 si
1218 2218 1294 2247 me
1326 2202 1562 2265 persecuti
1585 2210 1697 2247 sunt
1719 2210 1766 2247 et
1788 2216 1875 2247 vos
1903 2210 2270 2265 persequentur.
2299 2219 2323 2244 »
2355 2203 2482 2246 Bene
2523 2209 2682 2247 autem

559 2280 619 2327 ab
643 2280 746 2344 ipsa
767 2280 926 2327 statim
949 2279 1151 2327 infantia
1169 2279 1345 2326 Christi
1364 2280 1633 2344 persecutio
1652 2279 1751 2343 ejus
1772 2288 1841 2326 est
1865 2280 2074 2344 incoepta
2096 2289 2142 2326 et
2164 2280 2214 2326 in
2237 2279 2499 2327 infantibus
2515 2279 2685 2326 debac-

559 2361 701 2407 chata
722 2370 775 2406 ut
802 2370 939 2407 tanto
973 2359 1351 2407 irrationabilior
1385 2360 1731 2424 comprobetur
1749 2397 1760 2419 ‚
1798 2360 1933 2424 quod
1967 2370 2068 2406 tam
2104 2359 2310 2406 crudelis
2355 2349 2683 2406 innocentiam

558 2440 860 2488 manifestam
881 2441 1190 2505 prosequitur
1208 2478 1219 2499 ‚
1246 2450 1299 2487 ut
1322 2441 1455 2505 prius
1477 2441 1742 2505 imperatur
1765 2440 2054 2506 supplicium
2077 2456 2223 2504 quam
2239 2439 2464 2504 patrandi
2487 2439 2682 2490 faculta-

558 2530 655 2567 tem
678 2529 788 2566 aetas
811 2518 1004 2566 habeat.
1035 2522 1102 2566 Ne
1125 2520 1231 2583 quis
1255 2519 1378 2566 forte
1393 2520 1659 2566 Dominum
1679 2518 1974 2568 crudelitatis
1996 2528 2164 2582 arguat
2186 2518 2319 2583 quod
2339 2519 2440 2584 ipse
2461 2522 2684 2584 persecu-

484 2619 486 2621 ·
558 2601 742 2647 tionem
764 2599 1009 2647 declinans
1032 2600 1079 2645 in
1098 2603 1304 2664 AEgypto
1327 2599 1518 2647 latuerit
1539 2637 1550 2659 ‚
1577 2617 1667 2647 nec
1691 2600 1752 2647 ab
1781 2617 1837 2646 ea
1859 2599 2188 2647 innocentiam
2210 2599 2450 2647 infantum
2483 2597 2685 2645 liberare

560 2681 770 2728 decrevit
789 2718 799 2740 ,
825 2682 941 2728 sciat
963 2681 1059 2728 hoc
1082 2681 1337 2728 dominicae
1348 2681 1513 2746 pietati
1539 2682 1688 2750 magis
1712 2680 2052 2746 imputandum
2075 2696 2193 2727 esse.
2213 2680 2330 2736 Quis
2354 2679 2482 2726 enim
2505 2679 2705 2738 nesciat⁴

561 2777 642 2807 eos
665 2761 748 2825 qui
773 2761 1057 2820 tunc‚occisi
1093 2771 1206 2808 sunt
1235 2760 1529 2825 quandoque
1560 2762 1821 2808 morituros
1841 2798 1851 2820 ‚
1879 2770 1961 2808 aut
1988 2761 2095 2825 quis
2119 2769 2277 2806 certus
2299 2759 2360 2805 sit
2382 2775 2464 2806 eos
2481 2795 2493 2819 ‚
2520 2759 2559 2805 si
2583 2775 2710 2813 nono.

562 2840 965 2899 interficerentur,
1000 2840 1144 2892 fuisse
1166 2840 1422 2888 salvandos
1443 2878 1455 2900 ,
1495 2841 1556 2888 de
1593 2854 1804 2906 quorum
1828 2840 1981 2888 salute
2013 2840 2257 2887 neminem
2302 2838 2519 2887 fidelium
2554 2855 2685 2888 nunc

563 2931 750 2969 constat
771 2921 1019 2968 dubitare.
1009 2922 1028 2958 9
1051 2921 1197 2978 Quod
1231 2939 1382 2986 quum
1418 2922 1469 2968 id
1505 2922 1608 2970 sola
1645 2923 1795 2986 gratia
1838 2922 1926 2968 Dei
1965 2922 2031 2968 eis
2055 2920 2237 2986 absque
2260 2919 2497 2986 aliquibus
2516 2937 2684 2968 eorum

565 3000 741 3047 meritis
755 2999 983 3047 collatum
1007 3000 1067 3046 sit
1074 3000 1208 3063 ,quis
1230 3017 1331 3046 non
1351 3000 1579 3065 pietatem
1589 3002 1677 3049 Dei
1697 3001 1846 3065 magis
1861 3000 2171 3048 commendet
2192 3016 2340 3064 quam
2355 2998 2686 3047 crudelitatem

566 3080 784 3126 accuset?
808 3083 912 3144 Ipse
935 3079 1144 3144 denique
1172 3080 1341 3127 mortis
1364 3081 1602 3128 cruciatus
1631 3091 1768 3128 tanto
1805 3082 1854 3127 in
1886 3081 1953 3128 eis
1983 3080 2136 3127 levior
2159 3080 2338 3138 extitit,
2370 3088 2558 3143 quanto
2579 3093 2685 3125 mo-

570 3169 848 3207 mentaneus
871 3170 930 3206 et
962 3156 1250 3224 improvisus
1279 3161 1429 3224 magis
1465 3160 1568 3207 fuit.
1612 3180 1635 3206 «
1656 3148 1835 3208 Videns
1856 3160 2100 3220 Herodes,
2130 3179 2152 3204 »
2175 3160 2331 3224 inquit
2353 3156 2664 3221 evangelista
2670 3196 2682 3216 ‚

571 3258 593 3283 «
611 3241 841 3302 quoniam
858 3241 1022 3288 illusus
1043 3251 1166 3288 esset
1188 3257 1215 3288 a
1238 3241 1405 3305 magis,
1428 3241 1576 3288 iratus
1593 3251 1663 3288 est
1681 3241 1838 3301 valde,
1862 3242 2116 3290 etmittens
2135 3239 2312 3288 occidit
2325 3255 2493 3286 omnes
2510 3255 2685 3303 pueros
2712 3223 2725 3233 ”

612 3390 623 3408 ¹
645 3391 694 3423 Ex
710 3390 831 3423 Codice
853 3391 1055 3424 Einsedlensi
1069 3392 1129 3425 Ms.
1146 3403 1232 3426 nunc
1248 3392 1387 3436 primum
1401 3393 1435 3427 in
1450 3392 1558 3426 lucem
1573 3392 1690 3426 editus.
1703 3409 1746 3417 ——
1758 3392 1771 3409 ²
1785 3392 1914 3433 Matth.‚
1933 3402 2005 3435 cap.
2028 3402 2068 3432 x,
2087 3402 2116 3424 v.
2136 3390 2190 3424 34.
2209 3407 2249 3414 —-
2262 3389 2275 3406 ³
2287 3388 2396 3429 Joan..
2415 3400 2488 3434 cap.
2508 3400 2564 3430 xv,
2581 3401 2611 3423 v.
2628 3390 2683 3422 20.

572 3465 612 3473 —
629 3447 641 3464 ⁰
656 3448 784 3490 Matth„
800 3458 874 3491 cap.
891 3460 933 3488 11,
952 3459 982 3482 v.
1005 3450 1054 3481 16.
