2970 4152
529 376 622 423 610
1327 374 1497 424 PETRI
1532 374 1843 425 ABAELARDI

527 479 601 516 cet
622 470 681 516 sit
696 470 978 534 incorporea
1002 467 1282 527 substantia,
1307 467 1409 518 haec
1437 486 1673 536 corporea
1699 489 1710 519 z
1736 471 1832 519 hoc
1853 479 1948 529 est,
1975 467 2055 515 illa
2077 481 2270 532 corpuS,
2290 464 2392 511 haec
2425 462 2638 528 spiritus.

531 551 577 597 Si
600 566 713 613 ergo
738 550 785 596 in
810 548 1003 611 singulis
1031 548 1310 598 hominibus
1338 550 1445 599 duae
1468 561 1580 604 sunt
1607 563 1810 612 naturae,
1840 565 2075 616 corporea
2096 548 2292 606 seilicet,
2317 542 2643 610 atque'inoor·

530 646 693 695 porea,
719 629 804 676 sed
819 645 917 676 una
939 638 1127 677 tantum
1148 645 1356 693 persona
1381 649 1392 677 ε
1417 631 1485 680 sic
1510 641 1558 681 et
1589 633 1639 680 in
1662 632 1851 679 Christo
1877 631 1984 678 duae
2004 637 2116 676 sunt
2137 636 2336 684 naturae,
2363 623 2530 672 divina
2552 621 2644 671 sci-

530 709 639 756 licet
667 718 808 771 atque
835 707 1072 768 humana,
1099 708 1183 758 sed
1205 726 1299 759 una
1318 710 1625 760 solummodo
1648 727 1871 777 persona.
1898 714 2106 757 Persona
2127 707 2306 772 quippe
2325 704 2462 769 quasi
2483 719 2570 768 per
2591 717 2643 750 se

531 807 623 838 una
647 790 837 849 dicitur,
863 789 958 838 hoc
979 800 1067 849 est,
1093 790 1358 840 substantia
1378 793 1600 857 quaelibet
1625 793 1870 841 rationalis
1892 793 1957 839 ita
1983 807 2071 857 per
2092 807 2142 838 se
2165 788 2225 836 ab
2255 786 2357 835 aliis
2378 784 2522 833 rebus
2544 782 2644 830 dis-

523 873 706 935 juncta,
733 881 787 918 ut
808 872 911 936 ipsa
943 871 1261 920 substantiam
1282 890 1395 923 cum
1417 874 1575 940 aliqua
1597 892 1648 922 re
1676 875 1767 922 alia
1799 891 1900 921 non
1934 873 2208 921 constituat.
2257 867 2485 928 Quandiu
2525 880 2640 928 ergo

530 952 689 1001 anima
719 951 933 999 humana
963 952 1013 1000 in
1044 969 1249 1017 corpore
1271 964 1363 1015 est,
1390 971 1598 1019 persona
1627 955 1723 1002 dici
1749 971 1851 1002 non
1885 962 2066 1020 potest,
2092 951 2206 1016 quia
2225 950 2358 997 carni
2388 945 2651 1010 conjuncta

531 1049 677 1079 unam
690 1031 900 1079 hominis
922 1049 1180 1097 personam
1203 1043 1346 1099 atque
1362 1051 1511 1082 unam
1533 1035 1816 1083 rationalem
1837 1033 2152 1081 substantiam
2175 1047 2287 1078 cum
2309 1046 2365 1077 ea
2377 1023 2644 1076 constituit.

531 1114 606 1159 Sic
642 1123 688 1160 et
714 1113 927 1161 Verbum
955 1113 1143 1184 homini
1177 1115 1226 1162 in
1256 1115 1446 1163 Christo
1482 1117 1672 1163 unitum
1700 1133 1849 1164 unam
1885 1114 2060 1163 Christi
2093 1127 2376 1178 personam,
2405 1124 2507 1156 non
2530 1106 2652 1155 duas

531 1193 707 1240 reddit.
727 1197 864 1242 Juxta
885 1211 1033 1259 quam
1055 1195 1252 1259 quidem
1274 1197 1507 1244 unionem
1529 1214 1745 1262 personae
1764 1196 1991 1244 eumdem
2013 1194 2255 1242 Christum
2270 1202 2370 1238 tam
2392 1188 2481 1236 Dei
2499 1185 2652 1233 filium

529 1291 676 1338 quam
696 1274 907 1323 hominis
930 1275 1230 1340 profitemur,
1258 1286 1304 1323 et
1331 1286 1431 1324 tam
1454 1278 1542 1324 Dei
1565 1277 1716 1325 filium
1738 1294 1885 1342 quam
1898 1276 2110 1324 hominis
2132 1274 2336 1321 dicimus
2350 1266 2660 1325 crucifixum}

529 1364 796 1416 mortuum,
825 1366 873 1402 et
894 1356 1135 1421 sepultum
1163 1375 1173 1403 ε
1200 1370 1351 1421 quum
1373 1367 1535 1406 tamen
1552 1359 1641 1406 ista
1663 1375 1764 1406 non
1787 1358 1879 1406 nisi
1901 1355 2169 1405 secundum
2184 1351 2536 1400 humanitatem
2558 1346 2677 1394 sint*

528 1435 823 1499 accipienda.
844 1436 981 1483 Unde
998 1446 1046 1483 et
1064 1436 1235 1485 Paulus
1257 1439 1524 1486 Dominum
1547 1438 1707 1503 gloriae
1719 1437 1999 1488 crucifixum
2011 1452 2113 1483 esse
2134 1451 2236 1482 non
2257 1440 2449 1480 veretur
2472 1427 2651 1484 dicere,

526 1525 572 1561 et
595 1517 678 1579 qui
700 1516 948 1563 descendit
964 1516 1024 1564 de
1039 1515 1179 1576 coelo,
1197 1527 1245 1564 et
1261 1519 1344 1581 qui
1363 1519 1596 1579 ascendit,
1613 1519 1839 1566 eumdem
1851 1534 1970 1566 esse.
1993 1520 2053 1563 Et
2067 1517 2168 1581 ipse
2186 1512 2423 1561 Dominus
2439 1507 2660 1583 Christus·

526 1598 586 1645 de
608 1615 659 1645 se
682 1599 786 1663 ipso
810 1599 1042 1663 loquens¹
1070 1618 1080 1645 ι
1111 1602 1322 1660 «Nemo,
1348 1619 1371 1646 ›>
1397 1602 1577 1666 inquit,
1607 1621 1631 1647 «
1651 1601 1867 1649 ascendit
1887 1602 1937 1648 in
1960 1599 2157 1657 coelum,
2182 1596 2274 1643 nisi
2302 1593 2386 1658 qui
2403 1586 2654 1639 descendit

527 1678 587 1725 de
609 1678 732 1726 coelo
747 1715 758 1737 ‚
783 1677 907 1726 filius
928 1678 1141 1727 hominis
1163 1680 1247 1744 qui
1269 1690 1341 1727 est
1361 1679 1411 1728 in
1436 1681 1576 1728 coelo.
1601 1700 1623 1726 >2
1649 1685 1709 1728 Et
1731 1682 1930 1729 iterum‘
1956 1699 1966 1727 :
2000 1679 2088 1726 «Si
2110 1693 2224 1741 ergo
2248 1672 2461 1725 videritis
2482 1668 2658 1717 Filium*

524 1757 736 1804 hominis
775 1758 1115 1806 ascendentem
1146 1759 1231 1807 ubi
1259 1770 1361 1808 erat
1388 1761 1520 1826 prius
1542 1799 1553 1821 ,
1593 1771 1684 1808 etc.
1722 1780 1745 1806 »
1785 1764 1947 1818 Quum
1996 1759 2158 1823 itaque
2202 1754 2418 1804 Christus
2461 1747 2659 1816 proprie·

526 1837 713 1885 dicatur
736 1840 866 1887 Deus
894 1848 942 1886 et
969 1838 1120 1886 homo
1143 1840 1309 1900 simul,
1335 1839 1431 1888 hoc
1454 1851 1525 1888 est
1547 1842 1640 1893 tria
1659 1841 1739 1889 illa
1761 1840 1903 1888 simul
1924 1841 1974 1887 in
1997 1838 2179 1886 naturis
2200 1833 2408 1902 propriis
2422 1830 2655 1886 discreta,

523 1918 736 1965 Verbum
770 1919 1022 1979 videlicet,
1048 1921 1209 1969 anima
1238 1921 1474 1982 humana,
1502 1933 1550 1970 et
1579 1940 1692 1971 caro
1721 1942 1731 1970 z
1758 1923 1820 1970 ad
1842 1919 2199 1969 ostendendum
2226 1927 2389 1964 tamen
2419 1911 2656 1958 unitatem

522 2016 738 2062 personae
758 2010 859 2048 tam
876 2000 1180 2049 diversarum
1211 2003 1261 2049 in
1299 2003 1488 2051 Christo
1532 2014 1836 2063 naturarum,
1867 2005 1932 2051 ita
1969 2017 2092 2067 saepe
2125 1996 2362 2047 vocabula
2404 1991 2658 2059 permisce·

525 2096 650 2139 mus,
679 2090 731 2126 ut
753 2080 908 2128 modo
931 2081 1170 2140 Verbum,
1196 2083 1346 2130 modo
1369 2084 1604 2142 animam,
1631 2085 1780 2132 modo
1804 2085 1949 2131 etiam
1970 2097 2166 2129 carnem
2193 2078 2436 2132 dicamus;
2463 2082 2511 2119 et
2534 2086 2660 2117 non-

526 2175 778 2223 nunquam
814 2175 920 2222 quae
958 2161 1156 2224 propria
1190 2171 1302 2207 sunt
1335 2162 1446 2220 Dei,
1477 2162 1666 2209 homini
1701 2162 1995 2209 ascribamus
2010 2197 2021 2219 ,
2046 2159 2124 2206 vel
2154 2174 2180 2204 e
2213 2168 2468 2203 converso,
2495 2153 2659 2207 Quum

529 2240 661 2286 enim
673 2239 789 2287 dicit
808 2239 1087 2304 Apostolus³
1110 2260 1119 2287 :
1142 2241 1422 2289 «Christum
1438 2244 1527 2290 Dei
1547 2244 1775 2290 virtutem
1798 2250 1845 2290 et
1866 2243 1955 2289 Dei
1977 2239 2285 2306 sapientiam3
2306 2255 2329 2281 »
2350 2244 2397 2282 et
2414 2231 2627 2280 rursum‘
2648 2247 2658 2275 :

533 2340 555 2363 «
573 2320 666 2376 Qui
689 2337 840 2383 quum
863 2320 913 2366 in
939 2319 1096 2368 forma
1113 2322 1201 2369 Dei
1217 2332 1362 2382 esset,
1384 2340 1484 2370 non
1500 2324 1720 2389 rapinam
1737 2323 1992 2370 arbitratus
2008 2330 2079 2369 est
2100 2336 2201 2367 esse
2218 2334 2268 2364 se
2283 2313 2516 2380 aequalem
2533 2314 2658 2368 Deo,

529 2399 612 2446 sed
643 2400 955 2465 semetipsum
985 2401 1270 2462 exinanivit,
1305 2402 1512 2451 formam
1540 2405 1663 2451 servi
1703 2403 1960 2468 accipiens,
1993 2411 2085 2449 etc.
2119 2418 2142 2444 »
2180 2398 2286 2463 quis
2310 2396 2407 2442 hoc
2430 2392 2492 2440 ad
2514 2391 2661 2456 ipsius

531 2479 830 2529 divinitatem
852 2496 956 2528 non
980 2480 1180 2529 referat?
1203 2482 1297 2530 Sed
1320 2492 1367 2530 et
1391 2501 1542 2548 quum
1576 2485 1780 2550 ipsemet
1804 2483 2018 2531 Christus
2043 2481 2104 2528 de
2126 2496 2176 2527 se
2202 2488 2249 2526 et
2270 2480 2407 2524 Patre
2429 2473 2657 2537 loquem,

534 2559 684 2609 dicat⁵
705 2578 714 2606 :
742 2580 765 2605 «
787 2561 911 2618 Quia
932 2577 1022 2625 ego
1045 2571 1093 2609 et
1115 2565 1253 2611 Pater
1275 2580 1428 2612 unum
1450 2582 1615 2614 sumus
1634 2584 1646 2626 3
1668 2585 1692 2611 »
1719 2574 1767 2613 et
1790 2565 2007 2613 rursum⁶
2029 2581 2040 2609 t
2062 2582 2086 2608 «
2104 2561 2230 2619 Quia
2243 2562 2381 2606 Pater
2403 2554 2559 2617 major
2581 2565 2659 2598 me

536 2649 629 2699 est;
652 2658 674 2684 »
700 2640 807 2704 quis
842 2658 942 2689 non
974 2641 1134 2691 videat
1164 2643 1260 2692 hoc
1287 2655 1335 2692 et
1368 2645 1492 2706 illud*
1515 2645 1782 2694 secundum
1816 2644 1959 2693 aliam
1981 2653 2030 2692 et
2051 2642 2194 2691 aliam
2223 2648 2447 2687 naturam
2469 2633 2531 2680 de
2553 2632 2667 2697 ipso·

540 2719 658 2766 dici?
676 2722 833 2777 Quem
855 2722 1000 2769 etiam
1018 2739 1170 2787 quum
1194 2722 1398 2773 dicimus
1421 2725 1483 2774 ad
1504 2727 1690 2774 inferos·
1708 2723 2036 2784 descendisse,
2061 2722 2135 2770 vel
2160 2722 2210 2768 in
2236 2716 2455 2784 sepulcro
2486 2712 2651 2770 fuisse3

540 2802 645 2864 quis
667 2818 767 2849 non
791 2801 908 2851 iHud
933 2802 994 2851 de
1017 2804 1177 2853 anima
1198 2805 1322 2865 sola,
1341 2806 1436 2854 hoc
1459 2808 1520 2855 de
1543 2825 1748 2874 corpore
1770 2807 1875 2856 solo
1897 2804 2155 2878 intelligat?
2177 2805 2281 2849 Hoc
2303 2798 2483 2864 quippe
2505 2790 2661 2841 modo

542 2891 587 2927 et
608 2885 800 2928 Petrum
823 2885 985 2930 Romae
1007 2884 1056 2932 in
1081 2885 1302 2950 sepulcro
1325 2903 1450 2948 esse,
1485 2898 1532 2936 et
1561 2889 1787 2938 eumdem
1811 2890 1860 2936 in
1884 2886 2154 2936 coelestibus
2183 2899 2295 2930 cum
2323 2878 2512 2927 Christo
2541 2887 2658 2940 pro-

544 2960 734 3007 fitemur
756 2961 985 3025 gaudere3
1015 2981 1163 3029 quum
1188 2975 1350 3015 tamen
1369 2967 1464 3015 hoc
1487 2969 1548 3017 de
1571 2969 1662 3018 alia
1678 3007 1689 3029 ,
1716 2980 1764 3018 et
1785 2969 1904 3017 illud
1926 2968 1988 3016 de
2009 2966 2102 3015 alia
2120 2965 2336 3012 dicamus
2366 2954 2632 3007 substantia
2647 2986 2665 3011 ,ε

547 3056 644 3087 non
670 3050 831 3093 tamen
856 3042 917 3090 de
939 3043 1032 3092 alio
1060 3048 1200 3093 Petro
1218 3083 1230 3107 ,
1255 3048 1473 3111 quamvis
1497 3060 1608 3114 post
1629 3050 1996 3098 dissolutionem
2031 3044 2249 3111 corporis
2279 3051 2327 3090 et
2358 3039 2530 3087 animae
2560 3034 2662 3098 jam

548 3135 645 3165 non
670 3120 728 3166 sit
750 3138 844 3169 una
868 3122 918 3170 in
946 3126 1085 3173 Petro
1117 3142 1325 3190 persona
1358 3143 1414 3175 ex
1442 3129 1602 3178 anima
1633 3130 1773 3177 simul
1808 3140 1854 3177 et
1885 3143 2091 3193 corpore
2119 3129 2387 3189 compacta.
2426 3115 2499 3163 Ad
2526 3112 2657 3161 illam

551 3210 706 3246 tamen
731 3201 961 3250 unionem
982 3220 1226 3268 personae,
1250 3222 1356 3271 quae
1371 3207 1474 3271 jam
1501 3208 1616 3270 fuit,
1649 3225 1750 3257 non
1779 3225 1886 3274 quae
1918 3207 2069 3256 modo
2102 3205 2184 3264 sit,
2210 3199 2516 3265 respicientes
2540 3191 2657 3240 dici·

596 3400 605 3417 ⁴
630 3400 741 3440 Joan.,
754 3410 828 3444 cap.
846 3413 899 3443 m,
914 3414 945 3436 v.
970 3406 1020 3438 13.
1042 3424 1076 3430 -—
1093 3406 1105 3423 ³
1123 3407 1194 3441 lbid
1211 3435 1220 3451 ‚
1242 3420 1315 3453 cap.
1338 3422 1390 3452 vt,
1407 3422 1438 3445 v.
1453 3412 1507 3445 63.
1526 3431 1562 3436 —
1580 3413 1593 3431 ³
1612 3413 1753 3446 Corinth.
1778 3413 1810 3452 t,
1830 3423 1903 3457 cap.
1927 3423 1957 3452 Ι,
1979 3423 2009 3445 v·
2029 3411 2082 3444 24-
2098 3425 2140 3434 ···
2153 3407 2166 3426 ⁴
2184 3406 2342 3446 Philipp„
2358 3412 2432 3445 ⁰³9·
2455 3411 2496 3439 ¹¹'
2513 3409 2543 3431 ν’
2560 3398 2593 3429 G*
2618 3413 2653 3419 '-

552 3459 564 3475 ⁸
578 3458 687 3499 Joan.‚
703 3468 777 3503 cap.
793 3471 814 3493 x
827 3486 834 3501 ‚
849 3472 880 3494 v.
897 3463 950 3496 30.
964 3480 1007 3488 —-
1019 3463 1032 3482 ⁶
1046 3464 1144 3508 lbid.‚
1159 3477 1231 3511 cap.
1250 3480 1316 3510 xiv,
1334 3480 1367 3504 ν.
1383 3471 1439 3504 28.
