2970 4152
525 403 587 450 66
1250 407 1509 456 ANDREAE
1538 408 1909 468 QUERCETANI

523 496 713 546 Dionysii,
743 496 789 536 ad
812 511 924 549 quam
951 499 1125 548 primitus
1152 499 1201 536 ob
1217 499 1287 536 Dei
1306 512 1492 547 tutorem,
1513 510 1552 545 et
1576 503 1744 552 ipsorum
1771 511 1982 541 sanctorum
2000 503 2243 540 revsoentiam
2262 502 2435 551 piamque
2451 501 2629 537 interces-

523 560 662 597 sionem
692 574 712 597 a
739 562 961 611 supradictis
977 562 1047 599 Dei
1065 562 1236 599 fidelibus
1256 563 1437 600 traditum
1464 565 1521 602 vel
1548 566 1800 604 condonatum
1822 566 1936 604 fuisse
1955 566 2142 608 noscitur,
2168 564 2306 614 absque
2333 564 2444 615 ullius
2469 574 2630 612 personae

520 623 823 668 contradictione,
840 631 906 660 aut
922 631 1047 660 nostra
1066 624 1121 661 vel
1141 637 1396 663 successorum
1413 634 1628 664 nostrorum
1645 628 1939 677 interrogatione
1953 627 2175 675 recipiatur,
2194 633 2234 662 et
2250 627 2289 662 in
2300 626 2387 673 jure
2398 637 2440 663 ac
2458 624 2631 661 domina·-

521 686 623 721 tione
639 684 756 732 ipsius
775 686 990 722 monasterii
1009 697 1095 722 cum
1112 687 1214 722 omni
1230 687 1446 736 integritate
1468 688 1524 725 vel
1547 689 1777 738 appendiciis
1802 689 1877 725 suis
1897 687 2078 738 quicquid
2101 687 2242 724 ibidem
2267 687 2439 735 praesenti
2462 693 2631 733 tempore

520 747 687 783 cernitur
707 747 894 794 pertinere
923 755 1131 785 revocetur.
1151 749 1198 785 Et
1222 749 1253 785 si
1278 750 1375 786 forne
1393 751 1616 799 contigerit,
1642 758 1686 787 ut
1706 750 1837 787 eadem
1864 761 1971 787 soror
1992 756 2118 786 nostra
2139 750 2261 798 ipsum
2284 747 2551 784 monasterium
2565 753 2632 782 aut

518 815 718 856 spontanea
733 808 919 846 voluntate
930 836 941 856 ‚
958 817 1000 846 ut
1013 810 1194 858 diximus,
1213 819 1278 848 aut
1295 824 1366 861 pro
1379 814 1672 850 commutatione
1686 804 1840 850 alterius
1858 812 2073 849 monasterii
2090 817 2176 848 ante
2189 811 2301 847 finem
2317 811 2396 846 vitae
2412 820 2484 845 suae
2501 808 2631 843 dimit—

519 878 595 906 tere
609 870 697 908 velit
712 887 720 907 :
741 877 831 907 tunc
846 872 1092 909 nihilominus
1103 873 1244 923 absque
1261 874 1336 910 ulla
1353 875 1659 920 contradictione,
1679 882 1745 912 aut
1759 882 1949 924 expectata
1966 875 2258 922 consignatione,
2275 872 2322 909 ad
2339 872 2478 921 praefati
2495 871 2632 908 beatis-

517 934 599 969 simi
627 934 803 982 martyris
821 934 964 971 Christi
989 936 1157 984 Dionysii
1183 937 1474 982 monasterium,
1506 938 1601 973 sicut
1627 949 1737 992 supra
1760 938 1942 974 insertum
1967 943 2041 980 est,
2071 935 2337 985 perpetualiter
2352 934 2399 971 ad
2416 933 2629 970 habendum

518 996 741 1044 recipiatur,
771 1004 809 1033 et
831 997 870 1033 in
898 997 1137 1046 postmodum
1157 998 1261 1035 nullo
1285 1011 1449 1048 unquam
1476 1007 1646 1047 tempore
1667 999 1742 1035 ulla
1767 999 1933 1048 qualibet
1953 998 2138 1047 dignitate
2161 1005 2226 1034 aut
2249 1004 2432 1046 potestate
2457 996 2631 1045 prodicta

516 1070 673 1104 persona
691 1059 899 1096 rectoribus
918 1061 1132 1097 monasterii
1156 1061 1295 1109 praefati
1311 1090 1320 1106 ,
1349 1074 1390 1097 ac
1405 1062 1607 1098 beatissimi
1622 1062 1763 1098 Christi
1786 1062 1960 1109 martyris
1975 1061 2143 1109 Dionysii
2169 1060 2331 1109 aliquam
2348 1059 2630 1108 requisitionem

516 1119 656 1168 facere,
675 1127 740 1157 aut
755 1120 868 1157 ullam
894 1121 1116 1158 calumniam
1136 1123 1306 1171 ingerere
1325 1130 1520 1172 praesumat
1540 1139 1548 1159 t
1569 1123 1633 1160 sed
1649 1123 1760 1160 liceat
1773 1122 1847 1160 illis
1864 1124 1943 1159 sine
1967 1122 2166 1171 cujuslibet
2186 1122 2323 1169 injusta
2340 1121 2632 1170 interrogatione

515 1182 707 1228 praefatum
734 1184 1003 1220 monasterium
1033 1185 1332 1233 argentogilum,
1364 1186 1460 1222 sicut
1484 1192 1629 1221 caeteras
1657 1198 1716 1222 res
1739 1185 1786 1221 ad
1810 1185 1910 1222 beati
1939 1184 2105 1233 Dionysii
2135 1191 2357 1232 potestatem
2381 1182 2493 1218 simili
2519 1182 2630 1218 modo

515 1244 739 1281 condonatas
763 1259 804 1282 ac
831 1247 1079 1295 pertinentes»,
1103 1247 1231 1296 quieto
1249 1247 1383 1284 ordine
1406 1254 1533 1285 tenere
1557 1261 1599 1284 ac
1622 1246 1832 1297 disponere.
1849 1247 1896 1284 Et
1912 1246 2092 1297 quicquid
2122 1259 2190 1295 pro
2217 1245 2496 1294 opportunitate
2520 1251 2630 1293 atque

512 1306 674 1344 utilitate
700 1308 815 1356 ipsius
837 1308 996 1346 ecclesiae
1013 1308 1218 1346 secundum
1243 1309 1452 1346 christianae
1469 1310 1659 1359 religionis
1679 1309 1844 1359 regulam
1861 1310 1981 1347 facere
1996 1309 2183 1346 voluerint
2194 1338 2203 1355 ‚
2229 1306 2384 1344 liberam
2402 1308 2442 1343 in
2457 1306 2632 1345 omnibus

512 1369 650 1406 habere
669 1377 904 1419 potestatem.
924 1370 971 1407 Et
1004 1378 1046 1407 ut
1072 1371 1149 1407 haec
1174 1370 1375 1408 auctoritas
1401 1372 1694 1409 confirmationis
1724 1384 1789 1408 seu
1813 1369 2037 1408 redditionis
2066 1378 2198 1407 nostrae
2224 1382 2288 1419 per
2312 1369 2437 1405 sutura
2465 1375 2630 1416 tempora

512 1431 761 1469 inviolabilem
780 1441 890 1483 atque
906 1433 1159 1470 inconvulsam
1179 1434 1346 1471 obtineat
1361 1433 1573 1471 firmitatem
1590 1463 1599 1479 ,
1619 1433 1791 1471 manibus
1806 1434 1969 1483 propriis
1984 1434 2121 1470 nostris
2133 1430 2262 1470 subter
2276 1446 2357 1470 eam
2377 1431 2605 1468 firmavimus
2618 1461 2629 1476 ‚

510 1501 546 1530 et
575 1494 701 1530 annuli
730 1496 845 1532 nostri
871 1495 1114 1544 impressione
1135 1496 1274 1545 signari
1294 1496 1720 1545 jussimus—Signum
1745 1495 1921 1533 Ludovici
1945 1497 2170 1533 serenissimi
2197 1495 2452 1544 imperatoris,
2480 1495 2629 1542 signum

511 1558 674 1595 Lotharii
692 1558 949 1606 gloriosissimi
968 1560 1141 1607 Augusti.
1160 1559 1362 1595 Durandus
1379 1559 1559 1595 diaconus
1577 1560 1624 1595 ad
1643 1561 1759 1596 vicem
1777 1560 1969 1608 Fridugisi
1987 1559 2214 1607 recognovit.
2236 1574 2253 1591 »

556 1669 629 1704 Sed
646 1682 763 1718 quum
783 1670 989 1706 Nox-manni
1009 1671 1221 1708 coenobium
1238 1670 1333 1707 illud
1347 1670 1574 1716 diruissent,
1597 1671 1747 1709 Adelais
1761 1672 1934 1720 Hugonis
1955 1672 2054 1720 regis
2075 1683 2168 1707 uxor
2188 1672 2310 1720 ipsum
2327 1672 2545 1707 restauravit
2558 1699 2567 1715 ‚
2589 1684 2630 1707 ac

512 1742 638 1766 rursus
666 1732 707 1767 in
728 1744 773 1768 eo
799 1732 1098 1768 sanctimoniales
1127 1733 1341 1778 constituit,
1363 1745 1444 1782 quae
1459 1733 1551 1770 inibi
1578 1745 1695 1783 usque
1713 1733 1760 1770 ad
1780 1734 1954 1783 Suggerii
1970 1733 2095 1770 Sancti
2113 1733 2280 1781 Dionysii
2305 1732 2446 1769 abbatis
2463 1739 2631 1781 tempora

510 1801 781 1830 remanserunt.
803 1794 974 1841 Qualiter
991 1801 1118 1830 autem
1131 1795 1195 1831 hic
1207 1807 1267 1831 eas
1281 1795 1369 1832 inde
1388 1794 1591 1845 expulerit,
1611 1802 1648 1832 et
1664 1794 1851 1831 abbatiam
1863 1794 2018 1844 antiquo
2037 1795 2094 1831 sui
2113 1795 2326 1832 monasterii
2338 1795 2417 1843 juri
2435 1794 2631 1832 vindicarit

509 1856 578 1891 sub
594 1868 733 1892 annum
750 1856 894 1893 Christi
914 1858 1024 1902 ⁴⁴27,
1045 1858 1097 1893 sic
1115 1857 1193 1906 ipse
1210 1864 1338 1894 narrat
1354 1857 1394 1893 in
1409 1857 1536 1894 libello
1554 1858 1600 1894 de
1618 1858 1731 1894 rebus
1750 1871 1771 1894 a
1785 1870 1823 1894 se
1838 1857 1950 1907 gestis
1971 1873 1978 1893 :
2003 1873 2019 1891 α
2036 1858 2165 1904 Quum
2182 1864 2306 1902 aetate,
2326 1874 2343 1891 n
2363 1858 2505 1906 inquit,
2530 1872 2548 1891 α
2561 1856 2630 1903 do5

509 1917 611 1953 cibili
637 1918 891 1954 adolescentiae
918 1931 1005 1955 meae
1022 1919 1193 1968 antiquas
1222 1919 1374 1956 armarii
1402 1920 1677 1968 possessionum
1697 1918 1922 1957 revolverem
1948 1919 2113 1965 chartas,
2141 1927 2179 1956 et
2201 1920 2484 1956 immunitatum
2508 1912 2630 1956 biblos

509 1987 664 2028 propter
682 1980 886 2021 multorum
906 1981 1219 2018 calumniatorum
1238 1981 1498 2031 improbitates
1512 1981 1786 2032 frequentarem
1797 2011 1807 2026 ,
1828 1983 1960 2019 crebro
1978 1982 2148 2019 manibus
2165 1982 2381 2018 recurrebat
2397 1980 2444 2018 de
2460 1982 2630 2018 coenobio

510 2043 773 2091 argentoilensi
791 2043 1058 2080 fundationum
1078 2043 1209 2081 charta
1225 2043 1272 2082 ab
1288 2044 1535 2081 Hermenrico
1552 2051 1591 2081 et
1609 2045 1768 2094 conjuge
1786 2046 1864 2093 ejus
1883 2046 1916 2081 N
1921 2058 2045 2082 umma
2057 2073 2066 2090 ,
2089 2045 2128 2080 in
2147 2057 2220 2093 qua
2239 2044 2513 2089 continebatur,
2528 2044 2629 2093 quod

508 2117 524 2139 a
550 2110 718 2153 tempore
737 2105 863 2154 Pipiui
890 2106 1008 2154 regis,
1041 2105 1146 2142 Beati
1171 2106 1342 2155 Dionysii
1360 2105 1515 2142 abbatiae
1531 2107 1728 2155 extiterat,
1754 2107 1818 2143 sed
1845 2106 2005 2157 quadam
2033 2106 2225 2143 occasione
2249 2112 2461 2142 contractus
2482 2107 2627 2142 incom-

509 2167 610 2204 modi
639 2168 677 2204 in
704 2175 872 2218 tempore
890 2169 1015 2206 Caroli
1033 2169 1162 2218 Magni
1189 2169 1255 2206 filii
1278 2170 1359 2218 ejus
1380 2168 1537 2207 alienata
1559 2169 1694 2206 fuerat.
1722 2170 1899 2207 Praefatus
1932 2170 2033 2206 enim
2063 2170 2266 2219 imperator
2292 2169 2492 2220 quamdam
2517 2169 2630 2206 filiam

509 2242 611 2266 suam
628 2231 912 2267 matrimonium
930 2231 1138 2267 humanum
1159 2239 1393 2268 recusantem
1411 2231 1552 2268 ibidem
1569 2231 1792 2269 abbatissam
1811 2232 2148 2269 sanctimonialium
2162 2233 2384 2280 constituit,
2402 2244 2446 2268 eo
2463 2238 2570 2280 pacto
2587 2239 2631 2268 ut

509 2300 592 2340 post
611 2301 771 2330 mortem
791 2293 871 2341 ejus
890 2295 927 2329 in
948 2306 1057 2330 usum
1073 2294 1233 2331 ecclesiae
1250 2302 1524 2340 reverteretur;
1545 2295 1610 2332 sed
1626 2295 1842 2332 turbatione
1865 2295 1971 2343 regni
1992 2294 2154 2331 filiorum
2171 2294 2238 2330 filii
2254 2295 2354 2342 ejus,
2375 2294 2547 2336 videlicet
2562 2294 2630 2331 filii

509 2355 561 2402 pii
579 2355 840 2400 altercatione,
872 2355 1115 2405 quoadusque
1133 2369 1245 2405 super
1265 2356 1422 2403 vixerat,
1443 2357 1573 2407 perfici
1590 2370 1666 2394 non
1683 2358 1821 2407 potuit.
1840 2357 1952 2394 Unde
1968 2369 2084 2407 quum
2103 2365 2351 2394 antecessores
2365 2358 2482 2394 nostri
2501 2358 2630 2409 saepius

509 2431 620 2467 super
636 2418 708 2454 hoc
725 2418 935 2454 laborantes
954 2431 1084 2467 parum
1103 2419 1358 2467 profecissent,
1380 2420 1656 2457 communicato
1675 2433 1760 2456 cum
1779 2420 1958 2457 fratribus
1976 2420 2113 2456 nostris
2132 2419 2300 2464 consilio,
2319 2420 2471 2456 nuntios
2483 2426 2631 2456 nostros

510 2488 547 2516 et
575 2480 722 2516 chartas
747 2481 918 2528 antiquas
947 2479 1177 2516 fundationis
1193 2487 1231 2516 et
1248 2479 1460 2517 donationis
1478 2487 1516 2517 et
1532 2480 1859 2518 confirmationum
1875 2481 2069 2530 privilegia
2086 2481 2190 2517 bonae
2215 2482 2401 2517 memoriae
2429 2494 2528 2530 papae
2552 2483 2631 2518 Ho-

512 2543 619 2578 norio
643 2541 802 2578 Romam
836 2541 1110 2591 delegavimus,
1147 2541 1377 2590 postulantes
1403 2550 1448 2579 ut
1471 2542 1657 2590 justitiam
1687 2550 1851 2579 nostram
1880 2543 2059 2579 canonico
2086 2543 2325 2591 investigaret
2352 2550 2390 2583 et
2418 2544 2632 2581 restitueret

512 2605 704 2643 scrutinio.
732 2604 830 2650 Qui,
863 2611 905 2640 ut
928 2612 1008 2640 erat
1032 2604 1089 2640 vir
1112 2602 1258 2640 consilii
1275 2612 1313 2641 et
1326 2604 1481 2652 justitiae
1504 2612 1627 2650 tutor,
1658 2612 1734 2641 tam
1762 2617 1830 2654 pro
1858 2612 1984 2642 nostra
2006 2605 2153 2654 justitia
2178 2617 2291 2654 quam
2315 2618 2384 2654 pro
2407 2607 2630 2645 enormitate

513 2668 778 2704 monacharum
795 2666 936 2704 ibidem
955 2667 1048 2704 male
1063 2667 1266 2706 viventium
1280 2697 1291 2713 ,
1309 2668 1484 2705 eumdem
1503 2669 1611 2721 nobis
1630 2669 1755 2705 locum
1773 2681 1858 2705 cum
1873 2668 2105 2718 appendiciis
2124 2670 2219 2715 suis,
2234 2676 2278 2706 ut
2294 2670 2562 2708 reformaretur
2580 2671 2632 2708 ibi

513 2730 704 2779 religionis
735 2728 846 2775 ordo,
885 2730 1065 2769 restituit.
1106 2729 1187 2767 Rex
1216 2743 1303 2766 vero
1333 2731 1540 2767 Ludovicus
1565 2731 1733 2781 Philippi
1765 2732 2018 2776 charissimus,
2062 2732 2237 2767 dominus
2268 2739 2305 2768 et
2336 2733 2476 2769 amicus
2506 2741 2632 2771 noster

511 2794 676 2830 eamdem
698 2793 973 2830 restitutionem
988 2792 1234 2837 confirmavit,
1256 2800 1294 2830 et
1313 2805 1542 2842 quaecunque
1559 2793 1697 2843 regalia
1714 2793 1855 2831 ibidem
1872 2793 2034 2830 habebat
2051 2794 2272 2830 auctoritate
2289 2795 2398 2843 regiae
2417 2795 2628 2843 majestatis,

512 2854 670 2891 ecclesiae
691 2862 887 2907 praecepto.
908 2869 927 2887 n
947 2853 994 2890 Et
1011 2855 1051 2889 in
1068 2853 1157 2892 Vita
1177 2854 1357 2890 Ludovici
1385 2854 1517 2894 Grossi
1540 2871 1547 2891 ε
1578 2870 1595 2888 α
1611 2856 1710 2904 Papa
1727 2855 1920 2893 Honorius
1934 2856 1991 2891 vir
2017 2855 2136 2903 gravis
2163 2862 2200 2891 et
2229 2867 2399 2903 severus,
2426 2857 2492 2906 qui
2509 2869 2628 2906 quum

508 2916 692 2963 justitiam
720 2923 884 2954 nostram
914 2916 961 2952 de
990 2914 1215 2952 monasterio
1239 2916 1502 2964 argentoilensi
1531 2915 1741 2965 puellarum
1771 2917 1979 2952 miserrima
2012 2918 2289 2954 conversatione
2319 2918 2521 2964 infamato,
2549 2910 2630 2956 tuin

511 2978 621 3027 legati
641 2980 697 3014 sui
715 2979 879 3015 Matthaei
899 2977 1106 3015 albanensis
1122 2978 1309 3029 episcopi,
1332 2985 1414 3014 tum
1439 2978 1583 3015 domini
1603 2979 1848 3023 carnotensis,
1870 2979 2102 3030 parisiensis,
2121 2980 2340 3024 suessionis,
2357 2980 2500 3019 domini
2517 2982 2629 3019 etiam

513 3040 781 3089 archiepiscopi
800 3041 1008 3076 rhemensis
1025 3039 1218 3085 Rainaldi‚
1245 3047 1284 3079 et
1307 3039 1515 3076 multorum
1543 3041 1709 3077 virorum
1739 3042 1955 3078 testimonio
1983 3042 2215 3090 cognovisset
2245 3058 2252 3078 ε
2287 3050 2467 3092 proecepta
2497 3056 2630 3094 regum

517 3104 759 3153 antiquorum
785 3101 930 3155 pipini,
962 3102 1088 3140 Caroli
1118 3103 1271 3153 Magni,
1299 3100 1475 3140 Ludovici
1503 3103 1586 3149 Pii,
1617 3111 1654 3140 et
1681 3103 1862 3149 aliorum,
1885 3103 1932 3139 de
1955 3104 2041 3151 jure
2063 3103 2136 3141 loci
2159 3104 2317 3152 prael'atis
2335 3105 2476 3142 nuntiis
2494 3107 2630 3143 nostris

514 3166 635 3202 oblata
659 3164 896 3214 perlegisset,
927 3166 1036 3201 curiae
1057 3166 1174 3201 totius
1192 3165 1445 3214 persuasione,
1476 3172 1552 3201 tam
1569 3178 1639 3214 pro
1658 3172 1783 3205 nostra
1796 3166 1959 3213 justitia,
1988 3178 2101 3215 quam
2127 3178 2196 3215 pro
2221 3178 2350 3204 earum
2372 3167 2501 3205 soetida
2517 3180 2630 3205 enor-

516 3231 660 3274 mitate,
681 3226 793 3263 Beato
809 3226 988 3275 Dionysio
1005 3234 1041 3264 et
1061 3227 1245 3274 restituit,
1265 3235 1303 3265 et
1320 3225 1561 3264 confirmavit.
1585 3244 1601 3261 n

1393 3346 1491 3384 Nota
1514 3345 1566 3392 L,
1587 3359 1672 3398 pag.
1689 3346 1750 3384 3⁴.

567 3442 670 3490 Quoe.
679 3468 701 3477 ..
717 3453 831 3489 quum
849 3441 980 3477 exules
993 3440 1339 3490 dispergerentur...
1353 3456 1434 3479 eam
1446 3442 1689 3491 (Heloissam)
1702 3455 1785 3479 cum
1798 3443 2024 3492 quibusdam
2040 3443 2126 3481 alite
2138 3442 2185 3479 cle
2197 3442 2328 3480 eadem
2341 3448 2630 3493 congregatione

527 3506 588 3550 psi
597 3502 879 3541 adhaerentibus
892 3503 946 3539 ad
952 3503 1175 3551 praedictum
1188 3507 1390 3543 oratorium
1403 3506 1569 3543 invitavi.
1578 3525 1627 3534 —
1637 3505 1981 3543 Sanctimonialium
1997 3504 2215 3556 Argenteoli
2227 3505 2279 3542 sic
2291 3517 2312 3541 a
2325 3506 2552 3544 monasterio
2563 3516 2630 3544 suo
