2970 4152
1073 407 1383 457 EXPOSITIO
1418 408 1686 455 SYM‘BOLI.
2349 407 2440 455 605

325 499 441 555 suit,
467 497 604 561 quo'd
621 508 668 544 et
690 514 927 545 summam
949 498 1060 546 fidei
1085 499 1515 564 comprehenderet
1531 538 1541 558 ,
1574 511 1621 547 et
1648 499 1909 546 verborum
1944 498 2248 546 multitudine
2286 499 2442 545 confi-

325 587 506 624 tentem
529 594 629 624 non
653 586 885 641 gravaret.
912 581 1015 626 Hoc
1038 590 1198 627 autem
1219 579 1339 626 illud
1364 590 1436 629 est
1457 580 1588 644 quod
1618 597 1718 626 non
1749 579 2090 643 conciliorum,
2118 579 2202 626 sed
2225 579 2440 644 ipsorum

267 664 427 706 &esse
448 657 659 704 creditur
681 658 1009 723 apostolorum
1038 678 1048 705 :
1070 668 1124 706 'et
1140 660 1274 723 juxta
1298 676 1553 706 numerum
1585 676 1754 706 eorum
1776 645 1979 706 totidem
2000 660 2246 706 sententiis
2270 659 2443 705 dicitur

325 736 747 801 comprehensum.
781 738 1064 802 Symbolum
1098 743 1259 793 autem
1291 738 1483 786 collatio
1515 739 1705 796 dicitur,
1743 738 1940 802 quando
1967 739 2189 785 videlicet
2220 738 2444 785 homines

325 817 625 863 convivaturi
640 813 799 881 partes
812 816 922 865 'suas
937 819 987 864 in
1011 806 1464 876 unumffcfflnferunt,
1480 817 1612 864 unde
1636 818 2005 864 comessationes
2028 817 2161 864 fiant.
2181 818 2303 864 Hinc
2327 817 2443 863 illud

326 905 397 942 est
417 896 465 941 in
495 895 817 943 Ρνονενόίιῖςέ
847 897 996 944 «Noli
1024 908 1125 944 esse
1157 898 1207 943 in
1230 897 1462 944 conviviis
1484 906 1785 961 potatorum,
1817 913 1907 943 nec
1935 898 1983 943 in
2019 898 2445 944 comessationibus

324 991 495 1022 eorum
516 977 600 1039 qui
623 974 791 1023 carnes
820 975 883 1023 ad
910 977 1204 1030 vescendum
1238 977 1493 1024 conferunt
1526 995 1535 1022 :
1571 977 1683 1040 quia
1718 987 1940 1024 vacantes
1969 977 2181 1041 potibuS,
2211 988 2257 1024 et
2279 978 2447 1024 dantes

322 1054 566 1118 symbola,
606 1066 975 1102 consumuntur.
1012 1075 1036 1101 »
1068 1057 1141 1103 Ad
1173 1056 1300 1104 hanc
1327 1057 1488 1121 itaque
1518 1055 1879 1103 similitudinem
1913 1056 2186 1120 symbolum
2221 1057 2445 1104 dicuntur

323 1135 625 1183 diversorum
647 1136 892 1183 sententiae
914 1137 964 1182 in
987 1153 1139 1183 unum
1162 1147 1475 1201 congregatae,
1498 1146 1737 1184 summam
1759 1135 1871 1183 fidei
1892 1137 2209 1184 continentes.
2237 1138 2376 1184 Unde
2400 1147 2445 1183 et

323 1213 556 1281 Eusebius
569 1215 820 1261 Emisenus
842 1214 1042 1263 homilia
1062 1214 1119 1261 de
1140 1218 1176 1262 S
1174 1215 1360 1276 ymbolo
1383 1214 1547 1262 Fidei:
1572 1234 1594 1260 «
1615 1202 1746 1261 Siciit
1757 1215 2002 1262 nonnullis
2018 1216 2136 1262 scire
2159 1218 2445 1280 permissum

323 1304 417 1352 est,
455 1294 584 1358 apud
618 1304 802 1341 veteres
839 1295 1057 1359 symbola
1089 1297 1406 1355 vocabantur,
1432 1295 1565 1359 quod
1600 1295 1661 1342 de
1697 1294 1964 1343 substantia
1994 1295 2181 1342 collecti
2209 1297 2258 1342 in
2294 1315 2444 1344 unum

322 1373 509 1420 sodales
531 1375 582 1420 in
606 1374 766 1421 medio
789 1374 1102 1422 conferebant
1125 1376 1186 1423 ad
1204 1376 1443 1423 solemnes
1459 1375 1641 1440 epulas,
1659 1375 1720 1422 ad
1733 1392 1881 1422 coenae
1896 1392 2179 1422 communes
2195 1393 2441 1441 expensas,

322 1453 389 1500 ita
413 1464 460 1500 et
482 1453 800 1501 Ecclesiarum
822 1465 981 1519 patres
1002 1455 1063 1502 de
1088 1456 1382 1521 populorum
1409 1455 1559 1502 salute
1582 1455 1793 1512 solliciti,
1820 1471 1876 1502 ex
1902 1455 2098 1503 diversis
2120 1456 2443 1504 voluminibus

322 1535 676 1599 Scripturarum
697 1535 993 1598 coHegerunt
1016 1536 1291 1583 testimonia
1312 1536 1486 1583 divinis
1514 1535 1709 1600 gravida
1732 1536 2064 1595 sacramentis,
2090 1536 2152 1583 ad
2174 1537 2441 1584 animarum

322 1623 518 1679 pactum
540 1614 728 1661 salubre
751 1610 1045 1687 conviviuin,
1063 1614 1211 1662 verba
1232 1615 1414 1674 brevia,
1432 1626 1546 1672 etc.‚
1564 1625 1611 1662 et
1625 1615 1720 1662 hoc
1733 1602 2008 1679 symbolum
2022 1617 2443 1664 nominaverunt.»

323 1697 407 1740 Est
427 1695 606 1760 quippe
643 1696 794 1760 quasi'
815 1695 1065 1759 quoddam
1095 1695 1306 1760 spiritale
1333 1696 1611 1743 convivium
1640 1696 1789 1742 divini
1817 1696 1951 1743 verbi
1974 1697 2195 1756 refectio,
2224 1706 2275 1744 et
2310 1699 2446 1761 quasi

323 1774 544 1837 quaedam
578 1791 745 1822 mensa
777 1776 1021 1840 Scriptura
1056 1775 1198 1823 nobis
1230 1777 1449 1841 apposita
1468 1813 1479 1835 ,
1507 1776 1555 1822 in
1585 1792 1681 1840 qua
1715 1786 1787 1822 tot
1821 1786 1933 1823 sunt
1967 1776 2144 1823 fercula
2177 1772 2297 1841 quot
2335 1788 2446 1825 sunt

324 1852 580 1900 doctorum
605 1855 866 1902 sententiae.
893 1857 964 1901 De
989 1855 1081 1902 1130
1104 1872 1269 1902 11101153
1291 1856 1523 1920 scriptum
1546 1859 1643 1902 est²
1670 1875 1679 1902 :
1710 1875 1733 1900 «
1760 1856 1859 1903 Fiat
1887 1872 2053 1903 mensa
2090 1873 2258 1902 eorum
2284 1873 2447 1903 0013111

324 1932 438 1997 ipsis
451 1934 501 1980 in
521 1933 766 1998 laqueum.
790 1953 812 1978 »
840 1938 959 1982 Item
980 1934 1038 1982 de
1056 1939 1190 1983 Pane
1212 1935 1360 1983 divine·
1382 1939 1430 1983 V
1425 1934 1524 1983 erbc'
1533 1937 1547 1960 ³
1574 1955 1583 1982 :
1610 1955 1633 1981 «
1655 1939 1759 1983 Non
1784 1937 1834 1983 in
1858 1936 1962 1983 solo
1988 1953 2112 2001 pane
2135 1937 2252 1984 vivit
2276 1936 2444 1993 homo,

323 2013 408 2059 sed
437 2013 486 2059 in
517 2016 651 2060 omni
684 2015 835 2062 verbo
858 2016 991 2080 quod
1019 2016 1238 2081 procedit
1266 2017 1327 2064 de
1360 2033 1443 2064 ore
1472 2018 1576 2064 Dei.
1611 2036 1633 2060 »
1665 2017 1759 2064 Sed
1788 2017 1933 2063 etiam
1967 2015 2096 2081 apud
2131 2016 2448 2082 philosophos

330 2095 532 2141 Te'moeus
564 2095 774 2143 Platonis
812 2097 1109 2145 diversarum
1150 2098 1457 2146 collationem
1490 2098 1834 2145 sententiarum
1872 2097 1962 2143 sub
2000 2097 2156 2161 specie
2200 2097 2449 2160 cujusdam

323 2175 532 2220 convivii
565 2177 840 2240 componit,
874 2177 1065 2224 dicens‘
1091 2196 1101 2224 :
1132 2197 1155 2222 «
1176 2182 1332 2237 Unus,
1359 2178 1482 2237 duo,
1521 2188 1638 2236 tres,
1664 2187 1891 2242 quartum
1925 2177 2172 2224 enimvero
2207 2187 2445 2234 vestrum,

322 2253 508 2312 Timaee,
534 2255 750 2318 requir03
776 2256 860 2319 qui
883 2255 1098 2319 hesterni
1110 2257 1239 2322 epuli
1267 2259 1482 2304 convivae
1510 2257 1707 2315 fueritis,
1733 2256 1956 2304 hodierni
1988 2255 2267 2321 praebitores
2292 2267 2449 2302 muta-

323 2339 450 2378 tores
473 2349 528 2379 ex
551 2333 777 2380 condicto
795 2335 1056 2382 resideatis.
1081 2356 1105 2381 »
1126 2337 1345 2399 Legimus
1360 2347 1406 2383 et
1419 2353 1609 2403 coenam
1626 2336 1875 2399 Cypriani,
1896 2337 1945 2381 in
1969 2351 2066 2399 qua
2086 2336 2238 2382 sancti
2261 2345 2441 2398 patres,

323 2413 459 2474 quasi
486 2413 707 2476 quaedam
740 2414 915 2461 fercula
939 2415 1194 2473 virtutum,
1220 2415 1394 2478 quibus
1429 2415 1799 2479 praeminebant,
1839 2414 2094 2460 offerentes
2133 2413 2444 2460 inducuntur.

323 2492 399 2538 Sic
421 2501 468 2538 et
490 2492 695 2556 apostoli
726 2503 958 2556 tanquam
991 2494 1197 2540 invicem
1231 2494 1551 2552 conserentes,
1587 2495 1837 2540 communi
1864 2492 2209 2540 deliberatione
2243 2509 2448 2558 praesens

325 2569 436 2617 fidei
452 2571 727 2635 symbolum
743 2572 1006 2619 creduntur
1024 2573 1307 2633 instituisse3
1329 2574 1379 2620 in
1393 2590 1492 2638 quo
1510 2583 1557 2621 et
1572 2573 1686 2620 fidei
1700 2572 1947 2620 catholicae
1967 2589 2172 2631 summa,
2198 2582 2251 2619 ut
2267 2573 2448 2620 dictum

324 2659 417 2708 est,
456 2650 704 2710 doceatur,
737 2662 783 2698 et
814 2653 914 2715 ejus
941 2652 1143 2700 salubris
1165 2652 1403 2700 confessio
1426 2653 1589 2718 paucis
1618 2653 1776 2700 verbis
1805 2652 2079 2699 conferatur
2108 2671 2119 2698 ε
2153 2661 2205 2699 ut
2231 2653 2372 2699 simul
2404 2663 2450 2699 et

325 2730 545 2779 doctrina
578 2731 691 2779 fidei
727 2733 785 2779 sit
819 2732 1047 2797 perfecta,
1073 2743 1121 2780 et
1142 2733 1274 2781 nulla
1298 2735 1358 2781 sit
1379 2734 1640 2781 verborum
1662 2734 1907 2800 prolixitas
1929 2748 2150 2781 onerosa.
2179 2733 2323 2790 Quod
2347 2735 2450 2796 qui·-

324 2811 437 2858 dem
459 2813 773 2877 postmodum
797 2831 824 2863 a
846 2816 1021 2862 sanctis
1055 2815 1270 2881 patribus
1297 2827 1431 2864 tanta
1467 2827 1537 2864 est
1569 2816 1813 2880 diligentia
1834 2815 2140 2873 roboratum,
2179 2826 2229 2861 ut
2268 2816 2449 2862 nemini

325 2891 539 2939 fidelium
570 2893 709 2941 liceat
743 2894 888 2942 verba
922 2896 1022 2959 ejus
1051 2896 1273 2959 ignorare
1308 2896 1371 2943 ad
1405 2896 1762 2955 confitendum,
1788 2898 1875 2943 etsi
1899 2896 2118 2943 nondum
2152 2895 2353 2941 sufficiat
2387 2895 2448 2941 ad

325 2971 703 3035 intelligendum.
730 2974 825 3021 Sed
843 2975 1075 3039 quoniam
1097 2992 1244 3023 sonus
1266 2977 1368 3023 sine
1391 2976 1699 3041 intelligentia
1726 2993 1862 3024 aures
1884 2987 2072 3023 tantum
2096 2975 2319 3030 mulcere,
2347 2991 2444 3021 non

327 3061 536 3123 mentem
553 3051 748 3100 reficere
771 3063 947 3118 potest,
970 3065 1017 3102 et
1032 3051 1217 3103 balatus
1238 3057 1400 3121 potius
1416 3073 1563 3121 quam
1578 3067 1742 3122 pastus
1757 3056 1990 3103 dicendus
2003 3066 2074 3102 est
2097 3074 2106 3101 ε
2134 3071 2222 3115 nec
2236 3064 2445 3103 mentem

326 3129 531 3178 excitant
565 3132 756 3191 audita,
792 3133 833 3180 si
857 3134 1060 3181 minime
1088 3135 1265 3182 fuerint
1293 3136 1534 3184 intellecta
1560 3155 1570 3183 :
1598 3153 1705 3195 nos,
1735 3136 1818 3200 qui
1846 3136 2112 3182 litterarum
2147 3133 2279 3181 scioli
2312 3134 2446 3180 videe-

327 3225 452 3267 mur,
487 3211 574 3258 niti
601 3212 702 3275 jam
736 3214 980 3273 convenit,
1007 3223 1059 3261 ut
1093 3215 1155 3272 de
1179 3232 1322 3262 sensu
1344 3216 1606 3263 verborum
1636 3232 1881 3263 sumamus
1910 3216 2080 3263 animae
2102 3223 2293 3279 pastum
2322 3232 2331 3259 z
2359 3230 2448 3259 nec

327 3299 424 3336 tam
447 3307 530 3337 ore
564 3293 781 3357 corporis
814 3310 1013 3354 sonum,
1036 3311 1183 3359 quam
1214 3313 1298 3344 ore
1332 3297 1491 3344 cordis
1518 3298 1762 3361 capiamus
1794 3313 2006 3343 sensum.
2052 3295 2226 3352 Quales
2251 3294 2445 3358 quidem

372 3468 381 3485 ¹
401 3469 514 3511 Prov.‚
530 3482 605 3516 cap.
619 3485 722 3515 xxm,
739 3486 769 3509 v.
787 3477 842 3510 20.
865 3494 899 3500 —
916 3476 928 3493 ’
947 3477 1065 3512 Psalm.
1086 3488 1203 3519 vam,
1219 3489 1252 3512 v.
1271 3481 1325 3512 23.
1340 3498 1372 3503 «-
1392 3479 1405 3497 ³
1421 3480 1515 3520 Luc.‚
1532 3489 1605 3523 cap.
1622 3489 1667 3519 iv,
1682 3490 1711 3511 v.
1735 3479 1765 3511 4.
1791 3497 1822 3502 ---
1841 3477 1854 3494 ⁴
1872 3477 1907 3510 ln
1927 3478 2062 3515 Timoeo,
2078 3476 2181 3509 initio.
