2970 4152
928 362 987 410 IN
1019 357 1338 407 ΕΡΙΡΗΑΝΙΑ
1372 355 1582 404 ΒΟΜΙΝΙ
1616 354 1831 401 SERMO.
2350 350 2446 397 383

322 473 468 523 quam
496 454 728 504 excellens
759 456 859 521 ipse
884 456 1050 515 fuerit,
1090 464 1137 502 et
1169 470 1264 500 suae
1301 451 1568 498 contrarius
1594 449 1889 514 malignitati.
1928 449 2016 496 Cui
2038 447 2182 495 etiam
2213 445 2446 492 nonnulla

321 539 411 587 alia
434 537 748 604 praecedentia
766 537 920 602 signa,
951 536 1126 601 quaein
1152 533 1358 582 historiis
1395 532 1701 589 continentur
1742 530 2090 590 ecclesiasticis,
2128 528 2237 575 satis
2266 526 2443 573 indicio

322 631 581 686 potuerunt
599 636 723 680 esse,
750 628 929 683 quanta
944 634 1106 666 rerum
1123 615 1412 682 in-proximo
1431 624 1629 661 naturus
1646 615 1658 636 ¹
1683 612 1958 659 excellentia
1980 610 2296 676 praemineret.
2324 610 2448 665 Qua-

321 699 383 747 lia
404 699 601 764 quidem
618 709 730 747 sunt
753 698 834 746 illa
850 715 956 763 quae
981 697 1153 746 Paulus
1175 695 1373 743 Orosius
1395 695 1746 758 Antiquitatum
1769 691 1827 737 ab
1852 690 1962 738 urbe
1978 689 2166 737 condita
2190 688 2313 736 libro
2332 689 2415 733 VII
2435 690 2448 711 ²

321 790 685 829 commemorat.
720 783 872 827 Docet
894 780 1073 844 quippe
1104 777 1195 838 ibi,
1222 779 1430 841 Augusto
1459 777 1638 822 Caesare
1662 773 1724 820 ab
1754 773 1949 820 Oriente
1974 771 2242 837 triumphos
2266 770 2446 834 impor-

323 870 452 908 tante
469 862 499 920 ⁸‚
532 869 714 907 tantam
742 875 769 906 a
796 859 1009 906 Domino
1038 874 1207 924 pacem
1231 855 1416 904 mundo
1441 871 1543 903 esse
1574 853 1820 912 collatam,
1853 863 1907 899 ut
1936 852 2039 916 ipse
2072 855 2303 914 Augustus
2328 848 2450 913 sopi-

323 940 380 987 tis
419 939 659 1004 finitisque
699 939 924 987 omnibus
963 939 1124 999 bellis,
1159 939 1261 1003 jam
1294 947 1457 1003 portas
1493 936 1623 1000 pacis
1661 951 1856 1000 prorsus
1890 933 2195 989 obstruxerit,
2233 930 2366 993 cujus
2398 930 2445 975 in

322 1019 501 1084 templo
521 1035 653 1067 arma
672 1019 1105 1080 conservabantur;
1133 1029 1186 1066 ut
1214 1018 1355 1066 etiam
1382 1016 1515 1080 juxta
1542 1015 1747 1063 litteram
1775 1014 1854 1060 illa
1881 1013 2157 1080 impleretur
2187 1011 2315 1058 Isaiae
2340 1025 2449 1075 pro-

320 1099 480 1164 phetia
493 1137 506 1161 ,
527 1117 622 1165 qua
639 1117 731 1167 pax
751 1100 938 1148 mundo
956 1101 1163 1147 maxima
1184 1100 1233 1146 in
1252 1098 1460 1146 adventu
1480 1097 1677 1143 Domini
1694 1096 1845 1143 fuerat
1862 1095 2122 1161 promissa,
2149 1110 2300 1159 quum
2323 1091 2447 1137 dici-

320 1184 423 1230 tur*
450 1200 459 1228 :
494 1169 595 1229 «Et
626 1182 906 1230 conflabunt
939 1181 1121 1246 gladios
1154 1196 1266 1228 suos
1296 1181 1346 1226 in
1375 1195 1616 1238 vomeres,
1655 1187 1702 1224 et
1723 1177 1881 1224 lances
1914 1193 2022 1223 suas
2057 1177 2105 1222 in
2137 1175 2292 1222 falces.
2339 1175 2446 1218 Non

320 1260 494 1309 levabit
532 1278 646 1326 gens
682 1273 850 1310 contra
886 1272 1077 1327 gentem
1111 1261 1345 1326 gladium,
1386 1277 1476 1322 nec
1511 1257 1859 1308 exercebuntur
1898 1258 2020 1305 ultra
2060 1257 2122 1304 ad
2161 1256 2391 1323 praelium.
2421 1274 2443 1298 »

322 1362 345 1388 «
367 1342 557 1404 Hodie⁵,
577 1343 731 1408 inquit
746 1343 999 1409 praedictus
1021 1343 1230 1403 Paulus⁶,
1252 1342 1463 1408 primum
1485 1340 1563 1388 ille
1580 1343 1814 1405 Augustus
1840 1339 2161 1386 consalutatus
2183 1348 2274 1397 est,
2307 1346 2449 1400 atque

318 1439 376 1471 ea
400 1422 477 1470 die
502 1440 690 1471 summa
728 1441 890 1472 rerum
930 1434 978 1472 et
1001 1433 1291 1490 potestatum
1321 1439 1468 1488 penes
1502 1438 1654 1468 unum
1692 1437 1790 1468 esse
1819 1420 1962 1486 coepit
1999 1429 2046 1467 et
2080 1418 2276 1476 mansit,
2315 1415 2447 1481 quod

318 1501 470 1549 Graeci
487 1503 817 1551 monarchiam
843 1514 1033 1551 vocant.
1054 1522 1076 1548 »
1097 1507 1247 1551 Porro
1270 1513 1429 1550 autem
1447 1501 1579 1549 hunc
1598 1517 1699 1548 esse
1716 1500 1940 1547 eumdem
1960 1500 2089 1547 diem
2108 1499 2222 1548 dicit
2236 1517 2321 1546 vm
2339 1498 2445 1546 idus

314 1582 539 1645 Januarii,
573 1599 670 1647 quo
705 1600 795 1631 nos
827 1583 973 1631 hodie
1005 1584 1103 1648 regi
1142 1599 1332 1630 summo
1370 1581 1643 1647 Epiphaniae
1674 1580 1838 1628 laudes
1873 1579 2150 1627 excolimus.
2197 1579 2266 1627 Ad
2302 1595 2448 1644 quem

319 1663 463 1711 etiam
486 1662 633 1710 hodie
658 1665 793 1729 quasi
815 1664 1120 1712 salutandum
1144 1674 1286 1728 atque
1310 1661 1612 1710 adorandum
1627 1698 1640 1722 ‚
1668 1660 1833 1709 fideles
1852 1661 2063 1725 gentium
2087 1660 2305 1726 primitiae
2323 1660 2448 1722 magi

318 1754 671 1805 convenerunt,
702 1746 839 1809 quasi
863 1762 975 1793 eum
997 1745 1200 1793 alterum
1225 1747 1487 1808 Augustum
1501 1779 1513 1803 ,
1538 1743 1635 1790 imo
1653 1742 1760 1809 plus
1777 1759 1921 1807 quam
1941 1744 2202 1807 Augustum
2218 1742 2446 1789 aestiman-

319 1833 412 1884 tes,
441 1841 588 1888 quem
613 1825 787 1872 coelum
814 1826 991 1891 pariter
1021 1836 1068 1873 et
1097 1836 1220 1875 terra
1253 1825 1393 1872 tantis
1423 1824 1566 1889 signis
1599 1824 1911 1889 praedicarent
1941 1834 2039 1870 tam
2064 1823 2194 1889 apud
2226 1825 2443 1881 Romam,

317 1921 422 1969 quae
440 1915 582 1970 caput
599 1915 697 1952 erat
717 1906 955 1970 gentium,
985 1921 1129 1970 quam
1148 1905 1278 1971 apud
1304 1904 1685 1968 Hierosolymam
1710 1903 2038 1969 metropolim,
2067 1913 2115 1950 ut
2141 1903 2322 1950 dictum
2345 1912 2442 1960 est,

318 1984 611 2043 Judaeorum.

385 2066 541 2114 Refert
564 2067 781 2133 quippe⁷
813 2068 942 2116 idem
974 2068 1147 2115 Paulus
1180 2068 1229 2114 in
1270 2066 1444 2115 eodem
1478 2075 1679 2113 tractatu
1695 2068 1724 2125 ⁸,
1755 2065 1967 2131 praedicti
1991 2075 2209 2129 tempore
2243 2065 2445 2128 impera-

319 2146 460 2205 toris,
494 2146 614 2194 hora
638 2148 825 2196 circiter
850 2148 1013 2209 tertia,
1040 2158 1236 2214 repente
1267 2147 1451 2213 liquido
1478 2163 1745 2211 serenoque
1770 2145 1847 2194 die
1876 2146 2107 2193 circulum
2144 2145 2204 2192 ad
2240 2145 2446 2211 speciem

318 2228 519 2276 coelestis
542 2247 679 2277 arcus
697 2230 866 2279 orbem
889 2231 1001 2279 solis
1020 2230 1241 2292 ambisse,
1268 2241 1315 2278 et
1340 2233 1501 2278 Romae
1524 2229 1613 2276 sub
1637 2228 1808 2276 eodem
1840 2231 2020 2276 Caesare
2046 2228 2107 2275 de
2132 2226 2330 2274 taberna
2349 2244 2447 2274 me-

317 2311 479 2358 ritoria
503 2311 596 2358 olei
620 2311 936 2376 largissimum
960 2288 1197 2377 liquore⁰m
1233 2329 1319 2377 per
1353 2312 1480 2359 diem
1513 2312 1751 2375 integrum
1778 2326 2038 2357 emanasse.
2081 2311 2197 2366 Quae
2231 2310 2446 2375 profecto

317 2391 435 2455 quid
456 2391 585 2438 aliud
608 2393 988 2457 praetendebant,
1019 2394 1107 2441 nisi
1142 2410 1254 2441 eum
1284 2393 1456 2441 eodem
1489 2402 1702 2457 tempore
1735 2391 2025 2438 nasciturum
2068 2407 2193 2449 esse,
2232 2391 2314 2455 qui
2350 2401 2444 2438 tam

317 2472 424 2520 coeli
451 2489 597 2537 quam
622 2483 756 2521 terrae
780 2474 1108 2521 monarchiam
1135 2474 1403 2521 obtineret?
1429 2473 1558 2530 Quid
1584 2473 1711 2519 enim
1740 2471 1963 2536 praedicta
1990 2487 2170 2518 corona
2199 2472 2333 2532 solis,
2365 2483 2446 2519 aut

318 2553 380 2600 de
408 2563 532 2600 terra
561 2553 724 2600 unctio
751 2554 1022 2619 profluens,
1058 2554 1148 2601 nisi
1178 2553 1284 2601 coeli
1308 2553 1485 2619 pariter
1515 2569 1571 2599 ac
1603 2562 1736 2599 terrae
1769 2551 2077 2617 promittebat
2107 2551 2306 2616 regem?
2340 2556 2444 2617 lpse

317 2633 494 2699 quippe
519 2634 733 2682 Salvator
756 2643 855 2680 tam
880 2633 951 2680 sol
970 2634 1181 2698 justitiae,
1213 2650 1359 2698 quam
1387 2632 1600 2680 Christus
1630 2648 1656 2678 a
1687 2631 1967 2691 chrismate,
2001 2630 2051 2677 id
2079 2641 2149 2678 est
2177 2642 2348 2678 unctus
2383 2630 2443 2677 ab

320 2715 544 2762 unctione
561 2751 573 2774 ,
599 2711 904 2780 nuncupatus
929 2725 1015 2762 est.
1044 2718 1153 2762 Haec
1175 2723 1335 2761 autem
1358 2711 1622 2760 secundum
1641 2711 1902 2758 humanam
1932 2721 2152 2758 naturam
2187 2711 2316 2775 larga
2345 2710 2445 2774 ejus

319 2796 480 2842 unctio
516 2805 610 2854 est,
640 2794 745 2841 illa⁹
767 2795 1047 2861 spiritalium
1074 2794 1318 2842 donorum
1344 2804 1391 2841 et
1415 2793 1699 2858 septiformis
1733 2792 1890 2857 gratiae
1927 2792 2068 2858 plena
2096 2802 2142 2840 et
2169 2791 2375 2856 perfecta
2401 2791 2444 2837 ei

317 2877 438 2924 facta
460 2875 676 2936 Qllatio‚
706 2875 767 2923 de
790 2892 883 2940 qua
909 2876 999 2941 ipsi
1025 2876 1196 2923 dicitur
1211 2878 1235 2900 ¹⁰
1259 2894 1269 2922 ε
1301 2895 1323 2921 «
1346 2875 1492 2922 Unxit
1518 2884 1564 2921 te
1590 2876 1718 2921 Deus
1742 2883 1851 2920 tuus
1876 2873 1986 2921 oleo
2006 2873 2171 2921 laetitiae
2201 2890 2296 2939 prae
2327 2889 2443 2919 con-

317 2957 524 3006 sortibus
550 2958 657 3005 tuis.
682 2976 706 3002 »
735 2960 806 3005 De
828 2957 971 3021 hujus
988 2956 1285 3023 plenitudine
1311 2956 1573 3015 unctionis,
1603 2955 1723 3002 sicut
1749 2956 1976 3021 scriptum
2002 2966 2094 3016 est,
2124 2971 2292 3002 omnes
2315 2969 2446 3001 acce-

316 3039 500 3102 pimus,
537 3048 765 3102 tanquam
791 3036 852 3084 de
880 3036 1074 3084 taberna
1107 3036 1421 3084 exuberanter
1445 3035 1606 3084 oleum
1630 3046 1815 3096 manat,
1845 3035 2111 3083 secundum
2136 3034 2268 3100 quod
2301 3035 2343 3081 ei
2374 3033 2446 3079 di-

316 3121 436 3167 citur
452 3123 474 3145 ¹¹
499 3139 508 3166 :
538 3119 754 3167 «Oleum
782 3118 984 3166 effusum
1014 3135 1194 3166 nomen
1218 3129 1370 3166 tuum.
1399 3138 1420 3161 η
1450 3119 1596 3176 Quasi
1622 3135 1829 3183 namque
1864 3117 2060 3165 taberna
2090 3116 2307 3181 quaedam
2345 3115 2445 3178 ejus

362 3286 370 3303 ¹
401 3288 461 3327 Qui
489 3290 519 3320 in
548 3291 697 3328 prooeimo
724 3291 868 3321 nascitur
892 3287 957 3320 MS.
985 3287 1075 3320 Eins.
1089 3304 1134 3312 —-
1150 3285 1163 3303 ²
1180 3285 1251 3320 Lib.
1272 3286 1329 3320 Vll
1344 3311 1352 3325 .
1411 3286 1424 3302 ³
1440 3286 1523 3328 Lege
1542 3286 1603 3319 hoc
1621 3288 1683 3318 die.
1704 3303 1743 3308 —
1762 3284 1775 3302 ⁶
1789 3283 1861 3317 Lib.
1879 3284 1919 3318 Vl
1934 3310 1942 3325 ,
1960 3295 2035 3328 cap.
2052 3295 2095 3317 xx
2108 3310 2116 3324 ,
2134 3295 2168 3327 p.
2187 3284 2264 3316 441.
2276 3299 2319 3308 —-
2332 3282 2342 3299 ⁷
2365 3284 2447 3322 Quo-

316 3352 387 3386 cap.
402 3353 482 3376 xxn.
493 3342 566 3375 Vid.
578 3343 669 3377 Pauli
683 3344 786 3378 Orosii
800 3346 952 3377 adversus
969 3345 1126 3385 Payanos
1142 3345 1355 3376 Historiarum
1411 3354 1470 3384 que
1484 3342 1551 3376 MS.
1567 3341 1718 3374 Eins.—-⁸
1733 3341 1803 3374 Lib.
1819 3341 1859 3374 Vl
1870 3366 1878 3380 ,
1892 3351 1966 3385 cap.
1986 3353 2027 3374 xx
2038 3367 2047 3382 ‚
2062 3352 2098 3385 p.
2115 3340 2253 3373 tuiz-⁹
2269 3340 2335 3373 MS.
2356 3339 2446 3371 Eins.

316 3398 373 3432 lib.
392 3398 471 3439 vu.
497 3399 645 3443 Lugduni
671 3401 864 3435 Batavorum
878 3427 886 3441 ,
909 3402 1007 3443 1'167,
1031 3401 1129 3442 ἱππ-40,
1156 3411 1191 3445 p.
1214 3401 1289 3433 448.
1315 3417 1355 3425 -·
1408 3417 1432 3424 -
1446 3401 1579 3438 Unctio,
1595 3401 1650 3431 illa
1665 3406 1694 3431 et
1708 3400 1919 3439 spiritualium
1934 3398 2017 3430 Edit.
2031 3397 2171 3431 Amb.—
2185 3397 2214 3414 ⁴⁰
2227 3397 2343 3430 Psalm.
2361 3407 2449 3433 xilv.

317 3454 330 3471 ⁸
362 3456 563 3496 Triumphum
594 3461 787 3498 reportante.
811 3477 842 3482 ——
862 3458 875 3475 ⁴
891 3457 981 3492 lsaiae
1016 3467 1089 3501 cap.
1121 3468 1161 3497 n,
1195 3468 1224 3489 v.
1260 3458 1290 3490 4.
1314 3474 1355 3480 -
1411 3468 1439 3488 v.
1458 3457 1490 3488 8.
1509 3473 1549 3479 —
1568 3455 1594 3472 ⁴¹
1615 3455 1753 3491 cantic„
1769 3465 1842 3496 cap.
1860 3466 1887 3493 1,
1907 3465 1936 3486 v.
1957 3456 1987 3486 2.
