2970 4152
1260 389 1520 438 CARMINA
1531 426 1541 437 .

1148 607 1666 709 RHYTHMUS

873 773 875 775 ’
922 799 1240 846 MAeis'rRI
1276 798 1473 844 PETm
1511 798 1889 844 ABAILLART

1007 938 1095 989 DE
1131 937 1383 997 SANGTA
1418 937 1807 990 TRINITATE.

1302 1133 1514 1140 -—--——-

2369 390 2455 437 33⁴

401 1298 573 1339 Carmen
593 1310 768 1353 sequens
794 1297 845 1340 de
863 1299 1012 1340 Sancta
1030 1297 1226 1338 Trinitate
1253 1297 1361 1337 inter
1389 1308 1515 1350 opera
1532 1295 1756 1338 Hildeberti
1783 1297 2104 1340 Cenomanensis
2121 1300 2173 1340 ab
2197 1299 2355 1341 editore
2383 1301 2471 1355 ejus

347 1370 393 1409 D.
417 1370 509 1409 Ant.
532 1367 796 1422 Beaugendre
824 1373 1084 1409 numeratum
1103 1366 1191 1408 est¹
1209 1380 1219 1407 :
1241 1365 1432 1407 tribuitur
1450 1370 1587 1407 autem
1606 1364 1819 1408 Abaelardo
1836 1367 1878 1408 in
1897 1367 2065 1423 antiquo
2091 1368 2235 1411 codice
2250 1371 2444 1412 Beccensi
2460 1405 2469 1422 ‚

348 1437 457 1479 unde
474 1437 576 1480 illud
593 1438 640 1478 D.
664 1440 842 1480 Martene
859 1437 905 1479 in
922 1436 1187 1492 amplissimae
1213 1435 1468 1477 collectionis
1495 1441 1651 1476 tomum
1682 1438 1755 1487 IX,
1777 1449 1818 1491 p.
1843 1439 2100 1491 1092-109'7,
2132 1438 2325 1481 traduxit.
2355 1440 2470 1483 Adde

350 1505 461 1561 quod
491 1511 648 1557 auctor,
669 1510 715 1546 ut
732 1505 1065 1547 animadvertunt
1091 1503 1314 1558 scriptores
1333 1504 1527 1544 Historiae
1554 1505 1766 1545 litterariae
1778 1506 1808 1556 ²,
1837 1511 2052 1561 postquam
2083 1507 2242 1549 Sanctae
2268 1508 2472 1550 Trinitatis

351 1575 591 1629 mysterium
621 1575 843 1629 aptissimis
869 1573 1007 1616 verbis
1034 1572 1260 1625 definierit,
1290 1572 1386 1613 fidei
1408 1585 1492 1613 suae
1518 1573 1793 1615 sinceritatem
1815 1574 2001 1618 absolute
2018 1575 2251 1631 profitetur,
2278 1583 2323 1619 ut
2340 1579 2410 1634 qui
2430 1580 2470 1620 in

350 1642 500 1684 erroris
511 1643 684 1698 alicujus
700 1643 977 1698 suspicionem
996 1641 1200 1692 inciderit,
1214 1640 1312 1683 dum
1331 1639 1606 1694 Hildebertu8‚
1621 1642 1689 1696 qui
1708 1655 1916 1697 nunquam
1935 1644 2005 1685 tali
2023 1640 2296 1687 criminationi
2316 1645 2473 1688 dederit

350 1712 486 1754 locum
501 1744 512 1765 ,
532 1726 617 1754 non
637 1713 714 1754 hac
732 1712 974 1767 opinionum
991 1723 1157 1752 suarum
1177 1709 1433 1764 professione
1450 1709 1708 1764 indiguisset.

446 1883 471 1912 Α
492 1885 530 1915 et
546 1884 594 1923 Ω,
612 1891 747 1928 magne
765 1879 886 1922 Deus,

446 1938 525 1983 Eli,
542 1938 620 1984 Eli,
641 1939 742 1975 Deus
759 1950 863 1975 meus
874 1966 884 1983 ‚

446 2000 565 2047 Cujus
580 1999 700 2035 virtus
716 2005 839 2035 totum
858 2010 964 2047 posse
978 2025 987 2042 ‚

447 2060 564 2107 Cujus
579 2071 708 2096 sensus
725 2066 847 2096 totum
865 2071 991 2103 nosse,

445 2120 564 2168 Cujus
578 2132 656 2157 esse
672 2132 861 2156 summum
880 2120 1021 2156 bonum
1032 2147 1042 2164 ‚

449 2180 566 2228 Cujus
582 2192 677 2229 opus
691 2178 877 2230 quidquid
895 2180 1050 2216 bonum.

448 2241 571 2289 Super
587 2247 742 2286 cuncta,
761 2241 891 2277 subtus
909 2247 1060 2284 cuncta,

447 2301 560 2337 Extra
578 2307 710 2337 cuncta
722 2329 732 2347 ,
751 2302 851 2337 intra
868 2307 1021 2344 cuncta.;

447 2361 550 2397 Intra
566 2368 699 2397 cuncta
715 2374 783 2398 nec
799 2361 980 2405 inclusus,

448 2421 559 2467 Extra
576 2428 710 2457 cuncta
730 2433 797 2457 nec
815 2420 1005 2465 exclusus,
1063 2455 1070 2460 ,

449 2480 587 2517 Subter
603 2487 734 2517 cuneta
754 2493 822 2517 nec
837 2481 1065 2524 subtractus,

449 2540 570 2589 Super
586 2548 719 2578 cuncta
735 2553 803 2577 nec
815 2539 946 2577 elatus.

449 2600 569 2649 Super
588 2607 690 2637 totus
711 2599 956 2649 possidendo,

448 2660 585 2698 Subter
602 2667 703 2697 totus
721 2659 958 2706 sustinendo,

450 2722 562 2758 Extra
578 2728 680 2758 totus
699 2721 982 2769 complectendo
994 2749 1003 2766 ‚

449 2783 554 2818 Intra
573 2789 674 2819 totus
691 2794 730 2819 es
745 2781 949 2831 implendo.

450 2843 554 2879 Intra
571 2854 754 2891 nusquam
773 2843 987 2887 coarctaris,

451 2903 563 2939 Extra
581 2914 762 2952 nusquam
781 2902 965 2948 dilataris,

450 2964 590 3001 Suhtus
605 2962 708 2999 nullo
723 2962 892 3010 fatigaris
902 2990 913 3007 ‚

452 3024 572 3071 Super
586 3022 690 3059 nullo
706 3022 935 3058 sustentaris.

452 3081 638 3119 Mundum
654 3093 804 3118 movens
820 3093 895 3118 non
913 3083 1071 3119 moveris
1083 3112 1091 3126 ,

451 3143 591 3179 Locum
610 3148 742 3178 tenens
759 3153 834 3178 non
853 3142 991 3178 teneris
1004 3171 1014 3188 ,

452 3203 618 3251 Tempus
635 3208 783 3239 mutans
800 3214 876 3239 non
894 3205 1068 3249 mutaris,

452 3264 560 3311 Vaga
575 3262 726 3299 firmans
739 3274 815 3299 non
830 3263 985 3311 vagaris.

1540 1875 1608 1912 Vis
1624 1882 1776 1912 externa
1795 1876 1851 1913 vel
1869 1888 2016 1914 necesse

1538 1935 1622 1972 Non
1639 1935 1798 1973 alternat
1813 1943 1920 1973 tuum
1935 1949 2014 1974 esse
2025 1965 2036 1983 ‚

1537 1996 1630 2033 Heri
1649 2004 1818 2033 nostrum
1829 2025 1839 2043 ,
1857 2009 1936 2034 cras
1951 2004 1990 2035 et
2006 1998 2151 2046 pridem
2165 2026 2174 2043 ‚

1536 2057 1692 2106 Semper
1710 2057 1778 2093 tibi
1794 2070 1894 2094 nunc
1909 2065 1946 2095 et
1962 2057 2076 2097 idem.

1538 2119 1663 2154 Tuum
1681 2118 1781 2154 Deus
1797 2117 2043 2163 hodiernum,

1538 2178 1763 2224 Indivisum,
1782 2180 2051 2227 sempiternum
2065 2209 2075 2226 ,

1537 2238 1598 2275 Ad
1613 2239 1802 2288 exemplar
1816 2252 1966 2278 summae
1984 2242 2120 2278 mentis

1538 2301 1712 2336 Formam
1735 2308 1907 2349 praestans
1922 2301 2128 2340 elementis.

1538 2360 1633 2397 Nate
1650 2361 1752 2398 Patri
1770 2362 1983 2411 coaequalis,

1537 2420 1639 2456 Patri
1658 2421 1981 2458 consubstantialis
1991 2451 2001 2467 ‚

1539 2480 1659 2516 Patris
1676 2480 1851 2529 splendor
1865 2488 1903 2518 et
1918 2481 2036 2531 figura
2046 2511 2056 2527 ‚
2082 2501 2090 2509 ·

1538 2540 1673 2575 Factor
1690 2540 1808 2576 factus
1823 2548 1991 2578 creatura
2002 2570 2013 2587 ‚

1537 2599 1697 2636 Carnem
1714 2608 1879 2637 nostram
1898 2601 2076 2647 induisti,

1538 2660 1695 2696 Causam
1716 2668 1880 2698 nostram
1897 2663 2110 2712 suscepisti,

1503 2768 1505 2770 Ι
1536 2720 1817 2769 Sempiternus,
1838 2723 2071 2772 temporalis,

1538 2781 1764 2827 Moriturus,
1784 2783 2021 2828 immortalia,

1538 2842 1663 2879 Ver-us
1681 2842 1815 2888 homo,
1839 2855 1946 2879 verus
1962 2844 2082 2888 Deus,

1538 2903 1804 2951 Impermixtus
1817 2903 1931 2940 homo
1947 2904 2046 2941 Deus
2057 2933 2066 2949 ‚

1538 2963 1624 2999 Non
1639 2975 1838 3000 conversus
1855 2964 1918 3001 hic
1934 2965 1973 3001 in
1988 2977 2155 3010 carnem,

1538 3023 1616 3059 Nec
1636 3024 1804 3060 minutus
1822 3032 1975 3074 propter
1992 3038 2155 3063 carnem.

1539 3083 1611 3120 Hic
1626 3091 1836 3132 assumptus
1853 3091 1909 3121 est
1923 3085 1962 3121 in
1979 3086 2099 3123 Deum
2110 3115 2119 3131 ,

1538 3144 1573 3180 N
1575 3157 1616 3180 ec
1632 3151 1875 3193 consumptus
1889 3152 2045 3195 propter
2063 3146 2196 3183 Deum.

1537 3205 1640 3240 Patri
1659 3216 1812 3252 compar
1827 3204 2000 3251 veritate,

1540 3265 1667 3302 Minor
1686 3265 1807 3302 carnis
1821 3266 1995 3312 veritate,

402 3422 412 3439 ¹
439 3422 670 3456 Hildeberti....
701 3423 818 3457 Turon.
843 3426 982 3466 episcopi
1003 3424 1129 3466 Opera,
1147 3424 1261 3459 labore
1283 3425 1441 3471 eustadio
1460 3425 1498 3459 1).
1516 3426 1591 3460 Ant.
1613 3425 1843 3470 Beaugendre,
1866 3426 2015 3468 Parisiis,
2039 3428 2140 3468 1708,
2157 3427 2259 3462 in-fol

362 3482 455 3517 ιω.
469 3481 538 3508 -·
554 3482 594 3516 τ.
611 3482 689 3524 x11,
706 3492 740 3527 p.
760 3483 832 3516 136.
852 3483 1166 3540 cf.t.x1,·p.389.

2262 3452 2286 3469 .,
2302 3439 2335 3472 p.
2369 3430 2473 3461 1337-
