2970 4152
1225 384 1551 432 SERMONES.
2360 386 2452 432 547

1061 636 1157 694 DE
1181 600 1733 700 .-ELEE.sviosYNA‚

878 783 980 823 PRO
1010 780 1497 823 SANCTIMONIALIBUS
1525 780 1591 819 DE
1620 779 1918 820 PARACLlTO.

1247 909 1396 941 smum
1428 910 1524 938 XXX
1531 928 1541 938 .

405 1068 534 1112 Inter
560 1066 805 1112 universas
835 1064 1032 1112 Domini
1057 1063 1331 1128 parabolas,
1358 1063 1540 1121 f1·atres,
1565 1061 1645 1109 illa
1665 1062 1902 1126 praecipue
1925 1062 1986 1108 de
2007 1060 2165 1108 villico
2194 1062 2455 1125 iniquitatis

342 1145 405 1194 ad
433 1146 743 1210 eleemosynae
774 1145 982 1191 fructum
1008 1161 1099 1191 nos
1125 1145 1312 1191 invitat.
1351 1144 1445 1201 Qui
1476 1159 1626 1207 quum
1647 1141 1947 1189 villicationis
1975 1159 2069 1189 suae
2094 1143 2330 1189 rationem
2352 1143 2458 1189 red-

342 1225 456 1272 dere
477 1225 687 1272 Domino
709 1241 810 1271 non
833 1223 1093 1282 sufficeret,
1122 1223 1220 1270 hoc
1247 1223 1562 1270 novissimum
1593 1221 1764 1268 habuit
1795 1221 2070 1279 consilium,
2098 1231 2151 1267 ut
2173 1221 2233 1268 de
2255 1222 2458 1286 pecunia

341 1305 538 1352 Domini
565 1305 661 1363 sui,
693 1314 741 1351 et
768 1303 828 1350 de
857 1302 1089 1350 reditibus
1122 1303 1269 1367 ipsius
1302 1301 1422 1348 villae
1450 1302 1526 1348 cui
1555 1311 1777 1366 praeerat,
1803 1316 1925 1365 quos
1947 1302 2048 1366 ipse
2069 1310 2210 1348 antea
2230 1301 2279 1346 in
2303 1301 2458 1364 seipso

341 1384 571 1449 prodigus
593 1393 980 1448 consumpserat,
1012 1383 1191 1430 amicos
1213 1382 1303 1428 sibi
1323 1391 1635 1447 praepararet,
1667 1382 1750 1445 qui
1778 1396 1929 1445 quum
1957 1380 2177 1446 expulsus
2200 1396 2227 1428 a
2248 1381 2459 1427 Domino

343 1480 431 1511 suo
454 1464 638 1523 fuisset,
664 1480 775 1510 eum
802 1463 1096 1527 susciperent
1116 1461 1463 1509 beneficiorum
1485 1462 1585 1525 ejus
1610 1477 1864 1507 memores.
1891 1464 2087 1507 Factum
2109 1469 2178 1507 est
2199 1461 2383 1524 itaque,
2409 1470 2462 1505 ut

344 1560 496 1608 quum
522 1544 669 1608 ipsius
689 1542 811 1590 villae
832 1542 1013 1589 reditus
1042 1541 1307 1604 colligeret,
1340 1540 1401 1587 de
1420 1541 1566 1587 rebus
1586 1540 1782 1587 Domini
1804 1541 1877 1587 sui
1898 1541 1948 1586 in
1970 1549 2159 1587 tantum
2181 1539 2282 1587 aliis
2303 1540 2460 1603 largus

346 1624 581 1681 existeret,
606 1632 659 1669 ut
683 1623 727 1669 ei
748 1622 831 1686 qui
853 1631 1048 1667 centum
1070 1620 1216 1667 cados
1238 1620 1330 1667 olei
1353 1619 1582 1678 debebat,
1607 1620 1953 1684 quinquaginta
1973 1619 2295 1678 condonaret,
2321 1619 2370 1665 id
2393 1630 2463 1666 est

347 1703 709 1762 dimidietatem,
736 1711 783 1748 et
805 1701 847 1748 ei
869 1701 952 1764 qui
974 1710 1168 1746 centum
1189 1716 1329 1747 coros
1351 1687 1515 1758 tritici,
1535 1699 1702 1763 viginti
1723 1700 2002 1758 remitteret,
2022 1700 2265 1762 octoginta
2286 1698 2462 1746 scilicet

347 1783 601 1847 accipiens,
627 1786 686 1829 Et
699 1782 765 1829 sic
779 1782 829 1828 in
843 1797 902 1828 eo
917 1780 1210 1845 completum
1224 1790 1294 1827 est
1309 1779 1427 1827 illud
1434 1780 1627 1843 vulgare
1640 1779 1950 1845 proverbium
1969 1799 1979 1826 :
2001 1782 2105 1826 «De
2125 1779 2316 1827 alterius
2329 1781 2462 1827 corio

347 1861 486 1925 largae
512 1862 741 1925 corrigiae.
772 1880 795 1906 »
827 1864 936 1918 Quo
970 1860 1136 1908 audito
1152 1897 1163 1918 ,
1189 1860 1424 1907 Dominus
1452 1860 1576 1923 ejus,
1604 1860 1686 1924 qui
1709 1877 1819 1906 eum
1842 1876 1870 1907 a
1894 1859 2199 1919 villicatione,
2226 1860 2322 1907 hoc
2345 1870 2414 1907 est
2436 1877 2463 1907 a

348 1943 660 2007 praepositura
690 1941 770 1989 illa
796 1941 916 1988 villae
943 1958 1191 1988 removere
1214 1941 1512 2000 decreverat,
1537 1941 1748 1988 laudavit
1772 1941 1929 2005 ipsum
1949 1940 2160 1988 villicum
2183 1941 2460 2005 iniquitatis,

349 2022 433 2086 qui
459 2021 680 2068 videlicet
713 2021 875 2085 Inique
909 2037 1020 2067 eum
1047 2021 1252 2086 pecunia
1284 2036 1369 2068 sua
1404 2020 1790 2079 defraudaverat,
1817 2020 1950 2084 quod
1977 2020 2238 2085 prudenter
2262 2020 2461 2079 fecisset,

350 2100 412 2148 de
433 2099 589 2147 alieno
610 2100 830 2147 videlicet
851 2116 942 2147 aere
960 2099 1050 2146 sibi
1072 2100 1251 2147 amicos
1274 2099 1619 2165 comparando.
1646 2103 1804 2157 Quam
1825 2099 2022 2163 quidem
2034 2099 2315 2165 parabolam
2330 2115 2465 2147 suam

350 2179 585 2227 Dominus
607 2182 739 2226 Jesus
760 2178 843 2226 tali
865 2178 961 2226 fine
986 2179 1280 2226 concludens
1297 2180 1383 2227 ait¹
1403 2198 1413 2225 :
1437 2182 1536 2226 «Et
1560 2196 1648 2243 ego
1666 2179 1775 2226 dico
1793 2178 1948 2238 vobis,
1973 2179 2110 2227 facite
2126 2179 2264 2226 vobis
2288 2180 2466 2227 amicos

352 2261 413 2308 de
439 2276 717 2308 mammona
751 2261 1034 2326 iniquitatis3
1065 2270 1119 2308 ut
1151 2278 1301 2325 quum
1326 2261 1617 2320 defeceritis,
1651 2261 1884 2326 recipiant
1910 2278 1996 2309 vos
2030 2262 2078 2308 in
2111 2271 2286 2309 aeterna
2308 2261 2465 2309 taber-

353 2340 539 2388 nacula.
566 2358 588 2384 υ

419 2422 541 2465 Ecce
572 2419 730 2483 ipsum
763 2418 975 2465 villicum
1008 2419 1244 2466 Dominus
1275 2419 1389 2466 dicit
1420 2420 1640 2483 iniquum
1658 2457 1669 2478 ,
1698 2420 1781 2483 qui
1809 2420 1971 2483 inique
2002 2419 2177 2466 scilicet
2206 2419 2466 2465 Dominum

354 2514 494 2544 suum
515 2498 718 2562 pecunia
739 2513 824 2544 sua
842 2497 1224 2556 defraudaverat,
1247 2508 1294 2544 et
1315 2499 1469 2563 ipsam
1491 2514 1819 2545 mammonam
1832 2536 1843 2557 ,
1866 2498 1916 2544 id
1935 2508 2006 2544 est
2028 2498 2282 2562 pecuniam
2302 2498 2469 2561 iniqui-

354 2577 464 2624 tatis
486 2576 716 2641 appellat,
738 2586 967 2640 tanquam
990 2577 1200 2623 Domino
1226 2576 1391 2624 fraude
1412 2577 1707 2642 subreptam.
1742 2581 1801 2623 Et
1828 2587 1988 2624 tamen
2010 2577 2136 2624 hanc
2159 2577 2304 2641 ipsius
2325 2577 2468 2624 villici

355 2656 454 2703 sive
482 2672 770 2703 mammonae
797 2656 1097 2720 iniquitatem
1126 2667 1316 2704 excusat
1343 2657 1647 2722 providentia
1665 2656 1831 2715 villici,
1863 2674 1968 2722 quae
1992 2657 2213 2704 laudatur
2234 2658 2282 2703 in
2306 2658 2468 2704 amicis

356 2737 533 2783 scilicet
554 2736 645 2783 sibi
660 2737 971 2801 comparatis;
996 2746 1049 2783 ut
1063 2736 1177 2783 hinc
1194 2738 1397 2785 maxime
1413 2738 1679 2801 colligatur,
1698 2748 1879 2802 quanta
1893 2738 1952 2784 sit
1970 2737 2281 2801 eleemosynae
2299 2738 2465 2795 virtus,

357 2832 462 2879 quae
484 2816 544 2862 de
566 2815 689 2863 male
711 2816 854 2863 etiam
875 2817 1131 2881 acquisitis,
1154 2827 1201 2864 et
1223 2817 1385 2882 inique
1406 2818 1617 2864 Domino
1641 2816 1895 2883 subreptis,
1920 2826 2094 2863 aeterna
2111 2816 2310 2863 coelestis
2332 2833 2468 2864 man--

357 2895 504 2942 sionis
520 2895 789 2943 habitacula
805 2895 947 2943 nobis
963 2907 1279 2961 promeretur.
1303 2898 1588 2962 Quicunque
1608 2898 1801 2944 enimin
1818 2896 1910 2944 hac
1923 2897 2019 2944 vita
2038 2896 2250 2962 possidet
2271 2896 2467 2960 aliquid,

358 2976 493 3039 quasi
514 2974 698 3022 villicus
716 2976 891 3022 summi
906 2976 1029 3039 regis
1053 2986 1140 3036 est,
1166 2993 1257 3024 nec
1278 2994 1363 3025 sua
1384 2987 1496 3025 sunt
1517 2994 1622 3043 quae
1644 2977 1789 3025 habet
1802 3015 1813 3036 ,
1838 2977 1923 3024 sed
1947 2991 1975 3024 a
1997 2977 2206 3023 Domino
2227 2976 2316 3025 sibi
2342 2992 2470 3022 com-

358 3055 502 3102 missa
531 3065 761 3119 tanquam
789 3057 1089 3121 procuratori
1117 3066 1164 3103 et
1190 3058 1427 3105 ministro.
1455 3061 1584 3116 Quas
1609 3057 1806 3122 quidem
1833 3073 1908 3104 res
1930 3056 2124 3103 Domini
2146 3056 2218 3102 sui
2243 3057 2307 3102 ita
2330 3055 2472 3102 debet

359 3133 708 3194 administrare,
733 3145 787 3182 ut
807 3135 920 3182 inde
942 3137 1206 3184 necessaria
1225 3137 1332 3185 vitae
1358 3137 1559 3198 habeat,
1586 3147 1633 3185 et
1655 3154 1760 3202 quae
1778 3136 2097 3202 superfuerint
2123 3135 2333 3182 Domino
2364 3135 2471 3181 red—

361 3212 459 3261 dat.
485 3215 652 3278 Inique
673 3231 789 3262 vero
813 3216 908 3279 agit
931 3225 978 3262 et
1000 3216 1348 3277 fraudulenter,
1383 3219 1421 3265 si
1451 3218 1575 3265 ultra
1600 3217 1864 3265 necessaria
1890 3233 1975 3264 sua
1996 3215 2260 3280 quidquam
2282 3216 2469 3272 retinet,

300 3352 304 3355 .
362 3302 409 3339 et
430 3310 530 3340 non
554 3294 615 3341 de
636 3295 835 3343 residuis
858 3296 1014 3360 ipsum
1036 3297 1301 3345 Dominum
1324 3298 1374 3345 in
1402 3298 1692 3363 pauperibus
1713 3298 1863 3362 pascit
1884 3307 1932 3344 et
1951 3297 2108 3355 vestit,
2134 3297 2255 3344 sicut
2276 3296 2474 3361 ipsemet

407 3442 417 3459 ¹
443 3443 538 3485 Luc„
553 3454 627 3488 cap.
640 3456 714 3486 xvi,
735 3457 766 3480 v.
784 3447 819 3480 9.
