2970 4152
942 393 1000 441 lN
1033 393 1209 449 RAMtS
1239 391 1564 439 PALMARUM
1597 389 1810 437 SERMO.
2335 388 2428 434 405

322 509 547 558 magnum
570 500 800 538 cresceret
826 499 873 536 et
896 489 1163 536 universam
1192 498 1366 535 terram
1389 486 1623 551 impleret.
1649 489 1702 532 ln
1722 484 1895 549 angulo
1915 484 2089 531 domus
2111 483 2208 530 duo
2233 483 2434 547 parietes

322 573 638 631 conveniunt,
665 588 753 618 nec
781 570 870 617 nisi
901 578 1138 616 conventu
1172 568 1380 615 duorum
1401 566 1600 630 angulus
1622 565 1724 613 fieri
1750 575 1922 631 potest.
1950 567 2177 612 Novimus
2200 566 2247 611 in
2273 564 2433 611 Eccle-

321 654 411 712 sia,
438 668 542 716 quae
564 651 737 697 domus
766 649 852 695 Dei
886 657 956 695 est
982 664 1039 694 ex
1063 647 1236 703 Judae'is
1262 656 1309 693 et
1331 646 1550 710 gentibus
1578 655 1885 709 congregata,
1920 645 2054 708 quasi
2084 644 2206 691 duos
2232 644 2434 708 parietes

321 730 410 778 sibi
427 730 763 777 convenientes
782 727 921 790 erigi,
948 727 1068 773 sicut
1089 725 1236 778 hodie
1253 735 1464 790 coeptum
1483 741 1584 772 esse
1607 725 1822 788 legimus.
1852 724 1986 771 Unde
2011 733 2058 770 et
2080 724 2181 787 ipse
2200 723 2435 770 Dominus

321 809 432 855 ait¹:
471 826 495 852 (ι
527 807 668 852 Venit
687 805 808 851 hora
829 813 882 850 ut
904 801 1187 850 clarificetur
1210 801 1334 848 filius
1356 802 1582 848 hominis.
1605 820 1629 845 »
1665 804 1909 865 Tanquam
1932 802 1970 847 si
1996 801 2174 847 diceret
2193 819 2203 847 ε
2232 803 2335 847 Jam
2366 810 2437 847 est

321 891 582 952 incoeptum
614 886 675 932 de
708 883 1096 948 multiplicatione
1131 882 1344 931 fidelium
1379 884 1431 930 in
1470 892 1672 946 utroque
1706 881 1911 947 populo,
1949 898 2036 946 per
2068 882 2200 946 quod
2234 883 2436 928 maxime

323 967 444 1015 filius
479 965 688 1011 hominis
723 964 781 1010 sit
817 962 1128 1028 postmodum
1165 962 1523 1026 glorificandus,
1562 972 1613 1008 ut
1646 962 1762 1008 dum
1793 978 1821 1008 a
1850 962 2142 1027 principibus
2166 962 2436 1009 Judaeorum

321 1045 620 1112 reprobatur,
657 1044 718 1091 ab
748 1044 968 1091 universo
1003 1042 1187 1090 mundo
1217 1043 1512 1108 suscipiatur.
1547 1046 1714 1090 Factus
1737 1053 1806 1090 est
1830 1043 1988 1107 itaque
2013 1044 2062 1090 in
2088 1055 2228 1109 caput
2251 1044 2434 1108 anguli,

321 1129 416 1177 hoc
442 1136 512 1174 est
541 1144 568 1173 a
598 1126 808 1173 Domino
833 1124 1138 1183 constitutuS,
1174 1134 1226 1171 ut
1254 1125 1303 1170 in
1333 1124 1423 1171 hac
1446 1124 1669 1187 junctura
1691 1123 1898 1170 duorum
1921 1126 2178 1189 parietum,
2212 1137 2436 1189 tanquam

321 1211 370 1256 in
395 1206 569 1272 angulo
593 1206 805 1271 quodam
830 1204 1217 1253 convenientium
1244 1205 1345 1270 ipse
1368 1204 1588 1252 fidelibus
1615 1205 1770 1271 praesit
1795 1206 2047 1267 universis,
2079 1207 2199 1253 sicut
2224 1218 2365 1271 caput
2390 1209 2437 1254 in

322 1305 524 1354 corpore
546 1289 724 1335 caeteris
747 1285 972 1335 membris
988 1321 1000 1345 ,
1030 1296 1076 1333 et
1098 1297 1328 1353 tanquam
1350 1303 1446 1334 una
1470 1303 1675 1352 persona
1699 1303 1754 1334 ex
1786 1287 1890 1352 ipso
1911 1287 1992 1335 fiat
2014 1288 2243 1348 Ecclesia,
2270 1289 2318 1335 in
2347 1306 2440 1353 qua

320 1369 421 1433 ipse
445 1368 503 1414 sit
522 1375 687 1432 caput,
720 1376 765 1413 et
785 1365 862 1412 illa
881 1382 1075 1430 corpus.
1100 1368 1203 1412 Hoc
1229 1376 1272 1412 et
1298 1365 1398 1430 ipse
1421 1366 1655 1412 Dominus
1678 1365 1823 1413 hodie
1846 1383 1932 1431 per
1955 1368 2261 1432 semetipsum
2284 1368 2441 1416 decla-

320 1448 469 1508 ravit,
494 1463 644 1511 quum
675 1445 1018 1510 Jerosolymam
1051 1446 1246 1493 veniens
1276 1456 1374 1493 tam
1409 1447 1550 1494 asinae
1574 1447 1783 1512 primum
1809 1464 1952 1512 quam
1975 1448 2108 1514 pullo
2133 1451 2441 1514 postmodum

321 1526 509 1574 insedit.
541 1526 677 1572 Asina
703 1514 880 1590 quippe
909 1534 1059 1572 mater
1085 1525 1202 1590 pulli
1232 1525 1384 1573 fidelis
1411 1536 1479 1573 est
1510 1527 1716 1592 populus
1740 1527 1897 1592 primo
1923 1527 1984 1574 ad
2010 1528 2247 1575 Christum
2276 1546 2331 1577 ex
2361 1534 2442 1577 Ju-

322 1607 434 1654 daeis
451 1623 730 1665 conversus,
757 1607 877 1653 sicut
902 1605 1105 1671 apostoli
1129 1617 1175 1654 et
1194 1608 1347 1654 caeteri
1375 1606 1537 1654 fideles
1556 1608 1604 1654 in
1624 1609 1861 1672 primitiva
1880 1609 2103 1668 Ecclesia,
2126 1611 2207 1674 qui
2230 1622 2441 1676 postmo-

322 1689 439 1735 dum
469 1704 552 1735 sua
579 1687 912 1752 praedicatione
940 1687 1162 1751 gentilem
1190 1687 1423 1754 populum
1447 1687 1507 1735 ad
1533 1687 1679 1736 fidem
1708 1689 2059 1750 convertendo,
2086 1701 2310 1755 tanquam
2344 1710 2441 1740 ma-

321 1778 393 1816 ter
410 1768 543 1815 illum
566 1766 795 1832 pariendo
815 1778 1092 1845 genuerunt
1106 1770 1225 1815 Deo.
1256 1771 1473 1826 Quorum
1507 1786 1630 1816 unus
1661 1786 1718 1817 ex
1743 1770 1809 1817 eis
1838 1769 2076 1817 dicebat’:
2103 1791 2125 1815 «
2150 1771 2299 1819 Filioli
2326 1774 2437 1831 mei,

321 1864 442 1912 quos
457 1846 615 1894 adhuc
630 1848 859 1912 parturiO,
883 1847 1040 1894 donec
1056 1847 1266 1895 Christus
1289 1848 1518 1896 formetur
1537 1849 1585 1895 in
1606 1849 1757 1896 vobis.
1778 1867 1801 1893 »
1825 1851 1882 1896 Et
1901 1850 2118 1897 iterum³z
2144 1871 2166 1895 «
2185 1854 2237 1898 In
2255 1851 2440 1899 Christo

321 1928 449 1975 enim
468 1930 575 1975 Jesu
596 1943 680 1991 per
696 1928 1003 1992 Evangelium
1028 1945 1116 1993 ego
1140 1945 1225 1976 vos
1245 1930 1403 1993 genui.
1424 1949 1447 1974 >2
1467 1929 1641 1977 Sedere
1661 1939 1817 1976 autem
1841 1929 2077 1978 Christum
2098 1949 2239 1997 super
2258 1942 2441 1980 utrum-

321 2023 414 2070 que
438 2006 697 2071 populum,
726 2016 796 2054 est
820 2007 886 2055 eis
909 2018 1134 2071 tanquam
1159 2008 1368 2072 equitem
1401 2019 1447 2056 et
1481 2019 1711 2056 rectorem
1733 2010 2006 2075 praesidere,
2041 2022 2088 2059 et
2115 2028 2197 2059 eos
2226 2029 2348 2077 quos
2367 2014 2442 2076 ju-

321 2086 490 2134 stificat
514 2104 599 2152 per
623 2089 818 2151 gratiam
850 2087 1130 2135 inhabitare.
1160 2088 1298 2136 Unde
1328 2100 1374 2137 et
1401 2091 1450 2137 in
1478 2090 1766 2138 Proverbl‘llr‘
1793 2092 1951 2139 anima
1978 2093 2091 2156 justi
2113 2093 2248 2141 sedes
2271 2094 2442 2143 dicitur

321 2167 585 2232 sapientiae,
619 2167 710 2215 hoc
732 2178 801 2215 est
823 2167 1050 2215 habitatio
1073 2168 1270 2229 Christi,
1298 2172 1409 2234 quia
1441 2171 1668 2237 sapientia
1697 2172 1869 2220 dicitur
1894 2175 1996 2220 Dei.
2029 2177 2147 2222 Cum
2171 2174 2266 2235 his,
2298 2193 2441 2241 super

320 2262 442 2310 quos
482 2245 643 2306 sedet,
685 2247 1029 2311 Jerosolymam
1074 2250 1228 2308 venit,
1265 2250 1377 2314 quia
1410 2267 1493 2298 eos
1529 2252 1864 2299 tantummodo
1903 2253 2075 2317 quibus
2116 2254 2194 2302 hic
2232 2257 2438 2320 regendo

319 2325 539 2389 praesidet
559 2325 620 2372 ad
642 2325 881 2373 coelestem
915 2327 1171 2375 Jerusalem
1196 2339 1381 2376 aeternae
1405 2332 1534 2396 pacis
1558 2332 1789 2394 visionem
1814 2333 2087 2381 introducit.
2119 2338 2216 2383 Hos
2245 2353 2439 2402 quoque

320 2405 443 2452 duos
469 2406 673 2470 populos
697 2423 782 2471 per
803 2407 983 2454 asinam
1015 2418 1061 2455 et
1085 2409 1270 2473 pullum
1293 2411 1439 2458 Jacob
1464 2412 1730 2476 patriarcha
1759 2413 2048 2478 designavit,
2075 2434 2223 2481 quum
2249 2418 2295 2464 in
2324 2429 2436 2484 typo

321 2482 493 2530 Christi
517 2484 686 2531 Judam
715 2484 866 2532 filium
894 2503 1059 2546 suum,
1095 2487 1156 2534 de
1188 2505 1286 2552 quo
1317 2490 1418 2554 ipse
1449 2501 1581 2538 ortus
1612 2502 1706 2551 est,
1742 2492 2029 2541 benedicens
2055 2496 2171 2542 ait⁶z
2211 2499 2312 2543 «Et
2337 2498 2437 2561 ipse

321 2564 408 2611 erit
435 2565 696 2628 expectatio
723 2567 959 2629 gentium,
989 2566 1138 2631 ligans
1164 2569 1226 2616 ad
1250 2571 1437 2618 vineam
1456 2571 1639 2637 pullum
1662 2590 1826 2640 suum,
1853 2584 1899 2621 et
1926 2574 1987 2622 ad
2012 2576 2172 2635 vitem,
2199 2594 2228 2623 o
2261 2577 2326 2624 fili
2351 2580 2432 2638 mi,

320 2644 500 2692 asinam
525 2661 722 2692 suam.»
752 2649 856 2711 Ipse
889 2648 1066 2712 quippe
1099 2651 1334 2697 Dominus
1369 2651 1610 2716 discipulis
1640 2653 1758 2700 ait⁸z
1794 2656 1937 2719 «Ego
1973 2672 2075 2702 sum
2109 2657 2235 2715 vitis,
2273 2668 2319 2704 et
2353 2676 2436 2706 vos

318 2724 599 2788 palmites.»
626 2726 696 2772 Ad
720 2726 863 2774 vitem
896 2727 1077 2791 itaque,
1112 2728 1206 2776 hoc
1237 2741 1307 2777 est
1338 2730 1398 2779 ad
1434 2732 1660 2796 teipsum,
1696 2735 1901 2782 Domine
1924 2738 2077 2795 Jesus,
2113 2738 2242 2784 asina
2273 2748 2339 2785 est
2373 2739 2433 2785 li-

319 2815 446 2867 gata,
488 2816 533 2853 et
569 2806 629 2853 ad
668 2808 854 2854 vineam
891 2807 1069 2877 pullus,
1102 2809 1196 2857 hoc
1220 2821 1289 2858 est
1310 2811 1371 2858 ad
1395 2812 1613 2876 palmites
1636 2815 1780 2880 ipsius
1801 2816 1936 2863 vitis:
1965 2817 2075 2881 quia
2100 2825 2148 2865 tu
2165 2856 2175 2876 ‚
2201 2821 2431 2879 Domine,

318 2885 510 2949 propria
540 2886 876 2950 praedicatione
904 2888 1086 2952 primos
1111 2905 1168 2936 ex
1188 2890 1358 2937 Judaeis
1385 2889 1548 2940 fideles
1575 2892 1661 2940 tibi
1688 2895 1944 2959 copulasti,
1974 2914 2059 2962 per
2083 2915 2203 2962 quos
2229 2909 2276 2946 et
2303 2911 2434 2964 post-

319 2964 519 3011 modum
543 2966 738 3030 gentiles
756 2969 1052 3028 convertisti,
1075 2980 1122 3017 et
1139 2971 1205 3018 eis
1221 2973 1504 3036 aggregasti,
1525 2975 1607 3038 qui
1627 2985 1753 3022 tuam
1776 2977 1971 3025 minime
1987 2979 2206 3027 viderunt
2224 2982 2272 3028 in
2291 2999 2433 3030 carne

315 3046 628 3112 praesentiam.

381 3128 484 3173 Hoc
521 3127 678 3192 ipsum
709 3128 849 3193 igitur
871 3130 1003 3194 quod
1035 3141 1129 3178 tam
1163 3133 1304 3180 asinae
1338 3151 1484 3198 quam
1520 3136 1652 3200 pullo
1684 3123 1925 3186 Dominus·
1952 3140 2160 3188 insidens
2193 3142 2427 3204 exhibuit,

316 3206 410 3254 hoc
434 3223 638 3271 praesens
662 3209 919 3258 versiculus
941 3211 1134 3275 psalmi,
1162 3212 1303 3278 longe
1326 3225 1436 3264 ante
1463 3217 1700 3281 praecinit,
1734 3217 1925 3266 dicens:
1963 3240 1986 3265 «
2010 3221 2096 3269 Hic
2118 3221 2264 3270 factus
2287 3234 2356 3270 est
2382 3225 2427 3271 in

364 3404 372 3421 ⁸
394 3406 502 3447 toan„
519 3419 592 3452 cap.
610 3421 673 3451 xn,
690 3421 719 3443 v.
737 3412 791 3443 23.
809 3430 845 3435 —
863 3410 875 3428 ’
892 3413 1016 3451 Galae„
1035 3422 1107 3457 cap.
1129 3425 1177 3454 iv,
1198 3425 1228 3447 v.
1250 3416 1346 3449 19.—
1401 3418 1537 3461 quiescit
1555 3419 1746 3463 sapientia.»
1762 3421 1891 3463 (Prov.,
1905 3432 1979 3466 cap.
1999 3434 2065 3464 xiv,
2083 3434 2111 3455 v.
2133 3424 2203 3466 33.)
2221 3444 2256 3449 —-
2271 3424 2283 3441 ¹⁵
2303 3426 2367 3458 Gen
2417 3449 2442 3461 .‚

319 3459 331 3477 ⁸
348 3461 487 3495 Corinth.
508 3465 538 3503 t,
557 3475 628 3508 cap.
652 3477 694 3506 iv,
713 3478 740 3499 v.
759 3469 809 3500 15.
822 3485 866 3492 ——
879 3467 891 3485 ⁴
912 3480 926 3497 ι
945 3468 979 3500 ln
997 3469 1095 3502 corde
1109 3470 1276 3513 prudentis
1291 3483 1344 3505 re·
1401 3484 1475 3517 cap.
1496 3486 1588 3514 xux,
1609 3486 1638 3508 v.
1658 3477 1765 3509 10.—
1780 3476 1793 3495 ⁶
1806 3477 1915 3519 Joan„
1933 3489 1992 3521 cap
2023 3490 2077 3519 xv,
2095 3491 2124 3513 v.
2143 3481 2171 3512 5·
