2970 4152
561 387 621 458 58
1281 410 1539 458 ANDREAE
1567 400 1937 470 ‘QUmcETANi

558 506 766 550 basilicam,
789 505 845 542 vel
860 505 900 541 id
917 503 1102 552 imprimis
1119 503 1259 539 indicat
1275 503 1379 552 quod
1393 505 1561 543 Andreas
1578 509 1840 545 marcianensis
1857 508 2060 545 monachus
2077 507 2231 543 scribit.
2254 522 2270 540 α
2290 508 2517 545 Ludovicum
2547 509 2666 557 impe-

556 575 718 605 iatorem
735 580 832 609 anno
851 579 885 601 x1
903 565 1050 613 imperii
1070 565 1126 601 sui
1140 565 1385 614 ,impetrasse
1401 566 1447 603 ab
1464 568 1634 617 Eugenio
1652 583 1746 620 papa
1765 583 1900 619 corpus
1918 570 2032 606 sancti
2058 569 2262 605 sebastiani
2284 571 2475 623 martyris,
2498 576 2537 606 et
2553 570 2664 606 Sues·-

556 630 670 669 sionis
692 631 731 677 in
753 628 899 675 basilica
923 627 1047 664 Sancti
1064 593 1233 663 Medardi
1258 627 1500 683 collocasse,
1491 642 1529 665 in
1550 630 1656 676 cujus
1685 631 1845 668 adventu
1874 631 1991 667 multa
2015 629 2282 679 perpetraverit
2307 629 2407 666 Deus
2437 630 2662 667 miracula.»

558 690 706 739 [Abbas
723 690 846 727 Sancti
866 688 1034 725 Medardi
1051 689 1110 724 cui
1130 688 1341 726 Abaelardus
1358 677 1518 727 traditus
1535 699 1610 737 est,
1633 705 1707 728 non
1726 693 1923 729 Anselmus
1952 689 2206 728 Laudunensis
2226 691 2323 736 fuit,
2349 698 2393 728 ut
2422 684 2516 727 male
2543 693 2663 740 suspi-

554 760 658 788 catur
676 753 950 797 QuercetanuS,
969 763 1097 787 verum
1115 751 1338 797 Gaufnidus,
1361 754 1646 802 cognominatus
1665 755 1809 791 Collum
1833 756 1950 800 Cervi,
1968 754 2033 803 qui
2050 766 2146 789 anno
2164 756 2249 790 ⁴⁴3⁴
2272 754 2566 790 catalaunensem
2584 754 2664 802 epi-

552 821 741 863 scopatum
760 813 916 861 adeptus
935 820 1001 849 est.
1023 813 1235 850 prioratum
1257 813 1490 852 claustralem
1510 815 1717 853 Gausridus
1741 817 1907 854 Gosvino
1928 817 1989 852 isti
2007 816 2242 852 commiserat
2260 829 2372 865 quem
2399 810 2551 852 Pa1isiis
2577 828 2662 851 cum

551 875 692 912 Abaelai
694 875 742 910 do
760 875 1015 912 scholasticam
1034 874 1138 911 litem
1156 875 1329 912 habuisse
1348 888 1456 925 supra
1476 877 1649 914 vidimus
1670 878 1871 926 Quomodo
1888 885 2012 914 autem
2032 878 2077 914 ab
2094 890 2157 923 eo,
2178 878 2293 926 ipsius
2319 877 2410 914 olim
2432 877 2660 922 adversario,

551 944 676 986 noster
692 938 825 973 Petrus
843 944 1033 985 susceptus
1053 937 1145 972 fue1
1138 944 1165 973 1t
1183 944 1220 973 et
1239 937 1408 982 habitus,
1431 951 1605 975 enarrare
1628 952 1702 976 non
1721 941 1847 977 omisit
1866 947 1997 976 auctor
2022 940 2119 978 Vitae
2143 935 2320 985 Gosvini‚
2342 953 2400 989 ap.
2418 939 2519 976 dom.
2540 939 2660 985 Brial,

552 999 686 1048 Script
697 1010 770 1035 rer.
782 999 921 1047 gallcssc
934 1005 958 1035 t
970 998 1123 1047 X1V,p
1140 991 1227 1036 443:
1241 1014 1257 1031 «
1272 999 1620 1036 M1ttebanturilluc
1640 1000 1781 1037 indbcti
1801 1009 1841 1037 ut
1858 1001 2113 1046 erudirentur,
2132 1001 2300 1038 dissoluti
2316 1006 2358 1051 ut
2369 1002 2661 1051 corrigerentur,

549 1060 723 1097 cervicosi
747 1067 790 1096 ut
807 1045 1072 1105 domaientui·
1092 1067 1130 1096 et
1146 1053 1279 1097 exinde
1307 1062 1402 1097 sicut
1430 1075 1612 1110 pauperes
1634 1060 1861 1107 subsidium,
1884 1064 1935 1099 sic
1953 1059 2147 1099 consilium
2176 1076 2286 1112 iepoi
2290 1063 2416 1099 tabant
2443 1061 2660 1111 locupletes.

549 1121 658 1159 Unde
677 1123 836 1174 contigit
854 1130 911 1168 ut,
930 1123 1015 1171 quia
1031 1123 1108 1158 haec
1125 1124 1282 1159 mutatio
1299 1123 1434 1160 dextrae
1451 1124 1592 1161 Excelsi
1611 1125 1901 1176 ciicumquaque
1926 1126 2158 1175 vulgabatur,
2184 1138 2372 1161 summum
2400 1137 2550 1175 quoque
2575 1136 2664 1173 prae-

547 1183 661 1227 sulem
681 1185 944 1228 Innocentium
965 1198 1039 1221 non
1059 1185 1212 1230 lateret,
1233 1193 1271 1221 et
1287 1180 1506 1234 magistrum
1529 1181 1706 1233 Petrum,
1734 1187 1839 1235 cujus
1864 1195 1971 1224 antea
1996 1188 2253 1233 meminimus,
2276 1188 2322 1223 de
2340 1187 2518 1224 doctrinae
2537 1187 2663 1223 convi-

546 1253 648 1283 ctum
665 1246 841 1292 falsitate,
860 1254 898 1283 et
916 1260 1071 1283 censuia
1091 1239 1229 1283 silentii
1249 1249 1509 1294 cauteriatum,
1530 1234 1618 1284 illuc
1632 1246 1902 1285 transmitteret
1920 1248 2210 1294 recludendum,
2230 1255 2268 1285 et
2285 1249 2401 1285 instar
2414 1248 2663 1285 rhinocerotis

545 1309 720 1346 indomiti
740 1309 942 1358 disciplinae
960 1310 1208 1346 coercendum
1228 1310 1445 1359 ligamento.
1465 1311 1665 1360 Susceptus
1685 1318 1742 1347 est
1767 1311 1798 1347 is
1816 1312 1854 1347 in
1878 1310 2039 1347 claustro
2066 1324 2086 1347 a
2110 1308 2298 1347 claustrali
2323 1323 2368 1359 pi
2370 1322 2448 1346 lore
2467 1308 2659 1356 Gosvino,

546 1372 642 1407 sicut
658 1371 840 1418 ejusmodi
861 1372 1033 1415 decebat,
1055 1373 1094 1407 in
1112 1373 1248 1420 spiritu
1268 1364 1438 1408 videlicet
1455 1364 1629 1409 lenitatis.
1647 1368 1826 1421 Sperabat
1844 1367 2005 1422 namque
2020 1373 2122 1422 quod
2136 1368 2280 1409 facilius
2297 1379 2568 1415 mansuesceret
2584 1374 2660 1421 pie-

543 1434 627 1469 tatis
655 1434 739 1469 sinu
764 1446 876 1483 quam
902 1434 982 1470 loro
1007 1434 1229 1483 disciplinae,
1248 1441 1284 1470 et
1303 1434 1486 1471 didicerat
1512 1435 1670 1484 amplius
1689 1435 1727 1471 in
1749 1436 1881 1483 pagina
1907 1435 2041 1471 mentis
2066 1441 2263 1471 mansuetae
2279 1448 2392 1484 quam
2414 1434 2545 1470 scholae
2573 1447 2662 1470 con-

543 1503 667 1546 suetae,
691 1509 759 1532 nec
778 1497 878 1532 virus
897 1498 935 1532 in
954 1509 1114 1544 anguem
1134 1487 1360 1532 mittendum
1374 1525 1383 1542 ,
1405 1509 1473 1532 nec
1491 1509 1617 1532 canem
1639 1491 1811 1532 rabidum
1830 1496 2084 1545 instigandum
2098 1525 2108 1541 ,
2131 1509 2199 1533 nec
2216 1497 2375 1532 flammis
2392 1496 2661 1545 crepitantibus

542 1558 764 1607 copiosiores
790 1559 961 1594 materias
987 1558 1255 1594 immittendas.
1287 1547 1524 1606 proponebat
1547 1559 1580 1593 ei
1606 1571 1674 1606 pro
1696 1555 1903 1595 mulcendis
1932 1560 2012 1606 ejus
2040 1558 2192 1594 auribus
2217 1565 2256 1594 et
2277 1554 2402 1594 animo
2428 1554 2660 1594 deflectendo

542 1620 834 1667 profunditatem
854 1620 1032 1665 scientiae,
1055 1621 1171 1656 immo
1191 1619 1640 1655 multarum·diversarum
1661 1621 1922 1665 scientiarum,
1941 1621 2149 1656 torrentem
2163 1620 2383 1670 eloquentiae
2406 1620 2453 1656 ad
2475 1621 2660 1670 quidquid

541 1682 646 1718 vellet
663 1682 931 1726 abundantem,
951 1682 1258 1717 numerositatem
1275 1678 1516 1716 victoriarum
1533 1694 1624 1730 quas
1643 1681 1820 1718 conflictu
1837 1682 2019 1718 litterario
2039 1682 2296 1731 conquisisset,
2317 1690 2367 1727 et,
2389 1682 2491 1732 qnod
2508 1683 2660 1732 dignius

539 1751 633 1780 esset
655 1752 692 1781 et
710 1743 922 1789 sublimius,
942 1743 1210 1792 professionem
1228 1744 1439 1779 monasticae
1456 1745 1681 1790 sanctitatis,
1703 1752 1959 1794 contemptum
1977 1744 2109 1781 mundi
2123 1773 2132 1790 ‚
2163 1745 2316 1780 Domini
2334 1745 2550 1782 servitutem
2567 1761 2575 1781 ε
2593 1750 2659 1782 cu-

538 1814 643 1854 peret
660 1796 911 1856 quodcunque
938 1818 1086 1842 necesse
1112 1813 1226 1851 essct,
1255 1806 1511 1842 necessitatem
1539 1814 1690 1855 cogeret
1714 1807 1853 1843 virtute
1878 1806 2115 1852 militari3ad
2133 1804 2172 1843 id
2188 1806 2290 1855 quod
2312 1807 2512 1844 honestum
2529 1807 2657 1854 sciret,

538 1869 739 1919 applicaret
761 1881 837 1914 cor,
865 1869 1110 1913 assuefaceret
1127 1880 1187 1912 05,
1211 1875 1313 1904 actus
1330 1861 1526 1916 adaptaret
1538 1885 1548 1914 ;
1566 1881 1641 1905 non
1661 1868 1859 1918 deputaret
1877 1868 2084 1905 infortunio
2113 1881 2180 1904 nec
2206 1867 2408 1905 ascriberet
2436 1869 2632 1918 dispendio
2651 1900 2659 1916 ‚

539 1931 639 1981 quod
667 1943 711 1967 eo
739 1931 976 1967 transmissus
1001 1937 1114 1976 esset,
1134 1923 1200 1971 ,ubi
1219 1943 1295 1967 non
1315 1930 1501 1967 reclusum
1519 1930 1708 1980 ergastulo
1734 1944 1771 1968 se
1788 1932 2039 1980 experiretur,
2063 1931 2126 1967 sed
2148 1938 2295 1967 tautum
2323 1932 2510 1968 exclusum
2534 1945 2553 1969 a
2575 1940 2659 1969 tur-

538 1994 625 2030 bine
644 1992 825 2039 saeculari,
847 2006 923 2029 non
941 1984 1217 2041 compeditum,
1248 1993 1311 2029 ‘sed
1332 1992 1568 2041 expeditum,
1589 1995 1745 2030 honeste
1771 2002 1916 2031 tantuin
1947 2006 1984 2030 se
2012 1995 2167 2030 haberet
2181 2023 2190 2040 ,
2212 2002 2248 2031 et
2269 1994 2443 2031 omnibus
2470 2003 2565 2032 esset
2583 2009 2659 2032 ma-

540 2057 654 2104 gister
670 2063 707 2092 et
726 2056 913 2105 exemplar
929 2056 1148 2092 honestatis.
1168 2056 1254 2091 Haec
1271 2056 1426 2091 honeste
1444 2056 1644 2104 perorabt
1667 2058 1722 2093 vir
1740 2057 1943 2093 honestatis
1963 2063 2105 2093 amator
2122 2064 2160 2093 et
2175 2056 2458 2093 honestissimus
2482 2057 2659 2094 honesto-

540 2130 623 2168 rum
638 2133 648 2163 ;
666 2118 730 2154 sed
748 2118 809 2154 ille
827 2130 865 2154 se
882 2118 1081 2154 consilium
1097 2111 1299 2155 honestum
1317 2125 1355 2154 et
1371 2117 1464 2154 utile
1482 2130 1558 2154 non
1575 2126 1766 2167 acceptare
1782 2130 1959 2167 responso
1972 2119 2220 2155 manifestavit
2234 2118 2434 2155 inhonesto
2449 2136 2456 2155 :
2475 2134 2491 2152 α
2509 2119 2628 2167 Quid,
2641 2136 2657 2154 n

540 2181 732 2230 inquiens,
754 2196 771 2214 «
783 2188 860 2217 tam
880 2180 1140 2229 multipliciter
1154 2180 1388 2216 honestatem
1400 2180 1588 2228 praedicas,
1603 2181 1837 2217 honestatem
1855 2181 2004 2226 suades,
2025 2180 2152 2217 laudas
2166 2181 2396 2218 honestatem
2411 2182 2426 2216 ?
2445 2181 2554 2218 Multi
2574 2191 2661 2220 sunt

543 2258 559 2275 α
575 2243 640 2292 qui
658 2243 850 2292 disputant
867 2235 914 2279 de
934 2242 1125 2291 speciebus
1142 2242 1368 2288 honestatis,
1387 2241 1452 2290 qui
1473 2243 1644 2278 nesciunt
1661 2241 1755 2292 quid
1774 2243 1822 2279 sit
1846 2242 2032 2279 honestas.
2054 2259 2070 2277 »
2097 2243 2181 2290 Qua
2200 2243 2395 2280 temeraria
2419 2243 2658 2292 responsione

541 2305 727 2342 Gosvinus
754 2306 1021 2342 inhonoi·atum
1041 2317 1079 2340 se
1098 2317 1173 2340 uon
1193 2302 1331 2350 doluit,
1352 2304 1416 2340 sed
1437 2300 1542 2340 illum
1561 2300 1848 2341 dehonestatum
1864 2321 1874 2350 ;
1892 2313 1930 2341 et
1947 2308 2037 2341 'tunc
2055 2303 2207 2341 demum
2225 2306 2408 2353 persensit
2426 2306 2529 2355 quod
2550 2304 2660 2343 dissi-

542 2367 694 2403 milibus
712 2368 746 2404 ei
767 2368 887 2403 verbis
906 2375 1001 2403 esset
1019 2367 1200 2403 utendum
1213 2395 1223 2411 ,
1245 2379 1325 2416 quae
1344 2364 1530 2403 mordacia
1547 2366 1635 2403 licet
1656 2375 1797 2412 essent,
1820 2374 1945 2404 tamen
1971 2374 2086 2403 metas
2111 2380 2187 2404 non
2211 2369 2415 2404 transirent
2438 2369 2660 2407 honestatis.

542 2431 585 2467 Et
606 2442 803 2482 conversus
820 2430 866 2488 ad
882 2443 968 2465 eum
986 2446 992 2464 :
1011 2445 1027 2463 α
1043 2431 1187 2468 Verum
1204 2437 1278 2472 est,
1296 2445 1312 2462 »
1331 2429 1474 2478 inquit,
1497 2445 1514 2461 «
1535 2428 1639 2478 quod
1659 2429 1786 2466 dixisti
1803 2446 1810 2465 ε
1828 2430 1936 2466 multi
1964 2437 2051 2466 sunt
2080 2431 2146 2479 qui
2175 2430 2368 2478 disputant
2393 2430 2440 2468 de
2468 2432 2660 2479 speciebus

543 2494 776 2530 «honestatis
791 2482 855 2541 qui
873 2493 1044 2528 nesciunt
1061 2492 1152 2541 quid
1169 2493 1216 2528 sit
1234 2486 1421 2528 honestas.
1437 2486 1509 2528 Sed
1521 2484 1657 2541 siquid
1670 2491 1845 2541 deinceps
1860 2492 1915 2528 vel
1927 2493 2076 2538 dixeris,
2092 2493 2149 2528 vel
2166 2494 2404 2529 attentaveris
2419 2494 2660 2530 inhonestum

541 2570 557 2587 κ
572 2568 640 2592 nos
658 2554 831 2592 incedere
848 2555 984 2591 senties
1000 2567 1045 2590 ex
1059 2546 1223 2598 adverso,
1239 2562 1276 2590 et
1295 2567 1362 2603 per
1376 2555 1658 2590 insectationem
1677 2556 1856 2591 contrarii
1877 2555 1953 2600 sui,
1974 2567 2042 2591 nos
2060 2556 2281 2604 experieris,
2298 2555 2389 2605 quid
2408 2557 2455 2592 sit
2471 2557 2655 2600 honestas,

541 2635 556 2652 ⁴<
573 2632 648 2657 non
671 2620 861 2655 nescire.»
882 2619 966 2664 Qua
980 2606 1230 2667 respondendi
1246 2617 1453 2654 constantia
1469 2618 1678 2666 pavefactus
1695 2619 1912 2655 rhinoceros
1929 2617 2008 2664 ille,
2029 2618 2193 2667 quietius
2212 2618 2291 2655 dies
2309 2618 2392 2655 illos
2407 2620 2657 2668 transigebat,

540 2683 740 2733 patientior
761 2671 986 2736 disciplinae,
1007 2681 1178 2717 timidior
1197 2678 1452 2735 flagellmum3
1472 2680 1511 2718 et
1532 2679 1682 2717 tandem
1702 2681 1845 2718 cerebri
1862 2682 1980 2718 factus
1998 2682 2153 2718 sanioris
2171 2689 2209 2717 et
2227 2682 2343 2717 animi
2364 2693 2438 2717 non
2455 2682 2547 2718 adeo
2565 2682 2659 2719 deli-

541 2748 676 2793 rantis,
699 2745 912 2798 compulsus
930 2751 986 2782 est
1005 2745 1299 2781 animadvertere
1317 2737 1421 2793 quod
1437 2745 1503 2793 qui
1520 2742 1688 2780 calcitrat
1706 2751 1834 2780 contra
1852 2744 2044 2781 stimulum
2057 2771 2066 2787 ,
2083 2745 2180 2780 saevit
2197 2743 2236 2779 in
2256 2744 2439 2791 ipsum....
2460 2745 2499 2793 »]

1334 2847 1431 2889 Nota
1456 2850 1670 2899 XXXVII,
1697 2862 1778 2900 pag.
1804 2854 1864 2890 23.

587 2941 811 2989 Dionysium
827 2942 1100 2990 Areopagitam
1124 2939 1399 2976 Corinthiorum
1415 2940 1540 2988 potius
1558 2951 1671 2987 quam
1690 2938 1977 2974 Atheniensium
1989 2937 2121 2986 fuisse
2141 2939 2363 2985 episcopum.
2381 2956 2428 2964 —
2445 2936 2530 2973 Haec
2554 2930 2658 2973 Bedae

541 3005 722 3040 sententia
741 3003 787 3039 de
805 3004 984 3053 Dionysio
1004 3002 1231 3051 Areopagsta
1247 2995 1376 3038 multis
1395 3001 1507 3037 etiam
1525 3000 1639 3036 hodie
1659 3011 1734 3036 non
1759 2999 1898 3048 placet,
1918 3000 1983 3048 qui
2002 2999 2223 3047 Dionysium
2246 2999 2460 3047 episcopum
2477 2999 2658 3047 parisien-

542 3077 617 3102 sem
634 3077 712 3101 esse
729 3065 836 3101 illum
859 3066 1121 3114 Areopagitam
1140 3063 1385 3101 contendunt.
1406 3063 1478 3100 Sed
1498 3062 1597 3112 quod
1616 3062 1778 3111 allegant
1796 3062 1843 3099 de
1860 3062 2081 3099 Innocentio
2101 3063 2171 3107 III,
2195 3062 2258 3111 qui
2277 3072 2413 3110 corpus
2430 3061 2547 3097 sancti
2567 3061 2658 3097 Dio-

543 3127 651 3175 nysii,
668 3127 953 3163 Corinthiorum
971 3128 1147 3176 episcopi,
1170 3126 1276 3172 dedit
1291 3124 1484 3162 monachis
1501 3125 1627 3163 Sancti
1641 3125 1807 3174 Dionysii
1824 3125 2059 3170 parisiensis,
2080 3137 2149 3160 nec
2166 3125 2335 3173 ipsorum
2353 3123 2522 3172 opinioni
2539 3124 2659 3172 pluri—

542 3202 645 3227 mum
663 3190 802 3235 favere,
822 3202 889 3226 nec
906 3191 1087 3227 Abaelardi
1115 3202 1265 3240 quoque
1295 3202 1441 3227 sensum
1467 3189 1690 3225 auctoritate
1717 3189 1821 3225 Bedae
1850 3188 2044 3224 suffultum
2070 3189 2225 3224 omnino
2252 3187 2470 3223 convincere
2495 3186 2658 3223 videtur.

544 3253 636 3288 Rem
659 3253 711 3289 sic
732 3260 881 3297 enarrat
901 3265 1107 3302 anonymus
1119 3281 1131 3298 ,
1156 3254 1223 3303 qui
1241 3253 1287 3289 de
1307 3251 1475 3302 reliquiis
1494 3251 1654 3289 coenobii
1674 3251 1797 3287 Sancti
1816 3251 1984 3299 Dionysii
2002 3250 2149 3298 scripsit
2167 3265 2174 3284 ε
2193 3264 2209 3281 «
2228 3250 2356 3293 Anno,
2372 3263 2390 3281 ι»
2409 3248 2552 3297 inquit,
2581 3263 2599 3281 «
2614 3247 2661 3284 ab

542 3315 795 3353 incarnatione
811 3316 964 3354 Domini
982 3327 1109 3361 nccxv,
1126 3315 1392 3358 Innocentius,
1407 3321 1538 3352 sanctae
1558 3326 1717 3350 romanae
1735 3313 1905 3350 Ecclesiae
1925 3327 2018 3363 papa
2035 3307 2112 3359 III,
2133 3312 2178 3349 ad
2195 3311 2326 3348 urbem
2347 3312 2516 3360 generale
2535 3313 2659 3348 conci-

540 3378 631 3414 lium
651 3379 881 3418 convocavit.
901 3390 944 3413 ex
962 3379 1064 3413 omni
1089 3379 1237 3414 natione
1255 3390 1336 3427 quae
1354 3378 1423 3414 sub
1442 3376 1535 3414 coelo
1555 3384 1626 3414 est.
1652 3378 1821 3413 Pastores
1846 3385 1883 3413 et
1911 3376 2047 3426 praelati
2073 3383 2204 3412 sanctae
2226 3370 2354 3413 matris
2380 3374 2574 3420 Ecclesiae;
2594 3387 2659 3424 pa-

541 3441 709 3490 triarchae
729 3440 914 3486 videlicet,
933 3440 1218 3489 archiepiscopi,
1238 3441 1450 3489 pontifices,
1475 3447 1514 3476 et
1531 3439 1698 3484 abbates,
1718 3447 1756 3476 et
1775 3439 1962 3475 inferioris
1990 3438 2126 3487 gradus
2147 3445 2186 3474 et
2203 3436 2344 3473 ordinis
2368 3432 2445 3473 aliae
2469 3448 2655 3486 personae,

538 3491 697 3552 q'ua'ru'm
716 3503 788 3540 non
804 3501 883 3540 ‘erat
904 3499 1082 3540 nuin‘erus
1098 3519 1105 3538 t
1122 3511 1227 3551 reges
1243 3504 1353 3540 e't‘i'affi
1373 3505 1410 3540 'et
1426 3503 1615 3553 principes
1632 3501 1863 3539 diversorum
1881 3501 2111 3551 popfflo'r'um
2133 3500 2187 3537 vel
2200 3505 2267 3549 per
2279 3508 2329 3546 se,
2349 3500 2403 3536 vel
2422 3506 2489 3549 per
2507 3499 2658 3535 nuntio·
