2970 4152
537 375 631 423 666
1339 375 1510 422 PETRI
1549 375 1857 423 ABAELARDI

603 488 628 514 «
653 472 944 518 Cessaverat.
976 488 999 513 »
1025 468 1170 526 Quod
1193 468 1307 516 dicit
1332 488 1354 513 «
1383 479 1670 529 cessaverat,
1697 470 1930 535 expositio
1953 478 2024 516 est
2045 468 2145 531 ejus
2167 467 2300 532 quod
2323 467 2506 514 dixerat
2533 488 2555 511 «
2578 484 2655 515 re·

533 551 735 614 quievit,
767 571 789 596 »
818 568 878 598 ne
902 551 1024 598 forte
1047 567 1076 598 a
1096 550 1262 598 labore
1281 551 1439 615 ipsum
1462 551 1696 615 quievisse
1721 551 2081 618 arbitraremur.

604 649 626 674 u
654 632 857 677 Creavit.
883 650 905 675 »
934 634 987 677 In
1016 630 1166 677 verbo
1185 668 1196 690 ‚
1220 640 1272 677 ut
1301 630 1475 678 faceret
1505 632 1555 678 in
1582 648 1728 696 opere
1745 631 1878 694 juxta
1900 629 2043 689 illud,
2078 649 2102 674 «
2128 628 2246 676 dixit
2267 638 2315 676 et
2337 628 2460 676 facta
2481 638 2610 676 sunt.
2628 648 2651 672 n

532 712 590 755 Et
613 711 806 757 attende
830 711 963 774 quod
987 728 1088 758 non
1110 712 1175 758 ita
1198 710 1259 758 de
1281 711 1483 776 septima
1504 711 1599 771 die,
1622 712 1744 758 sicut
1766 711 1827 757 de
1849 710 2028 757 caeteris
2045 709 2236 769 dicitur,
2256 710 2369 774 quia
2390 709 2568 756 factum
2585 718 2656 755 est

531 807 727 855 vespere
762 802 809 838 et
843 807 985 839 mane
1014 792 1114 839 dies
1139 793 1386 857 septimus.
1414 795 1519 840 Non
1551 792 1751 839 enimin
1777 807 1834 838 eo
1864 791 1984 837 sicut
2006 791 2055 837 in
2079 791 2256 837 caeteris
2289 789 2468 854 aliquid
2490 789 2655 836 fecisse

532 871 658 916 Deus
681 882 992 927 memoratur,
1019 871 1103 918 sed
1125 881 1314 918 tantum
1343 872 1601 935 quievisse,
1628 887 1717 917 nec
1745 886 1894 934 opera
1923 869 2330 935 multiplicationis
2355 885 2460 933 quae
2487 868 2537 914 in
2558 867 2654 915 hoc

530 950 733 1013 septimo
757 951 835 998 die
859 951 1050 998 fuerunt
1075 951 1292 1016 quotidie
1318 968 1468 1016 usque
1496 951 1558 998 ad
1586 950 2054 997 consummationem
2080 950 2237 997 saeculi
2262 948 2650 1014 complebuntur.

595 1033 837 1088 Quoniam
860 1049 916 1080 ea
938 1050 1042 1097 quae
1065 1033 1291 1097 praedicta
1312 1043 1424 1080 sunt
1440 1033 1574 1096 juxta
1597 1032 1810 1079 radicem
1836 1031 2046 1078 historiae
2071 1047 2127 1078 ac
2147 1032 2397 1079 veritatem
2424 1029 2493 1077 rei
2516 1038 2654 1093 gestae

529 1121 764 1173 quantum
785 1111 1019 1160 valuimus
1042 1113 1283 1177 prosecuti
1316 1129 1503 1171 sumus,
1538 1112 1673 1175 juvat
1707 1110 1878 1158 morali
1907 1127 2102 1175 quoque
2123 1123 2178 1159 ac
2206 1109 2519 1175 postmodum
2548 1124 2653 1171 my-

527 1191 645 1237 stica
666 1193 964 1256 expositione
988 1210 1078 1239 nos
1100 1193 1271 1240 eadem
1293 1193 1586 1257 perquirere.
1611 1191 1802 1238 Moralis
1831 1191 1992 1255 itaque
2016 1190 2190 1237 dicitur
2211 1190 2444 1255 expositio
2467 1188 2655 1253 quoties

528 1287 583 1317 ea
606 1288 710 1335 quae
733 1272 961 1320 dicuntur
992 1273 1053 1320 ad
1085 1273 1451 1321 aedificationem
1474 1289 1667 1319 morum
1694 1272 1761 1319 sic
1793 1271 2110 1337 applicantur,
2136 1272 2259 1318 sicut
2279 1271 2329 1318 in
2355 1270 2495 1317 nobis
2522 1269 2598 1317 vel
2625 1285 2653 1317 a

527 1352 668 1399 nobis
691 1352 793 1399 fieri
816 1353 997 1401 habent
1020 1371 1125 1419 quae
1148 1354 1211 1401 ad
1246 1354 1447 1402 salutem
1471 1353 1739 1400 necessaria
1768 1362 1881 1399 sunt
1909 1352 2067 1412 bona,
2093 1351 2238 1399 veluti
2267 1367 2417 1415 quum
2438 1350 2500 1397 de
2530 1349 2649 1409 fide,

525 1449 633 1498 spe,
673 1444 720 1481 et
753 1435 973 1494 caritate,
1012 1435 1087 1482 vel
1120 1435 1263 1482 bonis
1298 1434 1523 1500 operibus
1559 1435 1855 1499 expositione
1890 1443 2055 1481 nostra
2087 1433 2317 1481 lectorem
2355 1432 2648 1479 instruimus.

525 1514 719 1576 Mystica
736 1531 851 1561 vero
887 1515 1061 1561 dicitur
1096 1516 1352 1580 expositio,
1379 1532 1531 1579 quum
1558 1531 1616 1561 ea
1642 1513 1932 1579 praefigurari
1959 1513 2213 1572 docemus,
2246 1528 2352 1576 quae
2384 1528 2410 1559 a
2435 1521 2653 1576 tempore

523 1596 682 1657 gratiae
704 1612 790 1659 per
812 1595 1054 1643 Christum
1072 1596 1258 1644 fuerant
1277 1595 1683 1654 consummanda,
1710 1595 1786 1642 vel
1807 1611 2121 1659 quaecumque
2142 1593 2343 1641 historia
2364 1592 2521 1640 futura
2538 1607 2653 1657 prae-

523 1674 698 1737 signari
719 1676 1003 1723 ostenditur.

1448 1815 1711 1847 MORALITAS
1718 1835 1727 1846 ι

589 1919 818 1966 Confusio
851 1920 929 1968 illa
960 1921 1066 1968 coeli
1099 1932 1146 1968 et
1176 1931 1312 1969 terrae
1341 1923 1472 1987 prius
1509 1932 1667 1969 creata
1688 1923 1737 1968 in
1768 1921 1990 1979 materia,
2030 1930 2078 1967 et
2111 1919 2331 1967 nondum
2361 1920 2411 1966 in
2442 1929 2651 1968 creatam

523 1999 732 2062 partium
769 2000 1129 2048 distinctionem
1166 2001 1382 2060 redacta,
1426 2002 1576 2048 homo
1608 2012 1679 2048 est
1712 2018 1768 2048 ex
1796 2001 2030 2065 superiori
2062 2009 2110 2047 et
2143 2000 2357 2047 inferiori
2387 1999 2651 2048 substantia

524 2088 774 2136 constans,
802 2079 851 2124 id
875 2090 946 2126 est
967 2097 1022 2126 ex
1045 2080 1205 2128 anima
1228 2091 1274 2127 et
1302 2096 1508 2144 corpore
1535 2099 1544 2126 :
1572 2080 1657 2127 sed
1679 2080 1838 2127 adhuc
1860 2080 1996 2144 quasi
2025 2079 2245 2126 informis
2267 2089 2314 2126 et
2336 2079 2552 2126 moribus
2575 2080 2650 2127 in·

523 2158 844 2222 compositus,
872 2160 1091 2205 nondum
1123 2176 1266 2206 carne
1294 2161 1482 2224 spiritui
1517 2160 1638 2206 sicut
1666 2170 1859 2224 oportet
1890 2160 2163 2223 subjugata,
2195 2160 2294 2206 imo
2330 2160 2480 2223 magis
2510 2160 2649 2224 spiri-

523 2237 593 2282 tui
616 2235 922 2296 dominante,
956 2248 1099 2302 atque
1128 2239 1193 2284 ita
1222 2238 1491 2285 naturalem
1519 2238 1743 2285 ordinem
1767 2238 2096 2285 confundente
2119 2255 2175 2285 ac
2196 2238 2531 2303 perturbante,
2558 2239 2649 2286 do·

523 2333 612 2363 nec
626 2316 787 2364 divina
810 2318 957 2380 gratia
978 2318 1235 2365 animalem
1255 2318 1387 2366 hunc
1410 2318 1662 2365 hominem
1677 2320 1727 2365 in
1748 2319 2008 2383 spiritalem
2024 2320 2277 2366 transferat
2293 2329 2436 2383 atque
2454 2319 2647 2378 formet,

522 2396 644 2442 sicut
665 2395 795 2443 illam
818 2398 953 2460 quasi
984 2397 1177 2444 brutam
1206 2408 1349 2462 atque
1380 2398 1631 2445 confusam
1654 2398 2004 2445 elementorum
2032 2399 2307 2462 congeriem
2338 2399 2651 2463 postmodum

525 2475 784 2524 ordinavit.
812 2478 899 2524 Cui
929 2478 1150 2525 videlicet
1184 2479 1485 2537 confusioni,
1522 2495 1627 2542 quae
1654 2496 1741 2544 per
1771 2479 1975 2526 fluidum
2003 2479 2294 2526 elementum
2320 2495 2454 2544 aquae
2478 2481 2651 2528 iterum

523 2557 769 2621 figuratur,
797 2559 988 2623 spiritus
1021 2560 1280 2619 incumbit,
1320 2560 1437 2607 dum
1463 2560 1524 2606 de
1545 2560 1745 2607 homine
1767 2560 1926 2608 adhuc
1955 2560 2149 2608 animali
2176 2560 2436 2626 spiritalem
2463 2561 2651 2609 efficere

524 2639 688 2686 divina
708 2639 900 2687 bonitas
933 2641 1147 2705 disponit
1175 2661 1184 2688 :
1213 2651 1259 2688 et
1284 2642 1351 2688 sic
1374 2641 1742 2706 quodammodo
1773 2642 1904 2689 illam
1935 2642 2270 2689 confusionem
2293 2659 2429 2690 more
2453 2644 2552 2690 avis
2574 2643 2648 2689 in·

523 2718 792 2765 cumbentis
815 2719 966 2778 fovet,
994 2730 1046 2766 ut
1070 2720 1184 2767 inde
1203 2721 1340 2785 quasi
1362 2720 1548 2786 pullum
1568 2721 1830 2786 producat,
1855 2721 1975 2768 dum
1990 2732 2201 2769 veterem
2223 2722 2383 2770 adhuc
2401 2722 2650 2770 hominem

523 2798 571 2843 111
595 2815 779 2845 novum
801 2799 1063 2847 reformare
1088 2811 1241 2866 parat.
1269 2801 1415 2858 Quod
1447 2801 1645 2866 quidem
1668 2801 1812 2849 efficit
1839 2803 1998 2868 primo
2023 2802 2181 2849 lucem
2202 2801 2316 2849 fidei
2339 2802 2646 2866 inspirando,

522 2880 835 2941 postmodum
858 2898 993 2945 spem
1006 2918 1017 2939 ,
1045 2880 1221 2928 deinde
1244 2882 1491 2928 caritatem
1505 2919 1516 2941 ,
1538 2882 1737 2929 tandem
1751 2884 1802 2929 in
1826 2883 2054 2948 operibus
2071 2883 2281 2930 caritatis
2300 2899 2412 2930 eum
2429 2899 2650 2930 consum·

522 2959 721 3018 mando,
747 2971 799 3007 ut
818 2978 918 3008 non
937 2961 1093 3008 solum
1117 2962 1224 3020 sibi,
1253 2962 1338 3009 sed
1358 2963 1502 3010 etiam
1521 2963 1622 3010 aliis
1644 2964 1794 3022 vivat,
1816 2981 1905 3011 nec
1930 2974 2115 3011 tantum
2136 2965 2187 3011 in
2205 2980 2256 3011 se
2277 2963 2438 3010 bonus
2459 2964 2519 3011 sit
2533 3001 2544 3022 ,
2569 2980 2649 3011 ve·

522 3056 631 3086 rum
646 3041 790 3088 etiam
810 3042 926 3089 alios
944 3042 1101 3089 bonos
1124 3042 1297 3090 efficiat
1312 3053 1412 3090 tam
1431 3043 1650 3108 exemplo
1668 3061 1888 3109 operum,
1913 3045 1989 3091 vel
2004 3043 2248 3092 beneficiis
2270 3043 2453 3091 collatis
2465 3080 2476 3102 ,
2501 3059 2646 3107 quam

523 3120 743 3169 doctrina
766 3124 1135 3187 praedicationis.
1159 3126 1348 3172 Creatio
1372 3126 1535 3189 itaque
1557 3125 1675 3172 lucis
1693 3126 1982 3174 illuminatio
2012 3137 2083 3174 est
2111 3126 2247 3186 fidei,
2279 3142 2425 3190 quam
2446 3125 2647 3190 Spiritus

522 3210 713 3247 sanctus
736 3202 810 3248 his
832 3204 1005 3266 quibus
1030 3205 1132 3251 vult
1155 3206 1393 3270 inspirans
1416 3205 1670 3252 aedificium
1694 3207 1864 3253 animae
1886 3207 2095 3272 spiritale
2118 3206 2179 3255 ab
2197 3206 2293 3253 1100
2317 3204 2514 3252 inchoat
2537 3204 2646 3252 fun—

523 3282 751 3329 damento
765 3321 776 3343 ,
802 3285 902 3331 sine
922 3303 1038 3349 quo,
1064 3297 1117 3333 ut
1140 3287 1203 3334 ait
1226 3287 1506 3352 Apostolus,
1534 3287 1828 3352 impossibile
1851 3298 1921 3335 est
1944 3288 2131 3353 placere
2153 3290 2274 3334 Deo.
2294 3286 2433 3333 Unde
2455 3295 2503 3332 et
2520 3285 2646 3333 bene

522 3373 633 3427 post
658 3365 951 3412 creationem
974 3367 1103 3414 illam
1128 3367 1233 3415 coeli
1255 3378 1302 3415 et
1328 3378 1460 3415 terrae
1483 3368 1640 3415 lucem
1662 3368 1836 3416 factam
1860 3386 1961 3416 esse
1985 3369 2220 3435 propheta
2243 3368 2402 3416 statim
2430 3385 2645 3415 comme-

523 3456 695 3493 morat.
725 3449 836 3493 Post
871 3446 1016 3494 fidem
1039 3458 1198 3496 autem
1221 3466 1328 3514 spes
1352 3450 1582 3513 sequitur,
1609 3466 1714 3513 quae
1741 3449 1991 3498 hominem
2019 3450 2153 3514 prius
2181 3466 2268 3514 per
2297 3449 2645 3517 concupiscen7
