2970 4152
1256 464 1258 466 .
1295 424 1618 470 EPISTOLAE.
2425 430 2520 476 235

400 517 510 565 dam
538 532 749 580 namque
772 517 822 564 in
848 532 906 565 eo
931 516 1132 565 hebraeis¹
1159 517 1333 582 scripta
1350 518 1563 582 linguam
1586 536 1754 567 eorum
1776 521 2026 585 exigebant
2045 539 2056 568 ε
2076 522 2293 586 quaedam
2310 523 2524 575 similiter

400 613 457 644 ex
484 597 551 644 eis
577 591 763 661 graec'is,
794 597 1012 662 quaedam
1039 598 1277 659 romanis,
1303 600 1707 664 propriis-eorum
1730 595 1930 666 linguis,
1959 602 2020 649 ad
2039 619 2161 667 quos
2178 603 2518 668 dirigebantur,

400 676 543 724 scribi
582 686 774 725 necesse
811 678 912 725 fuit.
948 678 1165 726 Primum
1197 679 1399 744 ‘quidem
1429 680 1737 745 Evangelium
1771 682 2037 729 secundum
2054 682 2368 744 Mafflwaeum,
2404 685 2526 732 sicut

399 755 606 813 Hebraeis
619 794 633 818 ,
651 758 720 805 sic
735 757 956 806 hebraice
974 759 1132 823 primo
1157 760 1388 825 scriptum
1407 771 1493 807 est.
1526 761 1787 827 Epistulam
1813 779 2009 827 quoque
2037 764 2169 810 Pauli
2186 764 2247 812 ad
2266 764 2489 812 Hebraeos
2509 802 2520 824 ,

402 845 450 883 et·
470 837 635 886 Jacobi
657 839 720 886 ad
740 838 1008 887 >duodecim
1043 839 1194 887 tribus
1227 843 1327 904 jam
1361 840 1627 906 dispersas,
1664 852 1711 888 et
1748 843 1873 889 Petri
1908 843 2148 904 similiter,
2194 855 2240 892 et
2269 846 2525 893 nonnullas

401 916 611 969 fortassis
631 919 746 967 alias
770 919 940 968 eadem
964 921 1147 968 ratione
1173 931 1357 969 constat
1384 938 1485 970 esse
1510 923 1706 988 scriptas
1732 922 1969 970 hebraice.
1995 924 2066 970 Ad
2085 927 2282 972 Graecos
2301 943 2415 972 vero
2435 927 2524 974 tria

404 999 657 1062 Evangelia
680 1016 829 1064 graece
852 1001 960 1064 quis
984 1000 1168 1048 dubitet
1203 1019 1303 1049 esse
1341 1003 1515 1067 scripta
1533 1039 1546 1062 ‚
1586 1013 1633 1050 et
1669 1020 1981 1068 quascunque
2005 1005 2229 1070 epistolas
2263 1016 2361 1052 tam
2393 1007 2524 1053 Pauli

403 1093 549 1140 quam
564 1088 852 1128 ¹caeterorum
878 1080 939 1127 ad
963 1097 1046 1128 eos
1071 1081 1330 1128 destinatas
1345 1118 1357 1140 ,
1378 1098 1470 1128 nec
1491 1098 1592 1128 non
1612 1092 1659 1129 et
1673 1083 2012 1147 Apocalypsim
2028 1085 2090 1132 ad
2108 1096 2290 1149 septem
2307 1087 2525 1134 ecclesias

402 1174 430 1205 a
460 1160 737 1210 sexmissas?
772 1164 925 1208 Unam
963 1178 1079 1208 vero
1109 1162 1171 1210 ad
1197 1165 1449 1210 ,Romanos
1487 1164 1713 1228 scriptam
1751 1163 1882 1211 Pauli
1910 1166 2133 1213 novimus
2163 1168 2442 1231 epistolam,
2476 1179 2526 1216 nt

403 1254 578 1303 parum
603 1256 629 1288 a
651 1240 792 1289 nobis
811 1241 997 1304 ‚habere
1024 1257 1115 1289 nos
1130 1243 1292 1289 Latini
1325 1243 1616 1307 gloriemur,
1655 1254 1703 1291 et
1741 1254 1974 1308 quantum
2008 1245 2152 1293 ‘nobis
2186 1247 2388 1293 aliorum
2420 1260 2529 1295 sunt

401 1318 629 1368 doctrinae
666 1323 939 1371 necessariae
972 1323 1263 1387 cogitemus3
1294 1340 1414 1388 quas
1434 1324 1495 1371 ad
1522 1324 1720 1390 plenum
1745 1325 1783 1372 si
1822 1341 2111 1390 cognoscere
2135 1328 2410 1374 studeamus
2431 1364 2443 1388 ,
2482 1330 2528 1375 in

398 1399 504 1464 ipso
528 1400 658 1450 fonte
685 1404 834 1467 magis
865 1420 1012 1468 quam
1035 1405 1095 1451 in·
1112 1405 1275 1452 rivulis
1308 1405 1675 1452 translationum
1715 1407 2047 1472 perquirendae
2078 1418 2188 1455 sunt
2224 1427 2233 1455 ε
2272 1411 2529 1473 praesertim

401 1497 571 1544 quumv
592 1498 756 1532 earum
795 1484 991 1532 diversae
1024 1485 1358 1534 translationes
1383 1486 1751 1551 :ambiguitatem
1788 1488 1935 1552 magis
1952 1521 1982 1548 ,-
2008 1505 2157 1553 quam
2196 1489 2528 1536 certitudinem

400 1560 569 1611 lectori
592 1576 835 1628 generent.
866 1569 972 1613 Non
995 1567 1127 1614 enim
1153 1567 1287 1615 facile
1314 1568 1383 1615 est
1409 1567 1590 1616 idioma
1608 1605 1620 1629 ,
1649 1569 1796 1616 idest
1826 1570 2167 1635 proprietatem
2203 1570 2529 1635 cujuscunque

401 1640 595 1706 linguae,
621 1644 743 1692 sicut
766 1655 813 1693 et
841 1663 987 1712 supra
1015 1647 1323 1695 meminimus
1338 1685 1351 1708 ,
1369 1675 1373 1688 2
1383 1648 1742 1696 translationem
1767 1664 1955 1697 servare
1971 1686 1983 1710 ,
2015 1660 2061 1697 et
2089 1650 2151 1697 ad
2173 1649 2358 1714 singula
2383 1649 2527 1696 fidam

404 1722 847 1788 interpretationem
870 1724 1239 1775 accommodare
1278 1746 1289 1774 ε
1331 1739 1384 1775 ut
1419 1728 1640 1793 quaelibet
1661 1730 1723 1776 ita
1745 1730 2011 1794 exprimere
2036 1730 2275 1795 possimus
2308 1730 2356 1776 in
2393 1745 2529 1794 pere-

404 1803 566 1866 grina,
602 1806 723 1853 sicut
759 1806 885 1854 dicta
917 1818 1028 1855 sunt
1064 1809 1112 1856 in
1135 1810 1331 1874 propria
1356 1809 1530 1874 lingua.
1562 1813 1681 1858 Nam
1704 1821 1751 1858 et
1774 1811 1823 1857 in
1855 1827 1951 1857 una
1975 1811 2136 1875 lingua
2166 1827 2316 1875 quum
2352 1809 2530 1875 aliquid

402 1899 643 1948 exponere
676 1904 764 1952 per
796 1887 926 1935 aliud
956 1888 1179 1936 volumus
1196 1925 1208 1949 ,
1247 1906 1372 1955 saepe
1400 1890 1675 1951 deficimus,
1716 1908 1866 1956 quum
1895 1891 2096 1939 verbum
2119 1892 2371 1957 proprium
2398 1891 2532 1955 quod

402 1966 609 2030 apertius
634 1966 685 2014 id
714 1968 977 2034 exprimere
1001 1970 1175 2034 possit,
1204 1987 1305 2017 non
1327 1970 1606 2019 habeamus.
1643 1972 1872 2020 Novimus
1893 1982 1941 2019 et
1964 1971 2158 2019 beatum
2184 1972 2530 2036 Hieronymum

401 2045 535 2111 apud*
549 2063 632 2094 eos
656 2049 891 2115 praecipue
911 2050 1059 2098 trium
1082 2050 1255 2098 harum
1278 2051 1549 2117 linguarum
1576 2053 1783 2118 peritum
1801 2088 1813 2112 ,
1849 2052 2056 2099 multum
2076 2053 2127 2099 in
2145 2051 2531 2099 translationibus

403 2127 522 2187 suis,
552 2138 599 2176 et
622 2129 672 2176 in
696 2131 1052 2180 commentariis
1075 2148 1240 2180 earum
1265 2149 1292 2180 a
1320 2149 1370 2181 se
1394 2134 1500 2198 ipso
1527 2150 1881 2198 nonnunquam
1903 2133 2148 2181 dissidere.
2170 2135 2303 2199 Saepe
2320 2150 2530 2199 namque

403 2207 453 2254 in
478 2210 856 2274 expositionibus
883 2213 979 2259 suis
1009 2213 1124 2260 dicit
1153 2232 1163 2260 :
1197 2214 1318 2261 «Sic
1338 2214 1541 2262 habetur
1569 2215 1618 2261 in
1642 2214 1858 2274 hebraeo,
1878 2233 1904 2260 »
1926 2213 2060 2279 quod
2079 2223 2237 2262 tamen
2256 2215 2304 2261 in
2331 2214 2529 2262 transla-

361 2294 364 2296 '
405 2289 615 2338 tionibus
652 2292 752 2355 ejus
782 2293 1047 2341 secundum
1074 2294 1354 2343 hebraicum
1373 2331 1385 2355 ,
1427 2305 1479 2342 ut
1511 2296 1713 2360 ipsemet
1737 2296 1929 2355 asserit,
1973 2295 2107 2343 factis
2143 2311 2244 2342 non
2276 2296 2526 2361 reperitur.

405 2371 533 2426 Quid
558 2373 697 2436 igitur
724 2375 896 2421 mirum
913 2411 925 2434 ,
957 2376 995 2421 si
1018 2375 1193 2423 divensi
1219 2377 1501 2442 interpretes
1525 2377 1587 2424 ab
1621 2378 1826 2424 invicem
1848 2377 2144 2442 discrepent,
2174 2377 2212 2423 si
2240 2393 2364 2424 unus
2389 2377 2531 2424 etiam

404 2466 756 2517 nonnunquam
784 2471 811 2501 a
835 2471 885 2501 se
915 2455 1157 2503 dissonare
1183 2458 1484 2504 inveniatur?
1520 2458 1743 2522 Quisquis
1773 2475 1886 2522 ergo
1912 2458 1973 2505 de
2003 2458 2077 2505 his
2104 2467 2259 2504 certus
2285 2474 2385 2504 esse
2410 2457 2530 2505 desi-

407 2529 567 2591 derat,
606 2549 706 2579 non
731 2534 790 2580 sit
813 2543 1066 2582 contentus
1095 2552 1218 2600 aqua
1245 2537 1415 2597 rivuli,
1447 2537 1532 2584 sed
1555 2539 1810 2603 puritatem
1844 2538 1944 2601 ejus
1973 2537 2034 2584 de
2062 2537 2193 2583 fonte
2220 2538 2454 2601 inquirat¹
2483 2548 2529 2584 et

405 2610 607 2659 hauriat.
635 2616 734 2660 Hac
759 2614 888 2660 enim
910 2615 1093 2663 ratione
1118 2626 1165 2663 et
1190 2616 1434 2663 translatio
1459 2617 1585 2663 beati
1610 2617 1910 2680 Hieronymi,
1939 2632 2044 2681 quae
2067 2616 2324 2664 novissima
2348 2617 2455 2676 fuit,
2484 2627 2529 2664 et

405 2691 465 2738 de
489 2693 594 2757 ipso
619 2693 845 2741 hebraico
869 2695 945 2742 vel
975 2712 1153 2759 graeCO,
1182 2706 1327 2761 prout
1350 2697 1452 2762 ipse
1480 2697 1662 2762 potuit,
1695 2707 1925 2761 tanquam
1952 2696 2013 2743 ab
2041 2697 2222 2761 origine
2250 2696 2393 2744 fontis
2423 2696 2527 2744 dili-

404 2773 590 2836 gentius
611 2774 878 2838 requisivit,
907 2785 1089 2823 veteres
1108 2776 1238 2841 apud
1261 2793 1351 2823 nos
1375 2775 1706 2824 translationes
1728 2777 1966 2842 superavit
1987 2796 1996 2823 :
2021 2786 2067 2824 et
2085 2777 2528 2842 supervenientibus

404 2854 567 2912 novis,
597 2854 720 2901 sicut
742 2855 792 2901 in
817 2855 920 2920 lege
945 2857 1174 2920 scriptum
1199 2867 1293 2916 est,
1322 2867 1482 2905 vetera
1506 2857 1720 2922 projecta
1741 2867 1866 2904 sunt.
1892 2856 2031 2904 Unde
2056 2866 2104 2904 et
2126 2856 2295 2904 Daniel
2310 2858 2352 2904 ²:
2377 2876 2400 2901 «
2420 2861 2529 2904 Per-

407 2934 698 2995 transibunt,
723 2955 745 2980 »
771 2937 925 3001 inquit
941 2973 953 2996 ‚
995 2957 1018 2982 «
1041 2938 1263 3002 plurimi,
1293 2949 1340 2986 et
1361 2938 1608 3004 multiplex
1635 2939 1725 2986 erit
1750 2939 1960 2986 scientia.
2001 2957 2024 2983 υ
2058 2938 2186 2986 Fecit
2209 2939 2528 3003 Hieronymus

406 3031 494 3062 suo
517 3025 734 3081 tempore
761 3017 894 3081 quod
920 3018 1103 3082 potuit,
1134 3029 1181 3066 et
1202 3020 1335 3083 quasi
1363 3019 1495 3066 solus
1522 3019 1571 3065 in
1591 3019 1752 3084 lingua
1779 3019 2054 3084 peregrina,
2083 3034 2172 3065 nec
2200 3016 2414 3078 fidelem,
2444 3019 2529 3066 sed

401 3094 613 3157 judaeum
649 3096 833 3144 habens
867 3097 1175 3163 interpretem
1193 3135 1205 3158 ‚
1240 3099 1374 3163 cujus
1409 3099 1583 3146 auxilio
1611 3099 1872 3164 plurimum
1897 3097 2164 3158 nitebatur,
2198 3098 2318 3145 sicut
2352 3108 2399 3146 et
2427 3099 2528 3164 ipse

406 3185 603 3223 testatur
618 3212 630 3236 ‚
660 3176 821 3224 multis
847 3177 1087 3242 displicuit
1103 3213 1115 3237 ‚
1142 3179 1275 3243 quod
1299 3179 1629 3227 translationes
1652 3180 1752 3243 jam
1771 3179 1914 3226 factas
1934 3177 2151 3226 sufficere
2173 3194 2272 3225 non
2292 3177 2494 3226 credidit
2514 3197 2523 3225 :

408 3267 454 3302 et
481 3256 593 3320 quia
618 3258 819 3322 perstitit
840 3258 887 3304 in
911 3259 1161 3324 proposito
1178 3295 1190 3319 ‚
1227 3259 1339 3307 vicit
1371 3259 1627 3324 adjuvante
1651 3263 1754 3307 Deo
1769 3295 1781 3318 ,
1819 3268 2048 3323 tanquam
2072 3258 2192 3306 illud
2216 3257 2526 3306 Ecclesiastici

408 3337 655 3385 attendens
677 3348 723 3385 et
747 3339 995 3404 complens
1013 3342 1027 3364 ³
1055 3358 1065 3386 ε
1096 3359 1120 3384 «
1145 3339 1215 3386 Ad
1238 3339 1421 3387 fontem
1445 3340 1576 3388 unde
1602 3349 1777 3388 exeunt
1802 3339 1999 3387 flumina
2016 3349 2343 3399 revertuntur,
2366 3348 2419 3386 ut
2442 3339 2527 3385 ite-

456 3523 464 3539 ¹
494 3524 645 3564 acquirat
661 3524 744 3558 Cod.
759 3524 845 3559 vict.
864 3543 903 3549 —
922 3525 935 3542 ²
951 3525 1049 3567 Dan„
1070 3536 1144 3570 cap.
1162 3537 1227 3566 ιιι,
1244 3537 1276 3560 ν.
1294 3528 1328 3559 4.
1349 3545 1385 3551 --
1402 3526 1415 3544 ⁸
1433 3527 1553 3565 Eccli„
1572 3536 1647 3570 cap.
1667 3537 1697 3566 ι,
1712 3536 1744 3558 v.
1761 3527 1794 3558 7.
