2970 4152
527 366 619 412 178
1108 369 1277 415 PETRI
1319 369 1627 415 ABAELARDI
1661 369 1734 415 ET
1768 368 2071 415 HELOlSSAE

523 459 672 519 tibus,
712 460 785 508 vel
826 460 1113 524 quibuslibet
1151 462 1541 523 advenientibus,
1575 473 1617 510 et
1652 462 1714 511 de
1740 464 1796 510 iis
1832 461 2108 510 nuntiandis
2139 459 2213 507 vel
2240 459 2538 507 adducendis
2565 459 2647 507 ubi

524 550 772 606 oporteat,
797 550 842 587 et
861 540 922 586 de
947 557 1061 588 cura
1085 540 1431 607 hospitalitatis.
1456 546 1591 590 Hanc
1608 553 1743 591 aetate
1768 552 1813 590 et
1830 551 1989 588 mente
2009 540 2262 588 discretam
2281 557 2382 587 esse
2403 540 2646 598 convenit,

524 631 576 667 ut
599 622 713 667 sciat
733 621 946 685 accipere
975 637 1259 686 responsum
1281 632 1334 670 et
1358 622 1559 671 reddere
1576 660 1590 682 ,
1618 634 1664 671 et
1689 623 1770 687 qui
1795 622 1871 670 vel
1897 621 2098 685 qualiter
2122 613 2410 685 suscipiendi
2433 620 2527 666 sint
2542 655 2554 679 ,
2589 635 2649 666 an

525 717 624 747 non
650 701 744 747 sint
762 736 774 758 ,
804 700 1080 763 dijudicare.
1111 705 1178 749 Ex
1210 720 1305 768 qua
1335 704 1540 751 maxime
1569 688 1797 768 tanquam
1817 720 1875 749 ex
1891 700 2124 749 vestibulo
2147 701 2343 748 Domini
2376 700 2651 765 religionem

526 782 800 828 monasterii
824 782 1042 829 decorari
1066 795 1283 849 oportet,
1306 803 1456 850 quum
1481 785 1542 833 ab
1568 787 1669 850 ipsa
1693 785 1794 847 ejus
1819 784 1987 831 notitia
2003 783 2211 848 incipiat.
2236 783 2305 830 Sit
2322 783 2463 846 igitur
2477 781 2654 830 blanda

525 859 709 921 verbis,
739 862 865 908 mitis
897 862 1106 927 alloquio
1127 901 1138 923 ‚
1181 875 1233 912 ut
1264 866 1310 912 in
1347 866 1421 912 his
1451 882 1646 930 quoque
1676 881 1799 929 quos
1829 863 2108 923 excluserit,
2142 863 2447 910 convenienti
2469 861 2666 909 reddita.

528 940 709 987 ratione
734 941 1013 989 charitatem
1049 945 1236 991 studeat
1274 944 1522 992 aedificare.
1554 946 1676 991 Hinc
1713 945 1842 991 enim
1881 944 2112 1009 scriptum
2147 946 2246 990 est¹
2287 960 2297 989 ε
2342 941 2654 1006 «Responsio

529 1019 683 1066 mollis
708 1020 876 1085 frangit
902 1022 1021 1069 iram
1041 1059 1053 1083 ,
1082 1040 1240 1071 sermo
1266 1025 1413 1072 durus
1435 1025 1629 1071 suscitat
1653 1024 1880 1071 furorem.
1909 1043 1932 1067 »
1966 1026 2023 1070 Et
2042 1023 2154 1070 alibi
2170 1025 2215 1069 ²:
2242 1043 2264 1067 «
2286 1021 2496 1070 Verbum
2516 1020 2655 1068 dulce

529 1100 810 1166 multiplicat
834 1103 1039 1160 amicos,
1070 1114 1115 1151 et
1144 1105 1322 1169 mitigat
1347 1106 1580 1152 inimicos.
1606 1124 1629 1149 »
1662 1107 1767 1169 Ipsa
1792 1121 1985 1168 quoque
2005 1104 2172 1169 saepius
2196 1119 2429 1168 pauperes
2454 1101 2623 1149 videns
2639 1138 2652 1161 ,

531 1180 792 1245 meliusque
806 1199 1118 1246 cognoscens,
1136 1186 1279 1249 siqua
1298 1185 1364 1231 013
1384 1185 1444 1231 de
1463 1184 1581 1231 cibis
1601 1195 1683 1231 aut
1698 1185 1990 1231 vestimentis
2009 1182 2337 1230 distribuenda
2355 1192 2482 1241 sunt,
2505 1181 2658 1230 distri·-

530 1260 675 1308 buet:
703 1272 800 1308 tam
830 1263 931 1327 ipsa
959 1280 1075 1311 vero
1100 1282 1245 1329 quam
1277 1275 1454 1312 caeterae
1473 1264 1697 1312 officiales
1714 1300 1726 1323 ,
1764 1265 1803 1311 si
1836 1264 2059 1328 suffragio
2090 1263 2166 1310 vel
2195 1263 2364 1310 solatio
2393 1262 2658 1327 aliquarum

532 1342 773 1406 eguerint,
815 1342 990 1390 dentur
1025 1345 1091 1391 eis
1128 1362 1156 1392 a
1181 1345 1446 1392 diaconissa
1469 1346 1668 1392 vicariae.
1705 1348 1834 1402 Quas
1862 1345 2100 1410 praecipue
2125 1343 2185 1391 de
2211 1344 2453 1390 conversis
2483 1345 2660 1390 assumi

532 1424 783 1483 convenit,
812 1441 873 1471 ne
898 1424 1053 1488 aliqua
1075 1442 1288 1489 unquam
1322 1425 1602 1472 monialium
1636 1425 1808 1472 divinis
1838 1425 1961 1472 desit
1996 1424 2190 1483 officiis,
2226 1424 2324 1470 sive
2348 1423 2556 1488 capitulo
2584 1423 2661 1471 vel

533 1503 800 1550 refectorio.
825 1504 1179 1551 Domunculam
1195 1505 1327 1568 juxta
1347 1515 1535 1570 portam
1554 1505 1727 1552 habeat
1745 1541 1755 1563 ,
1786 1505 1834 1551 in
1854 1522 1950 1569 qua
1967 1506 2069 1569 ipsa
2086 1504 2162 1550 vel
2180 1504 2281 1566 ejus
2300 1503 2472 1550 vicaria
2491 1512 2660 1568 praesto

533 1584 587 1630 sit
615 1601 801 1649 semper
820 1585 1182 1632 advenientibus
1199 1622 1210 1644 ,
1248 1585 1331 1632 ubi
1355 1586 1498 1633 etiam
1523 1586 1687 1632 otiosae
1717 1602 1817 1632 non
1845 1580 2098 1644 maneant,
2127 1594 2175 1631 et
2210 1593 2343 1630 tanto
2376 1582 2580 1648 amplius
2603 1584 2662 1630 si-

534 1663 680 1710 lentio
713 1663 966 1723 studeant,
995 1675 1177 1729 quanto
1203 1682 1366 1713 earum
1393 1665 1658 1729 loquacitas
1692 1666 1767 1712 his
1798 1682 1994 1729 quoque
2024 1665 2107 1728 qui
2140 1674 2271 1711 extra
2306 1673 2445 1723 sunt,
2482 1662 2663 1711 facilius

535 1754 692 1808 potest
714 1745 1028 1792 innotescere.
1067 1746 1220 1810 Ipsius
1256 1746 1470 1811 profecto
1498 1756 1568 1793 est
1599 1762 1697 1792 non
1727 1745 1884 1792 solum
1909 1745 2159 1803 homines,
2191 1760 2314 1808 quos
2338 1753 2559 1808 oportet,
2596 1759 2666 1790 ar-

536 1841 667 1884 cere;
696 1825 1009 1872 verumetiam
1037 1842 1256 1873 rumores
1290 1826 1479 1891 penitus
1514 1826 1791 1883 excludere,
1820 1843 1881 1873 ne
1908 1825 1971 1872 ad
2000 1834 2292 1873 conventum
2319 1834 2498 1870 temere
2531 1823 2662 1871 defe—

536 1916 715 1965 rantur,
739 1916 786 1952 et
806 1905 866 1952 ab
885 1906 986 1970 ipsa
1006 1915 1076 1953 est
1095 1907 1381 1970 exigendum
1399 1907 1633 1971 quidquid
1651 1908 1700 1953 in
1719 1907 1812 1954 hoc
1831 1923 2024 1970 quoque
2045 1905 2182 1952 fuerit
2200 1921 2460 1952 excessum.
2484 1904 2532 1950 Si
2548 1903 2666 1968 quid

538 2003 651 2034 ver-o
671 1986 871 2033 audierit
896 1987 1029 2051 quod
1054 1988 1174 2034 scitu
1199 2005 1321 2052 opus
1347 1989 1435 2047 sit,
1471 1988 1531 2035 ad
1558 1987 1876 2035 diaconissam
1901 1997 2082 2034 secreto
2111 1987 2308 2045 referet,
2338 1995 2391 2032 ut
2408 1985 2509 2050 ipsa
2523 2001 2667 2050 super

539 2068 656 2126 hoc,
693 2067 730 2113 si
755 2066 937 2132 placet,
966 2067 1210 2115 deliberet.
1241 2071 1350 2114 Mox
1389 2078 1549 2115 autem
1586 2078 1638 2115 ut
1670 2068 1731 2115 ad
1761 2078 1950 2133 portam
1980 2067 2220 2132 pulsatum
2253 2065 2330 2113 vel
2358 2065 2666 2113 inclamatum

541 2148 704 2207 fuerit,
734 2164 837 2211 quae
855 2157 1026 2211 praesto
1053 2158 1123 2194 est
1147 2158 1324 2212 quaerat
1349 2165 1377 2195 a
1405 2147 1850 2213 supervenientibus
1870 2148 1953 2212 qui
1969 2149 2064 2194 sint
2079 2183 2091 2206 ,
2120 2155 2202 2193 aut
2225 2146 2343 2210 quid
2361 2145 2532 2204 velint,
2555 2161 2666 2210 por-

542 2239 750 2293 tamque,
771 2228 806 2274 si
828 2228 1110 2292 oportuerit,
1134 2229 1291 2275 statim
1310 2229 1505 2293 aperiat,
1536 2239 1587 2276 ut
1606 2229 1912 2276 advenientes
1930 2229 2168 2292 suscipiat.
2186 2226 2319 2273 Solas
2336 2227 2513 2291 quippe
2533 2226 2665 2273 femi-

543 2327 625 2356 nas
659 2310 786 2355 intus
817 2308 1046 2373 hospi-tari
1078 2308 1252 2356 licebit.
1285 2310 1383 2356 Viri
1418 2319 1578 2356 autem
1612 2309 1675 2356 ad
1710 2308 1975 2356 monachos
2005 2309 2284 2372 dirigentur.
2322 2306 2487 2354 Nullus
2510 2307 2668 2371 itaque

542 2390 696 2455 aliqua
722 2390 782 2436 de
816 2406 955 2435 causa
975 2389 1101 2435 intus
1121 2390 1396 2437 admittetur
1415 2426 1426 2447 ,
1458 2390 1548 2436 nisi
1579 2389 1797 2436 consulta
1827 2390 1958 2454 prius
1983 2399 2031 2436 et
2049 2388 2249 2452 jubente
2275 2386 2556 2433 diaconissa.
2583 2389 2668 2433 Fe·

545 2472 682 2519 minis
700 2481 860 2517 autem
876 2469 1032 2516 'statim
1049 2469 1230 2535 patebit
1247 2471 1483 2517 introitus.
1506 2472 1756 2535 Susceptas
1768 2485 1881 2517 vero
1901 2470 2116 2527 feminas,
2137 2486 2221 2516 seu
2241 2470 2367 2516 viros
2385 2483 2671 2532 quacunque

544 2553 794 2600 occasione
819 2552 1115 2598 introeuntes
1139 2551 1349 2615 portaria
1366 2552 1415 2597 in
1435 2550 1605 2598 cellula
1624 2567 1708 2597 sua
1722 2567 1919 2615 pausare
1934 2552 1964 2610 ³,
1992 2550 2156 2609 faciet,
2186 2550 2342 2597 donec
2360 2566 2388 2596 a
2406 2548 2672 2598 diaconissa

547 2633 617 2680 vel
642 2632 917 2690 sororibus,
947 2631 986 2677 si
1010 2631 1330 2678 necessarium
1367 2641 1438 2678 est
1460 2631 1537 2678 vel
1566 2641 1923 2696 opportunum,
1963 2631 2030 2678 eis
2055 2640 2348 2683 occurratur.
2381 2627 2671 2693 Pauperibus

548 2731 659 2761 vero
690 2730 795 2778 quae
831 2712 1075 2759 ablutione
1106 2712 1284 2776 pedum
1315 2711 1557 2776 indigent,
1595 2712 1720 2760 hanc
1750 2728 1945 2776 quoque
1977 2711 2308 2776 hospitalitatis
2342 2710 2540 2774 gratiam
2570 2709 2672 2773 ipsa

547 2794 812 2841 diaconissa
840 2809 922 2839 seu
949 2808 1138 2839 sorores
1168 2792 1420 2856 diligenter
1449 2791 1720 2839 exhibeant.
1750 2795 1869 2839 Nam
1895 2801 1942 2838 et
1970 2791 2219 2855 Apostolus
2239 2807 2294 2838 ex
2313 2790 2408 2836 hoc
2437 2788 2673 2854 praecipue

546 2873 852 2921 humanitatis
872 2873 1104 2936 obsequio
1125 2872 1278 2919 dictus
1298 2882 1367 2920 est
1393 2872 1639 2920 diaconus.
1664 2873 1796 2919 Sicut
1818 2873 1867 2919 in
1888 2874 2009 2920 Vitis
2027 2889 2221 2936 quoque
2245 2875 2447 2918 Patram
2476 2868 2673 2934 quidam

548 2959 760 3022 ipsorum
791 2946 1036 3015 meminit,
1074 2954 1237 3002 dicens
1254 2956 1267 2980 ⁸
1300 2973 1310 3000 ε
1346 2973 1370 2999 «
1394 2957 1594 3019 Propter
1619 2965 1664 3002 te
1688 2954 1839 3002 homo
1866 2954 2070 3002 salvator
2093 2954 2242 3002 factus
2269 2954 2526 3011 diaconus,
2558 2967 2674 3017 prae-

549 3038 742 3100 cingens
761 3053 810 3082 se
829 3036 996 3094 linteo,
1020 3035 1133 3082 lavit
1149 3034 1295 3100 pedes
1315 3034 1658 3099 discipulorum
1670 3070 1682 3094 ,
1699 3035 1980 3100 praecipiens
1998 3035 2064 3082 eis
2081 3034 2279 3083 fratrum
2297 3033 2444 3099 pedes
2463 3032 2671 3079 lavare.»

553 3118 671 3163 Hinc
691 3117 944 3181 Apostolus
964 3117 1024 3163 de
1044 3116 1309 3163 diaconissa
1335 3115 1552 3161 meminit
1566 3151 1580 3173 ‚
1607 3115 1770 3161 dicens
1786 3118 1798 3139 ⁵
1823 3134 1832 3161 :
1865 3136 1887 3159 «
1909 3116 1957 3162 Si
1974 3115 2181 3181 hospitio
2200 3114 2408 3179 recepit,
2431 3114 2470 3160 si
2486 3121 2675 3159 sancto-

551 3214 656 3244 rum
676 3197 822 3261 pedes
841 3196 967 3243 lavit.
997 3216 1019 3240 υ
1053 3199 1111 3243 Et
1135 3197 1234 3261 ipse
1260 3196 1495 3242 Dominus
1519 3213 1528 3241 :
1563 3215 1585 3238 «
1609 3198 1818 3259 Hospes,
1845 3215 1869 3240 »
1901 3197 2055 3260 inquit
2073 3198 2085 3220 ⁵
2100 3231 2113 3255 ,
2139 3215 2161 3240 α
2183 3211 2338 3254 eram,
2359 3204 2406 3240 et
2425 3191 2676 3255 collegistis

598 3405 607 3422 ¹
634 3408 749 3444 Prov„
767 3417 841 3449 cap.
863 3417 916 3443 xv.
939 3417 969 3437 v.
997 3410 1022 3438 1.
1039 3424 1082 3430 -«
1099 3405 1111 3422 ²
1127 3407 1247 3444 Eccli„
1275 3417 1349 3448 cap.
1375 3417 1405 3448 γι
1420 3431 1427 3443 ,
1451 3416 1481 3437 v.
1513 3406 1544 3438 5.
1564 3423 1598 3428 -
1618 3404 1631 3422 ³
1646 3406 1789 3443 Morari,
1814 3404 1908 3437 RMS.
1930 3421 1967 3427 -—
1986 3403 2000 3420 ⁴
2026 3405 2085 3437 Vix.
2119 3405 2274 3440 Patr-um,
2300 3402 2357 3435 lib.
2384 3401 2426 3434 vl
2442 3426 2450 3440 ,
2481 3412 2513 3444 p.
2542 3400 2618 3433 658.
2633 3415 2677 3424 —

554 3467 566 3481 '¹
589 3466 722 3499 Timoth.
743 3467 776 3504 I,
793 3476 867 3508 cap.
888 3476 918 3504 v,
936 3477 965 3498 v.
986 3467 1088 3498 10.-
1104 3465 1257 3504 “Matth.,
1273 3475 1345 3508 cap.
1365 3475 1443 3504 xxv,
1463 3475 1492 3496 v.
1515 3465 1569 3497 35.
