2970 4152
1254 448 1566 495 EPISTOLAE.
2401 456 2461 500 89

356 536 450 582 mei
479 539 626 584 animi
656 538 881 602 profitear
918 538 1261 598 infirmitatem,
1294 558 1388 604 qua
1421 543 1699 605 poenitentia
1732 546 1886 589 Deum
1922 543 2107 606 placare
2144 543 2324 590 valeam
2362 562 2460 591 non

354 616 564 675 invenio,
577 634 719 681 quem
740 635 882 683 super
890 618 980 665 hac
999 635 1186 684 semper
1202 620 1374 682 injuria
1394 638 1591 683 summae
1610 621 1898 668 crudelitatis
1914 639 2085 686 arguo;
2102 632 2148 669 et
2164 623 2265 686 ejus
2275 623 2463 692 dispen-

353 697 524 743 sationi
561 699 821 757 contraria,
860 700 1007 762 magis
1040 715 1151 746 eum
1185 715 1240 747 ex
1277 699 1604 763 indignatione
1643 700 1860 759 offendo,
1896 718 2039 764 quam
2083 719 2137 749 ex
2158 704 2463 766 poeniteutiae

352 777 695 824 satisfactione¹
721 778 900 841 mitigo.
938 779 1198 835 Quomodo
1225 780 1364 826 etiam
1390 781 1666 844 poenitentia
1702 791 2006 844 peccatorum
2043 781 2230 842 dicitur,
2266 794 2464 847 quanta-

352 870 542 919 cunque
563 857 622 903 sit
645 859 859 921 corporis
877 857 1068 904 afflictio
1084 895 1096 917 ,
1127 859 1165 904 si
1190 875 1326 905 mens
1347 859 1504 905 adhuc
1529 860 1679 923 ipsam
1701 860 1934 923 peccandi
1953 862 2122 907 retinet
2140 862 2432 909 voluntatem
2447 901 2458 923 ,

351 946 399 982 et
421 937 628 1000 pristinis
661 947 824 983 aestuat
847 937 1126 984 desideriis?
1154 939 1305 986 Facile
1336 939 1531 1003 quidem
1564 950 1634 986 est
1666 939 1926 1003 quemlibet
1962 941 2237 988 confitendo
2271 955 2461 1007 peccata

350 1017 556 1079 seipsum
582 1033 825 1076 accusare,
855 1028 936 1064 aut
960 1019 1100 1064 etiam
1127 1019 1176 1064 in
1202 1019 1423 1065 exteriori
1447 1020 1763 1066 satisfactione
1789 1036 1963 1083 corpus
1985 1020 2213 1084 affligere3
2243 1021 2461 1069 difficilli-

350 1111 484 1141 mum
510 1113 622 1142 vero
650 1107 721 1143 est
749 1114 776 1143 a
805 1097 1051 1144 desideriis
1081 1098 1396 1145 maximarum
1423 1099 1723 1164 voluptatum
1754 1099 1953 1146 avellere
1988 1101 2217 1147 animum.
2255 1103 2392 1148 Unde
2418 1115 2464 1150 et

350 1175 520 1222 merito
554 1186 742 1222 sanctus
779 1176 901 1222 Joh²
921 1194 1072 1240 quum
1107 1178 1406 1242 praemisisset
1434 1198 1443 1224 :
1478 1199 1501 1224 «
1525 1179 1771 1225 Dimittam
1808 1178 2061 1226 adversum
2104 1197 2182 1226 me
2220 1180 2461 1244 eloquium

349 1270 509 1300 meum
526 1290 539 1313 ,
558 1274 581 1298 υ
601 1256 650 1302 id
668 1265 739 1302 est
762 1255 930 1302 laxabo
955 1256 1166 1320 linguam
1180 1293 1192 1316 ,
1216 1268 1262 1304 et
1281 1259 1494 1322 aperiam
1519 1275 1574 1305 os
1597 1275 1684 1323 per
1708 1258 2057 1305 confessionem
2082 1260 2130 1306 in
2158 1270 2463 1324 peccatorum

348 1350 566 1382 meorum
591 1337 958 1396 accusationem,
982 1338 1139 1384 statim
1159 1337 1397 1400 adjunxit³
1416 1357 1425 1384 :
1453 1359 1476 1382 «
1498 1342 1687 1403 Loquar
1708 1340 1756 1385 in
1779 1340 2093 1386 amaritudine
2109 1340 2278 1386 animae
2294 1357 2424 1387 meae.
2438 1362 2459 1384 »

347 1417 491 1473 Quod
526 1417 691 1464 beatus
732 1435 974 1483 exponens
1004 1420 1321 1483 Gregorius‘:
1348 1440 1370 1464 «
1395 1423 1538 1476 Sunt,
1567 1440 1589 1464 υ
1619 1421 1799 1484 inquit,
1841 1441 1862 1465 «
1895 1420 2144 1480 nonnulli,
2181 1422 2263 1485 qui
2294 1424 2464 1486 apertis

345 1497 544 1544 vocibus
569 1499 730 1563 culpas
755 1500 976 1559 fatentur,
999 1500 1083 1547 sed
1103 1510 1261 1547 tamen
1287 1501 1335 1547 in
1362 1501 1662 1548 confessione
1696 1518 1884 1564 gemere
1917 1502 2156 1559 nesciunt,
2185 1511 2232 1548 et
2258 1502 2462 1564 lugenda

346 1578 606 1641 gaudentes
627 1578 807 1626 dicunt.
829 1599 852 1623 »
885 1599 906 1624 «
923 1580 1085 1627 Unde⁵
1103 1581 1186 1644 qui
1201 1580 1365 1645 culpas
1383 1598 1490 1628 suas
1509 1581 1748 1628 detestans
1765 1582 1995 1645 loquitur,
2019 1592 2159 1628 restat
2180 1599 2373 1629 necesse
2392 1594 2460 1629 est

346 1668 398 1704 ut
416 1658 502 1704 has
517 1659 564 1705 in
591 1660 906 1706 amaritudine
930 1660 1099 1706 animae
1113 1662 1126 1683 ⁶
1149 1659 1388 1723 loquatur,
1414 1671 1465 1707 ut
1483 1660 1583 1708 haec
1602 1662 1704 1725 ipsa
1721 1661 1990 1708 amaritudo
2008 1662 2199 1725 puniat⁷
2223 1661 2456 1725 quidquid

344 1737 504 1802 lingua
521 1757 607 1803 per
627 1741 796 1786 mentis
810 1740 1043 1802 judicium
1063 1750 1265 1787 accusat.
1293 1761 1315 1784 »
1337 1740 1430 1787 Sed
1454 1741 1553 1788 haec
1572 1740 1767 1805 quidem
1794 1741 2062 1787 amaritudo
2090 1757 2208 1787 verae
2225 1743 2457 1805 poeniten-

343 1818 418 1864 tiae
443 1834 588 1881 quam
616 1834 720 1884 rara
755 1819 812 1864 sit
837 1818 1002 1865 beatus
1028 1819 1276 1882 diligenter
1296 1819 1546 1867 attendens
1572 1820 1845 1866 Ambrosius
1863 1823 1876 1844 ⁸
1899 1839 1909 1866 ε
1939 1840 1961 1864 «
1985 1820 2203 1879 Facilius,
2229 1839 2251 1863 »
2274 1821 2451 1884 inquit,

347 1917 369 1940 α
389 1899 547 1945 inveni
565 1899 647 1961 qui
667 1899 988 1946 innocentiam
1008 1911 1338 1957 servaverunt,
1368 1917 1512 1964 quam
1536 1902 1619 1964 qui
1642 1901 1969 1965 poenitentiam
1993 1911 2206 1964 egerunt.
2233 1919 2255 1943 »
2278 1904 2330 1946 In
2359 1911 2456 1946 tan-

344 1988 445 2024 tum
474 1995 587 2025 vero
612 1978 726 2038 illae,
755 1995 873 2043 quas
901 1980 1076 2044 pariter
1100 1980 1422 2039 exercuimus,
1447 1981 1710 2027 amantium
1736 1980 2001 2044 voluptates
2024 1979 2186 2026 dulces
2214 1979 2331 2024 mihi
2357 1980 2455 2026 fue-

343 2068 476 2116 runt,
506 2068 558 2105 ut
583 2074 671 2105 nec
698 2057 947 2123 displicere
973 2058 1113 2119 mihi,
1143 2076 1231 2106 nec
1255 2060 1332 2106 vix
1360 2076 1388 2106 a
1414 2060 1645 2106 memoria
1673 2059 1765 2106 labi
1795 2059 1994 2123 possint.
2018 2061 2319 2140 Quocunque
2349 2059 2455 2105 loco

342 2153 420 2184 me
444 2148 623 2185 vertam
639 2175 650 2197 ,
681 2155 869 2203 semper
897 2156 947 2186 se
971 2140 1121 2186 oculis
1149 2140 1265 2186 meis
1289 2156 1400 2186 cum
1425 2141 1521 2186 suis
1545 2140 1765 2203 ingerunt
1790 2138 2051 2185 desideriis.
2074 2140 2167 2184 Nec
2187 2140 2328 2184 etiam
2349 2138 2457 2184 dor-

341 2218 506 2264 mienti
530 2220 626 2265 suis
647 2218 945 2266 illusionibus
968 2230 1185 2284 parcunt.
1210 2223 1337 2267 Inter
1362 2221 1462 2285 ipsa
1482 2221 1733 2266 missarum
1767 2218 2024 2276 solemnia,
2056 2217 2135 2264 ubi
2161 2219 2326 2282 purior
2355 2235 2455 2264 esse

338 2297 481 2345 debet
495 2299 668 2356 oratio,
682 2298 891 2345 obscena
906 2315 1069 2346 earum
1080 2299 1379 2364 voluptatum
1399 2300 1728 2364 phantasmata
1748 2299 1810 2345 ita
1825 2298 1914 2345 sibi
1932 2299 2120 2362 penitus
2141 2299 2451 2345 miserrimam

339 2379 578 2442 captivant
597 2381 611 2403 ⁹
635 2380 866 2435 animam,
911 2389 960 2425 ut
991 2379 1366 2443 turpitudinibus
1398 2379 1488 2425 illis
1519 2380 1668 2442 magis
1701 2395 1845 2441 quam
1882 2379 2087 2424 orationi
2123 2394 2305 2426 vacem.
2341 2381 2455 2435 Quae

339 2473 488 2520 quum
513 2459 820 2521 ingemiscere
838 2458 1040 2505 debeam
1059 2457 1120 2504 de
1147 2459 1435 2516 commissis,
1468 2459 1655 2523 suspiro
1679 2458 1838 2522 potius
1863 2457 1924 2504 de
1943 2458 2140 2503 amissis.
2174 2461 2269 2504 Nec
2299 2457 2453 2503 solum

339 2553 444 2600 quae
462 2537 668 2601 egimus,
689 2537 774 2584 sed
792 2538 897 2584 loca
914 2538 1090 2601 pariter
1110 2546 1156 2583 et
1177 2547 1395 2601 tempora
1423 2539 1471 2583 in
1491 2537 1664 2600 quibus
1683 2537 1782 2583 haec
1801 2537 1981 2599 egimus
1995 2574 2006 2595 ,
2032 2537 2092 2582 ita
2110 2546 2267 2583 tecum
2282 2546 2451 2602 *nostro

337 2617 481 2663 infixa
505 2627 613 2664 sunt
642 2618 829 2676 animo,
858 2627 912 2663 ut
934 2617 983 2662 in
1014 2617 1126 2680 ipsis
1152 2617 1315 2662 omnia
1346 2628 1503 2663 tecum
1536 2633 1698 2680 agam,
1735 2633 1823 2662 nec
1849 2616 2092 2662 dormiens
2119 2616 2260 2667 etiam
2291 2615 2351 2661 ab
2380 2616 2452 2661 his

337 2698 592 2760 quiescam.
614 2699 970 2760 Nonnunquam
990 2706 1038 2742 et
1050 2699 1075 2720 ¹⁰
1100 2696 1204 2760 ipso
1235 2706 1369 2742 motu
1401 2698 1616 2761 corporis
1649 2696 1795 2742 animi
1821 2696 1915 2742 mei
1942 2695 2251 2758 cogitationes
2284 2695 2451 2759 depre-

335 2776 629 2836 henduntur,
658 2793 747 2823 nec
771 2793 798 2822 a
826 2775 979 2822 verbis
1008 2785 1275 2840 temperant
1294 2776 1577 2840 improvisis.
1601 2778 1644 2822 O
1663 2792 1773 2827 vere
1792 2791 1869 2822 me
1895 2775 2141 2831 miseram,
2164 2784 2206 2820 et
2228 2773 2304 2820 illa
2330 2790 2451 2820 con-

336 2858 584 2919 questione
595 2860 618 2882 ¹¹
639 2856 988 2920 ingemiscentis
1006 2856 1175 2902 animae
1193 2854 1544 2919 dignissimam!
1573 2875 1595 2900 «
1615 2855 1779 2902 Infelix
1801 2872 1889 2918 ego
1914 2853 2087 2901 homo!
2113 2855 2218 2917 quis
2236 2871 2312 2900 me
2336 2854 2448 2900 libe-

335 2938 457 2984 rabit
491 2937 551 2983 de
584 2953 786 3001 corpore
822 2936 988 2982 mortis
1012 2935 1221 2998 hujusss?
1245 2955 1267 2979 υ
1299 2936 1488 2982 Utinam
1522 2945 1569 2982 et
1601 2935 1733 2999 quod
1764 2935 1977 2997 sequitur
2012 2935 2236 2980 veraciter
2272 2933 2447 2980 addere

334 3016 535 3083 queam!
569 3037 592 3062 «
613 3017 772 3063 Gratia
805 3017 892 3063 Dei
923 3033 1008 3081 per
1031 3019 1191 3063 ,lesum
1218 3016 1455 3063 Christum
1481 3017 1743 3063 Dominum
1772 3025 2005 3061 nostrum.
2031 3035 2052 3057 »
2075 3018 2182 3061 Haec
2201 3024 2247 3061 te
2272 3015 2443 3078 gratia,

334 3098 629 3156 charissime,
658 3097 883 3161 praevenit
897 3132 909 3155 ,
938 3106 986 3142 et
1009 3095 1070 3142 ab
1094 3096 1168 3143 his
1186 3096 1270 3143 tibi
1290 3096 1491 3143 stimulis
1508 3112 1599 3142 una
1619 3095 1834 3159 corporis
1854 3094 1989 3160 plaga
2009 3094 2250 3143 medendo
2276 3095 2448 3140 multas

334 3179 381 3224 in
421 3179 581 3224 anima
607 3178 811 3235 sanavit,
847 3187 892 3223 et
930 3177 978 3222 in
1017 3193 1115 3240 quo
1148 3177 1233 3223 tihi
1262 3177 1465 3241 amplius
1499 3177 1735 3224 adversari
1771 3179 1898 3222 Deus
1938 3175 2168 3235 creditur,
2215 3177 2449 3240 propitior

380 3348 386 3364 ¹
405 3349 540 3380 Piaculo
556 3347 649 3381 RMS.
664 3366 701 3371 -—
717 3347 729 3364 ¹
747 3349 836 3385 Job„
851 3358 923 3390 cap.
943 3359 980 3385 x,
999 3358 1029 3379 v.
1053 3351 1079 3379 1.
1095 3366 1128 3371 —-
1142 3348 1154 3364 ³
1171 3348 1268 3388 lbi‹l.‚
1285 3347 1364 3380 ibid.
1406 3351 1590 3388 paenitentia
1607 3346 1663 3378 lib.
1685 3346 1710 3378 n
1724 3371 1731 3384 ‚
1747 3357 1820 3388 cap.
1840 3357 1859 3378 x
1871 3371 1878 3382 ,
1904 3346 1982 3387 Opp.
1999 3372 2006 3383 ,
2028 3346 2154 3378 Parisiis
2169 3371 2176 3382 ,
2208 3347 2288 3376 1690
2303 3371 2311 3384 ,
2327 3345 2447 3383 in·fol.,

332 3404 402 3429 -⁴
419 3406 588 3437 Moralium
605 3403 660 3437 tib.
680 3404 742 3445 lx,
766 3415 839 3448 cap.
859 3415 952 3442 xiim,
983 3405 1064 3445 Ορμ.
1091 3404 1238 3444 Parisiis,
1264 3405 1364 3443 1705,
1411 3412 1434 3435 t.
1465 3403 1491 3436 ll
1506 3428 1515 3443 ,
1544 3403 1607 3434 001.
1633 3402 1707 3433 436.
1722 3418 1763 3425 -—
1778 3401 1790 3418 ⁹
1809 3403 1979 3442 Implicant
2006 3401 2099 3434 RMS.
2116 3419 2153 3423 -—
2174 3401 2200 3417 ¹⁰
2223 3402 2327 3432 Etiam
2355 3401 2391 3431 C.
2419 3419 2448 3423 -

332 3461 455 3498 in-sol..
474 3468 498 3492 t.
518 3461 544 3501 l,
559 3460 900 3500 cot.319.-⁸lbid.,
915 3471 985 3503 cap,
1004 3471 1090 3493 κων.
1109 3480 1137 3484 -
1151 3461 1262 3493 “Inter
1278 3471 1368 3492 acer·
1415 3460 1440 3476 ¹¹
1464 3461 1597 3498 Querela
1619 3457 1713 3490 RMS.
1730 3474 1772 3480 —
1789 3456 1817 3473 ¹⁸
1836 3458 1944 3497 Rom,
1963 3468 2036 3500 cap.
2059 3469 2117 3494 vu,
2139 3469 2168 3489 v.
2190 3459 2260 3488 ”Ma

332 3518 474 3549 hissimos
503 3518 629 3549 dolores
654 3516 747 3549 Rus.
765 3535 799 3540 —-
819 3516 829 3533 ⁷
849 3517 887 3548 Ue
905 3516 938 3548 hi
956 3519 1091 3556 puniam
1118 3516 1210 3548 luis.
1233 3534 1266 3538 —-
1289 3515 1300 3531 '¹
1325 3516 1368 3547 De
1539 3525 1570 3552 ν,

519 3586 528 3614 Ι
2217 3573 2263 3609 12
