2970 4152
1008 349 1103 432 DE⁸
1119 386 1522 434 ELEEMOSYNA·
1546 388 1760 433 SERMO.
2355 391 2447 437 549

335 497 544 544 mosynae
566 480 758 543 largitas
780 480 913 544 quasi
935 479 1132 544 proprio
1150 479 1251 542 jam
1272 478 1348 525 vel
1371 479 1563 542 speciali
1584 480 1780 526 nomine
1804 480 1974 526 caritas
1996 481 2157 527 vocari
2179 482 2441 528 consuevit.

334 562 410 607 Sic
443 578 469 607 e
499 560 740 607 contrario
776 559 1032 606 obduratio
1063 558 1237 605 mentis
1270 558 1319 604 in
1348 574 1581 623 pauperes
1615 560 1819 606 maxime
1852 559 2070 623 frigidam
2098 571 2308 607 mentem
2346 578 2446 608 esse

333 642 592 699 convincit,
619 651 665 687 et
690 640 751 687 ab
780 641 914 687 omni
935 639 1140 686 caritatis
1167 639 1277 702 igne
1304 639 1539 702 privatam
1555 677 1567 699 ,
1603 640 1725 686 sicut
1752 641 1980 704 seriptum
2003 642 2094 687 est¹
2115 659 2125 687 ε
2150 660 2172 685 «
2200 641 2293 698 Qui
2316 643 2444 687 enim

333 737 434 767 non
455 721 608 784 diligit
629 720 901 784 proximum
923 736 1068 783 quem
1091 718 1238 777 videt,
1267 721 1422 764 Deum
1445 735 1591 782 quem
1612 735 1713 765 non
1730 720 1861 766 videt
1884 721 2133 783 quomodo
2156 731 2313 785 potest
2337 721 2443 767 dili-

333 800 468 863 gere?
488 820 508 844 »)
529 803 655 845 Bene
676 799 836 863 itaque
853 798 979 845 hanc
1002 798 1375 845 obstinationem
1392 798 1539 844 animi
1555 798 1857 861 frigidissimo
1874 801 2168 863 comparavit
2189 801 2444 860 elemento,

331 879 454 924 sicut
482 877 615 924 illam'
630 877 976 939 benignitatem
997 877 1302 923 calidissimo.
1329 876 1479 940 Hujus
1505 877 1666 940 itaque
1687 877 1991 940 benignitatis
2017 878 2239 925 effectum
2260 897 2446 944 paupe-

331 955 463 1002 ribus
484 955 777 1014 exhibentes,
803 971 831 1002 a
851 971 1001 1018 regno
1024 955 1205 1002 diaboli
1226 955 1516 1014 recedimus,
1539 966 1586 1002 et
1607 957 1657 1002 in
1680 973 1882 1019 regnum
1904 957 2076 1004 Christi
2100 958 2441 1006 transferimur.

331 1035 462 1081 Sicut
476 1034 537 1081 ab
561 1034 785 1098 aquilone
806 1034 1045 1099 pandetur
1066 1034 1271 1093 malum,
1297 1035 1363 1081 ita
1383 1037 1511 1081 Deus
1524 1034 1585 1082 ab
1608 1045 1769 1082 austro
1792 1037 1967 1083 veniet.
1997 1037 2111 1083 [nde
2134 1038 2263 1084 enim
2284 1041 2446 1085 venire

331 1115 532 1179 quisque
552 1115 715 1173 habet,
735 1114 819 1161 ubi
840 1114 1093 1161 inhabitat.
1120 1118 1179 1161 Et
1201 1114 1439 1174 diabolus,
1459 1115 1542 1179 qui
1564 1115 1803 1162 malorum
1824 1126 1957 1163 actor
1979 1126 2066 1175 est,
2092 1118 2140 1163 in
2166 1118 2345 1180 frigidis
2361 1119 2446 1165 ha-

330 1194 451 1242 bitat
463 1194 721 1253 mentibus,
745 1211 851 1258 quae
863 1210 949 1258 per
971 1193 1264 1258 aquilonem,
1282 1194 1639 1258 frigidissimum
1654 1205 1870 1254 ventum,
1890 1196 2239 1259 intelliguntur;
2257 1208 2303 1244 et
2319 1201 2445 1245 Deus

331 1274 380 1320 in
403 1274 500 1333 his,
528 1291 632 1338 quae
659 1274 867 1321 caritatis
891 1273 1000 1336 igne
1023 1283 1134 1320 sunt
1153 1291 1406 1333 succensae,
1429 1291 1547 1339 quas
1568 1274 1692 1322 bene
1714 1285 1888 1334 auster,
1914 1276 1997 1339 qui
2018 1276 2330 1324 calidissimus
2353 1289 2439 1337 est,

330 1352 562 1417 designat.

394 1433 466 1480 Ad
489 1433 576 1481 has
596 1434 687 1481 sibi
709 1445 892 1483 mentes
911 1436 1151 1501 parandas
1174 1437 1274 1502 ipse
1297 1438 1346 1484 in
1373 1439 1579 1484 Cantieis
1601 1454 1805 1503 sponsus
1825 1439 1965 1486 dicit’
1991 1457 2001 1485 :
2032 1459 2056 1484 «
2075 1442 2240 1503 Surge,
2262 1441 2439 1504 aquilo,

329 1523 377 1559 et
391 1514 518 1573 veni,
546 1524 721 1574 auster,
738 1526 785 1563 et
800 1516 949 1580 perfla
964 1516 1161 1563 hortum
1177 1534 1356 1577 meum,
1374 1527 1421 1565 et
1439 1518 1590 1566 fluant
1612 1529 1828 1566 aromata
1849 1519 1989 1566 illius.
2012 1539 2034 1564 »
2060 1524 2235 1568 Hortus
2249 1522 2445 1567 Domini

329 1603 493 1641 sancta
520 1604 591 1641 est
616 1595 849 1655 Ecclesia,
875 1613 1022 1660 quam
1044 1597 1214 1644 excolit
1241 1607 1288 1644 et
1316 1599 1478 1661 irrigat
1498 1599 1729 1646 doctrinis
1751 1609 1797 1645 et
1820 1600 2230 1647 exhortationibus
2248 1603 2438 1648 sanetis.

329 1673 417 1719 Hic
438 1672 607 1720 hortus
626 1673 772 1721 habet
794 1675 892 1722 duo
916 1686 1150 1734 aromata,
1167 1675 1217 1722 id
1239 1686 1309 1723 est
1328 1678 1535 1741 pretiosa
1555 1679 1707 1724 sancti
1728 1679 1928 1742 Spiritus
1950 1690 2209 1742 unguenta,
2235 1697 2442 1743 quorum

329 1750 477 1799 altero
498 1755 679 1813 Deum,
705 1754 854 1801 altero
876 1756 1148 1819 proximum
1177 1757 1313 1820 quasi
1341 1774 1520 1820 ungere
1544 1757 1717 1804 dicitur
1744 1776 1754 1804 ε
1781 1759 1868 1804 Dei
1892 1759 2134 1818 videlicet,
2161 1776 2215 1806 ac
2238 1761 2442 1824 proximi

329 1831 660 1892 dilectionem,
689 1835 801 1898 quia
822 1851 909 1899 per
931 1835 1060 1883 illam
1088 1837 1281 1901 proprie
1306 1839 1461 1883 Deum
1483 1838 1532 1883 in
1555 1838 1711 1902 seipso
1734 1838 1906 1901 tangit,
1935 1849 1983 1885 et
2005 1839 2066 1886 ad
2088 1840 2244 1903 ipsum
2266 1850 2370 1886 toto
2392 1857 2441 1886 se

329 1910 565 1960 desiderio
588 1914 836 1978 suspendit
853 1951 864 1973 ,
896 1925 943 1962 et
964 1932 1050 1980 per
1077 1917 1215 1963 istam
1243 1917 1301 1963 ad
1335 1918 1661 1981 procurandas
1683 1919 1887 1982 proximi
1909 1920 2279 1967 necessitudines
2305 1938 2355 1967 se
2378 1922 2443 1967 in·
2494 1922 2496 1924 ’

327 1991 472 2039 clinat
503 2003 645 2058 atque
671 1994 893 2041 demittit.
928 1995 998 2042 Ab
1032 1995 1126 2043 hoe
1160 1996 1303 2043 horto
1338 1998 1487 2060 surgit
1517 1997 1789 2044 recedendo
1827 1999 1987 2062 aquilo
2022 2009 2069 2045 et
2098 2000 2225 2046 venit
2260 2011 2440 2059 auster,

326 2073 524 2136 quando
554 2073 723 2137 frigida
755 2075 886 2139 prius
916 2075 1171 2122 hominum
1198 2075 1347 2122 corda
1376 2077 1583 2123 caritatis
1606 2077 1933 2124 accenduntur
1956 2077 2164 2125 flamma.
2193 2080 2442 2126 Perflando

327 2161 485 2199 auster
517 2153 741 2213 sentitur,
772 2164 819 2200 et
843 2154 1012 2201 caritas
1033 2171 1120 2219 per
1141 2154 1494 2219 eleemosynam
1517 2155 1782 2203 exhibetur.
1809 2158 1891 2203 Est
1915 2167 2089 2216 auster,
2116 2158 2199 2205 sed
2223 2159 2441 2206 nondum

328 2232 433 2291 flat3
459 2234 629 2281 caritas
657 2243 817 2281 mente
845 2244 1102 2300 concepta,
1128 2235 1348 2282 nondum
1371 2236 1418 2282 in
1443 2252 1588 2300 opere
1614 2235 1838 2284 exhibita.
1869 2238 2000 2284 Tunc
2029 2248 2189 2284 autem
2215 2239 2330 2286 flatu
2352 2257 2439 2286 suo

328 2311 545 2358 educitur
578 2322 719 2377 atque
747 2314 970 2372 sentitur,
1008 2313 1125 2361 dum
1159 2315 1208 2361 in
1240 2331 1386 2379 opere
1419 2315 1778 2362 necessitatibus
1813 2317 2140 2380 proximorum
2171 2317 2435 2365 exhibetur.

326 2393 457 2437 Tunc
485 2402 716 2451 aromata,
743 2409 847 2456 quae
875 2394 1007 2457 prius
1036 2395 1085 2440 in
1115 2404 1275 2440 mente
1297 2395 1432 2458 quasi
1454 2395 1702 2442 recondita
1724 2395 1951 2454 latebant,
1978 2396 2146 2453 fluunt,
2169 2415 2318 2461 quum
2343 2409 2439 2445 tam

333 2470 417 2516 Dei
444 2486 590 2534 quam
630 2472 833 2535 proximi
875 2472 1067 2519 dilectio
1099 2473 1271 2520 visibili
1315 2473 1485 2520 effectu
1521 2491 1722 2538 operum
1765 2475 2029 2522 exhibetur.
2074 2479 2108 2521 T
2110 2493 2192 2522 um
2226 2489 2440 2525 aromata

331 2548 524 2596 fluentia
554 2551 731 2615 pariter
769 2551 1074 2614 fragrantiam
1107 2568 1242 2599 suam
1276 2552 1476 2600 dilatant
1495 2591 1505 2611 ,
1542 2553 1738 2617 quando
1778 2554 2003 2619 impensae
2039 2557 2245 2603 caritatis
2281 2557 2438 2605 bonus

327 2629 451 2676 odor
479 2630 540 2676 ad
572 2631 832 2677 multorum
857 2632 1053 2679 veniens
1076 2633 1318 2691 notitiam,
1351 2633 1526 2680 multos
1558 2633 1761 2680 aliorum
1781 2634 1998 2699 exemplo
2022 2635 2083 2682 ad
2104 2635 2244 2683 honae
2267 2654 2434 2702 opera-

326 2709 470 2756 tionis
492 2710 807 2757 imitationem
829 2710 989 2759 trahit.

392 2793 531 2847 Ecce,
558 2790 722 2837 fratres
743 2791 822 2837 hic
843 2794 1138 2856 congregati,
1165 2793 1332 2841 hortus
1358 2795 1444 2841 Dei
1470 2811 1570 2841 esse
1594 2795 1842 2843 debemus.
1869 2797 2071 2843 Oremus
2096 2798 2251 2861 ipsum
2277 2798 2435 2845 domi-

327 2885 446 2915 num
460 2868 606 2927 horti,
633 2880 684 2916 ut
705 2870 767 2917 ad
788 2870 888 2933 ejus
904 2871 1157 2936 imperium
1175 2883 1335 2937 surgat
1350 2874 1537 2938 aquilo,
1557 2875 1678 2922 sicut
1694 2876 2015 2940 exposuimus,
2032 2886 2078 2923 et
2091 2878 2249 2924 veniat
2264 2879 2309 2924 in
2327 2895 2436 2924 eum

270 2988 273 2991 ⁴
327 2959 484 2996 auster
511 2950 716 3014 perflans
747 2951 926 3015 ipsum,
955 2962 1008 2999 ut
1035 2952 1185 3001 fluant
1210 2965 1447 3014 aromata3
1473 2965 1525 3002 ut
1547 2966 1701 3003 vestra
1720 2956 1939 3003 videlicet
1960 2958 2128 3004 caritas
2150 2959 2437 3022 pauperibus

328 3027 558 3092 impensa,
585 3047 684 3076 non
702 3030 858 3077 solum
875 3048 960 3078 vos
976 3033 1211 3080 Dominus
1228 3034 1452 3094 lucretur,
1479 3035 1563 3082 sed
1586 3036 1804 3100 exemplo
1823 3046 1981 3083 vestro
2001 3037 2117 3083 alios
2140 3038 2182 3083 ei
2204 3039 2433 3101 acquirat.

326 3107 499 3166 Facite,
525 3109 658 3172 juxta
686 3110 832 3174 ipsius
861 3111 1265 3173 exhortationem,
1286 3115 1347 3162 de
1366 3131 1645 3163 mammona
1666 3116 1925 3180 iniquitatis
1947 3118 2149 3175 amicos,
2187 3128 2255 3176 ut,
2288 3131 2437 3182 quum

327 3185 611 3246 defeceritis,
637 3189 868 3254 recipiant
889 3207 991 3237 vos.
1020 3195 1100 3238 Est
1124 3194 1253 3240 enim
1280 3211 1557 3242 mammona
1575 3196 1859 3259 iniquitatis,
1892 3206 1962 3242 est
1992 3206 2038 3242 et
2063 3198 2265 3261 pecunia
2292 3201 2437 3262 aequi-

326 3265 457 3323 tatiS,
484 3266 534 3312 id
559 3277 628 3314 est
645 3268 850 3331 justitiae.
879 3270 1142 3334 Iniquitatis
1166 3282 1253 3332 est,
1279 3291 1384 3338 quae
1405 3275 1566 3339 inique
1589 3275 1798 3321 Domino
1823 3275 2060 3335 fraudata,
2086 3294 2235 3340 quum
2258 3295 2435 3343 paupe-

373 3445 382 3463 ¹
409 3446 519 3489 loun„
540 3459 614 3493 cap.
636 3461 679 3491 ιν,
697 3462 728 3485 v.
746 3453 797 3484 20.
816 3471 855 3476 —
871 3451 882 3469 ¹
900 3453 1039 3492 Camia,
1058 3463 1131 3496 cap.
1151 3464 1194 3495 ιν,
1210 3465 1241 3486 ν.
1261 3456 1311 3487 16.
