2970 4152
562 383 657 431 400
1359 384 1530 431 PETRI
1564 386 1878 433 ABAELARDI

558 477 734 523 esurire
769 474 1083 534 demonstrat,
1114 486 1165 521 ut
1189 474 1256 521 ibi
1280 476 1437 523 satiari
1472 488 1732 539 mereatur,
1764 479 1898 542 juxta
1930 476 2047 523 illud
2089 477 2322 523 Veritatis¹
2349 494 2359 522 :
2393 496 2415 521 t(
2439 477 2566 523 Beati
2589 476 2671 540 qui

557 572 686 604 nunc
706 556 913 616 esuritis,
936 557 1046 620 quia
1066 556 1408 612 saturabimini.
1429 576 1452 602 »
1477 561 1679 616 «Quum
1702 558 1994 624 apparuerit,
2017 576 2040 601 »
2062 557 2238 621 inquit,
2260 557 2446 620 «gloria
2465 567 2568 617 tua,
2588 573 2670 604 sa-

555 635 725 696 tiabor,
745 655 768 680 »
794 636 904 699 quia
929 653 1077 700 quum
1104 636 1164 683 de
1189 636 1292 702 ipsa
1314 638 1518 699 visione,
1546 631 1651 703 qtiae
1675 655 1805 685 nunc
1828 638 1962 697 latet,
1991 654 2068 684 me
2093 637 2333 696 refeceris,
2362 637 2480 683 nihil
2504 652 2668 701 super-

555 724 625 761 est
648 715 987 778 requirendum
1004 751 1016 774 ,
1045 732 1296 780 quousque
1320 716 1475 765 donec
1511 718 1814 783 perveniam;
1854 717 2234 781 quantiscunque
2269 717 2460 771 interim
2490 714 2668 763 deliciis

551 794 741 843 affluam
756 831 768 855 ,
798 812 986 860 semper
1005 796 1282 846 mendicum
1300 814 1376 849 me
1396 813 1752 863 recognoscam.
1784 798 1878 855 Qui
1895 807 1941 844 et
1960 797 2071 844 alibi
2093 796 2154 852 ad
2177 798 2338 861 patriae
2361 814 2455 844 suae
2472 795 2669 843 beatitu-

550 874 713 925 dinem
728 877 837 924 totis
850 878 971 925 votis
988 877 1233 938 anhelans,
1254 888 1301 926 et
1317 879 1421 926 vitae
1433 879 1674 944 praesentis
1686 878 1878 926 exilium
1891 877 2164 942 deplorans,
2178 877 2441 942 ingemiscit
2456 877 2660 924 dicens²z

551 973 576 999 (ι
597 959 701 1003 Heu
727 955 872 1013 mihi!
904 957 1014 1020 quia
1039 957 1273 1006 incolatus
1299 974 1434 1006 meus
1455 958 1766 1023 prolongatus
1806 967 1876 1005 est
1911 976 1920 1003 :
1955 957 2163 1004 habitavi
2201 974 2311 1004 cum
2345 955 2666 1004 habitantibus

546 1036 722 1097 Cedar3
750 1037 953 1084 multum
973 1038 1129 1088 incola
1153 1038 1239 1086 fuit
1260 1039 1419 1086 anima
1443 1056 1565 1086 mea.
1596 1058 1618 1084 υ
1646 1042 1889 1104 Tanquam
1914 1039 1953 1085 si
1975 1038 2153 1086 diceret
2175 1057 2185 1085 :
2217 1041 2295 1086 Vae
2319 1038 2437 1085 mihi
2460 1038 2666 1103 peregri-

544 1119 678 1170 nanti
701 1119 750 1165 in
778 1118 919 1183 hujus
942 1119 1081 1165 exilio
1101 1120 1230 1179 vitae,
1255 1129 1302 1167 et
1323 1130 1421 1167 tam
1448 1120 1582 1168 tarde
1609 1120 1670 1167 ad
1693 1120 1896 1185 patriam
1927 1118 2160 1173 venienti!
2185 1119 2312 1177 Quid
2335 1120 2464 1166 enim
2493 1128 2564 1166 est
2586 1119 2666 1166 in-

541 1198 745 1260 colatus,
785 1200 875 1247 nisi
903 1200 1219 1264 peregrinatio
1254 1210 1384 1247 extra
1411 1201 1659 1266 proprium
1685 1198 1880 1248 solum?
1906 1201 2045 1248 Unde
2068 1211 2115 1248 et
2142 1200 2334 1247 exilium
2359 1199 2664 1248 meminimus

542 1277 738 1327 dictum.
771 1279 1109 1344 Prolongatum
1133 1280 1291 1344 itaque
1313 1297 1454 1327 suum
1470 1280 1600 1328 dolet
1621 1280 1881 1327 incolatum
1896 1317 1908 1341 ,
1935 1281 2046 1345 quia
2065 1289 2345 1345 praesentem
2362 1280 2525 1339 vitam,
2547 1295 2659 1344 qua,

541 1357 658 1406 dum
677 1376 840 1407 sumus
855 1361 904 1407 in
921 1359 1139 1424 corpore,
1160 1361 1519 1425 peregrinamur
1543 1377 1570 1407 a
1587 1363 1714 1421 Deo,
1745 1370 1791 1407 et
1815 1370 2044 1424 tanquam
2068 1359 2228 1407 exules
2251 1359 2453 1424 patriam
2470 1359 2665 1408 deside-
2689 1365 2694 1370 ’

538 1456 722 1501 ramus,
758 1443 864 1506 qui,
903 1451 955 1487 ut
986 1442 1050 1488 ait
1083 1441 1376 1506 Apostolus³,
1415 1460 1438 1486 «
1463 1458 1562 1488 non
1586 1441 1818 1489 habemus
1854 1441 1933 1488 hic
1963 1450 2237 1488 manentem
2277 1440 2536 1500 civitatem,
2578 1440 2663 1488 sed

539 1520 746 1568 futuram
771 1522 1052 1586 inquirimus
1064 1539 1078 1580 ς
1108 1539 1131 1565 »
1159 1521 1278 1567 sicut
1303 1530 1350 1568 et
1373 1521 1472 1585 ipse
1497 1521 1581 1585 qui
1605 1520 1815 1567 dicebat⁴
1842 1538 1852 1567 :
1892 1540 1916 1564 «
1934 1519 2086 1584 Cupio
2109 1518 2327 1578 dissolvi,
2358 1529 2404 1566 et
2431 1535 2532 1566 esse
2550 1535 2663 1566 cum

538 1600 747 1661 Christo,
773 1619 797 1645 »
827 1602 1012 1664 gravius
1038 1601 1349 1660 sustinemus,
1384 1610 1431 1647 et
1452 1600 1716 1663 longiorem
1735 1616 1882 1663 quam
1901 1599 2130 1648 vellemus
2154 1615 2255 1646 esse
2271 1634 2284 1658 ,
2321 1615 2472 1662 quum
2496 1599 2662 1662 quaeri-

537 1697 643 1728 mus
655 1691 834 1746 quanto
854 1680 915 1727 ad
930 1681 1077 1739 illam,
1100 1698 1205 1744 quae
1218 1681 1320 1727 sine
1336 1679 1431 1727 fine
1445 1690 1532 1739 est,
1556 1681 1692 1727 citius
1711 1680 1959 1744 pervenire
1978 1680 2212 1744 cupimus.
2235 1682 2331 1726 Nec
2357 1678 2513 1726 solum
2534 1678 2661 1726 hanc

537 1762 681 1809 vitam
710 1762 1104 1826 peregrinationi,
1132 1762 1445 1809 verumetiam
1470 1760 1675 1808 tenebris
1699 1776 1984 1825 comparans
1998 1773 2027 1820 ,·
2039 1777 2137 1824 quo
2163 1760 2430 1823 graviorem
2453 1776 2559 1807 eam
2578 1759 2660 1807 de-

535 1845 794 1889 111011311015
821 1861 830 1888 :
864 1861 887 1887 «
910 1841 1148 1901 Habitavi‚
1174 1860 1197 1886 »
1224 1842 1402 1906 inquit,
1435 1862 1458 1886 «
1482 1858 1594 1888 cum
1616 1840 1939 1887 habitantibus
1969 1840 2144 1900 Cedar,
2173 1859 2196 1884 >2
2223 1840 2318 1887 hoc
2340 1851 2411 1887 est
2435 1857 2556 1905 ,011111
2585 1840 2660 1892 1113

538 1922 619 1986 qui
638 1922 687 1969 in
706 1920 914 1969 tenebris
933 1930 1309 1968 commorantur.
1341 1919 1494 1967 Cedat*
1515 1920 1693 1985 quippe
1711 1920 2046 1985 interpretatur
2067 1919 2326 1966 «tenebrae.
2344 1938 2368 1963 >2
2391 1922 2448 1966 Et
2466 1936 2661 1984 compa·

536 2001 719 2048 ratione
748 2017 963 2066 supernae
987 2000 1234 2059 claritatis,
1262 1999 1468 2054 tenebrae
1509 1999 1738 2046 dicendus
1774 2009 1844 2046 est
1872 2009 2017 2046 status
2049 1999 2155 2046 vitae
2178 1999 2445 2064 praesentis,
2480 2008 2528 2045 et
2562 2014 2659 2045 nox

534 2082 694 2146 potius
729 2098 874 2146 quam
909 2081 1008 2128 dies
1046 2080 1374 2146 appellandus.
1408 2079 1547 2127 Unde
1570 2090 1617 2127 et
1639 2080 1792 2143 longae
1816 2080 2210 2145 peregrinationis
2242 2096 2496 2144 gravamen
2519 2079 2659 2144 repli-

538 2177 673 2222 cans,
708 2161 866 2209 adhuc
889 2161 1153 2225 ingemiscit
1181 2159 1366 2207 (1100113ὅ
1387 2178 1397 2205 :
1428 2178 1450 2204 «
1473 2159 1676 2206 Multum
1694 2159 1850 2206 incola
1868 2159 1955 2206 fuit
1973 2160 2133 2206 anima
2151 2162 2277 2205 mea.'
2298 2177 2321 2203 »
2349 2162 2414 2206 Ac
2438 2160 2476 2206 si
2496 2168 2657 2224 aperte

536 2241 663 2289 dicat
685 2261 696 2288 :
720 2242 922 2289 Multum
939 2242 1018 2289 hic
1037 2251 1083 2289 et
1101 2241 1183 2288 diu
1204 2258 1280 2298 me
1299 2241 1588 2306 peregrinari
1607 2240 1749 2288 doleo
1762 2276 1774 2300 ,
1802 2241 1884 2304 qui
1906 2240 2018 2287 alibi
2041 2240 2242 2305 patriam
2271 2257 2579 2304 recognosco.

598 2325 653 2370 In
675 2323 749 2387 cuj
757 2340 810 2370 us
831 2323 1045 2388 profecto
1070 2322 1462 2387 peregrinationis
1484 2332 1531 2369 et
1548 2322 1710 2386 patriae
1729 2321 1930 2386 figuram
1954 2322 2053 2387 ipse
2076 2320 2310 2368 israelitici
2329 2322 2496 2387 populi
2515 2320 2656 2386 longe

535 2403 843 2470 postmodum
871 2421 958 2469 per
985 2403 1271 2467 Babylonios
1301 2403 1522 2468 captivati
1554 2402 1933 2468 deplorationem
1972 2401 2271 2462 describens,
2304 2402 2392 2449 311Ἶ
2419 2419 2428 2447 :
2461 2404 2658 2468 «Super

535 2486 733 2533 flumina
748 2484 1000 2549 Babylonis
1026 2484 1120 2531 illic
1145 2483 1377 2544 sedimuS,
1407 2494 1453 2530 et
1475 2484 1715 2544 flevimus,
1745 2483 1861 2530 dum
1887 2482 2248 2530 recordaremur
2267 2483 2398 2529 Sion.
2426 2486 2478 2529 In
2507 2481 2656 2529 salici-

533 2567 624 2614 bus
648 2565 696 2612 in
722 2564 882 2612 medio
910 2565 1011 2628 ejus
1036 2563 1370 2629 suspendimus
1402 2580 1578 2628 organa
1602 2573 1788 2624 nostra,
1821 2573 1909 2611 etc.
1937 2582 1958 2607 υ
1998 2566 2114 2610 Duae
2148 2563 2326 2628 quippe
2350 2573 2462 2610 sunt
2482 2561 2656 2622 electo-

533 2663 642 2694 rum
673 2656 719 2693 et
751 2644 1071 2711 reproborum
1097 2644 1328 2705 civitates,
1358 2661 1461 2709 quae
1493 2644 1720 2692 hocloco
1744 2644 1833 2691 sub
1856 2644 2011 2709 specie
2041 2643 2299 2691 Jerusalem
2327 2653 2373 2691 et
2403 2642 2654 2706 Babylonis

534 2728 882 2777 describuntur.
917 2726 1071 2773 Altera
1087 2726 1166 2772 hic
1182 2736 1640 2791 prosperatur,‘quae
1657 2726 1974 2791 reproborum
1995 2736 2087 2785 031,
2114 2735 2162 2772 01
2183 2725 2443 2789 Babylonia
2462 2724 2647 2773 dicitur.

533 2809 688 2857 Altera
710 2809 789 2855 1110
804 2807 976 2872 jugiter
994 2823 1080 2872 per
1103 2806 1239 2853 illum
1258 2806 1429 2854 afflicta
1448 2817 1580 2855 tanto
1599 2806 1803 2872 amplius
1827 2806 1888 2855 ad
1913 2823 2128 2872 supernae
2151 2807 2281 2872 pacis
2308 2807 2542 2854 visionem
2568 2823 2653 2854 an-

533 2891 682 2951 helat,
705 2899 886 2955 quanto
905 2888 1144 2953 graviores
1167 2904 1411 2953 pressuras
1428 2887 1507 2935 hic
1529 2888 1711 2938 tolerat.
1742 2891 1813 2936 De
1833 2888 1924 2936 hac
1944 2889 2101 2953 itaque
2118 2890 2212 2937 vita
2230 2887 2394 2937 fideles
2412 2888 2474 2936 ad
2491 2905 2654 2954 super-

534 2988 646 3020 nam
665 2971 836 3019 mentis
855 2969 1020 3016 oculos
1041 2970 1270 3034 erigentes
1284 3005 1296 3029 ,
1320 2979 1366 3016 et
1385 2979 1613 3033 tanquam
1632 2969 1692 3017 de
1711 2969 1850 3017 exilio
1870 2969 1932 3016 ad
1949 2969 2150 3034 patriam
2167 2969 2478 3034 suspirantes,
2510 2979 2557 3016 et
2591 2967 2652 3018 de

539 3052 804 3116 captivitate
841 3050 1126 3114 babylonica
1162 3048 1371 3109 liberati,
1410 3049 1471 3096 ad
1506 3048 1769 3097 libertatem
1801 3049 1999 3097 civitatis
2038 3066 2132 3097 suae
2170 3049 2428 3097 Jerusalem
2464 3065 2652 3114 semper

536 3131 758 3179 anhelant
780 3131 855 3192 hi,
884 3147 1092 3196 quorum
1123 3146 1253 3176 nunc
1277 3144 1481 3194 persona
1505 3129 1716 3194 psalmus
1738 3130 1824 3177 iste
1856 3130 2172 3195 compositus,
2200 3130 2328 3194 ipsos
2360 3128 2422 3175 ad
2449 3128 2649 3176 modum

535 3209 727 3259 exulum
751 3211 1052 3275 deplorantes
1083 3209 1288 3270 inducit,
1318 3225 1468 3273 quum
1498 3208 1592 3255 ait:
1625 3210 1818 3274 «Super
1842 3209 2039 3256 flumina
2069 3208 2343 3272 Babylonis,
2379 3218 2468 3256 etc.
2493 3227 2516 3253 »
2546 3207 2651 3255 Flu-

581 3410 591 3427 ¹
616 3409 711 3450 Luc„
736 3419 808 3455 cap.
838 3419 888 3449 vi,
914 3419 946 3441 v.
973 3410 1029 3442 21.
1045 3426 1090 3433 —
1107 3408 1120 3426 ¹
1144 3409 1263 3443 Psalm.
1293 3420 1388 3451 cxix,
1416 3419 1445 3442 v.
1475 3409 1507 3442 5.
1524 3426 1564 3434 -
1620 3419 1691 3442 esse
1702 3419 1774 3442 cum
1786 3406 2425 3452 Christo.»(Plateipp.‚'cap.1‚v.23.)—⁸
2436 3407 2648 3448 psalmum,

535 3466 547 3487 ³
562 3467 673 3506 Hebr„
685 3475 756 3509 cap.
768 3476 838 3507 xm,
850 3475 880 3499 v.
895 3464 1034 3498 lta-⁴«
1047 3465 1378 3500 Desideriumhabens
1393 3465 1522 3499 dissolvi
1533 3471 1566 3499 et
1619 3476 1651 3509 v,
1670 3467 1702 3499 5.
1720 3484 1755 3489 -—
1777 3465 1789 3483 ⁶
1805 3465 1903 3506 lbid.‚
1919 3476 1951 3501 v.
1966 3467 1998 3499 6.
2016 3482 2059 3490 -
2076 3465 2087 3482 ⁷
2106 3465 2224 3500 Psalm.
2243 3475 2386 3507 cxxxvi,
2402 3475 2434 3498 v.
2459 3467 2470 3497 1
2495 3471 2527 3498 et
2545 3475 2596 3508 sq.
