2970 4152
983 400 1042 449 lN
1074 398 1287 448 NATALI
1323 401 1531 450 DOMINI
1566 398 1781 447 SERMO.
2352 402 2438 448 364

329 494 383 542 in
400 495 641 559 Virginem
659 494 829 559 pluviae
847 512 930 543 seu
946 495 1188 543 stillicidiis
1208 496 1356 560 magis
1372 513 1517 560 quam
1536 496 1634 543 rori
1652 494 1895 542 Psalmista
1910 494 2217 559 comparavit.
2240 497 2447 542 Omnem

333 575 533 640 quippe,
571 586 624 622 ut
656 575 882 636 diximus,
919 587 1016 623 tam
1036 575 1215 639 judaici
1242 592 1387 639 quam
1412 575 1599 640 gentilis
1628 574 1795 640 populi
1822 575 2019 638 gratiam
2047 591 2103 621 ea
2128 575 2444 634 transcendit,

333 671 438 718 quae
457 658 595 702 matri
618 655 811 701 Domini
836 655 1003 702 collata
1029 666 1099 702 est
1117 691 1130 715 ,
1158 665 1206 702 et
1231 655 1330 718 ejus
1359 655 1510 715 dona,
1543 671 1648 719 quae
1667 655 1801 718 quasi
1820 664 1944 701 terra
1961 653 2191 702 stillicidia
2218 656 2443 719 suscepit,

334 736 510 782 caeteris
527 735 666 782 donis
682 735 822 798 longe
841 746 950 782 sunt
968 736 1296 783 eminentiora.
1319 735 1479 782 Vellus
1504 752 1655 799 quum
1671 735 1730 781 sit
1752 733 1812 781 de
1828 751 2030 799 corpore
2043 770 2055 794 ,
2077 736 2231 782 carnis
2248 734 2446 782 infirmi-

335 824 478 861 tatem
498 832 555 862 ex
578 815 743 862 laesura
765 831 863 861 non
889 816 1030 862 sentit
1054 816 1101 861 in
1119 815 1309 874 dolore,
1330 825 1376 862 et
1390 815 1451 862 ab
1468 815 1601 862 omni
1619 830 1852 879 corporeo
1875 830 2016 860 sensu
2034 815 2222 879 penitus
2240 815 2448 862 alienum

334 905 420 941 est.
431 898 488 941 Et
498 895 642 958 Virgo
655 895 892 959 virginum
908 890 1059 959 quum
1069 896 1117 941 in
1136 895 1408 943 infirmitate
1423 895 1623 942 carnalis
1636 895 2030 959 concupiscentiae
2045 906 2277 961 concepta
2290 897 2444 955 fuerit,

334 984 387 1021 ut
410 975 567 1021 caeteri
588 967 833 1034 homines,
856 975 982 1022 hanc
1009 986 1170 1023 tamen
1197 977 1386 1042 penitus
1404 975 1726 1022 infirmitatem
1746 975 1849 1040 ipsa
1866 992 2114 1038 nunquam
2140 992 2446 1023 ex-consensu

332 1053 525 1119 pertulit
547 1056 597 1101 in
631 1066 817 1115 mente,
853 1073 942 1102 nec
974 1056 1121 1102 ullum
1148 1057 1379 1104 illecebrae
1408 1055 1607 1104 carnalis
1630 1065 1857 1103 attactum
1890 1065 2082 1120 experta
2112 1066 2183 1103 est
2213 1057 2263 1103 in
2286 1073 2444 1104 carne.

334 1134 478 1182 Unde.
498 1135 674 1182 factum
699 1145 793 1195 est,
830 1146 880 1182 ut
904 1136 969 1182 sic
1000 1136 1060 1182 de
1086 1153 1228 1183 carne
1249 1147 1354 1183 orta
1381 1146 1502 1184 esset
1518 1172 1530 1194 ,
1554 1145 1607 1182 ut
1630 1136 1741 1182 vitia
1771 1135 1924 1182 carnis
1949 1135 2215 1199 ignoraret,
2243 1146 2291 1183 et
2308 1137 2373 1183 sic
2392 1137 2452 1183 de

333 1230 476 1261 carne
496 1225 633 1275 esset,
656 1216 791 1279 quasi
806 1232 917 1262 caro
938 1232 1038 1262 non
1065 1226 1211 1276 esset3
1235 1226 1282 1263 et
1306 1227 1534 1280 tanquam
1556 1225 1746 1263 mortua
1769 1215 1819 1262 in
1838 1231 1980 1262 carne
1994 1251 2006 1275 ,
2029 1225 2076 1262 et
2098 1225 2199 1262 tota
2223 1217 2385 1263 vivens
2403 1218 2451 1262 in

333 1294 499 1358 spiritu
514 1330 527 1354 ,
550 1295 812 1342 carnalium
831 1312 1057 1342 sensuum
1071 1332 1083 1355 ,
1106 1297 1190 1360 qui
1214 1297 1418 1343 maxime
1440 1297 1489 1343 in
1513 1295 1897 1360 concupiscentia
1915 1296 2069 1342 carnis
2087 1296 2268 1359 vigent,
2293 1296 2453 1342 oblec—

336 1374 564 1421 tationem
577 1376 796 1423 nesciret.
820 1376 957 1423 Unde
978 1377 1148 1423 merito
1174 1377 1326 1443 ipsam
1344 1394 1439 1442 prae
1462 1377 1639 1424 caeteris
1657 1376 1858 1423 coelestis
1878 1377 1999 1440 regis
2017 1374 2140 1422 filius
2165 1377 2301 1440 quasi
2325 1377 2452 1442 pala-

334 1455 453 1501 tium
472 1472 567 1503 suae
592 1456 876 1503 habitationi
903 1474 1193 1522 congruum,
1220 1458 1353 1522 quod
1379 1468 1487 1506 ante
1519 1474 1616 1504 non
1641 1458 1912 1516 invenerat,
1934 1456 2131 1523 adipisci
2150 1458 2334 1521 gavisus
2358 1469 2450 1516 est,

334 1545 382 1581 et
414 1535 463 1581 in
499 1536 599 1601 ipsa
632 1538 768 1601 quasi
804 1537 964 1602 pluvia
993 1538 1041 1584 in
1078 1538 1225 1586 vellus
1258 1556 1286 1586 a
1319 1540 1536 1604 supernis
1570 1538 1759 1604 placido
1790 1537 2037 1585 descendit
2070 1537 2256 1603 illapsu.
2295 1538 2456 1586 Pluvia

335 1617 512 1681 quippe
531 1617 580 1663 in
606 1617 755 1664 vellus
777 1619 997 1678 veniens,
1027 1620 1183 1684 ipsum
1207 1620 1272 1667 ita
1296 1620 1500 1667 inundat
1528 1630 1575 1667 et
1602 1619 1775 1679 abluit,
1806 1629 1858 1666 ut
1884 1619 2018 1666 nullo
2044 1620 2088 1668 ei
2111 1635 2252 1667 sensu
2276 1621 2455 1685 passio-

335 1711 446 1742 nem
474 1696 656 1760 ingerat
680 1716 689 1744 :
726 1708 771 1744 et
801 1698 918 1745 dum
944 1699 1004 1745 ab
1035 1716 1093 1746 eo
1120 1717 1219 1746 non
1244 1701 1459 1761 sentitur,
1492 1701 1557 1747 sic
1584 1700 1633 1747 in
1667 1716 1725 1747 eo
1750 1709 1818 1746 est
1842 1700 1977 1763 quasi
1995 1716 2095 1746 non
2115 1700 2189 1746 sit.
2219 1703 2288 1747 Ita
2311 1710 2357 1747 et
2378 1717 2455 1746 su—

334 1793 482 1840 perna
501 1778 751 1842 sapientia,
786 1779 921 1842 cujus
938 1772 1134 1827 haustus
1157 1797 1291 1845 aquae
1313 1791 1632 1847 comparatur,
1657 1780 1790 1844 juxta
1807 1779 1942 1827 illud¹
1966 1798 1976 1826 ε
2007 1799 2030 1825 «
2062 1784 2193 1844 Aqua
2218 1780 2457 1844 sapientiae

332 1856 515 1920 potavit
540 1873 623 1904 eos
653 1859 888 1906 Dominus
904 1895 917 1919 ,
944 1880 967 1903 »
990 1861 1101 1924 quia
1126 1860 1187 1907 de
1214 1860 1511 1926 plenitudine
1545 1861 1645 1924 ejus
1675 1877 1843 1908 omnes
1870 1860 2163 1924 accepimus,
2192 1870 2245 1906 ut
2270 1859 2330 1907 de
2359 1861 2457 1906 Vir-

335 1935 442 1998 gine
471 1952 664 1984 carnem
689 1939 945 2004 acciperet,
972 1940 1076 2005 ipso
1110 1957 1197 1987 suo
1223 1940 1455 1988 descensu
1480 1941 1635 2006 gratiae
1666 1957 1761 1988 suae
1790 1940 1931 1987 donis
1966 1956 2073 1987 eam
2103 1939 2367 2003 irrigando,
2397 1940 2457 1986 ab

335 2016 468 2062 omni
485 2015 705 2064 humanae
723 2018 1007 2067 infirmitatis
1026 2021 1247 2085 contagio
1273 2021 1555 2081 mundavit’,
1576 2031 1622 2068 et
1648 2020 1828 2068 nullam
1853 2020 1896 2067 ei
1919 2020 2192 2085 passionem
2211 2020 2364 2066 carnis
2385 2020 2459 2065 vel

334 2095 383 2141 in
400 2107 634 2161 conceptu
651 2097 794 2145 velex
810 2109 947 2164 partu
973 2100 1153 2161 attulit3
1177 2110 1223 2148 et
1246 2100 1361 2148 dum
1382 2117 1488 2148 eam
1510 2111 1605 2147 tam
1622 2111 1731 2147 ante
1750 2109 1939 2165 partum
1953 2135 1966 2159 ,
1985 2115 2131 2164 quam
2147 2108 2255 2163 post
2269 2109 2458 2163 partum

334 2175 574 2240 Virginem
593 2180 909 2240 consecravit,
937 2181 1003 2227 sic
1021 2181 1071 2227 in
1088 2197 1144 2228 ea
1163 2181 1265 2241 fuit,
1290 2182 1424 2246 quasi
1439 2198 1549 2228 'non
1575 2181 1713 2228 fuerit
1737 2199 1747 2227 :
1769 2190 1815 2228 et
1832 2181 1900 2227 sic
1917 2181 2019 2246 ipsa
2036 2179 2228 2244 gravida
2250 2180 2369 2227 sacta
2390 2190 2460 2226 est

334 2258 468 2320 quasi
492 2259 685 2322 gravida
710 2277 809 2308 non
834 2273 983 2322 esset,
1008 2281 1158 2328 quum
1178 2264 1364 2311 nullum
1383 2263 1495 2311 inde
1514 2264 1745 2329 passionis
1770 2279 2024 2327 gravamen
2049 2263 2326 2310 incurreret.
2357 2262 2461 2308 Stil—

335 2335 491 2384 licidia
522 2348 681 2385 autem
719 2340 889 2404 pluviae
924 2352 1098 2389 terram
1124 2360 1269 2407 quam
1297 2344 1557 2403 inebriant,
1586 2344 1647 2391 ab
1680 2343 1895 2390 ariditate
1926 2359 2011 2390 sua
2032 2343 2081 2389 in
2104 2342 2459 2390 foecunditatem

335 2426 635 2463 convertunt.
667 2421 723 2465 Et
756 2420 947 2484 spiritus
972 2423 1045 2468 sui
1069 2422 1209 2469 donis
1240 2424 1303 2469 ita
1328 2440 1432 2470 eam
1457 2423 1580 2469 filius
1609 2423 1695 2469 Dei
1720 2421 1940 2487 replevit,
1964 2432 2016 2468 ut
2038 2438 2137 2468 non
2172 2421 2329 2468 solum
2359 2422 2458 2482 ipsa

339 2496 493 2541 Deum
510 2496 742 2560 pariendo
762 2498 967 2546 fructum
980 2501 1189 2562 afferret,
1205 2503 1517 2550 verumetiam
1542 2501 1760 2549 fidelibus
1779 2501 2003 2548 omnibus
2021 2501 2179 2566 ipsum
2198 2502 2434 2548 conferret
2446 2538 2457 2560 ,

338 2590 443 2638 quae
462 2574 661 2623 salutem
679 2579 898 2626 omnium
914 2581 1098 2628 mundo
1123 2582 1322 2648 peperit.

403 2657 511 2702 Haec
536 2655 615 2703 illa
639 2667 710 2704 est
739 2657 954 2707 fidelium
993 2662 1212 2708 omnium
1243 2672 1367 2709 terra
1398 2663 1697 2722 communis,
1732 2672 1780 2709 et
1815 2678 1925 2727 ager
1959 2661 2211 2727 specialis³,
2247 2661 2381 2724 cujus
2418 2673 2463 2708 et

338 2734 537 2798 Spiritus
572 2747 762 2784 sanctus
790 2739 1015 2801 colonus,
1045 2751 1091 2788 et
1118 2741 1330 2789 Verbum
1354 2744 1443 2789 Dei
1471 2759 1634 2790 semen
1660 2742 1823 2789 extitit.
1851 2741 1996 2800 Quod
2020 2742 2162 2788 etiam
2187 2758 2332 2806 supra
2369 2758 2463 2788 me-

339 2824 548 2862 moratus
569 2817 803 2882 propheta
830 2837 916 2884 per
943 2822 1159 2886 spiritum
1185 2822 1471 2887 praevidens,
1501 2822 1563 2870 ad
1589 2822 1875 2887 singularem
1899 2838 2063 2870 secum
2091 2820 2457 2881 exultationem,

337 2904 383 2942 et
401 2894 571 2944 divinae
595 2897 748 2946 laudis
773 2901 1150 2963 confessionem,
1192 2920 1362 2951 omnes
1392 2904 1568 2968 pariter
1604 2903 1833 2951 admonet
1874 2903 2056 2951 dicens'·
2085 2921 2095 2949 ε
2133 2923 2155 2947 «
2184 2901 2463 2961 Confitean7

338 2986 414 3023 tur
450 2977 535 3024 tibi
566 2979 756 3045 populi,
804 2985 957 3043 Deus,
991 2983 1309 3032 confiteantur
1348 2976 1432 3031 tibi
1468 2984 1635 3050 populi
1668 3001 1837 3032 omnes
1872 3003 1882 3031 ι
1920 2994 2045 3032 terra
2091 2982 2222 3030 dedit
2259 2982 2463 3030 fructum

337 3072 493 3103 suurn.
518 3076 541 3102 n
569 3059 713 3116 Quod
738 3061 932 3125 quidem
960 3063 1000 3109 si
1024 3065 1129 3128 quis
1151 3063 1212 3112 de
1248 3074 1443 3112 terrenae
1464 3065 1632 3129 segetis
1659 3064 1812 3112 fructu
1832 3063 2059 3129 accipiat,
2091 3062 2208 3127 quid
2226 3062 2286 3109 ad
2310 3064 2463 3110 David

336 3137 424 3184 ista
445 3138 711 3187 exhortatio
742 3141 918 3204 laudis,
941 3145 1077 3208 quasi
1097 3145 1145 3192 in
1165 3145 1332 3193 diebus
1353 3146 1453 3210 ejus
1482 3157 1606 3194 terra
1627 3146 1856 3211 inciperet
1871 3143 2178 3201 fructificare,
2201 3142 2275 3191 vel
2302 3145 2464 3209 copio-

337 3217 511 3265 siorem
531 3219 735 3268 fructum
755 3222 951 3271 afferre?
979 3227 1106 3272 Isaac
1130 3226 1412 3286 seminasse,
1439 3237 1487 3274 et
1501 3226 1778 3292 centuplum
1795 3224 2040 3289 collegisse
2057 3234 2284 3289 tanquam
2310 3225 2357 3271 in
2382 3225 2463 3272 ad-

338 3299 638 3348 mirationem
667 3301 816 3351 divini
834 3303 1052 3353 beneficii
1076 3307 1293 3357 meminit
1309 3308 1571 3374 Scriptura,
1595 3307 1679 3355 sed
1703 3306 1886 3353 nullam
1909 3304 2022 3353 inde
2038 3306 2296 3370 gratiarum
2318 3305 2462 3353 actio·

385 3480 394 3495 ¹
426 3480 544 3520 Eccli„
563 3493 637 3527 cap.
655 3495 708 3525 xv,
723 3495 753 3518 v.
773 3488 805 3519 3.
825 3506 858 3510 —
877 3487 890 3504 ⁹
907 3488 972 3520 MS.
994 3488 1079 3522 Eine.
1093 3508 1114 3514 -
1129 3491 1300 3524 Inundavic
1317 3491 1377 3524 Ed.
1399 3491 1493 3525 Amb.
1510 3508 1554 3516 —
1566 3490 1579 3509 ³
1599 3490 1701 3524 Aliter
1714 3491 1902 3533 spiritualis.
1915 3487 1985 3516 ·-·⁴
1999 3487 2119 3523 Psalm.
2138 3498 2232 3528 uvi,
2247 3497 2279 3521 v,
2293 3487 2312 3519 6
2324 3511 2333 3525 ,
2347 3487 2379 3519 7.

503 3551 519 3582 1
2250 3543 2303 3585 46
