2970 4152
1291 399 1485 447 NOTAE.
2382 406 2445 450 49

331 491 497 540 quamvis
515 503 601 528 caro
618 491 739 539 pretio
756 490 989 528 emenda-vix
1005 497 1129 539 posset
1145 490 1328 537 inveniri;
1346 491 1567 540 quainopia
1583 503 1763 539 pauperes
1782 490 1965 529 afflictiet
1980 504 2073 540 pene
2092 493 2277 533 exanimes
2294 492 2448 534 officinis

331 555 467 605 nostris
485 553 742 603 multipliciter
760 566 798 590 se
822 553 1055 602 ingerebant.
1075 553 1191 590 Fores
1214 559 1306 590 v'erov
1327 553 1462 590 domus
1488 552 1726 602 eleemosynae
1753 554 1923 604 quotidie
1951 554 2141 593 innumeri
2166 553 2446 603 irrumpebant,

331 629 492 665 quorum
510 617 701 655 afflictioni
716 630 790 667 ego
801 625 840 654 et
855 618 992 654 fratres:
1001 617 1120 654 nostri
1136 617 1376 654 condolentes
1392 618 1431 653 in
1449 617 1656 669 capitulum
1674 619 1932 664 convenimus,
1951 626 1989 655 et
2006 618 2166 668 qualiter
2182 630 2312 654 eorum
2331 631 2449 667 penu-

331 679 395 716 riae
411 687 450 716 et
466 679 667 722 defectioni
684 693 704 715 a
723 679 832 716 nobis
848 679 1187 728 subvenirivposset'
1210 686 1372 716 tractare
1398 672 1597 728 coepimus.=
1611 680 1693 716 Hoc
1716 681 1823 717 nobis
1842 681 2112 725 tractantibus,
2134 681 2250 718 frater
2266 681 2446 724 Jommes,

333 741 392 777 cui
409 741 678 790 eleemosynam
700 742 1020 787 commiseramus,
1035 734 1267 779 *sm'oexihin
1283 741 1409 779 medio
1420 757 1430 786 ;
1449 741 1619 791 dixitque
1638 743 1815 789 quoniam
1833 743 1868 778 si.
1881 742 2034 779 domum
2058 743 2296 790 eleemosynae
2319 755 2450 792 resque

332 804 402 841 sibi
419 803 627 852 adjacentes
644 803 691 840 ab
707 804 808 840 omni
825 805 1017 841 exactione
1033 803 1334 841 ministerialium
1351 803 1476 841 Sancti
1491 804 1681 853 Dionysii,
1703 805 1880 854 omnique
1898 805 1993 844 mala
2009 805 2278 842 consuetudine
2295 805 2450 847 liberam

332 878 409 904 esse
423 866 728 911 concederemus«,
739 866 826 915 ipse
844 874 1026 916 quaereret
1046 878 1069 901 v
1082 866 1228 904 modios
1246 879 1417 912 annonas,
1437 874 1476 902 et
1491 866 1597 904 daret
1615 866 1851 903 subventioni
1871 879 2090 916 pauperum.
2114 868 2238 916 Igitur
2259 867 2359 917 quod
2384 880 2450 916 pe-

332 928 435 965 tebat
451 928 713 967 concessitieri
732 940 914 965 consensu
930 929 1046 965 totius
1063 928 1237 978 capituli,
1264 936 1336 966 etc.
1358 929 1483 976 Hujus
1505 929 1560 965 rei
1581 936 1668 965 sunt
1691 936 1824 975 testes,
1850 931 1888 965 in
1915 930 2046 978 primis
2070 942 2141 979 ego
2172 930 2288 966 Adam
2313 930 2448 974 abbas,

335 991 401 1040 qui
419 991 518 1028 hanc
540 991 708 1028 chartam
729 990 810 1027 fieri
835 991 1010 1039 praecepi,
1032 990 1169 1027 deinde
1186 990 1360 1027 dominus
1385 990 1625 1028 Theobaldus
1650 991 1860 1028 fossatensis
1878 992 2011 1037 abbas,
2033 992 2213 1030 Allelmus
2245 995 2359 1040 prior,
2380 998 2453 1029 etc.

331 1055 469 1090 Actum
487 1065 586 1090 anno
602 1052 649 1089 ab
664 1052 918 1089 incarnatione
934 1053 1086 1090 Domini
1104 1065 1208 1099 uon,
1235 1052 1367 1090 indict.-
1387 1065 1446 1098 1v,
1465 1061 1592 1102 epacta
1614 1065 1645 1089 ix
1658 1081 1668 1097 ‚
1688 1065 1774 1089 (ιονι-
1792 1054 1987 1101 (concurr.
2007 1054 2106 1103 v¹?)‚
2127 1055 2216 1103 cycl.
2235 1068 2256 1092 x
2270 1083 2281 1103 ,
2299 1055 2355 1092 Cl.
2377 1068 2450 1101 xiv,

334 1117 372 1152 L.
395 1128 430 1152 vi
457 1115 529 1152 kal.
544 1115 689 1165 aprilis,
709 1115 773 1152 die
792 1116 940 1152 Pascha‘.
958 1127 994 1152 iv
1011 1129 1100 1153 non.
1118 1116 1267 1165 aprilis,
1297 1116 1385 1153 luna
1407 1116 1487 1164 ejus
1512 1129 1576 1160 xx,
1597 1123 1777 1165 regnante
1795 1116 1948 1155 domino
1968 1118 2155 1156 Ludovico
2172 1118 2336 1167 Philippi
2355 1120 2454 1167 regis

335 1177 424 1224 titio,
443 1191 541 1215 anno
555 1178 662 1227 regni
678 1178 759 1226 ejus
776 1190 822 1224 ιν,
842 1183 969 1215 mense
985 1178 1094 1215 maio.
1111 1194 1128 1213 n
1837 1175 1845 1180 ’

381 1269 580 1315 Quinimo,
601 1275 689 1305 sunt
703 1268 781 1305 aliae
798 1279 949 1317 quoque
964 1268 1106 1304 ibidem
1127 1268 1281 1312 litterae,
1302 1269 1440 1319 quibus
1460 1269 1576 1318 pietas
1591 1276 1629 1307 et
1645 1269 1797 1307 affectus
1814 1270 1981 1317 ejusdem
2003 1284 2090 1320 erga
2110 1272 2226 1308 divini
2247 1273 2368 1308 cultus
2385 1272 2455 1308 ho-

333 1343 463 1367 norem
482 1343 524 1367 ac
543 1330 868 1379 amplificationem
889 1330 1036 1367 elucere
1053 1330 1245 1377 videntur,
1261 1331 1335 1368 hoc
1351 1331 1464 1368 modo
1484 1348 1492 1366 :

382 1416 545 1453 Donatio
562 1415 681 1462 Adae,
702 1416 852 1454 abbatis
869 1416 983 1453 Beati
998 1416 1178 1466 Dionysii
1194 1419 1378 1466 totius-que
1394 1423 1616 1467 conventu-5,
1637 1417 1684 1454 de
1701 1419 1858 1455 ecclesia
1877 1419 2009 1455 Sancti
2028 1418 2131 1455 Petri
2147 1419 2201 1455 ad
2219 1420 2409 1455 ecclesiam

1261 1480 1394 1517 Sancti
1409 1480 1536 1518 Pauli.

383 1573 398 1588 u
419 1558 465 1593 In
490 1557 641 1594 nomine
669 1564 799 1594 sanctae
822 1564 858 1594 et
882 1557 1082 1594 iudividuae
1099 1558 1299 1594 Trinitatis
1314 1586 1324 1602 ‚
1347 1558 1468 1594 Patris
1488 1565 1523 1594 et
1552 1557 1638 1595 Filii
1665 1565 1702 1595 et
1728 1558 1892 1607 Spiritus
1914 1560 2044 1596 sancti.
2063 1559 2197 1596 Amen.
2219 1558 2362 1604 Adam,
2389 1559 2454 1595 Dei

336 1619 455 1667 gratia
473 1619 585 1656 abbas
602 1620 818 1657 monasterii
836 1627 1042 1668 martyrum
1062 1620 1206 1658 Christi
1224 1620 1412 1668 Dionysii,
1434 1620 1579 1657 Rustici
1604 1627 1642 1658 et
1664 1620 1871 1657 Eleutherii
1883 1650 1892 1667 ,
1913 1622 2088 1658 omnibus
2107 1629 2238 1659 sanctae
2254 1630 2292 1659 et
2310 1623 2457 1659 univer—

334 1680 420 1717 salis
437 1681 606 1718 Ecclesiae
623 1681 708 1717 filiis
727 1687 801 1719 tam
822 1681 1063 1730 praesentibus
1087 1693 1200 1731 quam
1228 1681 1378 1719 futuris.
1407 1682 1549 1718 Notum
1569 1682 1649 1719 fieri
1674 1683 1756 1719 volo
1781 1684 1950 1719 omnium
1979 1690 2140 1720 vestrum
2168 1684 2334 1729 caritati,
2356 1684 2455 1733 quod

334 1755 404 1792 ego
419 1750 458 1780 et
473 1743 679 1792 capitulum
698 1750 880 1787 nostrum,
894 1744 1034 1780 scilicet
1044 1743 1196 1780 ecclesia
1216 1743 1317 1781 Beati
1337 1744 1520 1792 Dionysii,
1535 1745 1725 1781 communi
1741 1744 1893 1782 decreto
1906 1752 1944 1782 et
1953 1745 2076 1782 favore
2090 1745 2275 1790 dedimus,
2292 1753 2330 1783 et
2343 1759 2455 1783 manu

334 1811 459 1842 nostra
472 1817 540 1854 per
552 1803 670 1841 claves
686 1804 846 1841 ecclesiae
860 1805 967 1854 [quas
978 1806 1016 1853 ἓ]
1037 1818 1149 1854 super
1166 1806 1280 1842 altare
1297 1807 1533 1854 posuerimus
1550 1807 1597 1844 ad
1614 1807 1740 1844 dotem
1759 1807 1919 1844 ecclesiae
1935 1808 2087 1857 quando
2101 1808 2334 1854 dedicandae;
2351 1808 2458 1844 dedi-

334 1880 429 1915 mus,
450 1868 617 1917 inquam,
635 1867 794 1905 basilicae
809 1868 934 1906 Sancti
953 1868 1059 1905 Pauli
1077 1868 1268 1906 ecclesiam
1286 1869 1412 1907 Sancti
1431 1870 1533 1907 Petri
1545 1871 1652 1918 juxta
1668 1883 1707 1907 se
1724 1872 1833 1907 sitam
1851 1871 2007 1908 liberam
2025 1879 2062 1908 et
2079 1873 2255 1921 quietam.
2276 1872 2456 1908 Dedimus

334 1942 485 1980 quoque
501 1937 721 1979 potestatem
747 1930 910 1979 ponendi
927 1931 966 1968 in
985 1943 1027 1968 ea
1046 1931 1306 1980 presbyterum
1325 1939 1363 1969 et
1380 1932 1575 1981 ejiciendi,
1603 1933 1700 1970 salvo
1722 1933 1867 1970 honore
1886 1933 2046 1971 ecclesiae
2064 1941 2208 1972 nostrae.
2230 1935 2352 1982 Hujus
2370 1947 2456 1970 vero

334 1991 546 2030 donationis
573 1999 706 2030 nostrae
728 2005 836 2030 causa
861 2000 922 2030 est·
935 2000 977 2030 ut
993 1994 1192 2043 quotannis
1211 1995 1380 2031 canonici
1406 1995 1534 2033 Sancti
1555 1995 1663 2033 Pauli
1690 1996 1730 2032 in
1754 2003 1862 2033 nocte
1888 1996 2020 2033 natalis
2046 1997 2144 2034 beati
2172 1997 2341 2044 Dionysii
2371 2010 2455 2033 cum

334 2056 568 2104 processione
585 2057 734 2094 veniant
752 2055 798 2094 ad
816 2056 1007 2093 ecclesiam
1020 2084 1030 2102 ,
1051 2057 1090 2093 in
1108 2069 1183 2106 qua
1205 2068 1362 2107 corpore
1386 2058 1607 2108 requiescit,
1634 2059 1763 2109 ibique
1782 2059 1986 2096 matutinos
2002 2060 2131 2097 festive
2149 2059 2347 2097 decantent
2373 2067 2457 2097 ante
2496 2063 2499 2066 ’

335 2125 490 2156 nostros.
513 2118 675 2156 Radulso
691 2125 817 2156 autem
837 2118 1054 2168 presbytero
1070 2118 1118 2156 de
1137 2120 1249 2157 Fossa
1266 2121 1490 2169 cognomine
1502 2148 1512 2165 ,
1534 2122 1598 2170 qui
1618 2121 1806 2170 praesatam
1826 2122 2020 2159 ecclesiam
2038 2122 2164 2159 Sancti
2182 2123 2282 2159 Petri
2302 2135 2369 2171 per
2391 2136 2457 2159 uos

332 2179 500 2224 tenebat,
518 2180 692 2217 dedimus
713 2180 859 2230 plenam
878 2180 1114 2230 praebendam
1133 2181 1170 2218 in
1192 2181 1392 2219 refectorio
1410 2182 1449 2218 in
1469 2183 1590 2231 prima
1607 2195 1731 2220 mensa
1746 2212 1755 2229 ,
1782 2190 1824 2220 ut
1842 2196 1923 2220 eam
1948 2184 2154 2234 plenariam
2180 2185 2316 2222 habeat
2340 2198 2458 2234 quan-

332 2241 399 2278 diu
419 2242 562 2279 vixerit.
582 2242 821 2280 Praebendam
839 2255 989 2293 quoque
1006 2243 1111 2292 panis
1127 2256 1169 2280 ac
1187 2245 1260 2281 vini
1277 2273 1287 2290 ‚
1309 2257 1420 2294 quam
1441 2245 1554 2282 iidem
1571 2246 1739 2282 canonici
1758 2246 1989 2295 accipiebant
2007 2247 2044 2283 in
2066 2247 2344 2296 promptuario,
2368 2260 2457 2284 con-

333 2305 509 2341 cessimus
524 2305 642 2354 accipi
662 2306 702 2341 in
721 2305 933 2342 refectorio.
949 2305 1025 2353 Qui
1042 2317 1129 2342 vero
1148 2305 1273 2342 dotem
1293 2307 1409 2356 ipsam
1437 2307 1597 2344 ecclesiae
1614 2307 1827 2353 abstulerit,
1847 2315 1886 2345 et
1901 2307 2062 2345 Radutfo
2091 2308 2266 2358 praedicto
2291 2309 2455 2358 praeben-

333 2365 418 2403 dam
435 2366 505 2404 sibi
522 2380 542 2404 a
559 2366 667 2404 nobis
684 2366 809 2405 datam
834 2366 1062 2405 subtraxerit
1083 2367 1253 2417 quandiu
1277 2368 1429 2414 vixerit,
1458 2369 1592 2407 divinae
1615 2370 1751 2407 ultioni
1778 2378 1817 2408 et
1841 2378 1971 2408 nostro
1999 2371 2186 2419 subjaceat
2213 2371 2453 2414 anathemati.

334 2431 470 2472 Actum
486 2436 526 2466 et
543 2429 672 2467 datum
698 2443 740 2467 ac
762 2430 981 2467 roboratum
998 2430 1038 2467 in
1056 2430 1219 2479 capitulo
1242 2430 1367 2468 Sancti
1395 2431 1585 2481 Dionysii,
1605 2444 1704 2470 anno
1730 2433 1915 2470 incarnati
1936 2433 2052 2473 Verbi
2081 2446 2186 2472 ucxtv
2199 2463 2208 2479 ‚
2229 2433 2360 2474 indict.
2382 2446 2432 2475 vu
2446 2463 2454 2478 ,

332 2497 452 2538 epact.
470 2503 579 2537 xxm,
601 2499 847 2529 concurrente
876 2504 929 2539 tv,
957 2504 1056 2529 anno
1082 2492 1281 2530 Htudovici
1310 2494 1406 2543 regis
1435 2506 1499 2530 vn.
1529 2494 1688 2542 Signum
1716 2495 1805 2532 Adae
1829 2495 1999 2539 abbatis,
2030 2495 2156 2533 Sancti
2187 2495 2323 2533 Alelmi
2352 2496 2454 2543 prio-

336 2555 408 2601 ris,
435 2562 507 2592 etc.
528 2570 545 2588 »

379 2639 507 2685 Quare
530 2639 617 2675 satis
644 2641 772 2676 mirari
799 2644 874 2676 non
903 2649 1053 2689 possum
1079 2652 1148 2677 cur
1175 2640 1389 2678 Abaelardus
1419 2643 1531 2678 etiam
1556 2642 1728 2690 subjiciat
1745 2654 1783 2679 se
1801 2657 1819 2676 α
1835 2642 2118 2679 intolerabiles»
2138 2641 2280 2678 abbatis
2300 2641 2400 2678 illius
2416 2649 2455 2678 et

334 2701 603 2738 monachorum
625 2702 752 2739 Sancti
778 2703 945 2752 Dionysii
965 2718 983 2737 e«
996 2704 1193 2752 spurcitias
1214 2704 1431 2754 frequenter
1447 2711 1560 2755 atque
1575 2705 1816 2742 vehementer
1831 2705 1943 2742 modo
1959 2705 2153 2754 privatim,
2174 2700 2285 2740 modo
2308 2704 2455 2752 publice

332 2763 641 2813 redarguentem,
661 2765 838 2802 omnibus
863 2777 973 2814 supra
1002 2765 1157 2802 modum
1186 2777 1386 2803 onerosum
1411 2773 1523 2815 atque
1548 2766 1720 2804 odiosum
1747 2767 1927 2812 effecisse,
1947 2782 1965 2800 ι
1985 2767 2057 2803 nisi
2083 2766 2236 2803 forsitan
2256 2766 2333 2812 eis,
2362 2772 2455 2814 ‘quos

333 2833 458 2874 postea
476 2826 743 2864 infensissimos
759 2827 914 2873 habuit,
935 2828 1058 2878 aliqua
1077 2828 1207 2865 saltem
1226 2828 1424 2866 verborum
1447 2829 1650 2866 acrimonia
1675 2842 1802 2879 parem
1830 2830 1987 2879 gratiam
2012 2829 2150 2866 referre
2177 2828 2349 2864 voluerit.
2375 2828 2454 2876 [lta

334 2888 605 2934 Quercetanu's.
618 2890 793 2926 Attamen
809 2889 1003 2926 fatendum
1022 2897 1078 2927 est
1095 2890 1288 2928 Abaelardo
1306 2891 1575 2928 monachorum
1591 2892 1717 2929 Sancti
1733 2892 1901 2941 Dionysii
1917 2904 2040 2927 mores
2057 2891 2311 2927 vehementius
2327 2889 2451 2926 redar-

335 2951 462 2997 guenti
481 2951 608 2988 divum
631 2952 745 2988 etiam
763 2941 999 2989 'Bernardum
1019 2954 1174 2989 omnino
1192 2953 1406 3002 suffragari,
1432 2953 1537 3001 cujus
1556 2954 1632 2990 haec
1651 2954 1759 2990 verba
1780 2960 1888 2990 sunt:
1910 2968 1928 2986 «
1949 2954 2065 2989 Locus
2082 2953 2220 3001 quippe
2237 2951 2283 2987 ab
2299 2951 2454 3000 antiquo

334 3012 469 3049 nobilis
485 3019 524 3050 et
540 3013 650 3062 regiae
667 3013 860 3063 dignitatis
877 3015 1070 3059 extiterat3
1087 3013 1213 3064 palatii
1232 3015 1352 3052 causis
1371 3027 1580 3065 regumque
1603 3015 1828 3052 exercitibus
1854 3015 2041 3051 deservire
2069 3013 2227 3058 solebat;
2256 3014 2335 3049 sine
2363 3025 2455 3049 cun-

333 3074 496 3111 ctatione
523 3082 563 3112 et
587 3075 741 3122 fraude,
775 3088 838 3113 sua
871 3077 1004 3114 Caesari
1031 3076 1308 3122 reddebantur3
1326 3077 1390 3113 sed
1407 3090 1483 3114 non
1502 3078 1614 3114 etiam
1634 3079 1714 3114 Deo
1730 3089 1811 3126 quoe
1829 3077 1895 3112 Dei
1916 3082 2004 3112 sunt
2024 3075 2327 3124 persolvebantur
2354 3087 2454 3125 aeque

335 3135 507 3174 fideliter.
525 3137 639 3184 Quod
659 3137 886 3183 audivimus,
904 3150 979 3175 non
997 3138 1099 3188 quod
1115 3138 1277 3176 vidimus
1288 3167 1299 3184 ,
1318 3139 1511 3189 loquimur
1526 3155 1533 3175 :
1551 3137 1755 3176 claustrum
1782 3138 1905 3187 ipsum
1933 3138 2146 3175 monasterii
2166 3138 2397 3186 frequenter,
2415 3146 2456 3173 ut

336 3198 453 3243 aiunt,
467 3194 596 3248 stipari
609 3199 806 3245 militibus,
820 3202 948 3250 urgeri
959 3192 1139 3250 negotiis,
1153 3202 1294 3251 jurgiis
1309 3207 1524 3250 personare,
1544 3207 1671 3250 patere
1689 3199 1937 3237 interdumet
1952 3199 2138 3236 feminis.»
2156 3199 2288 3247 (Epist.
2310 3210 2451 3241 mcxviii,

339 3256 449 3309 opp„
468 3261 621 3300 Parisiis
637 3264 754 3310 ⁴690,
772 3263 911 3308 in-fol.‚
929 3270 958 3301 t.
978 3264 1019 3310 1,
1039 3265 1112 3303 col.
1132 3266 1194 3303 79.
1208 3265 1267 3302 Cf.
1291 3266 1428 3313 Script.
1451 3276 1525 3302 rer.
1544 3265 1655 3312 gall„
1675 3270 1702 3300 t.
1724 3262 1814 3307 XX,
1836 3275 1873 3311 p.
1893 3262 2013 3311 727.)]

1140 3364 1237 3402 Nota
1262 3364 1438 3411 XXVII,
1468 3375 1553 3413 pag.
1584 3364 1648 3401 ⁴7..

381 3433 450 3470 Ad
464 3442 560 3484 quas
576 3436 726 3485 qm’elem
745 3444 851 3475 tanta
867 3438 1093 3475 scholarium
1112 3439 1311 3476 multitudo
1326 3440 1527 3485 confluxit,
1549 3444 1590 3474 ut
1612 3450 1681 3474 nec
1704 3438 1808 3474 locus
1835 3438 2021 3484 hospitiis,
2052 3450 2119 3472 nec
2147 3442 2246 3473 terra
2271 3435 2453 3486 suffceret

335 3497 530 3537 alimentis.
547 3519 578 3524 ψ
609 3498 729 3536 Nemo
746 3499 895 3536 brevius
914 3499 1098 3538 infinitam
1116 3501 1218 3538 illam
1235 3501 1461 3538 scholarium
1479 3499 1663 3537 Abaelardi
1681 3498 1962 3537 multitudinem
1981 3498 2157 3547 expressit
2173 3525 2184 3545 ,
2201 3510 2312 3546 quam
2330 3497 2451 3533 Chro-

495 3571 509 3599 1
2266 3562 2291 3599 7
