2970 4152
523 444 617 491 388
1326 445 1497 493 PETRI
1531 446 1846 496 ABAELARDI

523 540 643 586 vitae.
666 537 808 596 Quod
833 538 989 584 statim
1015 537 1298 599 declaratur,
1328 557 1478 604 quum
1501 557 1559 588 eo
1584 540 1822 607 baptizato
1842 552 1888 590 et
1907 551 2090 603 orante,
2114 541 2220 589 coeli
2242 541 2415 607 aperiri
2439 541 2650 590 referun-

526 631 616 680 tur,
647 629 693 666 et
715 619 912 684 Spiritus
945 618 1234 667 descendere
1263 633 1684 670 commemoratur.
1709 624 1975 688 Baptismus
2006 624 2184 689 quippe
2210 623 2355 671 coelos
2379 635 2580 685 res-erat,
2603 635 2648 672 et

524 699 880 764 perseverantiae
904 698 1099 762 gratiam
1126 700 1277 746 oratio
1304 700 1443 748 nobis
1467 702 1703 767 impetrat.
1734 703 1894 750 Multis
1914 720 2025 750 cum
2047 706 2155 751 Jesu
2181 703 2448 769 baptizatis,
2475 704 2651 768 pariter

524 797 665 827 nemo
694 789 770 827 est·
790 789 957 844 praeter
985 797 1119 840 eum,
1143 798 1286 846 super
1308 799 1453 846 quem
1483 783 1655 848 aperiri
1686 783 1885 843 coelum,
1914 784 1990 832 vel
2014 785 2215 850 Spiritus
2239 783 2529 831 descendere
2553 801 2651 832 me-

525 869 764 906 moretur:
790 860 901 923 quia
924 861 1199 925 quicunque
1226 862 1275 908 in
1303 878 1506 926 corpore
1539 863 1661 926 ejus⁷
1685 863 1819 927 quod
1846 873 1916 910 est
1946 863 2175 924 Ecclesia,
2201 880 2301 910 non
2322 864 2645 924 continentur,

523 951 619 988 tam
638 957 664 987 a
679 941 825 1004 janua
843 941 948 988 coeli
964 959 1110 1006 quam
1124 959 1151 989 a
1162 943 1306 1007 gratia
1323 943 1411 990 Dei
1429 953 1539 990 sunt
1558 943 1750 991 exclusi.
1769 943 1907 991 Solus
1923 945 2102 1010 quippe
2121 946 2222 1011 ipse
2238 955 2308 992 est
2324 945 2407 1009 qui
2420 945 2587 1010 aperit,
2604 955 2653 993 et

522 1039 665 1069 nemo
683 1021 885 1083 claudit,
909 1039 993 1088 per
1009 1041 1152 1088 quem
1172 1041 1566 1089 unumquemque
1583 1025 1865 1073 salvandum
1879 1029 1890 1051 ¹
1906 1026 1969 1073 ad
1989 1027 2133 1074 vitam
2148 1026 2331 1092 ingredi
2348 1043 2542 1075 necesse
2561 1036 2645 1074 est.

587 1108 657 1152 De
687 1104 909 1152 columba
939 1115 1120 1166 autem,
1155 1107 1203 1153 in
1234 1123 1330 1170 qua
1359 1107 1558 1171 Spiritus
1581 1115 1770 1154 sanctus
1795 1106 2024 1172 figuratus
2050 1107 2333 1168 ostenditur,
2362 1108 2483 1155 sicut
2510 1117 2558 1155 et
2590 1107 2652 1155 de

521 1185 676 1244 stella,
711 1186 958 1233 sciendum
989 1196 1079 1247 est,
1110 1196 1161 1234 ut
1187 1203 1239 1233 ex
1270 1187 1513 1234 elementis
1542 1187 1719 1234 scilicet
1750 1198 1906 1235 creata
1934 1190 2122 1237 noviter
2144 1198 2345 1253 utraque
2371 1187 2647 1237 credatur²z

521 1284 625 1330 quae
653 1266 813 1314 officio
841 1284 927 1314 suo
956 1267 1017 1314 ad
1041 1267 1174 1332 quod
1200 1278 1365 1315 creatae
1393 1278 1504 1315 sunt
1529 1268 1771 1334 completo
1800 1286 1900 1317 esse
1926 1269 2191 1330 desierunt,
2218 1270 2267 1316 in
2296 1257 2530 1317 elementa
2550 1268 2654 1334 ipsa

522 1346 751 1395 resolutae.
781 1348 981 1413 Spiritus
1006 1358 1188 1408 autem,
1218 1349 1301 1412 qui
1329 1365 1415 1414 per
1444 1349 1744 1414 praesentiam
1776 1349 2033 1397 divinitatis
2060 1349 2238 1414 ubique
2270 1359 2364 1410 est,
2402 1366 2492 1397 nec
2521 1349 2652 1400 loca-

520 1430 624 1478 liter
647 1445 892 1494 quoquam
918 1427 1209 1476 descendere
1245 1439 1402 1495 potest
1435 1430 1484 1476 in
1514 1446 1599 1477 sua
1628 1431 1918 1496 incorporali
1942 1430 2203 1478 substantia
2228 1440 2370 1494 atque
2398 1428 2650 1488 invisibili,

520 1510 691 1557 dicitur
722 1521 879 1559 tamen
906 1509 1204 1556 descendisse
1236 1526 1378 1574 super
1409 1511 1673 1556 Dominum
1703 1511 1752 1557 in
1787 1512 1943 1576 specie
1975 1511 2215 1576 corporali
2243 1511 2364 1558 sicut
2397 1508 2648 1556 columba:

521 1606 577 1635 eo
615 1590 830 1639 videlicet
860 1590 992 1655 quod
1023 1591 1085 1638 ad
1115 1590 1463 1655 plenitudinem
1493 1591 1692 1656 Spiritus
1725 1592 1904 1652 sancti,
1939 1608 2084 1656 quam
2108 1591 2302 1656 'semper
2333 1589 2525 1650 habuit,
2569 1589 2653 1638 de·

520 1671 904 1731 monstrandam,
941 1687 1052 1718 vera
1084 1670 1163 1717 illa
1194 1669 1417 1717 columba
1442 1670 1550 1717 licet
1573 1671 1760 1718 noviter
1784 1671 1902 1718 facta
1917 1707 1929 1732 ,
1965 1688 2109 1737 super
2133 1688 2244 1719 eum
2269 1670 2495 1718 insederit
2519 1670 2655 1734 juxta

519 1748 633 1795 illud
665 1751 1048 1816 propheticum⁸z
1083 1751 1327 1815 «Spiritus
1355 1751 1550 1797 Domini
1574 1767 1717 1815 super
1749 1768 1850 1811 me,
1886 1768 1943 1798 eo
1975 1751 2108 1816 quod
2133 1751 2322 1798 unxerit
2344 1768 2451 1798 me:
2482 1750 2543 1797 ad
2567 1766 2653 1799 an-

520 1832 838 1879 nuntiandum
868 1832 1124 1879 mansuetis
1155 1832 1283 1878 misit
1313 1849 1449 1879 me.»
1479 1832 1641 1879 Unde*
1668 1842 1714 1879 et
1740 1832 1864 1880 bene
1896 1833 1944 1880 in
1975 1832 2253 1896 hujusmodi
2280 1850 2388 1893 ave,
2424 1849 2528 1896 quae
2555 1849 2653 1897 prae

518 1914 693 1961 caeteris
709 1915 759 1961 in
778 1924 962 1961 tantum
981 1913 1164 1960 blanda
1186 1924 1232 1960 et
1256 1923 1503 1961 mansueta
1529 1930 1630 1961 esse
1653 1913 1880 1974 creditur,
1905 1924 1958 1961 ut
1985 1913 2241 1960 iracundiae
2266 1913 2372 1961 felle
2397 1930 2557 1961 carere
2582 1912 2653 1960 di-

518 2005 664 2041 catur.
705 1998 894 2052 Quanta
927 1994 1292 2042 mansuetudine
1324 1994 1398 2041 vel
1431 1994 1707 2041 innocentia
1737 1995 1823 2042 iste
1852 1997 2011 2059 Agnus
2042 1995 2153 2054 Dei,
2186 1994 2307 2041 sicut
2339 1993 2400 2041 de
2435 1994 2539 2058 ipso
2564 1997 2651 2041 Ba-

520 2075 657 2139 ptista
685 2085 988 2140 protestatur,
1011 2074 1358 2140 praeminuerit,
1383 2075 1602 2121 universa
1621 2074 1722 2137 ejus
1749 2091 1895 2139 opera
1926 2074 2191 2138 loquuntur
2217 2084 2360 2138 atque
2388 2083 2648 2139 praecepta,

518 2173 621 2219 quae
647 2159 825 2202 tantam
851 2156 1130 2203 suavitatem
1161 2155 1382 2202 redolent
1411 2154 1637 2215 caritatis,
1672 2164 1725 2201 ut
1754 2171 1844 2201 nec
1870 2155 2074 2201 inimicis
2097 2154 2236 2201 liceat
2260 2154 2412 2200 irasci.
2441 2157 2536 2200 Nec
2561 2171 2651 2218 pu-

520 2236 717 2283 tandum
743 2247 811 2284 est
835 2238 898 2283 ita
921 2237 1147 2302 Spiritum
1174 2246 1391 2283 sanctum
1416 2236 1465 2282 in
1492 2235 1648 2300 specie
1671 2235 1905 2283 columbae
1933 2236 2090 2283 visum
2118 2252 2244 2294 esse,
2266 2245 2319 2281 ut
2350 2234 2584 2282 ullatenus
2609 2238 2652 2283 ei

519 2317 920 2382 incorporaretur,
957 2327 1038 2363 aut
1068 2317 1118 2363 in
1149 2332 1405 2381 personam
1435 2316 1681 2376 uniretur,
1720 2316 1803 2363 sed
1835 2314 2142 2362 solummodo
2173 2331 2228 2362 ea
2259 2331 2399 2361 usum
2431 2330 2532 2361 esse
2561 2331 2652 2379 pro

518 2401 675 2465 signo,
703 2402 822 2447 sicut
848 2411 894 2448 et
918 2382 1089 2465 linguis
1112 2400 1202 2447 illis
1227 2400 1398 2464 igneis,
1428 2399 1601 2463 quibus
1627 2416 1770 2464 super
1794 2399 2036 2464 apostolos
2057 2408 2274 2445 ostensus
2300 2406 2385 2444 est.
2414 2396 2578 2457 Unde,
2605 2408 2652 2445 et

517 2481 681 2529 beatus
722 2483 938 2530 meminit
965 2482 1287 2546 Augustinus⁵‚
1325 2497 1575 2544 nunquam
1607 2481 1835 2546 Spiritum
1867 2490 2086 2527 sanctum
2116 2489 2250 2545 patre
2280 2478 2518 2525 minorem
2558 2477 2652 2525 dici

516 2563 1045 2626 legimus,-secundum
1081 2563 1289 2627 aliquem
1326 2563 1557 2609 unionem
1592 2572 1808 2609 naturae:
1843 2578 1994 2626 quum
2031 2571 2192 2608 tamen
2215 2559 2359 2606 Filius
2385 2558 2650 2607 secundum

515 2644 821 2693 humanitatis
846 2646 1221 2710 assumptionem
1241 2681 1253 2703 ,
1284 2647 1471 2690 Patrem
1501 2660 1551 2690 se
1579 2643 1812 2706 majorem
1840 2660 1940 2690 esse
1975 2651 2185 2690 testetur.
2209 2640 2443 2688 Columba
2466 2641 2650 2704 itaque⁶

516 2741 658 2790 super
682 2725 944 2771 Dominum
969 2724 1227 2783 insidente,
1251 2734 1297 2771 et
1320 2740 1430 2770 eum
1456 2739 1484 2769 a
1505 2723 1673 2770 ceteris
1698 2722 2040 2787 distinguente,
2062 2731 2109 2769 et
2127 2731 2354 2785 tanquam
2372 2719 2518 2783 digito
2535 2736 2643 2779 suo,

518 2806 598 2869 qui
633 2806 831 2870 Spiritus
863 2805 1153 2869 intelligitur,
1187 2814 1319 2869 patre
1350 2804 1507 2869 ipsum
1538 2802 1920 2862 demonstrante,
1954 2818 2047 2849 vox
2078 2801 2284 2866 desuper
2311 2800 2457 2866 patris
2487 2799 2648 2847 audita

518 2897 601 2933 est.
626 2889 741 2944 Quae
760 2886 956 2950 quidem
974 2902 1068 2932 vox
1093 2886 1142 2932 in
1169 2901 1373 2950 persona
1401 2884 1550 2931 Patris
1574 2884 1623 2930 in
1649 2900 1756 2931 aere
1785 2883 1907 2930 facta
1937 2893 2006 2930 est
2028 2883 2125 2930 sive
2152 2899 2239 2947 per
2269 2881 2515 2945 angelum,
2549 2881 2648 2928 sive

520 2984 807 3031 quocunque
835 2966 927 3014 alio
959 2965 1107 3013 modo
1141 2965 1356 3012 formata.
1393 2967 1500 3011 Non
1529 2964 1659 3010 enim
1691 2973 1826 3029 pater
1854 2980 2029 3028 corpus
2058 2961 2227 3021 habet,
2261 2970 2341 3007 aut
2373 2961 2530 3026 ipsum
2558 2977 2647 3006 un-

520 3066 663 3113 quam
687 3049 904 3108 assumit,
928 3058 980 3096 ut
1004 3046 1332 3113 corporalibus
1354 3046 1680 3092 instrumentis
1705 3046 1804 3111 ipse
1829 3062 1998 3093 vocem
2023 3044 2227 3091 formare
2251 3043 2415 3108 possit.
2443 3041 2649 3106 Diligen-

523 3139 591 3176 ter
611 3148 722 3178 vero
743 3131 923 3178 dictum
946 3140 1037 3190 est,
1072 3146 1172 3177 non
1200 3129 1247 3175 in
1275 3144 1372 3192 quo
1401 3126 1601 3192 placuit,
1633 3126 1718 3173 sed
1746 3126 1796 3172 in
1822 3143 1919 3190 quo
1949 3124 2262 3190 complacuit,
2285 3132 2338 3171 ut
2363 3139 2463 3169 non
2490 3120 2648 3169 solum

523 3220 665 3273 caput
682 3211 836 3275 ipsum
854 3211 943 3258 sibi
961 3211 1148 3276 placere
1167 3209 1396 3268 insinuet,
1425 3206 1510 3254 sed
1528 3223 1638 3254 cum
1664 3207 1767 3273 ipso
1792 3207 1934 3254 etiam
1954 3223 2008 3253 ac
2027 3222 2114 3271 per
2135 3206 2292 3269 ipsum
2314 3202 2530 3250 membra
2547 3202 2648 3266 ejus

524 3299 652 3352 grata
672 3289 759 3336 sibi
778 3290 1039 3337 denuntiet.
1095 3350 1098 3352 Δ

574 3439 580 3455 ¹
611 3439 802 3471 Sanandum
829 3438 895 3471 MS.
925 3438 1016 3472 Eins.
1045 3457 1088 3463 -
1110 3438 1122 3456 ²
1149 3440 1216 3473 MS.
1246 3440 1338 3474 Eins.
1363 3456 1385 3464 -
1413 3439 1555 3479 Utraque
1611 3453 1646 3461 ·-
1668 3436 1680 3454 ⁸
1694 3436 1798 3470 Serm.
1814 3447 1938 3477 ectxiv,
1959 3436 2040 3477 Opp.
2059 3440 2081 3467 t.
2100 3433 2138 3474 V,
2154 3433 2218 3467 col.
2236 3434 2333 3466 1079.
2349 3432 2399 3466 Cf.
2421 3432 2503 3473 Opp.
2519 3437 2542 3464 t.
2557 3429 2646 3470 vlu,

527 3498 700 3529 credantur
715 3495 775 3529 Ed.
792 3496 888 3529 Amb.
905 3514 946 3520 —
963 3496 975 3513 ³
991 3495 1081 3530 lsaiae
1096 3506 1168 3540 cap.
1186 3508 1239 3529 in
1253 3522 1260 3535 ,
1276 3507 1306 3530 v.
1327 3499 1357 3530 1.
1373 3514 1416 3523 -—
1433 3495 1447 3513 ⁴
1468 3495 1557 3528 Unde
1611 3494 1676 3527 col.
1695 3494 1773 3534 661,
1788 3494 1852 3527 690
1873 3500 1906 3526 et
1929 3493 2007 3527 691.
2027 3510 2065 3516 -
2082 3490 2094 3509 ⁶
2110 3489 2177 3523 MS.
2195 3490 2288 3524 Eius.
2304 3508 2324 3515 -
2347 3490 2459 3530 [taque
2476 3487 2567 3522 deest
2581 3485 2644 3519 Ed.

527 3560 557 3585 et
570 3554 645 3586 bene
653 3562 752 3596 usque
764 3554 908 3586 columba
921 3563 1015 3594 super
1025 3553 1192 3586 Dominum
1205 3553 1320 3587 desunt
1331 3553 1362 3586 in
1373 3552 1456 3587 Cod.
1465 3551 1554 3585 Eius.
1613 3550 1696 3585 Δῃὼ
