2970 4152
899 407 1019 455 CUM
1051 407 1223 454 PETRI
1259 407 1577 455 ABAELARBI
1610 406 2044 455 SOLUTIONIBUS.
2445 410 2540 457 239

404 505 611 570 justitia,
646 513 694 551 et
718 502 779 550 de
811 502 992 567 judicio
1017 521 1027 549 :
1058 502 1119 550 de
1148 512 1347 567 peccato
1371 502 1592 566 quidem,
1621 503 1732 567 quia
1769 518 1871 549 non
1902 500 2210 548 crediderunt
2246 497 2296 547 in
2326 516 2436 562 me3
2479 505 2540 551 de

404 584 583 648 justitia
619 600 734 631 vero
753 619 765 643 ,
799 584 910 648 quia
945 582 1008 630 ad
1036 592 1221 648 patrem
1247 582 1373 629 vado
1392 582 1613 646 „etjam
1646 594 1754 629 non·
1772 581 1992 629 videbitis
2016 597 2093 628 me
2116 599 2128 640 ;
2157 579 2218 627 de
2238 580 2420 644 judicio
2456 600 2539 630 au-

408 675 505 712 tem
525 700 538 724 ‚
568 664 680 728 quia
696 700 709 724 ,
738 664 960 729 princeps
987 662 1327 726 mundi2hujus
1355 661 1610 726 judicatus.
1639 681 1663 706 »

1225 789 1415 837 Solatio
1448 788 1708 837 Aboelardi.
1771 854 1775 856 ⁴

475 910 648 971 Arguet
671 922 759 971 per
786 904 1061 969 apostoloS,
1091 921 1214 968 quos
1242 904 1473 970 replebit,
1505 920 1605 951 non
1639 919 1783 950 unam
1811 912 1995 967 partem
2019 902 2216 963 mundi,
2244 904 2328 951 sed
2353 914 2531 963 totum,

408 987 469 1035 de
488 996 684 1052 peccato
709 984 885 1033 scilicet
909 994 1242 1050 perseverante
1264 984 1340 1031 vel
1358 987 1370 1009 ¹
1401 993 1587 1031 retento
1615 982 1676 1030 ab
1712 981 1988 1029 hominibus
2004 1018 2017 1043 ,
2047 993 2244 1048 propter
2271 983 2391 1044 hoc,
2425 985 2536 1049 quia

407 1083 508 1114 non
539 1065 845 1114 crediderunt
871 1065 922 1111 in
950 1081 1045 1112 me.
1081 1066 1256 1128 Arguet
1285 1063 1346 1111 de
1376 1064 1556 1128 justitia
1575 1099 1588 1123 ,
1633 1062 1838 1109 scilieet*
1877 1079 1965 1127 per
1994 1063 2230 1128 meipsum
2254 1075 2537 1128 praesentem

410 1146 573 1195 oblata
590 1181 603 1206 ‚
631 1157 679 1194 et
702 1162 802 1193 non
828 1154 1047 1210 suscepta
1071 1154 1185 1191 tunc
1208 1161 1359 1209 quum
1384 1160 1589 1209 praesens
1619 1159 1771 1190 essem
1789 1178 1803 1203 ‚
1834 1159 1979 1207 quem
1999 1142 2099 1206 jam
2126 1160 2408 1209 recuperare
2437 1161 2537 1192 non

406 1237 609 1293 possunt
631 1236 825 1274 euntem
851 1225 914 1272 ad
949 1228 1137 1272 Patrem
1155 1261 1168 1285 ,
1197 1234 1244 1272 et
1259 1224 1361 1288 jam
1387 1224 1511 1271 ultra
1536 1224 1614 1270 hic
1639 1239 1740 1270 non
1765 1222 2044 1270 videndum.
2067 1226 2139 1270 De
2156 1223 2340 1287 judicio
2358 1225 2536 1271 scilicet

408 1307 806 1374 praecedentium,
837 1307 887 1352 in
919 1322 1018 1371 quo
1053 1314 1214 1363 erant,
1249 1305 1343 1352 hoc
1371 1314 1441 1352 est
1467 1304 1651 1370 peccati
1689 1304 1786 1351 sive
1820 1303 2010 1367 justitiae
2045 1322 2055 1350 :
2097 1320 2211 1351 cum
2235 1321 2291 1352 ea
2318 1304 2537 1352 videlicet

410 1406 516 1454 quae
542 1405 650 1436 reos
671 1387 747 1435 vel
769 1388 922 1451 justos
950 1387 1127 1434 faciunt
1156 1386 1206 1432 in
1233 1384 1460 1451 operibus
1494 1385 1643 1449 magis
1665 1401 1812 1449 quam
1840 1384 1890 1430 in
1920 1384 2184 1431 intentione
2212 1385 2531 1443 constituant,

409 1479 457 1517 et
479 1470 648 1516 merita
672 1461 886 1515 nontam
902 1467 1170 1515 secundum
1189 1467 1404 1513 animum
1421 1502 1433 1526 ‚
1457 1481 1602 1530 quam
1619 1464 1884 1512 secundum
1903 1465 2234 1529 operationem
2253 1464 2532 1528 dijudicent,

408 1550 531 1597 sicut
545 1550 750 1596 maxime
777 1547 926 1595 Judaei
950 1547 1144 1607 faciunt,
1164 1547 1407 1594 neminem
1429 1545 1710 1594 arbitrantes
1727 1545 1962 1604 damnari,
1985 1544 2221 1610 quidquid
2239 1545 2370 1606 velit,
2399 1546 2535 1593 dum-

409 1630 559 1679 modo
571 1630 690 1678 illud
702 1646 849 1696 opere
861 1646 961 1676 non
975 1628 1230 1694 compleat.
1247 1628 1386 1675 Unde
1399 1637 1446 1675 et
1464 1627 1715 1693 Apostolus
1726 1626 1794 1674 ad
1808 1628 2067 1678 Romanos³
2079 1645 2093 1673 .·
2113 1645 2137 1671 «
2150 1626 2309 1687 Israel,
2320 1646 2343 1672 »
2359 1627 2531 1692 inquit,

413 1731 436 1757 «
449 1710 677 1759 sectando
687 1710 842 1775 legem
850 1710 1040 1774 justitiae
1052 1710 1101 1756 in
1117 1708 1268 1773 legem
1278 1708 1469 1772 justitiae
1482 1724 1582 1755 non
1594 1708 1825 1773 pervenit.
1849 1726 1872 1752 »
1892 1706 2081 1765 Quare?
2101 1708 2213 1771 quia
2226 1723 2326 1755 non
2344 1724 2402 1754 ex
2415 1706 2529 1767 fide,

407 1791 492 1840 sed
521 1792 658 1857 quasi
692 1808 748 1839 ex
779 1790 1019 1856 operibus.
1060 1789 1291 1848 Quamvis
1325 1805 1438 1853 ergo
1463 1787 1540 1835 lex
1569 1788 2004 1853 concupiscentiam
2030 1804 2225 1852 quoque
2249 1786 2499 1835 interdicat
2515 1824 2527 1845 ,

406 1887 507 1919 non
524 1881 685 1919 tamen
708 1871 804 1919 hoc
827 1880 1079 1935 peccatum
1104 1885 1205 1918 esse
1225 1879 1411 1916 tantum
1425 1868 1713 1916 arbitrantur
1732 1904 1743 1928 ,
1769 1878 1820 1916 ut
1846 1868 1908 1915 ad
1929 1867 2290 1915 damnationem
2312 1867 2528 1916 sufficiat.

406 1954 564 2010 Quem
589 1951 785 2016 quidem
810 1966 1023 1998 errorem
1053 1949 1352 2014 arguendum
1381 1965 1482 1996 esse
1508 1948 1745 1996 Dominus
1771 1964 1901 1995 nunc
1930 1947 2045 1995 dicit
2060 1983 2073 2007 ‚
2100 1964 2159 1995 ex
2181 1963 2239 1995 eo
2257 1947 2390 2011 quod
2405 1948 2534 2012 prin-

404 2048 517 2098 ceps
542 2030 686 2096 hujus
714 2031 885 2079 mundi
913 2030 1152 2095 judicatus
1179 2040 1267 2078 est.
1302 2033 1407 2095 lpse
1433 2029 1612 2094 quippe
1639 2027 1889 2087 diaboluS‚
1927 2028 2010 2092 qui
2034 2027 2302 2075 carnalibus
2327 2037 2375 2075 et
2406 2043 2532 2075 ama-

404 2112 587 2160 toribus
611 2112 781 2160 mundi
806 2112 1081 2160 dominatur
1101 2147 1114 2170 ‚
1145 2121 1194 2158 et
1223 2111 1369 2158 totius
1409 2119 1576 2157 auctor
1600 2119 1671 2156 est
1707 2118 1755 2156 et
1793 2108 1928 2173 origo
1955 2108 2168 2173 peccati,
2203 2124 2303 2155 non
2340 2107 2402 2155 de
2437 2107 2530 2155 hoc

402 2193 535 2258 quod
577 2193 767 2253 fecerit,
809 2193 894 2241 sed
925 2192 1057 2258 quod
1085 2191 1420 2258 praesumendo
1458 2190 1690 2249 voluerit,
1735 2190 1891 2237 statim
1919 2188 2171 2236 damnatus
2197 2199 2293 2237 tam
2330 2190 2531 2253 graviter

401 2274 596 2321 corruit.

1176 2383 1419 2414 PnonLEMA
1453 2382 1676 2414 mmssae
1710 2382 1760 2412 11.

466 2485 595 2544 Quid
621 2495 691 2533 est.
714 2484 831 2532 illud
856 2485 903 2530 in
925 2483 1123 2548 epistola
1148 2482 1313 2529 Jacobi
1329 2484 1343 2506 ⁸
1371 2501 1379 2528 :
1414 2501 1437 2526 «
1462 2481 1748 2545 Quicunque
1774 2489 1934 2527 autem
1959 2489 2107 2527 totam
2134 2479 2287 2543 legem
2317 2495 2529 2526 servave-

400 2569 485 2626 rit,
515 2565 727 2613 offendat
751 2574 910 2611 autem
936 2564 985 2610 in
1014 2567 1137 2622 uno,
1174 2563 1321 2610 factus
1347 2571 1417 2611 est
1440 2562 1660 2609 omnium
1687 2576 1814 2607 reus.
1847 2560 1941 2617 Qui
1974 2560 2102 2606 enim
2126 2559 2269 2605 dixit:
2288 2562 2394 2605 Non
2414 2575 2530 2605 moe-

399 2646 640 2706 chaberis,
664 2646 780 2693 dixit
803 2654 876 2692 et:
899 2647 1005 2690 Non
1022 2643 1228 2690 occides.
1250 2642 1395 2700 Quod
1418 2642 1457 2688 si
1476 2657 1575 2688 non
1595 2639 1933 2699 moechaberiS,
1957 2638 2146 2686 occides
2169 2648 2329 2685 autem
2347 2675 2359 2698 ‚
2382 2638 2529 2686 factus

400 2744 450 2775 es
473 2736 790 2791 transgressor
813 2724 944 2788 legis.
979 2742 1002 2767 »

1223 2822 1403 2870 Solutl'o
1436 2820 1696 2870 Aboelardz'.

464 2945 639 2993 Omnia
663 2942 804 2991 simul
828 2942 942 3006 legis
967 2950 1199 3007 praecepta
1215 2976 1228 3001 ,
1255 2957 1357 2988 non
1383 2939 1568 3004 singula
1592 2948 1705 2986 sunt
1721 2937 1796 2985 lex
1815 2938 1933 3002 ipsa.
1957 2936 2053 2994 Qui
2070 2952 2184 3001 ergo
2203 2945 2353 2983 totam
2373 2936 2526 3002 legem

399 3036 567 3093 praeter
591 3042 742 3074 unum
767 3022 1048 3071 mandatum
1072 3022 1374 3082 custodierit,
1403 3020 1457 3068 fit
1480 3037 1590 3068 reus
1615 3019 1835 3068 omnium
1858 3036 1868 3065 ε
1897 3017 1992 3064 hoc
2017 3026 2110 3077 est,
2139 3034 2197 3065 ex
2215 3034 2273 3065 eo
2298 3017 2527 3067 damnan-

401 3107 491 3155 dus
514 3116 614 3166 est,
633 3105 767 3171 quod
785 3120 885 3151 non
906 3103 1070 3150 omnia
1087 3102 1295 3150 custodit
1312 3111 1548 3168 praecepta
1563 3137 1576 3161 ‚
1596 3117 1702 3166 quae
1720 3098 1889 3158 simul,
1910 3107 1963 3144 ut
1980 3097 2161 3144 dictum
2181 3108 2273 3159 est,
2296 3110 2493 3164 accepta
2510 3138 2521 3159 ‚

400 3197 511 3236 sunt
533 3187 610 3235 lex
633 3187 751 3252 ipsa.
776 3188 840 3232 Ac
858 3184 896 3231 si
915 3192 1077 3249 aperte
1092 3182 1243 3230 dicat:
1267 3183 1498 3241 Quamvis
1516 3179 1742 3247 impletor
1763 3180 1878 3244 legis
1897 3193 2042 3225 nemo
2061 3194 2163 3226 esse
2181 3180 2348 3245 possit,
2371 3197 2524 3228 unum

398 3268 500 3332 ejus
517 3265 820 3315 observando
843 3262 1147 3323 mandatum3
1178 3273 1496 3328 transgressor
1517 3272 1679 3310 tamen
1703 3260 1819 3325 legis
1842 3257 2071 3319 efficitur,
2096 3259 2135 3306 si
2159 3259 2235 3306 vel
2252 3276 2404 3307 unum
2426 3260 2526 3324 ejus

399 3346 768 3411 transgrediatur
785 3353 1091 3410 praeceptum.
1124 3342 1263 3390 Unde
1290 3352 1338 3390 et
1364 3342 1523 3390 statim
1554 3340 1808 3406 Apostolus
1846 3354 2092 3404 exponens
2128 3338 2261 3403 quod
2298 3338 2480 3387 dixerat
2508 3358 2518 3386 :

443 3508 454 3526 ⁴
477 3509 522 3541 Et
539 3506 622 3541 eod.
638 3506 739 3547 vict,
757 3506 833 3538 397.
847 3522 892 3529 —
905 3502 917 3521 ’
938 3504 1069 3538 Scilicet
1083 3503 1176 3538 deest
1186 3503 1223 3537 in
1236 3503 1321 3538 Cod.
1336 3502 1422 3536 vict.
1435 3519 1479 3527 -
1493 3501 1506 3519 ⁸
1518 3501 1632 3540 Rom„
1645 3510 1720 3543 cap.
1733 3510 1767 3533 ix
1779 3524 1787 3540 ,
1801 3510 1831 3532 v.
1853 3500 1908 3532 31.
1923 3516 1966 3524 —
1980 3497 1994 3516 ⁴
2008 3498 2137 3539 Jacob„
2160 3508 2235 3543 cap.
2257 3509 2299 3541 ιι,
2320 3509 2350 3532 v.
2374 3500 2414 3531 10
2427 3506 2459 3531 et
2472 3509 2520 3541 sq.
