<?xml version="1.0" encoding="UTF-8"?>
<!DOCTYPE html PUBLIC "-//W3C//DTD XHTML 1.0 Transitional//EN"
    "http://www.w3.org/TR/xhtml1/DTD/xhtml1-transitional.dtd">
<html xmlns="http://www.w3.org/1999/xhtml" xml:lang="en" lang="en">
 <head>
  <title>
</title>
<meta http-equiv="Content-Type" content="text/html;charset=utf-8" />
  <meta name='ocr-system' content='tesseract 3.04.00' />
  <meta name='ocr-capabilities' content='ocr_page ocr_carea ocr_par ocr_line ocrx_word'/>
</head>
<body>
  <div class='ocr_page' id='page_1' title='image "./operahactenusseo01abeluoft_0527.png"; bbox 0 0 2970 4152; ppageno 0'>
   <div class='ocr_carea' id='block_1_1' title="bbox 805 391 2448 447">
    <p class='ocr_par' dir='ltr' id='par_1_1' title="bbox 805 391 2448 447">
     <span class='ocr_line' id='line_1_1' title="bbox 805 391 2448 447; baseline -0.002 -2"><span class='ocrx_word' id='word_1_1' title='bbox 805 397 863 446; x_wconf 92' lang='lat' dir='ltr'><strong>IN</strong></span> <span class='ocrx_word' id='word_1_2' title='bbox 897 394 1303 444; x_wconf 85' lang='lat' dir='ltr'>CONVERSIONE</span> <span class='ocrx_word' id='word_1_3' title='bbox 1337 393 1540 447; x_wconf 74' lang='lat' dir='ltr'><strong>SANCTl</strong></span> <span class='ocrx_word' id='word_1_4' title='bbox 1575 392 1749 440; x_wconf 84' lang='lat' dir='ltr'><strong>PAULI</strong></span> <span class='ocrx_word' id='word_1_5' title='bbox 1784 391 1999 438; x_wconf 86' lang='lat' dir='ltr'>SERMO.</span> <span class='ocrx_word' id='word_1_6' title='bbox 2355 393 2448 441; x_wconf 69' lang='lat'><strong>543</strong></span> 
     </span>
    </p>
   </div>
   <div class='ocr_carea' id='block_1_2' title="bbox 310 487 2451 3206">
    <p class='ocr_par' dir='ltr' id='par_1_2' title="bbox 315 487 2451 1601">
     <span class='ocr_line' id='line_1_2' title="bbox 345 487 2450 559; baseline -0.003 -15"><span class='ocrx_word' id='word_1_7' title='bbox 345 520 350 544; x_wconf 67' lang='grc' dir='ltr'><strong>ι</strong></span> <span class='ocrx_word' id='word_1_8' title='bbox 403 514 427 541; x_wconf 76' lang='grc' dir='ltr'><strong><em>κ</em></strong></span> <span class='ocrx_word' id='word_1_9' title='bbox 446 494 542 543; x_wconf 85' lang='lat' dir='ltr'><strong>Sed</strong></span> <span class='ocrx_word' id='word_1_10' title='bbox 559 511 726 559; x_wconf 85' lang='lat' dir='ltr'><strong>¹neque</strong></span> <span class='ocrx_word' id='word_1_11' title='bbox 747 493 843 541; x_wconf 90' lang='lat' dir='ltr'><strong>hoc</strong></span> <span class='ocrx_word' id='word_1_12' title='bbox 871 492 1099 546; x_wconf 78' lang='lat' dir='ltr'><strong>abhorret</strong></span> <span class='ocrx_word' id='word_1_13' title='bbox 1126 507 1155 538; x_wconf 89' lang='lat' dir='ltr'><strong>a</strong></span> <span class='ocrx_word' id='word_1_14' title='bbox 1176 489 1344 548; x_wconf 85' lang='lat' dir='ltr'><strong>Paulo,</strong></span> <span class='ocrx_word' id='word_1_15' title='bbox 1370 489 1504 553; x_wconf 87' lang='lat' dir='ltr'><strong>quod</strong></span> <span class='ocrx_word' id='word_1_16' title='bbox 1526 489 1807 550; x_wconf 79' lang='lat' dir='ltr'>rhinoceros</span> <span class='ocrx_word' id='word_1_17' title='bbox 1828 488 1971 536; x_wconf 88' lang='lat' dir='ltr'><strong>buxei</strong></span> <span class='ocrx_word' id='word_1_18' title='bbox 1992 487 2166 536; x_wconf 91' lang='lat' dir='ltr'><strong>coloris</strong></span> <span class='ocrx_word' id='word_1_19' title='bbox 2191 488 2380 549; x_wconf 87' lang='lat' dir='ltr'><strong>dicitur,</strong></span> <span class='ocrx_word' id='word_1_20' title='bbox 2403 501 2450 537; x_wconf 90' lang='lat' dir='ltr'><strong>et</strong></span> 
     </span>
     <span class='ocr_line' id='line_1_3' title="bbox 315 569 2450 640; baseline -0.003 -16"><span class='ocrx_word' id='word_1_21' title='bbox 315 574 700 640; x_wconf 75' lang='lat' dir='ltr'>-elephantorum</span> <span class='ocrx_word' id='word_1_22' title='bbox 721 583 911 622; x_wconf 84' lang='lat' dir='ltr'><strong>ventres</strong></span> <span class='ocrx_word' id='word_1_23' title='bbox 933 585 1090 625; x_wconf 73' lang='lat' dir='ltr'><strong>cornu</strong></span> <span class='ocrx_word' id='word_1_24' title='bbox 1103 571 1241 618; x_wconf 91' lang='lat' dir='ltr'><strong>ferire</strong></span> <span class='ocrx_word' id='word_1_25' title='bbox 1255 569 1551 635; x_wconf 77' lang='lat' dir='ltr'><strong>perhibetur.</strong></span> <span class='ocrx_word' id='word_1_26' title='bbox 1577 570 1702 627; x_wconf 87' lang='lat' dir='ltr'><strong>Quia</strong></span> <span class='ocrx_word' id='word_1_27' title='bbox 1723 570 1853 617; x_wconf 85' lang='lat' dir='ltr'><strong>enim</strong></span> <span class='ocrx_word' id='word_1_28' title='bbox 1870 570 2030 617; x_wconf 82' lang='lat' dir='ltr'><strong>vivere</strong></span> <span class='ocrx_word' id='word_1_29' title='bbox 2053 569 2143 617; x_wconf 92' lang='lat' dir='ltr'><strong>sub</strong></span> <span class='ocrx_word' id='word_1_30' title='bbox 2165 570 2321 633; x_wconf 87' lang='lat' dir='ltr'><strong>rigore</strong></span> <span class='ocrx_word' id='word_1_31' title='bbox 2336 570 2450 634; x_wconf 89' lang='lat' dir='ltr'><strong>legis</strong></span> 
     </span>
     <span class='ocr_line' id='line_1_4' title="bbox 330 638 2448 714; baseline -0.003 -12"><span class='ocrx_word' id='word_1_32' title='bbox 330 655 742 713; x_wconf 64' lang='lat' dir='ltr'><strong>assuevit‚‘arctius</strong></span> <span class='ocrx_word' id='word_1_33' title='bbox 751 654 801 700; x_wconf 91' lang='lat' dir='ltr'><strong>in</strong></span> <span class='ocrx_word' id='word_1_34' title='bbox 814 653 898 701; x_wconf 90' lang='lat' dir='ltr'><strong>illo</strong></span> <span class='ocrx_word' id='word_1_35' title='bbox 908 652 1086 709; x_wconf 73' lang='lat' dir='ltr'><strong>caeteris</strong></span> <span class='ocrx_word' id='word_1_36' title='bbox 1103 638 1322 710; x_wconf 82' lang='lat' dir='ltr'><strong>custodia</strong></span> <span class='ocrx_word' id='word_1_37' title='bbox 1339 651 1480 697; x_wconf 90' lang='lat' dir='ltr'><strong>unius</strong></span> <span class='ocrx_word' id='word_1_38' title='bbox 1499 650 1727 714; x_wconf 89' lang='lat' dir='ltr'><strong>cujusque</strong></span> <span class='ocrx_word' id='word_1_39' title='bbox 1745 651 1932 698; x_wconf 86' lang='lat' dir='ltr'><strong>virtutis</strong></span> <span class='ocrx_word' id='word_1_40' title='bbox 1945 649 2162 697; x_wconf 88' lang='lat' dir='ltr'><strong>mollivit.</strong></span> <span class='ocrx_word' id='word_1_41' title='bbox 2179 650 2306 707; x_wconf 87' lang='lat' dir='ltr'>Quid</span> <span class='ocrx_word' id='word_1_42' title='bbox 2321 651 2448 699; x_wconf 92' lang='lat' dir='ltr'><strong>enim</strong></span> 
     </span>
     <span class='ocr_line' id='line_1_5' title="bbox 333 729 2450 798; baseline -0.002 -17"><span class='ocrx_word' id='word_1_43' title='bbox 333 749 419 798; x_wconf 86' lang='lat' dir='ltr'><strong>per</strong></span> <span class='ocrx_word' id='word_1_44' title='bbox 446 734 659 781; x_wconf 86' lang='lat' dir='ltr'><strong>colorem</strong></span> <span class='ocrx_word' id='word_1_45' title='bbox 686 733 917 792; x_wconf 85' lang='lat' dir='ltr'><strong>buxeum,</strong></span> <span class='ocrx_word' id='word_1_46' title='bbox 943 733 1035 780; x_wconf 88' lang='lat' dir='ltr'><strong>nisi</strong></span> <span class='ocrx_word' id='word_1_47' title='bbox 1062 732 1359 780; x_wconf 87' lang='lat' dir='ltr'><strong>abstinentiae</strong></span> <span class='ocrx_word' id='word_1_48' title='bbox 1379 729 1534 796; x_wconf 85' lang='lat' dir='ltr'><strong>pallor</strong></span> <span class='ocrx_word' id='word_1_49' title='bbox 1547 731 1862 795; x_wconf 81' lang='lat' dir='ltr'><strong>exprimitur?</strong></span> <span class='ocrx_word' id='word_1_50' title='bbox 1885 731 1973 778; x_wconf 92' lang='lat' dir='ltr'><strong>Cui</strong></span> <span class='ocrx_word' id='word_1_51' title='bbox 2004 731 2106 795; x_wconf 91' lang='lat' dir='ltr'><strong>ipse</strong></span> <span class='ocrx_word' id='word_1_52' title='bbox 2139 747 2189 777; x_wconf 90' lang='lat' dir='ltr'><strong>se</strong></span> <span class='ocrx_word' id='word_1_53' title='bbox 2222 731 2450 778; x_wconf 86' lang='lat' dir='ltr'><strong>tenaciter</strong></span> 
     </span>
     <span class='ocr_line' id='line_1_6' title="bbox 332 811 2445 876; baseline -0.003 -11"><span class='ocrx_word' id='word_1_54' title='bbox 332 814 573 866; x_wconf 84' lang='lat' dir='ltr'><strong>adhaerere</strong></span> <span class='ocrx_word' id='word_1_55' title='bbox 594 824 800 863; x_wconf 59' lang='lat' dir='ltr'><strong>testatur&gt;</strong></span> <span class='ocrx_word' id='word_1_56' title='bbox 819 814 984 864; x_wconf 90' lang='lat' dir='ltr'><strong>dicens</strong></span> <span class='ocrx_word' id='word_1_57' title='bbox 1004 816 1017 839; x_wconf 86' lang='lat'>¹</span> <span class='ocrx_word' id='word_1_58' title='bbox 1043 832 1054 861; x_wconf 72' lang='grc' dir='ltr'><strong><em>ε</em></strong></span> <span class='ocrx_word' id='word_1_59' title='bbox 1084 832 1109 859; x_wconf 71' lang='grc' dir='ltr'><strong>ε(</strong></span> <span class='ocrx_word' id='word_1_60' title='bbox 1135 813 1324 876; x_wconf 88' lang='lat' dir='ltr'><strong>Castigo</strong></span> <span class='ocrx_word' id='word_1_61' title='bbox 1358 828 1534 876; x_wconf 91' lang='lat' dir='ltr'><strong>corpus</strong></span> <span class='ocrx_word' id='word_1_62' title='bbox 1562 828 1725 861; x_wconf 89' lang='lat' dir='ltr'><strong>meum</strong></span> <span class='ocrx_word' id='word_1_63' title='bbox 1741 848 1753 870; x_wconf 84' lang='lat'>,</span> <span class='ocrx_word' id='word_1_64' title='bbox 1787 820 1834 858; x_wconf 91' lang='lat' dir='ltr'><strong>et</strong></span> <span class='ocrx_word' id='word_1_65' title='bbox 1861 812 1911 857; x_wconf 90' lang='lat' dir='ltr'><strong>in</strong></span> <span class='ocrx_word' id='word_1_66' title='bbox 1947 811 2222 858; x_wconf 88' lang='lat' dir='ltr'><strong>servitutem</strong></span> <span class='ocrx_word' id='word_1_67' title='bbox 2255 811 2445 875; x_wconf 81' lang='lat' dir='ltr'><strong>redigo,</strong></span> 
     </span>
     <span class='ocr_line' id='line_1_7' title="bbox 327 889 2451 958; baseline -0.001 -19"><span class='ocrx_word' id='word_1_68' title='bbox 327 913 362 940; x_wconf 16' lang='lat'><strong>«⁷</strong></span> <span class='ocrx_word' id='word_1_69' title='bbox 385 906 447 946; x_wconf 73' lang='lat' dir='ltr'><strong>ne</strong></span> <span class='ocrx_word' id='word_1_70' title='bbox 461 894 582 942; x_wconf 88' lang='lat' dir='ltr'><strong>forte</strong></span> <span class='ocrx_word' id='word_1_71' title='bbox 593 911 750 958; x_wconf 86' lang='lat' dir='ltr'><strong>-quum</strong></span> <span class='ocrx_word' id='word_1_72' title='bbox 769 893 870 941; x_wconf 84' lang='lat' dir='ltr'><strong>aliis</strong></span> <span class='ocrx_word' id='word_1_73' title='bbox 888 892 1368 958; x_wconf 33' lang='lat' dir='ltr'><strong>predicaveriinpse</strong></span> <span class='ocrx_word' id='word_1_74' title='bbox 1383 889 1826 956; x_wconf 85' lang='lat' dir='ltr'><strong>reprobusefficiar.</strong></span> <span class='ocrx_word' id='word_1_75' title='bbox 1851 909 1874 935; x_wconf 87' lang='lat'>»</span> <span class='ocrx_word' id='word_1_76' title='bbox 1901 890 1995 947; x_wconf 90' lang='lat' dir='ltr'><strong>Qui</strong></span> <span class='ocrx_word' id='word_1_77' title='bbox 2017 889 2189 937; x_wconf 87' lang='lat' dir='ltr'><strong>divinae</strong></span> <span class='ocrx_word' id='word_1_78' title='bbox 2212 889 2326 954; x_wconf 88' lang='lat' dir='ltr'><strong>legis</strong></span> <span class='ocrx_word' id='word_1_79' title='bbox 2349 907 2451 937; x_wconf 90' lang='lat' dir='ltr'><strong>eru·</strong></span> 
     </span>
     <span class='ocr_line' id='line_1_8' title="bbox 330 970 2447 1040; baseline -0.002 -17"><span class='ocrx_word' id='word_1_80' title='bbox 330 973 769 1040; x_wconf 81' lang='lat' dir='ltr'><strong>ditionepraeditus,</strong></span> <span class='ocrx_word' id='word_1_81' title='bbox 787 974 906 1021; x_wconf 91' lang='lat' dir='ltr'><strong>dum</strong></span> <span class='ocrx_word' id='word_1_82' title='bbox 919 974 1123 1022; x_wconf 83' lang='lat' dir='ltr'><strong>aliorum</strong></span> <span class='ocrx_word' id='word_1_83' title='bbox 1135 973 1405 1038; x_wconf 85' lang='lat' dir='ltr'><strong>ingluviem</strong></span> <span class='ocrx_word' id='word_1_84' title='bbox 1418 971 1676 1035; x_wconf 80' lang='lat' dir='ltr'><strong>redarguit,</strong></span> <span class='ocrx_word' id='word_1_85' title='bbox 1695 987 1849 1018; x_wconf 91' lang='lat' dir='ltr'><strong>cornu</strong></span> <span class='ocrx_word' id='word_1_86' title='bbox 1871 970 2150 1036; x_wconf 82' lang='lat' dir='ltr'><strong>elephantos</strong></span> <span class='ocrx_word' id='word_1_87' title='bbox 2163 972 2212 1018; x_wconf 92' lang='lat' dir='ltr'><strong>in</strong></span> <span class='ocrx_word' id='word_1_88' title='bbox 2231 981 2447 1018; x_wconf 85' lang='lat' dir='ltr'><strong>ventrem</strong></span> 
     </span>
     <span class='ocr_line' id='line_1_9' title="bbox 330 1049 2444 1119; baseline -0.002 -17"><span class='ocrx_word' id='word_1_89' title='bbox 330 1053 452 1109; x_wconf 55' lang='lat' dir='ltr'><strong>ferit,</strong></span> <span class='ocrx_word' id='word_1_90' title='bbox 478 1059 533 1102; x_wconf 90' lang='lat' dir='ltr'><strong>In</strong></span> <span class='ocrx_word' id='word_1_91' title='bbox 555 1053 1163 1119; x_wconf 82' lang='lat' dir='ltr'><strong>ventremque-elephantos</strong></span> <span class='ocrx_word' id='word_1_92' title='bbox 1181 1061 1479 1118; x_wconf 88' lang='lat' dir='ltr'><strong>percusserat</strong></span> <span class='ocrx_word' id='word_1_93' title='bbox 1493 1089 1504 1111; x_wconf 92' lang='lat'>,</span> <span class='ocrx_word' id='word_1_94' title='bbox 1521 1068 1673 1119; x_wconf 82' lang='lat' dir='ltr'><strong>quum</strong></span> <span class='ocrx_word' id='word_1_95' title='bbox 1695 1049 1886 1099; x_wconf 88' lang='lat' dir='ltr'><strong>dicebat</strong></span> <span class='ocrx_word' id='word_1_96' title='bbox 1900 1052 1914 1076; x_wconf 71' lang='lat'><em>³</em></span> <span class='ocrx_word' id='word_1_97' title='bbox 1935 1069 1946 1097; x_wconf 75' lang='grc' dir='ltr'><strong><em>ε</em></strong></span> <span class='ocrx_word' id='word_1_98' title='bbox 1976 1070 1999 1095; x_wconf 89' lang='lat'>«</span> <span class='ocrx_word' id='word_1_99' title='bbox 2025 1050 2159 1098; x_wconf 87' lang='lat' dir='ltr'><strong>Multi</strong></span> <span class='ocrx_word' id='word_1_100' title='bbox 2181 1050 2444 1110; x_wconf 87' lang='lat' dir='ltr'><strong>ambulant,</strong></span> 
     </span>
     <span class='ocr_line' id='line_1_10' title="bbox 330 1129 2443 1200; baseline -0 -22"><span class='ocrx_word' id='word_1_101' title='bbox 330 1153 356 1179; x_wconf 77' lang='grc' dir='ltr'>κ</span> <span class='ocrx_word' id='word_1_102' title='bbox 382 1148 505 1199; x_wconf 83' lang='lat' dir='ltr'><strong>quos</strong></span> <span class='ocrx_word' id='word_1_103' title='bbox 522 1151 648 1200; x_wconf 85' lang='lat' dir='ltr'><strong>saepe</strong></span> <span class='ocrx_word' id='word_1_104' title='bbox 670 1133 889 1182; x_wconf 90' lang='lat' dir='ltr'><strong>dicebam</strong></span> <span class='ocrx_word' id='word_1_105' title='bbox 909 1132 1065 1180; x_wconf 88' lang='lat' dir='ltr'><strong>vobis.</strong></span> <span class='ocrx_word' id='word_1_106' title='bbox 1093 1135 1229 1180; x_wconf 91' lang='lat' dir='ltr'><strong>Nunc</strong></span> <span class='ocrx_word' id='word_1_107' title='bbox 1253 1142 1414 1179; x_wconf 90' lang='lat' dir='ltr'><strong>autem</strong></span> <span class='ocrx_word' id='word_1_108' title='bbox 1445 1141 1494 1178; x_wconf 87' lang='lat' dir='ltr'><strong>et</strong></span> <span class='ocrx_word' id='word_1_109' title='bbox 1524 1130 1643 1177; x_wconf 90' lang='lat' dir='ltr'><strong>flens</strong></span> <span class='ocrx_word' id='word_1_110' title='bbox 1668 1129 1778 1176; x_wconf 89' lang='lat' dir='ltr'><strong>dico</strong></span> <span class='ocrx_word' id='word_1_111' title='bbox 1797 1167 1808 1189; x_wconf 89' lang='lat'>‚</span> <span class='ocrx_word' id='word_1_112' title='bbox 1835 1130 2054 1177; x_wconf 89' lang='lat' dir='ltr'><strong>inimicos</strong></span> <span class='ocrx_word' id='word_1_113' title='bbox 2077 1131 2229 1177; x_wconf 89' lang='lat' dir='ltr'><strong>crucis</strong></span> <span class='ocrx_word' id='word_1_114' title='bbox 2252 1130 2443 1177; x_wconf 89' lang='lat' dir='ltr'><strong>Christi.</strong></span> 
     </span>
     <span class='ocr_line' id='line_1_11' title="bbox 332 1209 2449 1278; baseline -0.001 -20"><span class='ocrx_word' id='word_1_115' title='bbox 332 1231 356 1258; x_wconf 85' lang='lat'><strong><em>«</em></strong></span> <span class='ocrx_word' id='word_1_116' title='bbox 382 1216 602 1272; x_wconf 82' lang='lat' dir='ltr'><strong>Quorum</strong></span> <span class='ocrx_word' id='word_1_117' title='bbox 623 1214 738 1266; x_wconf 71' lang='lat' dir='ltr'><strong>finis</strong></span> <span class='ocrx_word' id='word_1_118' title='bbox 757 1214 973 1262; x_wconf 86' lang='lat' dir='ltr'><strong>interitus</strong></span> <span class='ocrx_word' id='word_1_119' title='bbox 986 1250 997 1272; x_wconf 91' lang='lat'>‚</span> <span class='ocrx_word' id='word_1_120' title='bbox 1023 1229 1233 1278; x_wconf 88' lang='lat' dir='ltr'><strong>quorum</strong></span> <span class='ocrx_word' id='word_1_121' title='bbox 1254 1215 1383 1259; x_wconf 90' lang='lat' dir='ltr'><strong>Deus</strong></span> <span class='ocrx_word' id='word_1_122' title='bbox 1403 1220 1572 1265; x_wconf 86' lang='lat' dir='ltr'><strong>venter</strong></span> <span class='ocrx_word' id='word_1_123' title='bbox 1593 1219 1687 1269; x_wconf 86' lang='lat' dir='ltr'><strong>est,</strong></span> <span class='ocrx_word' id='word_1_124' title='bbox 1704 1219 1751 1256; x_wconf 91' lang='lat' dir='ltr'><strong>et</strong></span> <span class='ocrx_word' id='word_1_125' title='bbox 1773 1209 1923 1273; x_wconf 88' lang='lat' dir='ltr'><strong>gloria</strong></span> <span class='ocrx_word' id='word_1_126' title='bbox 1945 1209 1994 1256; x_wconf 92' lang='lat' dir='ltr'><strong>in</strong></span> <span class='ocrx_word' id='word_1_127' title='bbox 2018 1209 2299 1257; x_wconf 88' lang='lat' dir='ltr'><strong>confusione</strong></span> <span class='ocrx_word' id='word_1_128' title='bbox 2322 1211 2449 1275; x_wconf 91' lang='lat' dir='ltr'><strong>ipso-</strong></span> 
     </span>
     <span class='ocr_line' id='line_1_12' title="bbox 331 1290 2441 1358; baseline -0.001 -19"><span class='ocrx_word' id='word_1_129' title='bbox 331 1308 506 1346; x_wconf 77' lang='lat' dir='ltr'><strong>«rum.</strong></span> <span class='ocrx_word' id='word_1_130' title='bbox 536 1314 559 1340; x_wconf 72' lang='lat'><strong>&gt;2</strong></span> <span class='ocrx_word' id='word_1_131' title='bbox 589 1299 648 1342; x_wconf 91' lang='lat' dir='ltr'><strong>Et</strong></span> <span class='ocrx_word' id='word_1_132' title='bbox 684 1297 944 1343; x_wconf 64' lang='lat' dir='ltr'><strong>rursum‘:</strong></span> <span class='ocrx_word' id='word_1_133' title='bbox 982 1313 1006 1339; x_wconf 90' lang='lat'>«</span> <span class='ocrx_word' id='word_1_134' title='bbox 1033 1292 1319 1358; x_wconf 87' lang='lat' dir='ltr'><strong>Hujusmodi</strong></span> <span class='ocrx_word' id='word_1_135' title='bbox 1354 1292 1543 1339; x_wconf 90' lang='lat' dir='ltr'><strong>Christo</strong></span> <span class='ocrx_word' id='word_1_136' title='bbox 1577 1291 1788 1338; x_wconf 89' lang='lat' dir='ltr'><strong>Domino</strong></span> <span class='ocrx_word' id='word_1_137' title='bbox 1824 1308 1925 1340; x_wconf 92' lang='lat' dir='ltr'><strong>non</strong></span> <span class='ocrx_word' id='word_1_138' title='bbox 1961 1291 2195 1351; x_wconf 87' lang='lat' dir='ltr'><strong>serviunt,</strong></span> <span class='ocrx_word' id='word_1_139' title='bbox 2234 1290 2319 1337; x_wconf 92' lang='lat' dir='ltr'><strong>sed</strong></span> <span class='ocrx_word' id='word_1_140' title='bbox 2353 1308 2441 1338; x_wconf 92' lang='lat' dir='ltr'><strong>suo</strong></span> 
     </span>
     <span class='ocr_line' id='line_1_13' title="bbox 329 1370 2448 1439; baseline -0 -21"><span class='ocrx_word' id='word_1_141' title='bbox 329 1393 354 1419; x_wconf 89' lang='lat'>«</span> <span class='ocrx_word' id='word_1_142' title='bbox 380 1375 552 1423; x_wconf 82' lang='lat' dir='ltr'><strong>ventri.</strong></span> <span class='ocrx_word' id='word_1_143' title='bbox 573 1394 596 1420; x_wconf 69' lang='lat'><strong>&gt;³</strong></span> <span class='ocrx_word' id='word_1_144' title='bbox 615 1378 778 1423; x_wconf 88' lang='lat' dir='ltr'><strong>Cornu</strong></span> <span class='ocrx_word' id='word_1_145' title='bbox 800 1392 888 1423; x_wconf 92' lang='lat' dir='ltr'><strong>suo</strong></span> <span class='ocrx_word' id='word_1_146' title='bbox 912 1375 1053 1439; x_wconf 87' lang='lat' dir='ltr'><strong>igitur</strong></span> <span class='ocrx_word' id='word_1_147' title='bbox 1075 1374 1409 1421; x_wconf 89' lang='lat' dir='ltr'><strong>rhinocerotus</strong></span> <span class='ocrx_word' id='word_1_148' title='bbox 1431 1373 1518 1420; x_wconf 90' lang='lat' dir='ltr'><strong>iste</strong></span> <span class='ocrx_word' id='word_1_149' title='bbox 1540 1388 1641 1419; x_wconf 91' lang='lat' dir='ltr'><strong>non</strong></span> <span class='ocrx_word' id='word_1_150' title='bbox 1659 1371 1760 1436; x_wconf 87' lang='lat' dir='ltr'><strong>jam</strong></span> <span class='ocrx_word' id='word_1_151' title='bbox 1777 1371 2018 1430; x_wconf 85' lang='lat' dir='ltr'><strong>homines,</strong></span> <span class='ocrx_word' id='word_1_152' title='bbox 2043 1370 2127 1418; x_wconf 92' lang='lat' dir='ltr'><strong>sed</strong></span> <span class='ocrx_word' id='word_1_153' title='bbox 2147 1371 2323 1419; x_wconf 88' lang='lat' dir='ltr'><strong>bestias</strong></span> <span class='ocrx_word' id='word_1_154' title='bbox 2345 1387 2448 1435; x_wconf 88' lang='lat' dir='ltr'><strong>per-</strong></span> 
     </span>
     <span class='ocr_line' id='line_1_14' title="bbox 325 1449 2445 1519; baseline -0.002 -19"><span class='ocrx_word' id='word_1_155' title='bbox 325 1453 488 1518; x_wconf 79' lang='lat' dir='ltr'><strong>cutit:</strong></span> <span class='ocrx_word' id='word_1_156' title='bbox 520 1454 717 1519; x_wconf 90' lang='lat' dir='ltr'><strong>quando</strong></span> <span class='ocrx_word' id='word_1_157' title='bbox 751 1454 853 1503; x_wconf 86' lang='lat' dir='ltr'><strong>illas</strong></span> <span class='ocrx_word' id='word_1_158' title='bbox 886 1454 1056 1503; x_wconf 89' lang='lat' dir='ltr'><strong>Paulus</strong></span> <span class='ocrx_word' id='word_1_159' title='bbox 1091 1454 1321 1501; x_wconf 87' lang='lat' dir='ltr'><strong>doctrinae</strong></span> <span class='ocrx_word' id='word_1_160' title='bbox 1355 1469 1450 1500; x_wconf 85' lang='lat' dir='ltr'><strong>suae</strong></span> <span class='ocrx_word' id='word_1_161' title='bbox 1485 1450 1764 1499; x_wconf 81' lang='lat' dir='ltr'><strong>fortitudine</strong></span> <span class='ocrx_word' id='word_1_162' title='bbox 1800 1467 2107 1516; x_wconf 86' lang='lat' dir='ltr'><strong>nequaquam</strong></span> <span class='ocrx_word' id='word_1_163' title='bbox 2139 1449 2445 1516; x_wconf 90' lang='lat' dir='ltr'><strong>perimendos</strong></span> 
     </span>
     <span class='ocr_line' id='line_1_15' title="bbox 324 1531 1856 1601; baseline -0.001 -22"><span class='ocrx_word' id='word_1_164' title='bbox 324 1531 528 1583; x_wconf 89' lang='lat' dir='ltr'><strong>humiles</strong></span> <span class='ocrx_word' id='word_1_165' title='bbox 544 1535 730 1600; x_wconf 89' lang='lat' dir='ltr'><strong>impetit</strong></span> <span class='ocrx_word' id='word_1_166' title='bbox 746 1573 758 1595; x_wconf 92' lang='lat'>,</span> <span class='ocrx_word' id='word_1_167' title='bbox 783 1535 868 1583; x_wconf 90' lang='lat' dir='ltr'><strong>sed</strong></span> <span class='ocrx_word' id='word_1_168' title='bbox 891 1535 1124 1601; x_wconf 90' lang='lat' dir='ltr'><strong>superbos</strong></span> <span class='ocrx_word' id='word_1_169' title='bbox 1145 1534 1325 1583; x_wconf 83' lang='lat' dir='ltr'><strong>ventris</strong></span> <span class='ocrx_word' id='word_1_170' title='bbox 1348 1533 1555 1582; x_wconf 89' lang='lat' dir='ltr'><strong>cultores</strong></span> <span class='ocrx_word' id='word_1_171' title='bbox 1578 1531 1755 1580; x_wconf 87' lang='lat' dir='ltr'><strong>occidit</strong></span> <span class='ocrx_word' id='word_1_172' title='bbox 1776 1534 1805 1578; x_wconf 74' lang='lat'><strong>⁴.</strong></span> <span class='ocrx_word' id='word_1_173' title='bbox 1834 1551 1856 1577; x_wconf 90' lang='lat'>»</span> 
     </span>
    </p>

    <p class='ocr_par' dir='ltr' id='par_1_3' title="bbox 310 1611 2444 3206">
     <span class='ocr_line' id='line_1_16' title="bbox 390 1611 2444 1682; baseline -0.001 -20"><span class='ocrx_word' id='word_1_174' title='bbox 390 1614 535 1673; x_wconf 90' lang='lat' dir='ltr'><strong>Quod</strong></span> <span class='ocrx_word' id='word_1_175' title='bbox 561 1616 601 1663; x_wconf 90' lang='lat' dir='ltr'><strong>si</strong></span> <span class='ocrx_word' id='word_1_176' title='bbox 631 1616 693 1663; x_wconf 91' lang='lat' dir='ltr'><strong>de</strong></span> <span class='ocrx_word' id='word_1_177' title='bbox 720 1616 944 1682; x_wconf 76' lang='lat' dir='ltr'><strong>praedicta</strong></span> <span class='ocrx_word' id='word_1_178' title='bbox 974 1616 1065 1663; x_wconf 78' lang='grc' dir='ltr'><strong>ι101)</strong></span> <span class='ocrx_word' id='word_1_179' title='bbox 1095 1615 1280 1680; x_wconf 88' lang='lat' dir='ltr'><strong>gentilis</strong></span> <span class='ocrx_word' id='word_1_180' title='bbox 1310 1615 1432 1678; x_wconf 86' lang='lat' dir='ltr'><strong>regis</strong></span> <span class='ocrx_word' id='word_1_181' title='bbox 1466 1613 1721 1679; x_wconf 89' lang='lat' dir='ltr'><strong>prophetia</strong></span> <span class='ocrx_word' id='word_1_182' title='bbox 1747 1613 1948 1660; x_wconf 88' lang='lat' dir='ltr'><strong>transire</strong></span> <span class='ocrx_word' id='word_1_183' title='bbox 1983 1611 2045 1659; x_wconf 90' lang='lat' dir='ltr'><strong>ad</strong></span> <span class='ocrx_word' id='word_1_184' title='bbox 2067 1612 2444 1677; x_wconf 87' lang='lat' dir='ltr'><strong>patriarcharum</strong></span> 
     </span>
     <span class='ocr_line' id='line_1_17' title="bbox 324 1692 2442 1762; baseline -0.002 -20"><span class='ocrx_word' id='word_1_185' title='bbox 324 1694 400 1743; x_wconf 87' lang='lat' dir='ltr'><strong>vel</strong></span> <span class='ocrx_word' id='word_1_186' title='bbox 420 1696 768 1761; x_wconf 87' lang='lat' dir='ltr'><strong>prophetarum</strong></span> <span class='ocrx_word' id='word_1_187' title='bbox 788 1698 1011 1745; x_wconf 88' lang='lat' dir='ltr'><strong>vaticinia</strong></span> <span class='ocrx_word' id='word_1_188' title='bbox 1025 1698 1185 1761; x_wconf 84' lang='lat' dir='ltr'><strong>juvat,</strong></span> <span class='ocrx_word' id='word_1_189' title='bbox 1211 1697 1422 1762; x_wconf 91' lang='lat' dir='ltr'><strong>primum</strong></span> <span class='ocrx_word' id='word_1_190' title='bbox 1444 1693 1563 1741; x_wconf 63' lang='lat' dir='ltr'><strong>illoed</strong></span> <span class='ocrx_word' id='word_1_191' title='bbox 1586 1693 1727 1741; x_wconf 90' lang='lat' dir='ltr'><strong>nobis</strong></span> <span class='ocrx_word' id='word_1_192' title='bbox 1750 1693 1985 1752; x_wconf 88' lang='lat' dir='ltr'><strong>occurrit,</strong></span> <span class='ocrx_word' id='word_1_193' title='bbox 2017 1692 2150 1757; x_wconf 92' lang='lat' dir='ltr'><strong>quod</strong></span> <span class='ocrx_word' id='word_1_194' title='bbox 2173 1692 2221 1739; x_wconf 93' lang='lat' dir='ltr'><strong>in</strong></span> <span class='ocrx_word' id='word_1_195' title='bbox 2244 1692 2442 1739; x_wconf 90' lang='lat' dir='ltr'><strong>benedi-</strong></span> 
     </span>
     <span class='ocr_line' id='line_1_18' title="bbox 323 1772 2442 1839; baseline -0.002 -17"><span class='ocrx_word' id='word_1_196' title='bbox 323 1775 482 1823; x_wconf 88' lang='lat' dir='ltr'><strong>ctione</strong></span> <span class='ocrx_word' id='word_1_197' title='bbox 508 1778 754 1824; x_wconf 86' lang='lat' dir='ltr'><strong>novissimi</strong></span> <span class='ocrx_word' id='word_1_198' title='bbox 777 1787 824 1825; x_wconf 91' lang='lat' dir='ltr'><strong>et</strong></span> <span class='ocrx_word' id='word_1_199' title='bbox 847 1778 1140 1825; x_wconf 88' lang='lat' dir='ltr'><strong>dilectissimi</strong></span> <span class='ocrx_word' id='word_1_200' title='bbox 1162 1776 1246 1823; x_wconf 85' lang='lat' dir='ltr'><strong>filii</strong></span> <span class='ocrx_word' id='word_1_201' title='bbox 1268 1776 1341 1823; x_wconf 91' lang='lat' dir='ltr'><strong>sui</strong></span> <span class='ocrx_word' id='word_1_202' title='bbox 1363 1775 1610 1838; x_wconf 89' lang='lat' dir='ltr'><strong>Benjamin</strong></span> <span class='ocrx_word' id='word_1_203' title='bbox 1624 1812 1635 1834; x_wconf 82' lang='lat'>,</span> <span class='ocrx_word' id='word_1_204' title='bbox 1666 1773 1813 1822; x_wconf 87' lang='lat' dir='ltr'><strong>Jacob</strong></span> <span class='ocrx_word' id='word_1_205' title='bbox 1839 1772 2109 1839; x_wconf 89' lang='lat' dir='ltr'><strong>patriarcha</strong></span> <span class='ocrx_word' id='word_1_206' title='bbox 2131 1772 2366 1837; x_wconf 71' lang='lat' dir='ltr'><strong>praedixit,</strong></span> <span class='ocrx_word' id='word_1_207' title='bbox 2394 1772 2442 1818; x_wconf 91' lang='lat' dir='ltr'><strong>in</strong></span> 
     </span>
     <span class='ocr_line' id='line_1_19' title="bbox 322 1852 2438 1923; baseline -0.002 -20"><span class='ocrx_word' id='word_1_208' title='bbox 322 1865 439 1922; x_wconf 82' lang='lat' dir='ltr'><strong>typo</strong></span> <span class='ocrx_word' id='word_1_209' title='bbox 457 1856 678 1904; x_wconf 85' lang='lat' dir='ltr'><strong>videlicet</strong></span> <span class='ocrx_word' id='word_1_210' title='bbox 699 1856 841 1921; x_wconf 91' lang='lat' dir='ltr'><strong>hujus</strong></span> <span class='ocrx_word' id='word_1_211' title='bbox 864 1857 1085 1923; x_wconf 89' lang='lat' dir='ltr'><strong>apostoli,</strong></span> <span class='ocrx_word' id='word_1_212' title='bbox 1112 1857 1195 1922; x_wconf 94' lang='lat' dir='ltr'><strong>qui</strong></span> <span class='ocrx_word' id='word_1_213' title='bbox 1214 1856 1274 1903; x_wconf 92' lang='lat' dir='ltr'><strong>de</strong></span> <span class='ocrx_word' id='word_1_214' title='bbox 1294 1855 1420 1903; x_wconf 89' lang='lat' dir='ltr'><strong>tribu</strong></span> <span class='ocrx_word' id='word_1_215' title='bbox 1444 1855 1691 1918; x_wconf 90' lang='lat' dir='ltr'><strong>Benjamin</strong></span> <span class='ocrx_word' id='word_1_216' title='bbox 1706 1892 1717 1912; x_wconf 90' lang='lat'><em>‚</em></span> <span class='ocrx_word' id='word_1_217' title='bbox 1743 1854 1865 1900; x_wconf 91' lang='lat' dir='ltr'><strong>sicut</strong></span> <span class='ocrx_word' id='word_1_218' title='bbox 1887 1854 2087 1918; x_wconf 91' lang='lat' dir='ltr'><strong>ipsemet</strong></span> <span class='ocrx_word' id='word_1_219' title='bbox 2110 1853 2274 1900; x_wconf 88' lang='lat' dir='ltr'><strong>asserit</strong></span> <span class='ocrx_word' id='word_1_220' title='bbox 2291 1890 2302 1911; x_wconf 91' lang='lat'>‚</span> <span class='ocrx_word' id='word_1_221' title='bbox 2337 1852 2438 1899; x_wconf 86' lang='lat' dir='ltr'><strong>fuit.</strong></span> 
     </span>
     <span class='ocr_line' id='line_1_20' title="bbox 325 1932 2443 2003; baseline -0 -23"><span class='ocrx_word' id='word_1_222' title='bbox 325 1954 349 1980; x_wconf 76' lang='lat' dir='ltr'><strong>c&lt;</strong></span> <span class='ocrx_word' id='word_1_223' title='bbox 375 1936 641 2000; x_wconf 88' lang='lat' dir='ltr'><strong>Benjamin‚</strong></span> <span class='ocrx_word' id='word_1_224' title='bbox 655 1956 679 1983; x_wconf 90' lang='lat'>»</span> <span class='ocrx_word' id='word_1_225' title='bbox 695 1938 888 2002; x_wconf 78' lang='lat' dir='ltr'><strong>inquit⁸,</strong></span> <span class='ocrx_word' id='word_1_226' title='bbox 909 1957 932 1982; x_wconf 86' lang='lat'>«</span> <span class='ocrx_word' id='word_1_227' title='bbox 955 1937 1095 2003; x_wconf 90' lang='lat' dir='ltr'><strong>lupus</strong></span> <span class='ocrx_word' id='word_1_228' title='bbox 1117 1953 1262 2002; x_wconf 88' lang='lat' dir='ltr'><strong>rapax</strong></span> <span class='ocrx_word' id='word_1_229' title='bbox 1281 1955 1291 1984; x_wconf 74' lang='grc' dir='ltr'>ε</span> <span class='ocrx_word' id='word_1_230' title='bbox 1316 1952 1457 1982; x_wconf 90' lang='lat' dir='ltr'><strong>mane</strong></span> <span class='ocrx_word' id='word_1_231' title='bbox 1474 1934 1696 1982; x_wconf 89' lang='lat' dir='ltr'><strong>comedet</strong></span> <span class='ocrx_word' id='word_1_232' title='bbox 1713 1933 1947 1999; x_wconf 86' lang='lat' dir='ltr'><strong>praedam,</strong></span> <span class='ocrx_word' id='word_1_233' title='bbox 1974 1942 2021 1980; x_wconf 92' lang='lat' dir='ltr'><strong>et</strong></span> <span class='ocrx_word' id='word_1_234' title='bbox 2043 1949 2239 1997; x_wconf 89' lang='lat' dir='ltr'><strong>vespere</strong></span> <span class='ocrx_word' id='word_1_235' title='bbox 2262 1932 2443 1979; x_wconf 84' lang='lat' dir='ltr'><strong>dividet</strong></span> 
     </span>
     <span class='ocr_line' id='line_1_21' title="bbox 320 2012 2441 2084; baseline -0.001 -22"><span class='ocrx_word' id='word_1_236' title='bbox 320 2015 494 2080; x_wconf 90' lang='lat' dir='ltr'><strong>spolia,</strong></span> <span class='ocrx_word' id='word_1_237' title='bbox 512 2036 554 2084; x_wconf 27' lang='grc' dir='ltr'><strong>ι»</strong></span> <span class='ocrx_word' id='word_1_238' title='bbox 588 2017 665 2065; x_wconf 83' lang='lat' dir='ltr'><strong>vel</strong></span> <span class='ocrx_word' id='word_1_239' title='bbox 697 2017 974 2074; x_wconf 62' lang='lat' dir='ltr'><strong>secundum⁴</strong></span> <span class='ocrx_word' id='word_1_240' title='bbox 997 2018 1139 2066; x_wconf 89' lang='lat' dir='ltr'><strong>aliam</strong></span> <span class='ocrx_word' id='word_1_241' title='bbox 1179 2017 1562 2074; x_wconf 88' lang='lat' dir='ltr'><strong>translationem,</strong></span> <span class='ocrx_word' id='word_1_242' title='bbox 1598 2034 1621 2059; x_wconf 86' lang='lat'>«</span> <span class='ocrx_word' id='word_1_243' title='bbox 1658 2013 1840 2061; x_wconf 88' lang='lat' dir='ltr'><strong>dividet</strong></span> <span class='ocrx_word' id='word_1_244' title='bbox 1873 2029 2020 2060; x_wconf 89' lang='lat' dir='ltr'><strong>escas.</strong></span> <span class='ocrx_word' id='word_1_245' title='bbox 2057 2031 2081 2057; x_wconf 87' lang='lat'>»</span> <span class='ocrx_word' id='word_1_246' title='bbox 2115 2012 2250 2059; x_wconf 90' lang='lat' dir='ltr'><strong>Libet</strong></span> <span class='ocrx_word' id='word_1_247' title='bbox 2281 2022 2441 2059; x_wconf 87' lang='lat' dir='ltr'><strong>autem</strong></span> 
     </span>
     <span class='ocr_line' id='line_1_22' title="bbox 321 2091 2440 2163; baseline -0.003 -20"><span class='ocrx_word' id='word_1_248' title='bbox 321 2111 377 2144; x_wconf 88' lang='lat' dir='ltr'><strong>ea</strong></span> <span class='ocrx_word' id='word_1_249' title='bbox 403 2113 510 2161; x_wconf 84' lang='lat' dir='ltr'><strong>quae</strong></span> <span class='ocrx_word' id='word_1_250' title='bbox 542 2096 604 2144; x_wconf 90' lang='lat' dir='ltr'><strong>de</strong></span> <span class='ocrx_word' id='word_1_251' title='bbox 636 2099 883 2163; x_wconf 87' lang='lat' dir='ltr'><strong>Benjamin</strong></span> <span class='ocrx_word' id='word_1_252' title='bbox 911 2099 1103 2146; x_wconf 82' lang='lat' dir='ltr'><strong>fuerunt</strong></span> <span class='ocrx_word' id='word_1_253' title='bbox 1148 2098 1285 2152; x_wconf 82' lang='lat' dir='ltr'><strong>altius</strong></span> <span class='ocrx_word' id='word_1_254' title='bbox 1319 2107 1563 2162; x_wconf 88' lang='lat' dir='ltr'><strong>repetere,</strong></span> <span class='ocrx_word' id='word_1_255' title='bbox 1590 2104 1643 2142; x_wconf 88' lang='lat' dir='ltr'><strong>ut</strong></span> <span class='ocrx_word' id='word_1_256' title='bbox 1674 2093 1809 2160; x_wconf 89' lang='lat' dir='ltr'><strong>quod</strong></span> <span class='ocrx_word' id='word_1_257' title='bbox 1842 2109 2053 2157; x_wconf 86' lang='lat' dir='ltr'><strong>congrue</strong></span> <span class='ocrx_word' id='word_1_258' title='bbox 2083 2091 2268 2155; x_wconf 88' lang='lat' dir='ltr'><strong>singula</strong></span> <span class='ocrx_word' id='word_1_259' title='bbox 2296 2091 2440 2139; x_wconf 89' lang='lat' dir='ltr'><strong>Paulo</strong></span> 
     </span>
     <span class='ocr_line' id='line_1_23' title="bbox 319 2171 2441 2243; baseline -0.003 -20"><span class='ocrx_word' id='word_1_260' title='bbox 319 2176 472 2241; x_wconf 86' lang='lat' dir='ltr'><strong>aptari</strong></span> <span class='ocrx_word' id='word_1_261' title='bbox 493 2178 704 2242; x_wconf 89' lang='lat' dir='ltr'><strong>possint,</strong></span> <span class='ocrx_word' id='word_1_262' title='bbox 726 2177 973 2226; x_wconf 87' lang='lat' dir='ltr'><strong>evidenter</strong></span> <span class='ocrx_word' id='word_1_263' title='bbox 995 2187 1239 2243; x_wconf 87' lang='lat' dir='ltr'><strong>appareat.</strong></span> <span class='ocrx_word' id='word_1_264' title='bbox 1278 2172 1534 2241; x_wconf 40' lang='lat' dir='ltr'><strong>Befijamin*</strong></span> <span class='ocrx_word' id='word_1_265' title='bbox 1561 2191 1674 2239; x_wconf 88' lang='lat' dir='ltr'><strong>ergo</strong></span> <span class='ocrx_word' id='word_1_266' title='bbox 1709 2174 1833 2221; x_wconf 87' lang='lat' dir='ltr'><strong>inter</strong></span> <span class='ocrx_word' id='word_1_267' title='bbox 1864 2173 2029 2220; x_wconf 87' lang='lat' dir='ltr'><strong>fratres</strong></span> <span class='ocrx_word' id='word_1_268' title='bbox 2059 2171 2441 2230; x_wconf 35' lang='lat' dir='ltr'><strong>novissimusret</strong></span> 
     </span>
     <span class='ocr_line' id='line_1_24' title="bbox 319 2252 2440 2322; baseline -0.002 -18"><span class='ocrx_word' id='word_1_269' title='bbox 319 2257 444 2321; x_wconf 84' lang='lat' dir='ltr'><strong>patri</strong></span> <span class='ocrx_word' id='word_1_270' title='bbox 464 2258 750 2320; x_wconf 80' lang='lat' dir='ltr'><strong>carissimus,</strong></span> <span class='ocrx_word' id='word_1_271' title='bbox 777 2269 980 2307; x_wconf 91' lang='lat' dir='ltr'><strong>matrem</strong></span> <span class='ocrx_word' id='word_1_272' title='bbox 1001 2275 1138 2306; x_wconf 89' lang='lat' dir='ltr'><strong>suam</strong></span> <span class='ocrx_word' id='word_1_273' title='bbox 1162 2257 1335 2306; x_wconf 86' lang='lat' dir='ltr'><strong>Rachel</strong></span> <span class='ocrx_word' id='word_1_274' title='bbox 1359 2256 1603 2306; x_wconf 85' lang='lat' dir='ltr'><strong>nascendo</strong></span> <span class='ocrx_word' id='word_1_275' title='bbox 1627 2255 1846 2322; x_wconf 87' lang='lat' dir='ltr'><strong>peremit.</strong></span> <span class='ocrx_word' id='word_1_276' title='bbox 1873 2257 1989 2312; x_wconf 88' lang='lat' dir='ltr'><strong>Quae</strong></span> <span class='ocrx_word' id='word_1_277' title='bbox 2009 2252 2206 2319; x_wconf 91' lang='lat' dir='ltr'><strong>quidem</strong></span> <span class='ocrx_word' id='word_1_278' title='bbox 2231 2253 2440 2300; x_wconf 87' lang='lat' dir='ltr'><strong>moriens</strong></span> 
     </span>
     <span class='ocr_line' id='line_1_25' title="bbox 318 2336 2435 2407; baseline -0.003 -23"><span class='ocrx_word' id='word_1_279' title='bbox 318 2353 430 2384; x_wconf 89' lang='lat' dir='ltr'><strong>eum</strong></span> <span class='ocrx_word' id='word_1_280' title='bbox 452 2338 718 2401; x_wconf 89' lang='lat' dir='ltr'><strong>Benjamin,</strong></span> <span class='ocrx_word' id='word_1_281' title='bbox 739 2338 790 2386; x_wconf 94' lang='lat' dir='ltr'><strong>id</strong></span> <span class='ocrx_word' id='word_1_282' title='bbox 805 2349 875 2386; x_wconf 91' lang='lat' dir='ltr'><strong>est</strong></span> <span class='ocrx_word' id='word_1_283' title='bbox 894 2338 1045 2386; x_wconf 74' lang='lat' dir='ltr'><strong>filium</strong></span> <span class='ocrx_word' id='word_1_284' title='bbox 1067 2338 1248 2386; x_wconf 91' lang='lat' dir='ltr'><strong>doloris</strong></span> <span class='ocrx_word' id='word_1_285' title='bbox 1270 2339 1381 2396; x_wconf 87' lang='lat' dir='ltr'><strong>mei,</strong></span> <span class='ocrx_word' id='word_1_286' title='bbox 1402 2336 1713 2401; x_wconf 86' lang='lat' dir='ltr'><strong>nuncupavit.</strong></span> <span class='ocrx_word' id='word_1_287' title='bbox 1736 2338 1872 2381; x_wconf 89' lang='lat' dir='ltr'><strong>Pater</strong></span> <span class='ocrx_word' id='word_1_288' title='bbox 1892 2350 2005 2407; x_wconf 71' lang='lat' dir='ltr'><strong>vero</strong></span> <span class='ocrx_word' id='word_1_289' title='bbox 2031 2342 2197 2398; x_wconf 90' lang='lat' dir='ltr'><strong>postea</strong></span> <span class='ocrx_word' id='word_1_290' title='bbox 2219 2349 2435 2379; x_wconf 89' lang='lat' dir='ltr'><strong>commu·</strong></span> 
     </span>
     <span class='ocr_line' id='line_1_26' title="bbox 319 2413 2431 2483; baseline -0.002 -20"><span class='ocrx_word' id='word_1_291' title='bbox 319 2426 446 2477; x_wconf 75' lang='lat' dir='ltr'><strong>tam,</strong></span> <span class='ocrx_word' id='word_1_292' title='bbox 471 2419 630 2482; x_wconf 89' lang='lat' dir='ltr'><strong>ipsum</strong></span> <span class='ocrx_word' id='word_1_293' title='bbox 651 2419 898 2483; x_wconf 88' lang='lat' dir='ltr'><strong>Benjamin</strong></span> <span class='ocrx_word' id='word_1_294' title='bbox 915 2459 925 2479; x_wconf 92' lang='lat'><em>‚</em></span> <span class='ocrx_word' id='word_1_295' title='bbox 951 2420 1002 2467; x_wconf 90' lang='lat' dir='ltr'><strong>id</strong></span> <span class='ocrx_word' id='word_1_296' title='bbox 1023 2430 1094 2466; x_wconf 88' lang='lat' dir='ltr'><strong>est</strong></span> <span class='ocrx_word' id='word_1_297' title='bbox 1117 2419 1268 2466; x_wconf 84' lang='lat' dir='ltr'><strong>filium</strong></span> <span class='ocrx_word' id='word_1_298' title='bbox 1296 2418 1493 2477; x_wconf 85' lang='lat' dir='ltr'><strong>dextrae,</strong></span> <span class='ocrx_word' id='word_1_299' title='bbox 1520 2417 1725 2464; x_wconf 82' lang='lat' dir='ltr'><strong>vocavit.</strong></span> <span class='ocrx_word' id='word_1_300' title='bbox 1755 2414 1998 2479; x_wconf 86' lang='lat' dir='ltr'><strong>Benjamin</strong></span> <span class='ocrx_word' id='word_1_301' title='bbox 2032 2415 2214 2477; x_wconf 88' lang='lat' dir='ltr'><strong>itaque,</strong></span> <span class='ocrx_word' id='word_1_302' title='bbox 2243 2413 2431 2470; x_wconf 81' lang='lat' dir='ltr'><strong>fratres,</strong></span> 
     </span>
     <span class='ocr_line' id='line_1_27' title="bbox 320 2495 2434 2566; baseline -0.001 -22"><span class='ocrx_word' id='word_1_303' title='bbox 320 2497 518 2545; x_wconf 89' lang='lat' dir='ltr'><strong>fratrum</strong></span> <span class='ocrx_word' id='word_1_304' title='bbox 551 2499 859 2559; x_wconf 86' lang='lat' dir='ltr'><strong>novissimus,</strong></span> <span class='ocrx_word' id='word_1_305' title='bbox 894 2510 942 2547; x_wconf 91' lang='lat' dir='ltr'><strong>et</strong></span> <span class='ocrx_word' id='word_1_306' title='bbox 969 2501 1092 2566; x_wconf 85' lang='lat' dir='ltr'><strong>patri</strong></span> <span class='ocrx_word' id='word_1_307' title='bbox 1115 2500 1447 2547; x_wconf 87' lang='lat' dir='ltr'><strong>dilectissimus</strong></span> <span class='ocrx_word' id='word_1_308' title='bbox 1469 2498 1639 2545; x_wconf 91' lang='lat' dir='ltr'><strong>Paulus</strong></span> <span class='ocrx_word' id='word_1_309' title='bbox 1674 2498 1774 2562; x_wconf 88' lang='lat' dir='ltr'><strong>ipse</strong></span> <span class='ocrx_word' id='word_1_310' title='bbox 1803 2506 1894 2554; x_wconf 87' lang='lat' dir='ltr'><strong>est,</strong></span> <span class='ocrx_word' id='word_1_311' title='bbox 1928 2496 2011 2565; x_wconf 91' lang='lat' dir='ltr'><strong>qui</strong></span> <span class='ocrx_word' id='word_1_312' title='bbox 2042 2495 2300 2542; x_wconf 91' lang='lat' dir='ltr'><strong>novissime</strong></span> <span class='ocrx_word' id='word_1_313' title='bbox 2328 2504 2434 2559; x_wconf 90' lang='lat' dir='ltr'><strong>post</strong></span> 
     </span>
     <span class='ocr_line' id='line_1_28' title="bbox 318 2573 2435 2643; baseline -0.002 -19"><span class='ocrx_word' id='word_1_314' title='bbox 318 2578 561 2643; x_wconf 85' lang='lat' dir='ltr'><strong>apostolos</strong></span> <span class='ocrx_word' id='word_1_315' title='bbox 583 2596 611 2627; x_wconf 90' lang='lat' dir='ltr'><strong>a</strong></span> <span class='ocrx_word' id='word_1_316' title='bbox 631 2582 734 2627; x_wconf 90' lang='lat' dir='ltr'><strong>Deo</strong></span> <span class='ocrx_word' id='word_1_317' title='bbox 763 2589 983 2639; x_wconf 87' lang='lat' dir='ltr'><strong>vocatus,</strong></span> <span class='ocrx_word' id='word_1_318' title='bbox 1020 2589 1154 2627; x_wconf 84' lang='lat' dir='ltr'><strong>tanto</strong></span> <span class='ocrx_word' id='word_1_319' title='bbox 1177 2580 1327 2626; x_wconf 84' lang='lat' dir='ltr'><strong>extitit</strong></span> <span class='ocrx_word' id='word_1_320' title='bbox 1349 2582 1451 2626; x_wconf 93' lang='lat' dir='ltr'><strong>Deo</strong></span> <span class='ocrx_word' id='word_1_321' title='bbox 1479 2578 1652 2636; x_wconf 83' lang='lat' dir='ltr'><strong>carior,</strong></span> <span class='ocrx_word' id='word_1_322' title='bbox 1678 2586 1860 2641; x_wconf 90' lang='lat' dir='ltr'><strong>quanto</strong></span> <span class='ocrx_word' id='word_1_323' title='bbox 1896 2575 1944 2623; x_wconf 91' lang='lat' dir='ltr'><strong>in</strong></span> <span class='ocrx_word' id='word_1_324' title='bbox 1981 2574 2160 2621; x_wconf 88' lang='lat' dir='ltr'><strong>meritis</strong></span> <span class='ocrx_word' id='word_1_325' title='bbox 2184 2574 2269 2621; x_wconf 89' lang='lat' dir='ltr'><strong>fuit</strong></span> <span class='ocrx_word' id='word_1_326' title='bbox 2291 2573 2435 2621; x_wconf 84' lang='lat' dir='ltr'><strong>excel-</strong></span> 
     </span>
     <span class='ocr_line' id='line_1_29' title="bbox 316 2653 2433 2723; baseline -0.002 -20"><span class='ocrx_word' id='word_1_327' title='bbox 316 2656 505 2705; x_wconf 84' lang='lat' dir='ltr'><strong>lentior.</strong></span> <span class='ocrx_word' id='word_1_328' title='bbox 535 2661 606 2706; x_wconf 93' lang='lat' dir='ltr'><strong>De</strong></span> <span class='ocrx_word' id='word_1_329' title='bbox 628 2676 726 2723; x_wconf 90' lang='lat' dir='ltr'><strong>quo</strong></span> <span class='ocrx_word' id='word_1_330' title='bbox 750 2659 1066 2723; x_wconf 84' lang='lat' dir='ltr'><strong>Hieronymus</strong></span> <span class='ocrx_word' id='word_1_331' title='bbox 1092 2658 1159 2705; x_wconf 82' lang='lat' dir='ltr'><strong>ad</strong></span> <span class='ocrx_word' id='word_1_332' title='bbox 1170 2658 1428 2706; x_wconf 78' lang='lat' dir='ltr'><strong>Paulinum</strong></span> <span class='ocrx_word' id='word_1_333' title='bbox 1448 2659 1462 2682; x_wconf 78' lang='lat'><strong>⁶</strong></span> <span class='ocrx_word' id='word_1_334' title='bbox 1487 2677 1501 2704; x_wconf 93' lang='lat'><strong>.·</strong></span> <span class='ocrx_word' id='word_1_335' title='bbox 1531 2677 1553 2702; x_wconf 89' lang='lat'>«</span> <span class='ocrx_word' id='word_1_336' title='bbox 1574 2656 1761 2714; x_wconf 84' lang='lat' dir='ltr'><strong>Paulus,</strong></span> <span class='ocrx_word' id='word_1_337' title='bbox 1781 2655 1952 2719; x_wconf 81' lang='lat' dir='ltr'><strong>inquit,</strong></span> <span class='ocrx_word' id='word_1_338' title='bbox 1979 2653 2262 2701; x_wconf 84' lang='lat' dir='ltr'><strong>novissimus</strong></span> <span class='ocrx_word' id='word_1_339' title='bbox 2284 2653 2332 2699; x_wconf 94' lang='lat' dir='ltr'><strong>in</strong></span> <span class='ocrx_word' id='word_1_340' title='bbox 2357 2669 2433 2699; x_wconf 90' lang='lat' dir='ltr'><strong>or-</strong></span> 
     </span>
     <span class='ocr_line' id='line_1_30' title="bbox 316 2735 2432 2805; baseline -0.003 -20"><span class='ocrx_word' id='word_1_341' title='bbox 316 2736 452 2798; x_wconf 83' lang='lat' dir='ltr'><strong>dine,</strong></span> <span class='ocrx_word' id='word_1_342' title='bbox 477 2739 659 2803; x_wconf 90' lang='lat' dir='ltr'><strong>primus</strong></span> <span class='ocrx_word' id='word_1_343' title='bbox 680 2739 729 2786; x_wconf 91' lang='lat' dir='ltr'><strong>in</strong></span> <span class='ocrx_word' id='word_1_344' title='bbox 753 2740 931 2787; x_wconf 91' lang='lat' dir='ltr'><strong>meritis</strong></span> <span class='ocrx_word' id='word_1_345' title='bbox 953 2749 1046 2798; x_wconf 84' lang='lat' dir='ltr'><strong>est3</strong></span> <span class='ocrx_word' id='word_1_346' title='bbox 1072 2741 1183 2804; x_wconf 89' lang='lat' dir='ltr'><strong>quia</strong></span> <span class='ocrx_word' id='word_1_347' title='bbox 1201 2739 1307 2805; x_wconf 89' lang='lat' dir='ltr'><strong>plus</strong></span> <span class='ocrx_word' id='word_1_348' title='bbox 1330 2738 1555 2786; x_wconf 88' lang='lat' dir='ltr'><strong>omnibus</strong></span> <span class='ocrx_word' id='word_1_349' title='bbox 1578 2737 1829 2785; x_wconf 82' lang='lat' dir='ltr'><strong>laboravit.</strong></span> <span class='ocrx_word' id='word_1_350' title='bbox 1852 2755 1874 2780; x_wconf 90' lang='lat'>»</span> <span class='ocrx_word' id='word_1_351' title='bbox 1892 2738 2090 2782; x_wconf 90' lang='lat' dir='ltr'><strong>Constat</strong></span> <span class='ocrx_word' id='word_1_352' title='bbox 2107 2735 2300 2798; x_wconf 86' lang='lat' dir='ltr'><strong>insuper</strong></span> <span class='ocrx_word' id='word_1_353' title='bbox 2321 2749 2432 2779; x_wconf 88' lang='lat' dir='ltr'><strong>eum</strong></span> 
     </span>
     <span class='ocr_line' id='line_1_31' title="bbox 316 2816 2430 2884; baseline -0.002 -20"><span class='ocrx_word' id='word_1_354' title='bbox 316 2834 415 2865; x_wconf 90' lang='lat' dir='ltr'><strong>non</strong></span> <span class='ocrx_word' id='word_1_355' title='bbox 447 2818 604 2866; x_wconf 93' lang='lat' dir='ltr'><strong>solum</strong></span> <span class='ocrx_word' id='word_1_356' title='bbox 637 2829 918 2884; x_wconf 88' lang='lat' dir='ltr'><strong>martyrem,</strong></span> <span class='ocrx_word' id='word_1_357' title='bbox 951 2818 1036 2867; x_wconf 91' lang='lat' dir='ltr'><strong>sed</strong></span> <span class='ocrx_word' id='word_1_358' title='bbox 1064 2829 1112 2866; x_wconf 91' lang='lat' dir='ltr'><strong>et</strong></span> <span class='ocrx_word' id='word_1_359' title='bbox 1147 2820 1378 2883; x_wconf 85' lang='lat' dir='ltr'><strong>virginem</strong></span> <span class='ocrx_word' id='word_1_360' title='bbox 1412 2819 1648 2877; x_wconf 78' lang='lat' dir='ltr'><strong>extitisse3</strong></span> <span class='ocrx_word' id='word_1_361' title='bbox 1685 2827 1737 2864; x_wconf 91' lang='lat' dir='ltr'><strong>ut</strong></span> <span class='ocrx_word' id='word_1_362' title='bbox 1772 2833 1876 2881; x_wconf 79' lang='lat' dir='ltr'><strong>quae</strong></span> <span class='ocrx_word' id='word_1_363' title='bbox 1912 2816 1959 2862; x_wconf 91' lang='lat' dir='ltr'><strong>in</strong></span> <span class='ocrx_word' id='word_1_364' title='bbox 1993 2818 2130 2861; x_wconf 89' lang='lat' dir='ltr'><strong>Petro</strong></span> <span class='ocrx_word' id='word_1_365' title='bbox 2165 2823 2211 2859; x_wconf 89' lang='lat' dir='ltr'><strong>et</strong></span> <span class='ocrx_word' id='word_1_366' title='bbox 2248 2816 2430 2860; x_wconf 86' lang='lat' dir='ltr'><strong>Joanne</strong></span> 
     </span>
     <span class='ocr_line' id='line_1_32' title="bbox 315 2894 2423 2965; baseline -0.004 -18"><span class='ocrx_word' id='word_1_367' title='bbox 315 2899 534 2965; x_wconf 88' lang='lat' dir='ltr'><strong>apostolo</strong></span> <span class='ocrx_word' id='word_1_368' title='bbox 575 2900 735 2948; x_wconf 82' lang='lat' dir='ltr'><strong>dlvisae</strong></span> <span class='ocrx_word' id='word_1_369' title='bbox 767 2900 990 2948; x_wconf 85' lang='lat' dir='ltr'><strong>videntur</strong></span> <span class='ocrx_word' id='word_1_370' title='bbox 1026 2902 1308 2948; x_wconf 90' lang='lat' dir='ltr'><strong>meritorum</strong></span> <span class='ocrx_word' id='word_1_371' title='bbox 1341 2900 1534 2965; x_wconf 79' lang='lat' dir='ltr'><strong>palmae,</strong></span> <span class='ocrx_word' id='word_1_372' title='bbox 1568 2900 1616 2946; x_wconf 88' lang='lat' dir='ltr'><strong>in</strong></span> <span class='ocrx_word' id='word_1_373' title='bbox 1652 2899 1757 2964; x_wconf 88' lang='lat' dir='ltr'><strong>ipso</strong></span> <span class='ocrx_word' id='word_1_374' title='bbox 1796 2897 2093 2962; x_wconf 89' lang='lat' dir='ltr'><strong>reperiantur</strong></span> <span class='ocrx_word' id='word_1_375' title='bbox 2140 2894 2423 2958; x_wconf 74' lang='lat' dir='ltr'><strong>conjunctae.</strong></span> 
     </span>
     <span class='ocr_line' id='line_1_33' title="bbox 312 2976 2425 3047; baseline -0.003 -20"><span class='ocrx_word' id='word_1_376' title='bbox 312 2981 383 3028; x_wconf 91' lang='lat' dir='ltr'><strong>De</strong></span> <span class='ocrx_word' id='word_1_377' title='bbox 425 2982 736 3046; x_wconf 85' lang='lat' dir='ltr'><strong>praerogativa</strong></span> <span class='ocrx_word' id='word_1_378' title='bbox 778 2991 938 3030; x_wconf 89' lang='lat' dir='ltr'><strong>autem</strong></span> <span class='ocrx_word' id='word_1_379' title='bbox 980 2981 1219 3046; x_wconf 84' lang='lat' dir='ltr'><strong>virginalis</strong></span> <span class='ocrx_word' id='word_1_380' title='bbox 1257 2981 1424 3047; x_wconf 84' lang='lat' dir='ltr'><strong>palmae</strong></span> <span class='ocrx_word' id='word_1_381' title='bbox 1458 2981 1604 3046; x_wconf 91' lang='lat' dir='ltr'><strong>ipsius</strong></span> <span class='ocrx_word' id='word_1_382' title='bbox 1638 2979 1755 3026; x_wconf 88' lang='lat' dir='ltr'><strong>illud</strong></span> <span class='ocrx_word' id='word_1_383' title='bbox 1798 2988 1869 3025; x_wconf 90' lang='lat' dir='ltr'><strong>est</strong></span> <span class='ocrx_word' id='word_1_384' title='bbox 1908 2976 2142 3024; x_wconf 84' lang='lat' dir='ltr'><strong>Ambrosii</strong></span> <span class='ocrx_word' id='word_1_385' title='bbox 2184 2976 2231 3022; x_wconf 93' lang='lat' dir='ltr'><strong>in</strong></span> <span class='ocrx_word' id='word_1_386' title='bbox 2273 2976 2425 3040; x_wconf 88' lang='lat' dir='ltr'><strong>prima</strong></span> 
     </span>
     <span class='ocr_line' id='line_1_34' title="bbox 310 3056 2427 3127; baseline -0.002 -21"><span class='ocrx_word' id='word_1_387' title='bbox 310 3059 379 3106; x_wconf 84' lang='lat' dir='ltr'><strong>ad</strong></span> <span class='ocrx_word' id='word_1_388' title='bbox 393 3062 682 3108; x_wconf 76' lang='lat' dir='ltr'><strong>Corinthios⁷</strong></span> <span class='ocrx_word' id='word_1_389' title='bbox 708 3081 718 3108; x_wconf 76' lang='lat' dir='ltr'><strong><em>z</em></strong></span> <span class='ocrx_word' id='word_1_390' title='bbox 746 3062 864 3110; x_wconf 92' lang='lat' dir='ltr'><strong>Dico</strong></span> <span class='ocrx_word' id='word_1_391' title='bbox 887 3072 1046 3110; x_wconf 88' lang='lat' dir='ltr'><strong>autem</strong></span> <span class='ocrx_word' id='word_1_392' title='bbox 1068 3079 1168 3109; x_wconf 89' lang='lat' dir='ltr'><strong>non</strong></span> <span class='ocrx_word' id='word_1_393' title='bbox 1193 3063 1378 3127; x_wconf 85' lang='lat' dir='ltr'><strong>nuptis,</strong></span> <span class='ocrx_word' id='word_1_394' title='bbox 1404 3071 1494 3109; x_wconf 90' lang='lat' dir='ltr'><strong>etc.</strong></span> <span class='ocrx_word' id='word_1_395' title='bbox 1527 3080 1537 3108; x_wconf 73' lang='grc' dir='ltr'><strong><em>ε</em></strong></span> <span class='ocrx_word' id='word_1_396' title='bbox 1568 3081 1590 3106; x_wconf 92' lang='lat'>«</span> <span class='ocrx_word' id='word_1_397' title='bbox 1616 3063 1722 3107; x_wconf 91' lang='lat' dir='ltr'><strong>Non</strong></span> <span class='ocrx_word' id='word_1_398' title='bbox 1747 3059 1955 3106; x_wconf 84' lang='lat' dir='ltr'><strong>diceret:</strong></span> <span class='ocrx_word' id='word_1_399' title='bbox 1985 3077 2008 3102; x_wconf 90' lang='lat'><strong><em>«</em></strong></span> <span class='ocrx_word' id='word_1_400' title='bbox 2030 3061 2214 3104; x_wconf 89' lang='lat' dir='ltr'><strong>Bonum</strong></span> <span class='ocrx_word' id='word_1_401' title='bbox 2254 3066 2323 3103; x_wconf 91' lang='lat' dir='ltr'><strong>est</strong></span> <span class='ocrx_word' id='word_1_402' title='bbox 2356 3056 2427 3102; x_wconf 90' lang='lat' dir='ltr'><strong>in·</strong></span> 
     </span>
     <span class='ocr_line' id='line_1_35' title="bbox 314 3137 2425 3206; baseline -0.002 -19"><span class='ocrx_word' id='word_1_403' title='bbox 314 3159 337 3184; x_wconf 78' lang='grc' dir='ltr'><strong><em>κ</em></strong></span> <span class='ocrx_word' id='word_1_404' title='bbox 358 3141 519 3206; x_wconf 90' lang='lat' dir='ltr'><strong>nuptis</strong></span> <span class='ocrx_word' id='word_1_405' title='bbox 542 3152 594 3189; x_wconf 92' lang='lat' dir='ltr'><strong>ut</strong></span> <span class='ocrx_word' id='word_1_406' title='bbox 616 3142 711 3190; x_wconf 90' lang='lat' dir='ltr'><strong>sint</strong></span> <span class='ocrx_word' id='word_1_407' title='bbox 732 3142 852 3190; x_wconf 89' lang='lat' dir='ltr'><strong>sicut</strong></span> <span class='ocrx_word' id='word_1_408' title='bbox 874 3152 922 3190; x_wconf 91' lang='lat' dir='ltr'><strong>et</strong></span> <span class='ocrx_word' id='word_1_409' title='bbox 943 3159 1055 3206; x_wconf 86' lang='lat' dir='ltr'><strong>ego,</strong></span> <span class='ocrx_word' id='word_1_410' title='bbox 1081 3161 1103 3187; x_wconf 89' lang='lat'>»</span> <span class='ocrx_word' id='word_1_411' title='bbox 1129 3143 1219 3191; x_wconf 90' lang='lat' dir='ltr'><strong>nisi</strong></span> <span class='ocrx_word' id='word_1_412' title='bbox 1241 3152 1362 3190; x_wconf 89' lang='lat' dir='ltr'><strong>esset</strong></span> <span class='ocrx_word' id='word_1_413' title='bbox 1385 3143 1566 3206; x_wconf 89' lang='lat' dir='ltr'><strong>integer</strong></span> <span class='ocrx_word' id='word_1_414' title='bbox 1588 3156 1815 3206; x_wconf 79' lang='lat' dir='ltr'><strong>corpore3</strong></span> <span class='ocrx_word' id='word_1_415' title='bbox 1841 3155 1930 3185; x_wconf 90' lang='lat' dir='ltr'><strong>nec</strong></span> <span class='ocrx_word' id='word_1_416' title='bbox 1950 3137 2161 3185; x_wconf 77' lang='lat' dir='ltr'><strong>diceret-z</strong></span> <span class='ocrx_word' id='word_1_417' title='bbox 2193 3155 2217 3181; x_wconf 90' lang='lat'>«</span> <span class='ocrx_word' id='word_1_418' title='bbox 2244 3137 2425 3182; x_wconf 88' lang='lat' dir='ltr'><strong>Omnes</strong></span> 
     </span>
    </p>
   </div>
   <div class='ocr_carea' id='block_1_3' title="bbox 309 3296 2425 3519">
    <p class='ocr_par' dir='ltr' id='par_1_4' title="bbox 309 3296 2425 3519">
     <span class='ocr_line' id='line_1_36' title="bbox 354 3296 2425 3350; baseline 0.001 -15"><span class='ocrx_word' id='word_1_419' title='bbox 354 3299 365 3319; x_wconf 82' lang='lat'><strong>⁴</strong></span> <span class='ocrx_word' id='word_1_420' title='bbox 392 3302 536 3336; x_wconf 80' lang='lat' dir='ltr'><strong>Corinth.</strong></span> <span class='ocrx_word' id='word_1_421' title='bbox 564 3305 598 3343; x_wconf 87' lang='lat'><strong>1,</strong></span> <span class='ocrx_word' id='word_1_422' title='bbox 627 3315 701 3349; x_wconf 85' lang='lat' dir='ltr'><strong>cap.</strong></span> <span class='ocrx_word' id='word_1_423' title='bbox 725 3316 756 3338; x_wconf 76' lang='lat' dir='ltr'><strong>tx</strong></span> <span class='ocrx_word' id='word_1_424' title='bbox 770 3330 779 3347; x_wconf 89' lang='lat'><em>,</em></span> <span class='ocrx_word' id='word_1_425' title='bbox 807 3316 838 3339; x_wconf 85' lang='lat' dir='ltr'><strong>v.</strong></span> <span class='ocrx_word' id='word_1_426' title='bbox 867 3304 1005 3338; x_wconf 79' lang='lat'><strong>27.--·</strong></span> <span class='ocrx_word' id='word_1_427' title='bbox 1020 3306 1156 3347; x_wconf 65' lang='lat' dir='ltr'><strong>Philip„</strong></span> <span class='ocrx_word' id='word_1_428' title='bbox 1174 3316 1247 3350; x_wconf 85' lang='lat' dir='ltr'><strong>cap.</strong></span> <span class='ocrx_word' id='word_1_429' title='bbox 1275 3317 1309 3338; x_wconf 83' lang='lat' dir='ltr'><strong>m</strong></span> <span class='ocrx_word' id='word_1_430' title='bbox 1322 3331 1332 3347; x_wconf 88' lang='lat'><em>‚</em></span> <span class='ocrx_word' id='word_1_431' title='bbox 1392 3306 1472 3347; x_wconf 80' lang='lat' dir='ltr'><strong>Opp.</strong></span> <span class='ocrx_word' id='word_1_432' title='bbox 1492 3312 1516 3338; x_wconf 81' lang='lat' dir='ltr'><strong>t.</strong></span> <span class='ocrx_word' id='word_1_433' title='bbox 1533 3304 1586 3343; x_wconf 82' lang='grc' dir='ltr'><strong>Ν,</strong></span> <span class='ocrx_word' id='word_1_434' title='bbox 1606 3310 1691 3348; x_wconf 83' lang='lat' dir='ltr'><strong>part.</strong></span> <span class='ocrx_word' id='word_1_435' title='bbox 1714 3303 1764 3342; x_wconf 91' lang='lat'><strong>11,</strong></span> <span class='ocrx_word' id='word_1_436' title='bbox 1784 3313 1819 3346; x_wconf 89' lang='lat' dir='ltr'><strong>p.</strong></span> <span class='ocrx_word' id='word_1_437' title='bbox 1837 3302 1913 3334; x_wconf 77' lang='lat'>50³.</span> <span class='ocrx_word' id='word_1_438' title='bbox 1930 3319 1972 3324; x_wconf 91' lang='lat'><strong>—</strong></span> <span class='ocrx_word' id='word_1_439' title='bbox 1987 3300 1999 3317; x_wconf 74' lang='lat'><strong>¹</strong></span> <span class='ocrx_word' id='word_1_440' title='bbox 2021 3301 2103 3341; x_wconf 73' lang='lat' dir='ltr'><strong>OpP·</strong></span> <span class='ocrx_word' id='word_1_441' title='bbox 2123 3305 2145 3332; x_wconf 71' lang='lat'><strong>1-</strong></span> <span class='ocrx_word' id='word_1_442' title='bbox 2164 3299 2213 3338; x_wconf 73' lang='grc' dir='ltr'><strong>ῙῙ,</strong></span> <span class='ocrx_word' id='word_1_443' title='bbox 2233 3298 2265 3330; x_wconf 67' lang='grc' dir='ltr'>Ῑῦ</span> <span class='ocrx_word' id='word_1_444' title='bbox 2286 3296 2425 3340; x_wconf 61' lang='lat' dir='ltr'><strong>Appen·-</strong></span> 
     </span>
     <span class='ocr_line' id='line_1_37' title="bbox 310 3353 2423 3405; baseline -0.002 -16"><span class='ocrx_word' id='word_1_445' title='bbox 310 3367 341 3390; x_wconf 88' lang='lat' dir='ltr'><strong>v.</strong></span> <span class='ocrx_word' id='word_1_446' title='bbox 371 3358 424 3391; x_wconf 84' lang='lat'><strong>18.</strong></span> <span class='ocrx_word' id='word_1_447' title='bbox 439 3375 482 3382; x_wconf 95' lang='lat'>-</span> <span class='ocrx_word' id='word_1_448' title='bbox 495 3359 509 3377; x_wconf 85' lang='lat'>⁸</span> <span class='ocrx_word' id='word_1_449' title='bbox 525 3360 632 3400; x_wconf 67' lang='lat' dir='ltr'><strong>Rom„</strong></span> <span class='ocrx_word' id='word_1_450' title='bbox 656 3371 728 3405; x_wconf 85' lang='lat' dir='ltr'><strong>cap.</strong></span> <span class='ocrx_word' id='word_1_451' title='bbox 755 3373 807 3395; x_wconf 77' lang='lat' dir='ltr'><strong>xv·</strong></span> <span class='ocrx_word' id='word_1_452' title='bbox 819 3387 828 3402; x_wconf 86' lang='lat'>,</span> <span class='ocrx_word' id='word_1_453' title='bbox 851 3372 880 3395; x_wconf 86' lang='lat' dir='ltr'><strong>v.</strong></span> <span class='ocrx_word' id='word_1_454' title='bbox 907 3363 958 3394; x_wconf 85' lang='grc'><strong>18.</strong></span> <span class='ocrx_word' id='word_1_455' title='bbox 975 3378 1015 3385; x_wconf 93' lang='grc'>-</span> <span class='ocrx_word' id='word_1_456' title='bbox 1033 3360 1046 3378; x_wconf 77' lang='lat'><strong>⁴</strong></span> <span class='ocrx_word' id='word_1_457' title='bbox 1060 3361 1094 3395; x_wconf 91' lang='lat' dir='ltr'><strong>S.</strong></span> <span class='ocrx_word' id='word_1_458' title='bbox 1115 3361 1210 3405; x_wconf 82' lang='lat' dir='ltr'><strong>Greg.</strong></span> <span class='ocrx_word' id='word_1_459' title='bbox 1232 3362 1330 3402; x_wconf 67' lang='lat' dir='ltr'><strong>Hor„</strong></span> <span class='ocrx_word' id='word_1_460' title='bbox 1388 3361 1478 3400; x_wconf 80' lang='lat' dir='ltr'><strong>dice,</strong></span> <span class='ocrx_word' id='word_1_461' title='bbox 1494 3362 1559 3394; x_wconf 83' lang='lat' dir='ltr'><strong>col.</strong></span> <span class='ocrx_word' id='word_1_462' title='bbox 1582 3362 1655 3393; x_wconf 83' lang='lat'><strong>133.</strong></span> <span class='ocrx_word' id='word_1_463' title='bbox 1672 3359 1912 3392; x_wconf 74' lang='lat' dir='ltr'><strong>Commentaria</strong></span> <span class='ocrx_word' id='word_1_464' title='bbox 1929 3357 1988 3390; x_wconf 77' lang='lat' dir='ltr'><strong>ista</strong></span> <span class='ocrx_word' id='word_1_465' title='bbox 2006 3358 2037 3389; x_wconf 84' lang='lat' dir='ltr'><strong>in</strong></span> <span class='ocrx_word' id='word_1_466' title='bbox 2056 3354 2212 3399; x_wconf 79' lang='lat' dir='ltr'><strong>epistolas</strong></span> <span class='ocrx_word' id='word_1_467' title='bbox 2234 3354 2320 3387; x_wconf 77' lang='lat' dir='ltr'><strong>beati</strong></span> <span class='ocrx_word' id='word_1_468' title='bbox 2337 3353 2423 3385; x_wconf 82' lang='lat' dir='ltr'><strong>Pauli</strong></span> 
     </span>
     <span class='ocr_line' id='line_1_38' title="bbox 309 3408 2423 3463; baseline -0.002 -18"><span class='ocrx_word' id='word_1_469' title='bbox 309 3412 367 3447; x_wconf 86' lang='lat' dir='ltr'><strong>lib.</strong></span> <span class='ocrx_word' id='word_1_470' title='bbox 383 3413 503 3456; x_wconf 82' lang='lat' dir='ltr'>xxxl,</span> <span class='ocrx_word' id='word_1_471' title='bbox 521 3426 592 3461; x_wconf 84' lang='lat' dir='ltr'><strong>cap.</strong></span> <span class='ocrx_word' id='word_1_472' title='bbox 611 3429 651 3451; x_wconf 84' lang='lat' dir='ltr'><strong>xv</strong></span> <span class='ocrx_word' id='word_1_473' title='bbox 671 3425 704 3452; x_wconf 80' lang='lat' dir='ltr'><strong>et</strong></span> <span class='ocrx_word' id='word_1_474' title='bbox 718 3430 767 3463; x_wconf 79' lang='lat' dir='ltr'><strong>sq.</strong></span> <span class='ocrx_word' id='word_1_475' title='bbox 792 3419 873 3461; x_wconf 83' lang='lat' dir='ltr'><strong>Opp.</strong></span> <span class='ocrx_word' id='word_1_476' title='bbox 896 3425 918 3452; x_wconf 78' lang='lat' dir='ltr'><strong>t.</strong></span> <span class='ocrx_word' id='word_1_477' title='bbox 943 3419 973 3459; x_wconf 88' lang='lat'><strong>1,</strong></span> <span class='ocrx_word' id='word_1_478' title='bbox 1000 3419 1064 3452; x_wconf 83' lang='lat' dir='ltr'><strong>col.</strong></span> <span class='ocrx_word' id='word_1_479' title='bbox 1094 3421 1149 3451; x_wconf 82' lang='grc'><strong>101</strong></span> <span class='ocrx_word' id='word_1_480' title='bbox 1174 3425 1207 3451; x_wconf 78' lang='lat' dir='ltr'><strong>et</strong></span> <span class='ocrx_word' id='word_1_481' title='bbox 1222 3430 1272 3463; x_wconf 80' lang='lat' dir='ltr'><strong>sq.</strong></span> <span class='ocrx_word' id='word_1_482' title='bbox 1293 3436 1331 3443; x_wconf 92' lang='lat'>—</span> <span class='ocrx_word' id='word_1_483' title='bbox 1387 3425 1499 3452; x_wconf 83' lang='lat' dir='ltr'><strong>sancto</strong></span> <span class='ocrx_word' id='word_1_484' title='bbox 1516 3416 1686 3450; x_wconf 81' lang='lat' dir='ltr'><strong>Ambrosio</strong></span> <span class='ocrx_word' id='word_1_485' title='bbox 1699 3415 1775 3447; x_wconf 80' lang='lat' dir='ltr'><strong>olim</strong></span> <span class='ocrx_word' id='word_1_486' title='bbox 1794 3414 1931 3457; x_wconf 72' lang='lat' dir='ltr'><strong>tributa,</strong></span> <span class='ocrx_word' id='word_1_487' title='bbox 1950 3418 2111 3457; x_wconf 79' lang='lat' dir='ltr'><strong>quotquot</strong></span> <span class='ocrx_word' id='word_1_488' title='bbox 2130 3421 2215 3444; x_wconf 89' lang='lat' dir='ltr'><strong>nunc</strong></span> <span class='ocrx_word' id='word_1_489' title='bbox 2230 3409 2288 3442; x_wconf 81' lang='lat' dir='ltr'><strong>viri</strong></span> <span class='ocrx_word' id='word_1_490' title='bbox 2305 3408 2423 3442; x_wconf 79' lang='lat' dir='ltr'><strong>eruditi</strong></span> 
     </span>
     <span class='ocr_line' id='line_1_39' title="bbox 310 3467 2004 3519; baseline -0.005 -8"><span class='ocrx_word' id='word_1_491' title='bbox 310 3467 324 3486; x_wconf 80' lang='lat'>⁸</span> <span class='ocrx_word' id='word_1_492' title='bbox 339 3470 466 3510; x_wconf 64' lang='grc' dir='ltr'><strong>θθῆθδο,</strong></span> <span class='ocrx_word' id='word_1_493' title='bbox 483 3482 554 3517; x_wconf 73' lang='lat' dir='ltr'><strong>cap.</strong></span> <span class='ocrx_word' id='word_1_494' title='bbox 571 3485 666 3517; x_wconf 67' lang='grc' dir='ltr'><strong>κως,</strong></span> <span class='ocrx_word' id='word_1_495' title='bbox 681 3486 713 3510; x_wconf 86' lang='lat' dir='ltr'><strong>v.</strong></span> <span class='ocrx_word' id='word_1_496' title='bbox 731 3477 832 3509; x_wconf 83' lang='grc'><strong>27.-</strong></span> <span class='ocrx_word' id='word_1_497' title='bbox 846 3475 859 3494; x_wconf 79' lang='lat'>⁶</span> <span class='ocrx_word' id='word_1_498' title='bbox 873 3477 923 3509; x_wconf 78' lang='lat' dir='ltr'><strong>Ad</strong></span> <span class='ocrx_word' id='word_1_499' title='bbox 940 3476 1112 3508; x_wconf 81' lang='lat' dir='ltr'><strong>Paulinum</strong></span> <span class='ocrx_word' id='word_1_500' title='bbox 1127 3477 1221 3519; x_wconf 83' lang='lat' dir='ltr'><strong>epist.</strong></span> <span class='ocrx_word' id='word_1_501' title='bbox 1241 3486 1331 3517; x_wconf 81' lang='lat' dir='ltr'>xux,</span> <span class='ocrx_word' id='word_1_502' title='bbox 1387 3474 1538 3514; x_wconf 84' lang='lat' dir='ltr'><strong>audiunt,</strong></span> <span class='ocrx_word' id='word_1_503' title='bbox 1558 3473 1663 3506; x_wconf 86' lang='lat' dir='ltr'><strong>eidem</strong></span> <span class='ocrx_word' id='word_1_504' title='bbox 1682 3470 1864 3515; x_wconf 70' lang='lat' dir='ltr'><strong>abjudicata</strong></span> <span class='ocrx_word' id='word_1_505' title='bbox 1881 3470 2004 3504; x_wconf 78' lang='lat' dir='ltr'><strong>volunt.</strong></span> 
     </span>
    </p>
   </div>
   <div class='ocr_carea' id='block_1_4' title="bbox 492 3522 2238 3587">
    <p class='ocr_par' dir='ltr' id='par_1_5' title="bbox 492 3522 2238 3587">
     <span class='ocr_line' id='line_1_40' title="bbox 492 3522 2238 3587; baseline -0.003 -16"><span class='ocrx_word' id='word_1_506' title='bbox 492 3527 508 3560; x_wconf 87' lang='lat'>1</span> <span class='ocrx_word' id='word_1_507' title='bbox 1211 3583 1214 3587; x_wconf 73' lang='lat'><em>,</em></span> <span class='ocrx_word' id='word_1_508' title='bbox 2181 3522 2238 3565; x_wconf 81' lang='lat'><strong>65</strong></span> 
     </span>
    </p>
   </div>
  </div>
 </body>
</html>
