2970 4152
975 411 1035 459 IN
1067 410 1349 459 PASSIONE
1382 411 1595 459 DOMINI
1629 411 1845 458 SERMO.
1965 421 1969 425 '
2364 409 2458 455 449

338 505 508 552 mundi
533 505 741 571 pretium
765 520 962 569 ponere.
996 504 1068 552 Ad
1096 503 1342 552 cumulum
1376 503 1564 551 malitiae
1590 514 1705 564 tuae,
1735 505 1864 569 ipsos
1898 512 2140 568 conceptae
2174 501 2460 566 proditionis

338 584 510 649 gradus
546 585 755 646 intuere,
785 595 839 632 ut
865 585 1047 632 nullam
1082 584 1490 638 abominationem
1522 583 1829 649 impudentiae
1861 583 2023 631 deesse
2053 598 2312 647 cognoscas
2347 599 2458 646 pro-

338 665 508 713 ditioni
536 676 644 713 tuae.
671 669 778 732 Ipsa
799 676 941 713 nocte
965 682 1060 730 qua
1084 664 1316 713 tractabas
1341 681 1452 711 eum
1478 664 1688 723 tradere,
1718 664 1778 711 ad
1802 681 1988 712 coenam
2011 679 2301 728 praesumens
2325 679 2459 709 acce-

338 746 452 794 dere
468 782 480 806 ,
509 747 560 793 in
584 747 685 810 ejus
708 746 959 812 parapside
975 782 987 806 ,
1022 762 1220 793 manum
1244 745 1521 793 sceleratam
1549 755 1596 792 et
1625 756 1855 809 tanquam
1877 746 2023 810 ipsius
2043 746 2271 809 sanguine
2290 760 2460 791 cruen-

338 838 485 875 tatam
522 829 729 876 inserere
759 845 859 877 non
900 829 1124 887 timuisti,
1162 837 1215 875 ut
1249 827 1345 874 hoc
1378 827 1501 874 facto
1532 828 1668 891 quasi
1703 836 1821 874 teste
1863 837 1954 874 tuae
1988 827 2285 874 conscientiae
2321 826 2460 872 bonae

339 925 535 956 omnem
560 909 880 974 suspicionem
902 925 930 955 a
954 919 1000 956 te
1019 924 1306 973 removeres.
1329 910 1537 954 Consors
1556 908 1606 954 in
1631 907 1993 972 participatione
2010 917 2107 954 tam
2125 908 2294 955 veteris
2317 923 2461 971 quam

338 988 453 1036 novi
475 988 663 1054 paschae
679 1023 692 1048 ,
715 1004 770 1035 ac
797 987 1023 1052 deinceps
1054 988 1102 1034 in
1126 989 1229 1053 ipsa
1262 987 1517 1035 traditione
1543 1004 1654 1034 eum
1677 998 1730 1034 ut
1760 988 2038 1055 magistrum
2063 987 2293 1047 salutans,
2332 996 2377 1033 et
2414 996 2465 1032 ut

338 1068 479 1134 lupus
497 1085 673 1133 agnum
692 1067 934 1128 osculans,
955 1067 1023 1114 fili
1039 1068 1338 1134 perditionis,
1359 1084 1387 1115 a
1409 1078 1659 1115 mansueto
1679 1078 1813 1133 patre
1830 1068 1965 1114 audis
1985 1086 1994 1114 ε
2023 1087 2047 1112 «
2070 1067 2247 1127 Amice,
2267 1067 2328 1114 ad
2347 1067 2463 1131 quid

339 1150 540 1198 venisti?
559 1168 584 1195 >1
614 1150 773 1197 Amice
798 1149 1022 1214 quidem,
1064 1166 1163 1197 non
1204 1166 1397 1209 amans,
1429 1149 1514 1197 sed
1547 1159 1728 1208 amate,
1760 1166 1860 1197 non
1889 1149 2114 1214 diligens,
2150 1148 2234 1197 sed
2262 1148 2460 1207 dilecte,

339 1240 572 1294 quantum
583 1230 644 1277 ad
660 1230 1003 1291 exhibitionem
1017 1230 1343 1278 familiaritatis
1360 1240 1406 1278 et
1426 1231 1656 1278 amicitiae.
1673 1250 1697 1275 «
1715 1230 1784 1277 Ad
1804 1230 1938 1295 quid,
1954 1250 1978 1276 »
1997 1231 2168 1295 inquit,
2186 1249 2209 1275 «
2221 1229 2422 1277 venisti?
2439 1248 2461 1273 »

339 1322 567 1375 tanquam
592 1311 631 1357 si
644 1308 851 1358 diceret:
874 1310 1091 1371 Attende,
1112 1311 1272 1371 miser,
1290 1321 1519 1375 quantam
1538 1312 1640 1359 sine
1658 1327 1801 1359 causa
1824 1311 2068 1376 praesumis
2088 1311 2436 1359 execrationem
2450 1346 2461 1368 ,

339 1410 490 1459 quum
521 1392 756 1458 praedictis
784 1392 1008 1457 gradibus
1039 1392 1102 1440 ad
1129 1403 1413 1458 conceptam
1443 1393 1664 1458 pervenis
1695 1392 2036 1458 proditionem.
2067 1396 2120 1439 In
2153 1409 2251 1457 quo
2283 1402 2330 1440 et
2368 1395 2466 1439 Do-

341 1474 499 1520 minus
514 1473 703 1537 signum
726 1472 1013 1538 proditionis
1035 1472 1292 1533 detestans,
1320 1473 1384 1519 ait
1407 1491 1417 1519 :
1445 1491 1468 1518 «
1488 1473 1627 1534 Juda,
1650 1473 1815 1520 osculo
1836 1472 1986 1520 filium
2004 1473 2213 1520 hominis
2238 1472 2415 1519 tradis?
2439 1492 2462 1517 υ

340 1555 443 1600 Hoc
467 1562 562 1600 est:
580 1554 688 1608 Cur,
712 1552 871 1599 infelix
886 1587 899 1612 ,
929 1551 1146 1599 osculum
1171 1553 1220 1599 in
1244 1554 1380 1617 signo
1398 1552 1685 1617 proditionis
1714 1551 1922 1617 elegisti,
1948 1552 2082 1617 quod
2106 1553 2228 1599 inter
2250 1552 2467 1599 inimicos

340 1632 482 1679 etiam
501 1648 689 1679 summa
707 1631 953 1679 foederatio
974 1631 1094 1679 solet
1110 1649 1210 1680 esse
1229 1632 1387 1698 pacis?
1408 1633 1729 1680 Infelicissime
1746 1634 1965 1681 omnium
1980 1632 2235 1680 hominum
2249 1669 2261 1692 ,
2284 1631 2466 1679 bonum

342 1711 426 1758 tibi
445 1723 567 1761 esset
585 1713 623 1760 si
647 1723 788 1761 natus
808 1730 907 1760 non
928 1713 1092 1761 fuisses
1106 1750 1118 1773 ,
1139 1715 1251 1778 quia
1274 1731 1410 1762 more
1430 1713 1759 1763 abortivorum
1782 1716 1831 1763 in
1852 1725 1987 1763 utero
2007 1716 2235 1777 moriens,
2259 1715 2466 1779 gravissi-

343 1808 471 1839 mam
499 1811 599 1841 non
624 1794 875 1843 meruisses
904 1792 1123 1860 poenam!

412 1894 435 1919 α
454 1876 679 1924 Videntes
707 1887 868 1924 autem
893 1877 968 1937 hi,
992 1878 1074 1942 qui
1100 1878 1227 1926 circa
1253 1881 1410 1945 ipsum
1436 1890 1594 1939 erant,
1615 1880 1748 1944 quod
1767 1880 1979 1927 futurum
2005 1889 2133 1939 erat,
2156 1878 2378 1926 dixerunt
2397 1878 2464 1923 ei:

348 1973 372 1998 «
393 1956 618 2016 Domine,
637 1956 676 2003 si
692 1957 985 2021 percutimus
1002 1958 1051 2004 in
1073 1958 1261 2022 gladio?
1281 1978 1305 2004 »
1326 1959 1492 2006 Simon
1516 1976 1628 2024 ergo
1651 1963 1816 2007 Petrus
1839 1959 2083 2006 ardentior
2097 1959 2275 2006 caeteris
2292 1957 2472 2004 haben's

344 2033 554 2097 gladium
571 2071 583 2095 ,
615 2036 777 2084 eduxit
802 2054 940 2098 eum,
964 2049 1010 2085 et
1032 2039 1262 2103 percussit
1280 2056 1470 2086 servum
1505 2038 1767 2104 pontificis,
1804 2049 1850 2086 et
1874 2038 2074 2087 abscidit
2094 2038 2195 2102 ejus
2214 2035 2471 2085 auriculam

343 2113 603 2162 dexteram.
629 2117 940 2182 Respondens
965 2128 1126 2165 autem
1157 2121 1291 2166 Jesus
1315 2119 1380 2166 ait
1403 2137 1412 2165 :
1441 2119 1630 2167 «Sinite
1656 2136 1807 2184 usque
1832 2119 1943 2167 huc.
1960 2138 1984 2164 υ
2006 2122 2064 2166 Et
2082 2135 2232 2183 quum
2256 2116 2476 2180 tetigisset

341 2195 603 2243 auriculam
632 2197 755 2260 ejus,
778 2198 961 2246 sanavit
989 2215 1118 2246 eum.
1148 2218 1170 2243 »
1197 2201 1427 2257 Quaerunt
1443 2200 1522 2248 alii
1543 2218 1570 2248 a
1599 2201 1808 2248 Domino
1826 2236 1838 2260 ,
1869 2210 2029 2248 utrum
2054 2196 2367 2265 percutiendo
2391 2197 2473 2244 de·

339 2274 484 2324 beant
507 2294 619 2325 eum
650 2278 908 2327 vindicare.
931 2282 1036 2327 Non
1069 2281 1269 2328 sustinet
1299 2284 1464 2329 Petrus
1493 2299 1803 2347 responsum,
1840 2292 1892 2329 ut
1917 2281 2078 2329 audiat
2100 2280 2472 2337 documentum3

339 2372 429 2403 nec
454 2373 728 2405 mensuram
749 2358 895 2407 habet
923 2376 1062 2406 amor
1089 2360 1376 2421 vehemens,
1408 2379 1497 2409 nec
1521 2362 1755 2410 immensa
1781 2363 1950 2409 caritas
1969 2359 2171 2409 attendit
2194 2359 2311 2424 quid
2341 2376 2475 2406 exce—

340 2434 437 2482 dat.
461 2439 666 2484 Noverat
685 2437 937 2486 dominicae
964 2440 1342 2487 mansuetudinis
1370 2442 1644 2505 patientiam
1660 2478 1672 2502 ,
1702 2459 1845 2506 quem
1866 2442 1966 2505 jam
1989 2440 2105 2487 olim
2138 2438 2472 2505 praedicentem

341 2532 476 2564 suam
506 2518 776 2582 passionem
809 2535 959 2583 quum
995 2529 1177 2567 secreto
1213 2522 1547 2585 correpsisset,
1575 2522 1739 2569 dicens
1763 2540 1772 2568 :
1804 2541 1827 2566 «
1851 2521 2088 2585 Propitius
2112 2529 2213 2567 esto
2241 2519 2350 2578 tibi,
2380 2522 2475 2565 Do-

341 2598 493 2657 mine,
520 2615 582 2646 ne
606 2598 688 2645 fiat
718 2598 829 2658 hoc,
852 2619 876 2644 υ
904 2599 1085 2647 audivit
1107 2599 1168 2647 ab
1191 2601 1296 2665 ipso
1321 2620 1331 2647 :
1360 2621 1383 2647 «
1404 2601 1537 2650 Vade
1560 2613 1670 2668 post
1692 2619 1787 2662 me,
1815 2604 2004 2660 Satana‚
2028 2617 2127 2647 non
2145 2601 2269 2665 sapis
2292 2616 2346 2647 ea
2371 2617 2475 2664 quae

341 2679 431 2724 Dei
466 2683 618 2726 sunt¹.
649 2699 670 2724 »
706 2682 911 2728 Noverat
950 2691 996 2728 et
1029 2683 1112 2746 qui
1150 2682 1429 2746 generaliter
1466 2683 1567 2749 ipse
1610 2683 1853 2749 discipulis
1893 2691 2205 2748 praeceperat,
2247 2681 2470 2728 dicens²z

347 2757 586 2805 «Audistis
599 2760 709 2823 quia
722 2760 903 2807 dictum
918 2771 1009 2808 est:
1030 2781 1052 2806 «
1065 2762 1271 2809 Oculum
1280 2779 1369 2828 pro
1384 2763 1543 2822 oculo,
1556 2763 1751 2811 dentem
1767 2780 1855 2829 pro
1866 2762 2058 2810 dente.»
2080 2765 2179 2826 Ego
2196 2771 2355 2809 autem
2364 2761 2474 2808 dico

343 2837 481 2885 vobis
504 2854 603 2885 non
632 2839 845 2887 resistere
867 2841 1011 2888 malo.
1036 2842 1128 2889 Sed
1154 2843 1192 2889 si
1211 2843 1317 2907 quis
1337 2853 1382 2890 te
1401 2845 1685 2909 percusserit
1708 2844 1757 2890 in
1789 2843 1954 2890 dextra
1973 2842 2160 2889 maxilla
2184 2852 2288 2901 tua,
2317 2841 2474 2907 praebe

344 2919 388 2965 ei
412 2928 457 2964 et
482 2917 694 2966 alteram.
719 2938 741 2964 υ
762 2920 844 2967 His
869 2931 916 2968 et
947 2921 1179 2969 similibus
1204 2923 1442 2988 patientiae
1460 2923 1762 2972 documentis
1789 2927 1954 2971 Petrus
1971 2924 2229 2970 instructus
2254 2932 2470 2979 noverat,

343 2999 605 3047 Dominum
619 3017 921 3065 nequaquam
940 3002 1065 3050 hanc
1082 3004 1126 3050 ei
1141 3004 1401 3052 vindictam
1420 3019 1777 3052 concessurum.
1797 3008 1864 3051 Ne
1884 3021 1997 3069 ergo
2017 3021 2125 3052 reus
2141 3003 2475 3051 inobedientiae

345 3079 657 3142 percutiendo
682 3080 834 3141 fieret,
858 3082 897 3128 si
920 3082 1015 3130 hoc
1041 3100 1325 3149 responsum
1350 3095 1644 3150 expectaret,
1668 3085 1895 3151 praevenit
1918 3085 2075 3149 ipsum
2093 3120 2105 3143 ‚
2130 3095 2359 3149 tanquam
2377 3083 2477 3131 aliis

346 3159 394 3206 in
428 3159 523 3207 hoc
553 3161 671 3225 quid
695 3173 911 3226 agerent,
943 3163 1160 3228 praebens
1187 3166 1484 3231 exemplum,
1515 3176 1680 3232 utpote
1704 3166 1926 3231 princeps
1950 3165 2026 3213 vel
2052 3166 2235 3231 primus
2271 3181 2438 3213 eorum
2461 3184 2471 3211 :

347 3251 399 3288 ut
422 3241 542 3288 sicut
565 3242 710 3290 Judas
741 3260 798 3290 ex
821 3243 1020 3291 adversa
1051 3256 1185 3309 parte
1210 3246 1308 3294 dux
1339 3258 1439 3295 erat
1462 3248 1524 3295 ad
1553 3247 1806 3306 malitiam,
1838 3247 1905 3293 sic
1942 3247 2028 3294 iste
2064 3247 2115 3293 in
2151 3247 2251 3294 acie
2282 3247 2475 3294 Domini

348 3320 443 3368 dux
469 3320 604 3370 fieret
627 3323 689 3370 ad
715 3324 990 3372 vindictam.
1025 3327 1152 3372 Dum
1185 3343 1298 3391 ergo
1329 3328 1407 3375 alii
1431 3338 1649 3393 quaerunt
1679 3345 1738 3375 an
1777 3327 2068 3392 percutiant,
2111 3327 2198 3374 iste
2220 3336 2477 3392 ‚percutere

399 3497 407 3513 ¹
434 3497 564 3542 Matth„
585 3512 659 3545 cap.
676 3514 748 3546 xvi,
765 3515 796 3537 v.
816 3507 871 3538 23.
888 3525 927 3530 -—
945 3507 957 3523 ²
975 3507 1103 3548 Manli„
1120 3518 1192 3552 cap.
1217 3520 1249 3551 v,
1266 3520 1294 3543 v.
1315 3512 1354 3543 38
1367 3535 1375 3551 ‚
1395 3511 1450 3543 39.
2026 3539 2036 3547 ›

516 3568 530 3597 1
1788 3594 1792 3600 .
2266 3567 2315 3606 57
