<?xml version="1.0" encoding="UTF-8"?>
<!DOCTYPE html PUBLIC "-//W3C//DTD XHTML 1.0 Transitional//EN"
    "http://www.w3.org/TR/xhtml1/DTD/xhtml1-transitional.dtd">
<html xmlns="http://www.w3.org/1999/xhtml" xml:lang="en" lang="en">
 <head>
  <title>
</title>
<meta http-equiv="Content-Type" content="text/html;charset=utf-8" />
  <meta name='ocr-system' content='tesseract 3.04.00' />
  <meta name='ocr-capabilities' content='ocr_page ocr_carea ocr_par ocr_line ocrx_word'/>
</head>
<body>
  <div class='ocr_page' id='page_1' title='image "./operahactenusseo01abeluoft_0292.png"; bbox 0 0 2970 4152; ppageno 0'>
   <div class='ocr_carea' id='block_1_1' title="bbox 469 429 1911 480">
    <p class='ocr_par' dir='ltr' id='par_1_1' title="bbox 469 429 1911 480">
     <span class='ocr_line' id='line_1_1' title="bbox 469 429 1911 480; baseline -0.001 -1"><span class='ocrx_word' id='word_1_1' title='bbox 469 433 566 480; x_wconf 80' lang='lat'><strong>278</strong></span> <span class='ocrx_word' id='word_1_2' title='bbox 1164 430 1469 477; x_wconf 70' lang='lat' dir='ltr'><strong>HEnfflssAE</strong></span> <span class='ocrx_word' id='word_1_3' title='bbox 1498 429 1891 480; x_wconf 74' lang='lat' dir='ltr'><strong>PROBLEMATA</strong></span> <span class='ocrx_word' id='word_1_4' title='bbox 1906 471 1911 478; x_wconf 92' lang='lat'>.</span> 
     </span>
    </p>
   </div>
   <div class='ocr_carea' id='block_1_2' title="bbox 466 523 2587 1071">
    <p class='ocr_par' dir='ltr' id='par_1_2' title="bbox 466 523 2587 1071">
     <span class='ocr_line' id='line_1_2' title="bbox 471 523 2582 590; baseline 0.001 -18"><span class='ocrx_word' id='word_1_5' title='bbox 471 526 642 572; x_wconf 84' lang='lat' dir='ltr'><strong>Christi</strong></span> <span class='ocrx_word' id='word_1_6' title='bbox 661 526 925 584; x_wconf 88' lang='lat' dir='ltr'><strong>caritatem,</strong></span> <span class='ocrx_word' id='word_1_7' title='bbox 940 540 1085 589; x_wconf 84' lang='lat' dir='ltr'><strong>quam</strong></span> <span class='ocrx_word' id='word_1_8' title='bbox 1110 523 1258 571; x_wconf 73' lang='lat' dir='ltr'><strong>nobis</strong></span> <span class='ocrx_word' id='word_1_9' title='bbox 1268 523 1498 584; x_wconf 82' lang='lat' dir='ltr'><strong>exhibuit,-</strong></span> <span class='ocrx_word' id='word_1_10' title='bbox 1520 533 1568 572; x_wconf 91' lang='lat' dir='ltr'><strong>et</strong></span> <span class='ocrx_word' id='word_1_11' title='bbox 1590 532 1679 579; x_wconf 80' lang='lat' dir='ltr'><strong>nos</strong></span> <span class='ocrx_word' id='word_1_12' title='bbox 1693 541 1804 572; x_wconf 89' lang='lat' dir='ltr'><strong>eum</strong></span> <span class='ocrx_word' id='word_1_13' title='bbox 1822 525 1961 584; x_wconf 87' lang='lat' dir='ltr'><strong>scire,</strong></span> <span class='ocrx_word' id='word_1_14' title='bbox 1972 540 2028 572; x_wconf 89' lang='lat' dir='ltr'><strong>ac</strong></span> <span class='ocrx_word' id='word_1_15' title='bbox 2040 541 2229 590; x_wconf 81' lang='lat' dir='ltr'><strong>semper</strong></span> <span class='ocrx_word' id='word_1_16' title='bbox 2245 526 2489 574; x_wconf 82' lang='lat' dir='ltr'><strong>attendere</strong></span> <span class='ocrx_word' id='word_1_17' title='bbox 2502 527 2582 575; x_wconf 84' lang='lat' dir='ltr'><strong>ad·</strong></span> 
     </span>
     <span class='ocr_line' id='line_1_3' title="bbox 471 603 2581 670; baseline 0.001 -19"><span class='ocrx_word' id='word_1_18' title='bbox 471 616 635 653; x_wconf 88' lang='lat' dir='ltr'><strong>monet</strong></span> <span class='ocrx_word' id='word_1_19' title='bbox 650 641 662 664; x_wconf 94' lang='lat'><strong>,</strong></span> <span class='ocrx_word' id='word_1_20' title='bbox 683 617 736 652; x_wconf 90' lang='lat' dir='ltr'><strong>ut</strong></span> <span class='ocrx_word' id='word_1_21' title='bbox 759 606 859 668; x_wconf 91' lang='lat' dir='ltr'><strong>ejus</strong></span> <span class='ocrx_word' id='word_1_22' title='bbox 876 603 1535 670; x_wconf 33' lang='lat' dir='ltr'><strong>comparationefhumiliores</strong></span> <span class='ocrx_word' id='word_1_23' title='bbox 1551 621 1605 660; x_wconf 79' lang='lat' dir='ltr'><strong>ac</strong></span> <span class='ocrx_word' id='word_1_24' title='bbox 1625 604 1932 652; x_wconf 79' lang='lat' dir='ltr'><strong>ferventiores</strong></span> <span class='ocrx_word' id='word_1_25' title='bbox 1949 605 1998 651; x_wconf 90' lang='lat' dir='ltr'><strong>in</strong></span> <span class='ocrx_word' id='word_1_26' title='bbox 2025 605 2126 668; x_wconf 88' lang='lat' dir='ltr'><strong>ejus</strong></span> <span class='ocrx_word' id='word_1_27' title='bbox 2145 604 2398 653; x_wconf 78' lang='lat' dir='ltr'><strong>dilectione</strong></span> <span class='ocrx_word' id='word_1_28' title='bbox 2424 616 2581 654; x_wconf 86' lang='lat' dir='ltr'><strong>tenea-</strong></span> 
     </span>
     <span class='ocr_line' id='line_1_4' title="bbox 472 685 2581 752; baseline 0.001 -21"><span class='ocrx_word' id='word_1_29' title='bbox 472 702 592 731; x_wconf 89' lang='lat' dir='ltr'><strong>mur.</strong></span> <span class='ocrx_word' id='word_1_30' title='bbox 618 688 750 731; x_wconf 89' lang='lat' dir='ltr'><strong>Hanc</strong></span> <span class='ocrx_word' id='word_1_31' title='bbox 775 685 937 749; x_wconf 90' lang='lat' dir='ltr'><strong>utique</strong></span> <span class='ocrx_word' id='word_1_32' title='bbox 961 685 1133 732; x_wconf 79' lang='lat' dir='ltr'><strong>Christi</strong></span> <span class='ocrx_word' id='word_1_33' title='bbox 1144 685 1847 749; x_wconf 61' lang='lat' dir='ltr'><strong>caritatemsupereminentem</strong></span> <span class='ocrx_word' id='word_1_34' title='bbox 1877 685 2080 733; x_wconf 79' lang='lat' dir='ltr'><strong>scientiae</strong></span> <span class='ocrx_word' id='word_1_35' title='bbox 2100 692 2280 733; x_wconf 33' lang='lat' dir='ltr'><strong>*nostrae</strong></span> <span class='ocrx_word' id='word_1_36' title='bbox 2304 686 2418 733; x_wconf 87' lang='lat' dir='ltr'><strong>dicit</strong></span> <span class='ocrx_word' id='word_1_37' title='bbox 2438 705 2449 734; x_wconf 72' lang='lat' dir='ltr'><em>z</em></span> <span class='ocrx_word' id='word_1_38' title='bbox 2470 688 2581 752; x_wconf 87' lang='lat' dir='ltr'><strong>quia</strong></span> 
     </span>
     <span class='ocr_line' id='line_1_5' title="bbox 468 764 2585 833; baseline 0.002 -23"><span class='ocrx_word' id='word_1_39' title='bbox 468 764 607 827; x_wconf 90' lang='lat' dir='ltr'><strong>longe</strong></span> <span class='ocrx_word' id='word_1_40' title='bbox 648 764 918 827; x_wconf 63' lang='lat' dir='ltr'><strong>major‘est,</strong></span> <span class='ocrx_word' id='word_1_41' title='bbox 957 778 1103 829; x_wconf 88' lang='lat' dir='ltr'><strong>quam</strong></span> <span class='ocrx_word' id='word_1_42' title='bbox 1134 780 1225 812; x_wconf 88' lang='lat' dir='ltr'><strong>nos</strong></span> <span class='ocrx_word' id='word_1_43' title='bbox 1245 764 2025 830; x_wconf 84' lang='lat' dir='ltr'><strong>comprehendereintelligentia,</strong></span> <span class='ocrx_word' id='word_1_44' title='bbox 2053 766 2128 813; x_wconf 90' lang='lat' dir='ltr'><strong>vel</strong></span> <span class='ocrx_word' id='word_1_45' title='bbox 2156 767 2454 832; x_wconf 76' lang='lat' dir='ltr'><strong>experientia</strong></span> <span class='ocrx_word' id='word_1_46' title='bbox 2469 784 2585 833; x_wconf 58' lang='lat' dir='ltr'><strong>pos*-</strong></span> 
     </span>
     <span class='ocr_line' id='line_1_6' title="bbox 466 843 2585 905; baseline 0.001 -16"><span class='ocrx_word' id='word_1_47' title='bbox 466 845 627 890; x_wconf 62' lang='lat' dir='ltr'><strong>simus</strong></span> <span class='ocrx_word' id='word_1_48' title='bbox 657 846 996 901; x_wconf 81' lang='lat' dir='ltr'><strong>Quumautem</strong></span> <span class='ocrx_word' id='word_1_49' title='bbox 1021 843 1146 891; x_wconf 88' lang='lat' dir='ltr'><strong>hanc</strong></span> <span class='ocrx_word' id='word_1_50' title='bbox 1169 844 1341 891; x_wconf 79' lang='lat' dir='ltr'><strong>Christi</strong></span> <span class='ocrx_word' id='word_1_51' title='bbox 1363 845 1605 891; x_wconf 87' lang='lat' dir='ltr'><strong>caritatem</strong></span> <span class='ocrx_word' id='word_1_52' title='bbox 1636 844 2010 905; x_wconf 84' lang='lat' dir='ltr'><strong>considerantes,</strong></span> <span class='ocrx_word' id='word_1_53' title='bbox 2039 862 2144 892; x_wconf 88' lang='lat' dir='ltr'><strong>eam</strong></span> <span class='ocrx_word' id='word_1_54' title='bbox 2166 856 2340 894; x_wconf 84' lang='lat' dir='ltr'><strong>nostrae</strong></span> <span class='ocrx_word' id='word_1_55' title='bbox 2365 847 2585 895; x_wconf 87' lang='lat' dir='ltr'><strong>confere-.</strong></span> 
     </span>
     <span class='ocr_line' id='line_1_7' title="bbox 467 924 2587 990; baseline 0.003 -20"><span class='ocrx_word' id='word_1_56' title='bbox 467 940 572 971; x_wconf 91' lang='lat' dir='ltr'><strong>mus</strong></span> <span class='ocrx_word' id='word_1_57' title='bbox 585 924 1017 989; x_wconf 80' lang='lat' dir='ltr'><strong>incomparabiliter</strong></span> <span class='ocrx_word' id='word_1_58' title='bbox 1033 926 1326 990; x_wconf 87' lang='lat' dir='ltr'><strong>superiorem</strong></span> <span class='ocrx_word' id='word_1_59' title='bbox 1344 943 1354 972; x_wconf 91' lang='lat'>:</span> <span class='ocrx_word' id='word_1_60' title='bbox 1376 935 1583 984; x_wconf 80' lang='lat' dir='ltr'><strong>tunc‚·ut</strong></span> <span class='ocrx_word' id='word_1_61' title='bbox 1603 925 1782 972; x_wconf 86' lang='lat' dir='ltr'><strong>dictum</strong></span> <span class='ocrx_word' id='word_1_62' title='bbox 1797 936 1889 984; x_wconf 86' lang='lat' dir='ltr'><strong>est,</strong></span> <span class='ocrx_word' id='word_1_63' title='bbox 1908 925 2185 974; x_wconf 87' lang='lat' dir='ltr'><strong>humiliores</strong></span> <span class='ocrx_word' id='word_1_64' title='bbox 2200 943 2256 974; x_wconf 89' lang='lat' dir='ltr'><strong>ac</strong></span> <span class='ocrx_word' id='word_1_65' title='bbox 2273 927 2587 976; x_wconf 81' lang='lat' dir='ltr'><strong>ferventiores</strong></span> 
     </span>
     <span class='ocr_line' id='line_1_8' title="bbox 466 1004 2212 1071; baseline 0.001 -21"><span class='ocrx_word' id='word_1_66' title='bbox 466 1004 617 1051; x_wconf 81' lang='lat' dir='ltr'><strong>effecti</strong></span> <span class='ocrx_word' id='word_1_67' title='bbox 631 1040 643 1063; x_wconf 95' lang='lat'><strong>,</strong></span> <span class='ocrx_word' id='word_1_68' title='bbox 672 1004 1128 1069; x_wconf 82' lang='lat' dir='ltr'><strong>implebimuromni</strong></span> <span class='ocrx_word' id='word_1_69' title='bbox 1142 1005 1436 1071; x_wconf 85' lang='lat' dir='ltr'><strong>perfectione</strong></span> <span class='ocrx_word' id='word_1_70' title='bbox 1453 1006 1680 1052; x_wconf 87' lang='lat' dir='ltr'><strong>virtutum</strong></span> <span class='ocrx_word' id='word_1_71' title='bbox 1701 1021 1729 1052; x_wconf 90' lang='lat' dir='ltr'><strong>a</strong></span> <span class='ocrx_word' id='word_1_72' title='bbox 1744 1008 1846 1052; x_wconf 91' lang='lat' dir='ltr'><strong>Deo</strong></span> <span class='ocrx_word' id='word_1_73' title='bbox 1867 1006 2004 1054; x_wconf 91' lang='lat' dir='ltr'><strong>nobis</strong></span> <span class='ocrx_word' id='word_1_74' title='bbox 2025 1006 2212 1054; x_wconf 85' lang='lat' dir='ltr'><strong>collata.</strong></span> 
     </span>
    </p>
   </div>
   <div class='ocr_carea' id='block_1_3' title="bbox 1199 1126 1840 1179">
    <p class='ocr_par' dir='ltr' id='par_1_3' title="bbox 1199 1126 1840 1179">
     <span class='ocr_line' id='line_1_9' title="bbox 1199 1126 1840 1179; baseline -0.002 0"><span class='ocrx_word' id='word_1_75' title='bbox 1199 1148 1437 1179; x_wconf 75' lang='lat' dir='ltr'><strong>PROBLEMA</strong></span> <span class='ocrx_word' id='word_1_76' title='bbox 1470 1147 1694 1178; x_wconf 77' lang='lat' dir='ltr'><strong>HEL01ssAE</strong></span> <span class='ocrx_word' id='word_1_77' title='bbox 1729 1126 1840 1178; x_wconf 86' lang='lat' dir='ltr'><strong>xxx.</strong></span> 
     </span>
    </p>
   </div>
   <div class='ocr_carea' id='block_1_4' title="bbox 464 1242 2587 1389">
    <p class='ocr_par' dir='ltr' id='par_1_4' title="bbox 464 1242 2587 1389">
     <span class='ocr_line' id='line_1_10' title="bbox 527 1242 2587 1309; baseline 0.002 -20"><span class='ocrx_word' id='word_1_78' title='bbox 527 1243 655 1301; x_wconf 76' lang='lat' dir='ltr'><strong>Quid</strong></span> <span class='ocrx_word' id='word_1_79' title='bbox 678 1252 748 1290; x_wconf 88' lang='lat' dir='ltr'><strong>est</strong></span> <span class='ocrx_word' id='word_1_80' title='bbox 763 1242 942 1308; x_wconf 65' lang='lat' dir='ltr'><strong>illudjn</strong></span> <span class='ocrx_word' id='word_1_81' title='bbox 968 1244 1125 1308; x_wconf 85' lang='lat' dir='ltr'><strong>primo</strong></span> <span class='ocrx_word' id='word_1_82' title='bbox 1144 1243 1265 1290; x_wconf 93' lang='lat' dir='ltr'><strong>libro</strong></span> <span class='ocrx_word' id='word_1_83' title='bbox 1284 1247 1460 1309; x_wconf 78' lang='lat' dir='ltr'><strong>Regum</strong></span> <span class='ocrx_word' id='word_1_84' title='bbox 1478 1280 1490 1303; x_wconf 89' lang='lat'><strong>,</strong></span> <span class='ocrx_word' id='word_1_85' title='bbox 1518 1244 1650 1307; x_wconf 92' lang='lat' dir='ltr'><strong>quod</strong></span> <span class='ocrx_word' id='word_1_86' title='bbox 1678 1244 1739 1291; x_wconf 92' lang='lat' dir='ltr'><strong>de</strong></span> <span class='ocrx_word' id='word_1_87' title='bbox 1771 1244 2014 1292; x_wconf 89' lang='lat' dir='ltr'><strong>Helchana</strong></span> <span class='ocrx_word' id='word_1_88' title='bbox 2044 1245 2239 1292; x_wconf 89' lang='lat' dir='ltr'><strong>dicitur¹</strong></span> <span class='ocrx_word' id='word_1_89' title='bbox 2261 1263 2270 1292; x_wconf 95' lang='lat'><strong>:</strong></span> <span class='ocrx_word' id='word_1_90' title='bbox 2294 1264 2317 1291; x_wconf 77' lang='grc' dir='ltr'><strong><em>κ</em></strong></span> <span class='ocrx_word' id='word_1_91' title='bbox 2342 1248 2401 1293; x_wconf 88' lang='lat' dir='ltr'><strong>Et</strong></span> <span class='ocrx_word' id='word_1_92' title='bbox 2416 1261 2587 1293; x_wconf 74' lang='lat' dir='ltr'><strong>ascen-s</strong></span> 
     </span>
     <span class='ocr_line' id='line_1_11' title="bbox 464 1321 2581 1389; baseline 0.001 -20"><span class='ocrx_word' id='word_1_93' title='bbox 464 1321 611 1370; x_wconf 88' lang='lat' dir='ltr'><strong>debat</strong></span> <span class='ocrx_word' id='word_1_94' title='bbox 634 1324 707 1370; x_wconf 89' lang='lat' dir='ltr'><strong>vir</strong></span> <span class='ocrx_word' id='word_1_95' title='bbox 724 1323 800 1370; x_wconf 88' lang='lat' dir='ltr'><strong>ille</strong></span> <span class='ocrx_word' id='word_1_96' title='bbox 812 1323 998 1371; x_wconf 66' lang='lat' dir='ltr'><strong>&#39;statutis</strong></span> <span class='ocrx_word' id='word_1_97' title='bbox 1022 1323 1190 1371; x_wconf 87' lang='lat' dir='ltr'><strong>diebus</strong></span> <span class='ocrx_word' id='word_1_98' title='bbox 1204 1360 1216 1380; x_wconf 90' lang='lat'><strong>‚</strong></span> <span class='ocrx_word' id='word_1_99' title='bbox 1239 1333 1294 1371; x_wconf 91' lang='lat' dir='ltr'><strong>ut</strong></span> <span class='ocrx_word' id='word_1_100' title='bbox 1308 1323 1560 1372; x_wconf 83' lang='lat' dir='ltr'><strong>adoraret?</strong></span> <span class='ocrx_word' id='word_1_101' title='bbox 1580 1343 1602 1367; x_wconf 85' lang='grc'><em>»</em></span> <span class='ocrx_word' id='word_1_102' title='bbox 1622 1324 1742 1384; x_wconf 90' lang='lat' dir='ltr'><strong>Qui,</strong></span> <span class='ocrx_word' id='word_1_103' title='bbox 1773 1324 1848 1373; x_wconf 87' lang='lat' dir='ltr'><strong>vel</strong></span> <span class='ocrx_word' id='word_1_104' title='bbox 1867 1341 1894 1371; x_wconf 90' lang='lat' dir='ltr'><strong>a</strong></span> <span class='ocrx_word' id='word_1_105' title='bbox 1911 1338 2022 1389; x_wconf 75' lang='lat' dir='ltr'><strong>quov</strong></span> <span class='ocrx_word' id='word_1_106' title='bbox 2038 1326 2198 1373; x_wconf 86' lang='lat' dir='ltr'><strong>statuti</strong></span> <span class='ocrx_word' id='word_1_107' title='bbox 2225 1334 2338 1373; x_wconf 90' lang='lat' dir='ltr'><strong>sunt</strong></span> <span class='ocrx_word' id='word_1_108' title='bbox 2359 1325 2460 1373; x_wconf 89' lang='lat' dir='ltr'><strong>dies</strong></span> <span class='ocrx_word' id='word_1_109' title='bbox 2475 1324 2581 1372; x_wconf 85' lang='lat' dir='ltr'><strong>isti?</strong></span> 
     </span>
    </p>
   </div>
   <div class='ocr_carea' id='block_1_5' title="bbox 1289 1446 1751 1495">
    <p class='ocr_par' dir='ltr' id='par_1_5' title="bbox 1289 1446 1751 1495">
     <span class='ocr_line' id='line_1_12' title="bbox 1289 1446 1751 1495; baseline -0.002 -1"><span class='ocrx_word' id='word_1_110' title='bbox 1289 1447 1469 1494; x_wconf 76' lang='lat' dir='ltr'><strong>Solatio</strong></span> <span class='ocrx_word' id='word_1_111' title='bbox 1492 1451 1538 1494; x_wconf 87' lang='lat' dir='ltr'><em>A</em></span> <span class='ocrx_word' id='word_1_112' title='bbox 1539 1446 1751 1495; x_wconf 78' lang='lat' dir='ltr'><strong>baelardi.</strong></span> 
     </span>
    </p>
   </div>
   <div class='ocr_carea' id='block_1_6' title="bbox 458 1557 2585 2264">
    <p class='ocr_par' dir='ltr' id='par_1_6' title="bbox 458 1557 2585 2264">
     <span class='ocr_line' id='line_1_13' title="bbox 527 1557 2584 1623; baseline -0 -17"><span class='ocrx_word' id='word_1_113' title='bbox 527 1559 745 1606; x_wconf 85' lang='lat' dir='ltr'><strong>Rabanus</strong></span> <span class='ocrx_word' id='word_1_114' title='bbox 779 1561 968 1605; x_wconf 87' lang='lat' dir='ltr'><strong>Maurus</strong></span> <span class='ocrx_word' id='word_1_115' title='bbox 998 1561 1048 1605; x_wconf 79' lang='lat' dir='ltr'><strong>in</strong></span> <span class='ocrx_word' id='word_1_116' title='bbox 1086 1557 1216 1604; x_wconf 73' lang='lat' dir='ltr'><strong>libris</strong></span> <span class='ocrx_word' id='word_1_117' title='bbox 1248 1561 1449 1623; x_wconf 81' lang='lat' dir='ltr'><strong>Regum,</strong></span> <span class='ocrx_word' id='word_1_118' title='bbox 1482 1574 1539 1605; x_wconf 90' lang='lat' dir='ltr'><strong>ex</strong></span> <span class='ocrx_word' id='word_1_119' title='bbox 1566 1558 1799 1605; x_wconf 88' lang='lat' dir='ltr'><strong>sententia</strong></span> <span class='ocrx_word' id='word_1_120' title='bbox 1829 1558 2077 1621; x_wconf 88' lang='lat' dir='ltr'><strong>cujusdam</strong></span> <span class='ocrx_word' id='word_1_121' title='bbox 2106 1557 2308 1617; x_wconf 81' lang='lat' dir='ltr'><strong>Hebraei,</strong></span> <span class='ocrx_word' id='word_1_122' title='bbox 2345 1574 2503 1622; x_wconf 85' lang='lat' dir='ltr'><strong>quem</strong></span> <span class='ocrx_word' id='word_1_123' title='bbox 2533 1558 2584 1605; x_wconf 86' lang='lat' dir='ltr'><strong>in</strong></span> 
     </span>
     <span class='ocr_line' id='line_1_14' title="bbox 460 1637 2581 1703; baseline -0.001 -19"><span class='ocrx_word' id='word_1_124' title='bbox 460 1638 695 1703; x_wconf 87' lang='lat' dir='ltr'><strong>plerisque</strong></span> <span class='ocrx_word' id='word_1_125' title='bbox 726 1640 936 1703; x_wconf 88' lang='lat' dir='ltr'><strong>sequitur</strong></span> <span class='ocrx_word' id='word_1_126' title='bbox 959 1638 1224 1686; x_wconf 89' lang='lat' dir='ltr'><strong>secundum</strong></span> <span class='ocrx_word' id='word_1_127' title='bbox 1241 1637 1476 1684; x_wconf 54' lang='lat' dir='ltr'><strong>&gt;litteram²</strong></span> <span class='ocrx_word' id='word_1_128' title='bbox 1499 1656 1508 1683; x_wconf 92' lang='lat'>:</span> <span class='ocrx_word' id='word_1_129' title='bbox 1545 1657 1568 1681; x_wconf 88' lang='lat'>«</span> <span class='ocrx_word' id='word_1_130' title='bbox 1591 1637 1736 1696; x_wconf 91' lang='lat' dir='ltr'><strong>Quod</strong></span> <span class='ocrx_word' id='word_1_131' title='bbox 1758 1647 1917 1684; x_wconf 88' lang='lat' dir='ltr'><strong>autem</strong></span> <span class='ocrx_word' id='word_1_132' title='bbox 1939 1637 2077 1696; x_wconf 91' lang='lat' dir='ltr'><strong>dicit,</strong></span> <span class='ocrx_word' id='word_1_133' title='bbox 2101 1657 2125 1683; x_wconf 93' lang='lat'>«</span> <span class='ocrx_word' id='word_1_134' title='bbox 2145 1639 2328 1685; x_wconf 88' lang='lat' dir='ltr'><strong>statutis</strong></span> <span class='ocrx_word' id='word_1_135' title='bbox 2349 1638 2536 1698; x_wconf 84' lang='lat' dir='ltr'><strong>diebus,</strong></span> <span class='ocrx_word' id='word_1_136' title='bbox 2557 1657 2581 1682; x_wconf 89' lang='lat'>»</span> 
     </span>
     <span class='ocr_line' id='line_1_15' title="bbox 460 1717 2585 1779; baseline 0 -14"><span class='ocrx_word' id='word_1_137' title='bbox 460 1719 553 1766; x_wconf 89' lang='lat' dir='ltr'><strong>hoc</strong></span> <span class='ocrx_word' id='word_1_138' title='bbox 594 1730 687 1779; x_wconf 89' lang='lat' dir='ltr'><strong>est,</strong></span> <span class='ocrx_word' id='word_1_139' title='bbox 717 1720 864 1767; x_wconf 86' lang='lat' dir='ltr'><strong>tribus</strong></span> <span class='ocrx_word' id='word_1_140' title='bbox 889 1718 1237 1775; x_wconf 83' lang='lat' dir='ltr'><strong>festivitatibus,</strong></span> <span class='ocrx_word' id='word_1_141' title='bbox 1267 1717 1446 1764; x_wconf 83' lang='lat' dir='ltr'><strong>Pascha</strong></span> <span class='ocrx_word' id='word_1_142' title='bbox 1476 1717 1720 1777; x_wconf 90' lang='lat' dir='ltr'><strong>videlicet,</strong></span> <span class='ocrx_word' id='word_1_143' title='bbox 1754 1721 2057 1777; x_wconf 87' lang='lat' dir='ltr'><strong>Pentecoste,</strong></span> <span class='ocrx_word' id='word_1_144' title='bbox 2095 1728 2142 1765; x_wconf 89' lang='lat' dir='ltr'><strong>et</strong></span> <span class='ocrx_word' id='word_1_145' title='bbox 2186 1718 2485 1765; x_wconf 88' lang='lat' dir='ltr'><strong>solemnitate</strong></span> <span class='ocrx_word' id='word_1_146' title='bbox 2514 1728 2585 1765; x_wconf 90' lang='lat' dir='ltr'><strong>ta-</strong></span> 
     </span>
     <span class='ocr_line' id='line_1_16' title="bbox 458 1797 2585 1863; baseline 0 -18"><span class='ocrx_word' id='word_1_147' title='bbox 458 1798 841 1847; x_wconf 85' lang='lat' dir='ltr'><strong>bernaculorum.</strong></span> <span class='ocrx_word' id='word_1_148' title='bbox 875 1799 1012 1846; x_wconf 87' lang='lat' dir='ltr'><strong>Unde</strong></span> <span class='ocrx_word' id='word_1_149' title='bbox 1028 1799 1263 1845; x_wconf 89' lang='lat' dir='ltr'><strong>Dominus</strong></span> <span class='ocrx_word' id='word_1_150' title='bbox 1290 1799 1339 1844; x_wconf 90' lang='lat' dir='ltr'><strong>in</strong></span> <span class='ocrx_word' id='word_1_151' title='bbox 1363 1797 1802 1863; x_wconf 73' lang='lat' dir='ltr'><strong>Exodopraecepit,</strong></span> <span class='ocrx_word' id='word_1_152' title='bbox 1822 1797 2041 1845; x_wconf 73' lang='lat' dir='ltr'><strong>dicens³z</strong></span> <span class='ocrx_word' id='word_1_153' title='bbox 2067 1818 2090 1843; x_wconf 93' lang='lat'><strong><em>«</em></strong></span> <span class='ocrx_word' id='word_1_154' title='bbox 2111 1797 2278 1846; x_wconf 89' lang='lat' dir='ltr'><strong>Tribus</strong></span> <span class='ocrx_word' id='word_1_155' title='bbox 2306 1797 2486 1845; x_wconf 87' lang='lat' dir='ltr'><strong>vicibus</strong></span> <span class='ocrx_word' id='word_1_156' title='bbox 2498 1813 2585 1862; x_wconf 89' lang='lat' dir='ltr'><strong>per</strong></span> 
     </span>
     <span class='ocr_line' id='line_1_17' title="bbox 460 1875 2582 1943; baseline 0 -21"><span class='ocrx_word' id='word_1_157' title='bbox 460 1879 713 1943; x_wconf 84' lang='lat' dir='ltr'><strong>«singulos</strong></span> <span class='ocrx_word' id='word_1_158' title='bbox 741 1895 893 1926; x_wconf 88' lang='lat' dir='ltr'><strong>annos</strong></span> <span class='ocrx_word' id='word_1_159' title='bbox 918 1878 1035 1925; x_wconf 88' lang='lat' dir='ltr'><strong>mihi</strong></span> <span class='ocrx_word' id='word_1_160' title='bbox 1062 1878 1177 1925; x_wconf 89' lang='lat' dir='ltr'><strong>festa</strong></span> <span class='ocrx_word' id='word_1_161' title='bbox 1202 1875 1515 1923; x_wconf 85' lang='lat' dir='ltr'><strong>celebrabitis.</strong></span> <span class='ocrx_word' id='word_1_162' title='bbox 1546 1895 1570 1919; x_wconf 89' lang='lat'>»</span> <span class='ocrx_word' id='word_1_163' title='bbox 1598 1879 1656 1923; x_wconf 90' lang='lat' dir='ltr'><strong>Et</strong></span> <span class='ocrx_word' id='word_1_164' title='bbox 1677 1877 1792 1924; x_wconf 89' lang='lat' dir='ltr'><strong>item</strong></span> <span class='ocrx_word' id='word_1_165' title='bbox 1809 1877 1824 1900; x_wconf 83' lang='lat'><strong>⁴</strong></span> <span class='ocrx_word' id='word_1_166' title='bbox 1849 1895 1858 1922; x_wconf 92' lang='lat'>:</span> <span class='ocrx_word' id='word_1_167' title='bbox 1892 1897 1915 1922; x_wconf 91' lang='lat'>«</span> <span class='ocrx_word' id='word_1_168' title='bbox 1947 1880 2051 1935; x_wconf 89' lang='lat' dir='ltr'><strong>Ter,</strong></span> <span class='ocrx_word' id='word_1_169' title='bbox 2078 1896 2102 1920; x_wconf 89' lang='lat'>»</span> <span class='ocrx_word' id='word_1_170' title='bbox 2123 1878 2298 1941; x_wconf 91' lang='lat' dir='ltr'><strong>inquit,</strong></span> <span class='ocrx_word' id='word_1_171' title='bbox 2323 1897 2346 1922; x_wconf 80' lang='grc' dir='ltr'>α</span> <span class='ocrx_word' id='word_1_172' title='bbox 2378 1878 2427 1924; x_wconf 92' lang='lat' dir='ltr'><strong>in</strong></span> <span class='ocrx_word' id='word_1_173' title='bbox 2452 1893 2582 1923; x_wconf 88' lang='lat' dir='ltr'><strong>anno</strong></span> 
     </span>
     <span class='ocr_line' id='line_1_18' title="bbox 467 1957 2582 2024; baseline -0 -21"><span class='ocrx_word' id='word_1_174' title='bbox 467 1959 757 2024; x_wconf 84' lang='lat' dir='ltr'><strong>«apparebit</strong></span> <span class='ocrx_word' id='word_1_175' title='bbox 789 1974 934 2005; x_wconf 92' lang='lat' dir='ltr'><strong>omne</strong></span> <span class='ocrx_word' id='word_1_176' title='bbox 959 1957 1276 2004; x_wconf 89' lang='lat' dir='ltr'><strong>masculinum</strong></span> <span class='ocrx_word' id='word_1_177' title='bbox 1310 1966 1448 2003; x_wconf 90' lang='lat' dir='ltr'><strong>tuum</strong></span> <span class='ocrx_word' id='word_1_178' title='bbox 1484 1971 1648 2003; x_wconf 88' lang='lat' dir='ltr'><strong>coram</strong></span> <span class='ocrx_word' id='word_1_179' title='bbox 1683 1957 1894 2003; x_wconf 91' lang='lat' dir='ltr'><strong>Domino</strong></span> <span class='ocrx_word' id='word_1_180' title='bbox 1924 1959 2027 2004; x_wconf 92' lang='lat' dir='ltr'><strong>Deo</strong></span> <span class='ocrx_word' id='word_1_181' title='bbox 2060 1967 2166 2017; x_wconf 90' lang='lat' dir='ltr'><strong>tuo,</strong></span> <span class='ocrx_word' id='word_1_182' title='bbox 2196 1958 2244 2004; x_wconf 91' lang='lat' dir='ltr'><strong>in</strong></span> <span class='ocrx_word' id='word_1_183' title='bbox 2278 1957 2410 2017; x_wconf 91' lang='lat' dir='ltr'><strong>loco,</strong></span> <span class='ocrx_word' id='word_1_184' title='bbox 2439 1973 2582 2021; x_wconf 87' lang='lat' dir='ltr'><strong>quem</strong></span> 
     </span>
     <span class='ocr_line' id='line_1_19' title="bbox 469 2036 2580 2104; baseline 0 -22"><span class='ocrx_word' id='word_1_185' title='bbox 469 2058 490 2082; x_wconf 90' lang='lat'>«</span> <span class='ocrx_word' id='word_1_186' title='bbox 512 2039 703 2104; x_wconf 84' lang='lat' dir='ltr'><strong>elegerit</strong></span> <span class='ocrx_word' id='word_1_187' title='bbox 717 2039 950 2086; x_wconf 91' lang='lat' dir='ltr'><strong>Dominus</strong></span> <span class='ocrx_word' id='word_1_188' title='bbox 960 2041 1091 2085; x_wconf 89' lang='lat' dir='ltr'><strong>Deus</strong></span> <span class='ocrx_word' id='word_1_189' title='bbox 1110 2047 1236 2084; x_wconf 89' lang='lat' dir='ltr'><strong>tuus.</strong></span> <span class='ocrx_word' id='word_1_190' title='bbox 1255 2039 1413 2100; x_wconf 86' lang='lat' dir='ltr'><strong>»Ergo</strong></span> <span class='ocrx_word' id='word_1_191' title='bbox 1434 2036 1484 2082; x_wconf 88' lang='lat' dir='ltr'><strong>in</strong></span> <span class='ocrx_word' id='word_1_192' title='bbox 1505 2036 1602 2082; x_wconf 92' lang='lat' dir='ltr'><strong>Silo</strong></span> <span class='ocrx_word' id='word_1_193' title='bbox 1619 2053 1771 2100; x_wconf 85' lang='lat' dir='ltr'><strong>quum</strong></span> <span class='ocrx_word' id='word_1_194' title='bbox 1782 2047 1903 2083; x_wconf 91' lang='lat' dir='ltr'><strong>esset</strong></span> <span class='ocrx_word' id='word_1_195' title='bbox 1921 2053 1980 2084; x_wconf 91' lang='lat' dir='ltr'><strong>eo</strong></span> <span class='ocrx_word' id='word_1_196' title='bbox 1994 2046 2213 2102; x_wconf 88' lang='lat' dir='ltr'><strong>tempore</strong></span> <span class='ocrx_word' id='word_1_197' title='bbox 2238 2054 2345 2085; x_wconf 88' lang='lat' dir='ltr'><strong>arca</strong></span> <span class='ocrx_word' id='word_1_198' title='bbox 2360 2038 2580 2095; x_wconf 91' lang='lat' dir='ltr'><strong>Domini,</strong></span> 
     </span>
     <span class='ocr_line' id='line_1_20' title="bbox 463 2116 2576 2182; baseline 0 -18"><span class='ocrx_word' id='word_1_199' title='bbox 463 2118 526 2165; x_wconf 88' lang='lat' dir='ltr'><strong>ibi</strong></span> <span class='ocrx_word' id='word_1_200' title='bbox 541 2119 619 2166; x_wconf 92' lang='lat' dir='ltr'><strong>hic</strong></span> <span class='ocrx_word' id='word_1_201' title='bbox 645 2118 907 2177; x_wconf 90' lang='lat' dir='ltr'><strong>Helchana,</strong></span> <span class='ocrx_word' id='word_1_202' title='bbox 931 2134 1083 2182; x_wconf 91' lang='lat' dir='ltr'><strong>quum</strong></span> <span class='ocrx_word' id='word_1_203' title='bbox 1107 2127 1228 2164; x_wconf 87' lang='lat' dir='ltr'><strong>esset</strong></span> <span class='ocrx_word' id='word_1_204' title='bbox 1245 2117 1345 2181; x_wconf 89' lang='lat' dir='ltr'><strong>ipse</strong></span> <span class='ocrx_word' id='word_1_205' title='bbox 1372 2116 1557 2174; x_wconf 83' lang='lat' dir='ltr'><strong>Levita,</strong></span> <span class='ocrx_word' id='word_1_206' title='bbox 1581 2127 1691 2181; x_wconf 91' lang='lat' dir='ltr'><strong>post</strong></span> <span class='ocrx_word' id='word_1_207' title='bbox 1712 2116 1894 2163; x_wconf 87' lang='lat' dir='ltr'><strong>oblatas</strong></span> <span class='ocrx_word' id='word_1_208' title='bbox 1923 2116 2160 2177; x_wconf 86' lang='lat' dir='ltr'><strong>victimas,</strong></span> <span class='ocrx_word' id='word_1_209' title='bbox 2190 2134 2300 2165; x_wconf 85' lang='lat' dir='ltr'><strong>cum</strong></span> <span class='ocrx_word' id='word_1_210' title='bbox 2323 2117 2576 2175; x_wconf 84' lang='lat' dir='ltr'><strong>uxoribus,</strong></span> 
     </span>
     <span class='ocr_line' id='line_1_21' title="bbox 462 2197 1596 2264; baseline -0.004 -17"><span class='ocrx_word' id='word_1_211' title='bbox 462 2210 509 2247; x_wconf 89' lang='lat' dir='ltr'><strong>et</strong></span> <span class='ocrx_word' id='word_1_212' title='bbox 527 2200 656 2260; x_wconf 84' lang='lat' dir='ltr'><strong>filiis,</strong></span> <span class='ocrx_word' id='word_1_213' title='bbox 688 2210 829 2264; x_wconf 86' lang='lat' dir='ltr'><strong>atque</strong></span> <span class='ocrx_word' id='word_1_214' title='bbox 847 2199 1033 2246; x_wconf 89' lang='lat' dir='ltr'><strong>filiabus</strong></span> <span class='ocrx_word' id='word_1_215' title='bbox 1059 2199 1234 2264; x_wconf 88' lang='lat' dir='ltr'><strong>pariter</strong></span> <span class='ocrx_word' id='word_1_216' title='bbox 1251 2197 1546 2245; x_wconf 88' lang='lat' dir='ltr'><strong>vescebatur.</strong></span> <span class='ocrx_word' id='word_1_217' title='bbox 1573 2216 1596 2241; x_wconf 87' lang='lat'>»</span> 
     </span>
    </p>
   </div>
   <div class='ocr_carea' id='block_1_7' title="bbox 1180 2338 1848 2370">
    <p class='ocr_par' dir='ltr' id='par_1_7' title="bbox 1180 2338 1848 2370">
     <span class='ocr_line' id='line_1_22' title="bbox 1180 2338 1848 2370; baseline -0.001 0"><span class='ocrx_word' id='word_1_218' title='bbox 1180 2339 1423 2370; x_wconf 76' lang='lat' dir='ltr'>PROBLEMA</span> <span class='ocrx_word' id='word_1_219' title='bbox 1457 2338 1680 2370; x_wconf 80' lang='lat' dir='ltr'><strong>HELOISSAE</strong></span> <span class='ocrx_word' id='word_1_220' title='bbox 1716 2339 1848 2369; x_wconf 82' lang='lat' dir='ltr'>XXXI.</span> 
     </span>
    </p>
   </div>
   <div class='ocr_carea' id='block_1_8' title="bbox 463 2434 2577 2745">
    <p class='ocr_par' dir='ltr' id='par_1_8' title="bbox 463 2434 2577 2745">
     <span class='ocr_line' id='line_1_23' title="bbox 528 2434 2574 2502; baseline -0.003 -17"><span class='ocrx_word' id='word_1_221' title='bbox 528 2437 653 2496; x_wconf 88' lang='lat' dir='ltr'><strong>Quid</strong></span> <span class='ocrx_word' id='word_1_222' title='bbox 671 2447 741 2484; x_wconf 90' lang='lat' dir='ltr'><strong>est</strong></span> <span class='ocrx_word' id='word_1_223' title='bbox 762 2436 1095 2502; x_wconf 88' lang='lat' dir='ltr'><strong>postmodum,</strong></span> <span class='ocrx_word' id='word_1_224' title='bbox 1123 2435 1256 2500; x_wconf 91' lang='lat' dir='ltr'><strong>quod</strong></span> <span class='ocrx_word' id='word_1_225' title='bbox 1290 2439 1422 2484; x_wconf 86' lang='lat' dir='ltr'><strong>Anna</strong></span> <span class='ocrx_word' id='word_1_226' title='bbox 1455 2434 1798 2501; x_wconf 81' lang='lat' dir='ltr'><strong>responditEli</strong></span> <span class='ocrx_word' id='word_1_227' title='bbox 1814 2435 2106 2483; x_wconf 84' lang='lat' dir='ltr'><strong>sacerdoti⁵:</strong></span> <span class='ocrx_word' id='word_1_228' title='bbox 2138 2454 2162 2480; x_wconf 89' lang='lat'>«</span> <span class='ocrx_word' id='word_1_229' title='bbox 2193 2438 2530 2499; x_wconf 86' lang='lat' dir='ltr'><strong>Nequaquam,</strong></span> <span class='ocrx_word' id='word_1_230' title='bbox 2551 2454 2574 2479; x_wconf 85' lang='lat'>»</span> 
     </span>
     <span class='ocr_line' id='line_1_24' title="bbox 463 2516 2577 2584; baseline -0.002 -17"><span class='ocrx_word' id='word_1_231' title='bbox 463 2520 639 2584; x_wconf 89' lang='lat' dir='ltr'><strong>inquit,</strong></span> <span class='ocrx_word' id='word_1_232' title='bbox 671 2539 693 2563; x_wconf 91' lang='lat'>«</span> <span class='ocrx_word' id='word_1_233' title='bbox 718 2518 922 2565; x_wconf 90' lang='lat' dir='ltr'><strong>Domine</strong></span> <span class='ocrx_word' id='word_1_234' title='bbox 943 2518 1036 2564; x_wconf 88' lang='lat' dir='ltr'><strong>mi:</strong></span> <span class='ocrx_word' id='word_1_235' title='bbox 1061 2533 1174 2564; x_wconf 91' lang='lat' dir='ltr'><strong>nam</strong></span> <span class='ocrx_word' id='word_1_236' title='bbox 1199 2517 1369 2565; x_wconf 90' lang='lat' dir='ltr'><strong>mulier</strong></span> <span class='ocrx_word' id='word_1_237' title='bbox 1393 2516 1553 2564; x_wconf 85' lang='lat' dir='ltr'><strong>infelix</strong></span> <span class='ocrx_word' id='word_1_238' title='bbox 1575 2517 1715 2563; x_wconf 90' lang='lat' dir='ltr'><strong>nimis</strong></span> <span class='ocrx_word' id='word_1_239' title='bbox 1741 2533 1829 2581; x_wconf 86' lang='lat' dir='ltr'><strong>ego</strong></span> <span class='ocrx_word' id='word_1_240' title='bbox 1855 2533 1986 2576; x_wconf 91' lang='lat' dir='ltr'><strong>sum,</strong></span> <span class='ocrx_word' id='word_1_241' title='bbox 2011 2517 2299 2580; x_wconf 89' lang='lat' dir='ltr'><strong>vinumque,</strong></span> <span class='ocrx_word' id='word_1_242' title='bbox 2329 2526 2376 2564; x_wconf 88' lang='lat' dir='ltr'><strong>et</strong></span> <span class='ocrx_word' id='word_1_243' title='bbox 2406 2531 2577 2575; x_wconf 88' lang='lat' dir='ltr'><strong>omne,</strong></span> 
     </span>
     <span class='ocr_line' id='line_1_25' title="bbox 464 2596 2577 2664; baseline -0.001 -18"><span class='ocrx_word' id='word_1_244' title='bbox 464 2599 595 2664; x_wconf 93' lang='lat' dir='ltr'><strong>quod</strong></span> <span class='ocrx_word' id='word_1_245' title='bbox 614 2599 844 2646; x_wconf 86' lang='lat' dir='ltr'><strong>inebriare</strong></span> <span class='ocrx_word' id='word_1_246' title='bbox 860 2607 1038 2663; x_wconf 90' lang='lat' dir='ltr'><strong>potest,</strong></span> <span class='ocrx_word' id='word_1_247' title='bbox 1061 2613 1160 2644; x_wconf 92' lang='lat' dir='ltr'><strong>non</strong></span> <span class='ocrx_word' id='word_1_248' title='bbox 1183 2596 1285 2643; x_wconf 91' lang='lat' dir='ltr'><strong>bibi</strong></span> <span class='ocrx_word' id='word_1_249' title='bbox 1307 2615 1317 2644; x_wconf 91' lang='lat'>:</span> <span class='ocrx_word' id='word_1_250' title='bbox 1342 2597 1425 2644; x_wconf 91' lang='lat' dir='ltr'><strong>sed</strong></span> <span class='ocrx_word' id='word_1_251' title='bbox 1444 2596 1590 2644; x_wconf 87' lang='lat' dir='ltr'><strong>effudi</strong></span> <span class='ocrx_word' id='word_1_252' title='bbox 1613 2597 1823 2644; x_wconf 87' lang='lat' dir='ltr'><strong>animam</strong></span> <span class='ocrx_word' id='word_1_253' title='bbox 1838 2613 1998 2644; x_wconf 88' lang='lat' dir='ltr'><strong>meam</strong></span> <span class='ocrx_word' id='word_1_254' title='bbox 2016 2597 2064 2643; x_wconf 92' lang='lat' dir='ltr'><strong>in</strong></span> <span class='ocrx_word' id='word_1_255' title='bbox 2089 2605 2348 2661; x_wconf 88' lang='lat' dir='ltr'><strong>conspectu</strong></span> <span class='ocrx_word' id='word_1_256' title='bbox 2364 2596 2577 2647; x_wconf 87' lang='lat' dir='ltr'><strong>Domini.</strong></span> 
     </span>
     <span class='ocr_line' id='line_1_26' title="bbox 464 2677 2012 2745; baseline -0.003 -18"><span class='ocrx_word' id='word_1_257' title='bbox 464 2684 530 2727; x_wconf 91' lang='lat' dir='ltr'><strong>Ne</strong></span> <span class='ocrx_word' id='word_1_258' title='bbox 558 2690 747 2745; x_wconf 85' lang='lat' dir='ltr'><strong>reputes</strong></span> <span class='ocrx_word' id='word_1_259' title='bbox 772 2679 992 2726; x_wconf 87' lang='lat' dir='ltr'><strong>ancillam</strong></span> <span class='ocrx_word' id='word_1_260' title='bbox 1013 2688 1164 2737; x_wconf 89' lang='lat' dir='ltr'><strong>tuam,</strong></span> <span class='ocrx_word' id='word_1_261' title='bbox 1185 2678 1308 2725; x_wconf 90' lang='lat' dir='ltr'><strong>sicut</strong></span> <span class='ocrx_word' id='word_1_262' title='bbox 1326 2694 1474 2725; x_wconf 89' lang='lat' dir='ltr'><strong>unam</strong></span> <span class='ocrx_word' id='word_1_263' title='bbox 1497 2677 1558 2725; x_wconf 93' lang='lat' dir='ltr'><strong>de</strong></span> <span class='ocrx_word' id='word_1_264' title='bbox 1577 2677 1762 2725; x_wconf 87' lang='lat' dir='ltr'><strong>filiabus</strong></span> <span class='ocrx_word' id='word_1_265' title='bbox 1781 2677 1957 2725; x_wconf 82' lang='lat' dir='ltr'><strong>Belial?</strong></span> <span class='ocrx_word' id='word_1_266' title='bbox 1986 2695 2012 2722; x_wconf 90' lang='lat'>»</span> 
     </span>
    </p>
   </div>
   <div class='ocr_carea' id='block_1_9' title="bbox 1294 2778 1766 2849">
    <p class='ocr_par' dir='ltr' id='par_1_9' title="bbox 1294 2778 1766 2849">
     <span class='ocr_line' id='line_1_27' title="bbox 1294 2778 1766 2849; baseline 0 -2"><span class='ocrx_word' id='word_1_267' title='bbox 1294 2801 1472 2848; x_wconf 75' lang='lat' dir='ltr'><strong>Solutio</strong></span> <span class='ocrx_word' id='word_1_268' title='bbox 1507 2778 1766 2849; x_wconf 59' lang='lat' dir='ltr'><strong>Abaelardi.</strong></span> 
     </span>
    </p>
   </div>
   <div class='ocr_carea' id='block_1_10' title="bbox 461 2909 2581 3296">
    <p class='ocr_par' dir='ltr' id='par_1_10' title="bbox 461 2909 2581 3296">
     <span class='ocr_line' id='line_1_28' title="bbox 527 2909 2581 2977; baseline -0.002 -18"><span class='ocrx_word' id='word_1_269' title='bbox 527 2913 764 2962; x_wconf 88' lang='lat' dir='ltr'><strong>Infelicem</strong></span> <span class='ocrx_word' id='word_1_270' title='bbox 783 2930 832 2961; x_wconf 92' lang='lat' dir='ltr'><strong>se</strong></span> <span class='ocrx_word' id='word_1_271' title='bbox 849 2914 985 2973; x_wconf 88' lang='lat' dir='ltr'><strong>dicit,</strong></span> <span class='ocrx_word' id='word_1_272' title='bbox 1008 2913 1142 2976; x_wconf 87' lang='lat' dir='ltr'><strong>quasi</strong></span> <span class='ocrx_word' id='word_1_273' title='bbox 1157 2910 1465 2977; x_wconf 84' lang='lat' dir='ltr'><strong>probrosam3</strong></span> <span class='ocrx_word' id='word_1_274' title='bbox 1491 2910 1604 2975; x_wconf 79' lang='lat' dir='ltr'><strong>quia</strong></span> <span class='ocrx_word' id='word_1_275' title='bbox 1627 2909 1878 2958; x_wconf 86' lang='lat' dir='ltr'><strong>maledicta</strong></span> <span class='ocrx_word' id='word_1_276' title='bbox 1901 2909 2091 2966; x_wconf 88' lang='lat' dir='ltr'><strong>sterilis,</strong></span> <span class='ocrx_word' id='word_1_277' title='bbox 2115 2920 2161 2957; x_wconf 91' lang='lat' dir='ltr'><strong>et</strong></span> <span class='ocrx_word' id='word_1_278' title='bbox 2179 2925 2284 2974; x_wconf 86' lang='lat' dir='ltr'><strong>quae</strong></span> <span class='ocrx_word' id='word_1_279' title='bbox 2302 2923 2464 2958; x_wconf 89' lang='lat' dir='ltr'><strong>semen</strong></span> <span class='ocrx_word' id='word_1_280' title='bbox 2480 2925 2581 2956; x_wconf 89' lang='lat' dir='ltr'><strong>non</strong></span> 
     </span>
     <span class='ocr_line' id='line_1_29' title="bbox 461 2988 2580 3062; baseline -0.002 -24"><span class='ocrx_word' id='word_1_281' title='bbox 461 2993 648 3057; x_wconf 90' lang='lat' dir='ltr'><strong>reliquit</strong></span> <span class='ocrx_word' id='word_1_282' title='bbox 663 2995 709 3040; x_wconf 93' lang='lat' dir='ltr'><strong>in</strong></span> <span class='ocrx_word' id='word_1_283' title='bbox 728 2993 895 3062; x_wconf 58' lang='lat' dir='ltr'><strong>lsrael2</strong></span> <span class='ocrx_word' id='word_1_284' title='bbox 916 2993 1054 3040; x_wconf 90' lang='lat' dir='ltr'><strong>Unde</strong></span> <span class='ocrx_word' id='word_1_285' title='bbox 1073 3002 1121 3039; x_wconf 87' lang='lat' dir='ltr'><strong>et</strong></span> <span class='ocrx_word' id='word_1_286' title='bbox 1145 2990 1262 3038; x_wconf 90' lang='lat' dir='ltr'><strong>illud</strong></span> <span class='ocrx_word' id='word_1_287' title='bbox 1284 3000 1355 3038; x_wconf 90' lang='lat' dir='ltr'><strong>est</strong></span> <span class='ocrx_word' id='word_1_288' title='bbox 1373 2989 1641 3038; x_wconf 80' lang='lat' dir='ltr'><strong>Elizabeth⁶</strong></span> <span class='ocrx_word' id='word_1_289' title='bbox 1663 3008 1673 3036; x_wconf 74' lang='grc' dir='ltr'><strong><em>ι</em></strong></span> <span class='ocrx_word' id='word_1_290' title='bbox 1699 3009 1723 3034; x_wconf 90' lang='lat'>«</span> <span class='ocrx_word' id='word_1_291' title='bbox 1747 2990 1871 3048; x_wconf 89' lang='lat' dir='ltr'><strong>Quia</strong></span> <span class='ocrx_word' id='word_1_292' title='bbox 1895 2991 1961 3037; x_wconf 88' lang='lat' dir='ltr'><strong>sic</strong></span> <span class='ocrx_word' id='word_1_293' title='bbox 1986 2990 2093 3037; x_wconf 88' lang='lat' dir='ltr'><strong>fecit</strong></span> <span class='ocrx_word' id='word_1_294' title='bbox 2125 2988 2241 3036; x_wconf 91' lang='lat' dir='ltr'><strong>mihi</strong></span> <span class='ocrx_word' id='word_1_295' title='bbox 2268 2989 2503 3036; x_wconf 90' lang='lat' dir='ltr'><strong>Dominus</strong></span> <span class='ocrx_word' id='word_1_296' title='bbox 2532 2988 2580 3034; x_wconf 89' lang='lat' dir='ltr'><strong>in</strong></span> 
     </span>
     <span class='ocr_line' id='line_1_30' title="bbox 463 3066 2581 3137; baseline -0.001 -20"><span class='ocrx_word' id='word_1_297' title='bbox 463 3071 644 3132; x_wconf 89' lang='lat' dir='ltr'><strong>diebus,</strong></span> <span class='ocrx_word' id='word_1_298' title='bbox 665 3073 836 3137; x_wconf 88' lang='lat' dir='ltr'><strong>quibus</strong></span> <span class='ocrx_word' id='word_1_299' title='bbox 854 3074 1057 3137; x_wconf 85' lang='lat' dir='ltr'><strong>respexit</strong></span> <span class='ocrx_word' id='word_1_300' title='bbox 1074 3072 1257 3119; x_wconf 87' lang='lat' dir='ltr'><strong>auferre</strong></span> <span class='ocrx_word' id='word_1_301' title='bbox 1274 3069 1590 3136; x_wconf 90' lang='lat' dir='ltr'><strong>opprobrium</strong></span> <span class='ocrx_word' id='word_1_302' title='bbox 1609 3085 1771 3117; x_wconf 90' lang='lat' dir='ltr'><strong>meum</strong></span> <span class='ocrx_word' id='word_1_303' title='bbox 1790 3070 1914 3117; x_wconf 90' lang='lat' dir='ltr'><strong>inter</strong></span> <span class='ocrx_word' id='word_1_304' title='bbox 1933 3069 2170 3117; x_wconf 89' lang='lat' dir='ltr'><strong>homines.</strong></span> <span class='ocrx_word' id='word_1_305' title='bbox 2196 3087 2221 3112; x_wconf 88' lang='lat'>»</span> <span class='ocrx_word' id='word_1_306' title='bbox 2242 3068 2381 3116; x_wconf 90' lang='lat' dir='ltr'><strong>Unde</strong></span> <span class='ocrx_word' id='word_1_307' title='bbox 2399 3077 2446 3115; x_wconf 90' lang='lat' dir='ltr'><strong>et</strong></span> <span class='ocrx_word' id='word_1_308' title='bbox 2463 3066 2581 3115; x_wconf 92' lang='lat' dir='ltr'><strong>illud</strong></span> 
     </span>
     <span class='ocr_line' id='line_1_31' title="bbox 462 3149 2581 3218; baseline -0.001 -20"><span class='ocrx_word' id='word_1_309' title='bbox 462 3161 531 3199; x_wconf 91' lang='lat' dir='ltr'><strong>est</strong></span> <span class='ocrx_word' id='word_1_310' title='bbox 555 3156 909 3201; x_wconf 78' lang='lat' dir='ltr'><strong>Deuteronomc&#39;i</strong></span> <span class='ocrx_word' id='word_1_311' title='bbox 950 3153 1083 3218; x_wconf 87' lang='lat' dir='ltr'><strong>quod</strong></span> <span class='ocrx_word' id='word_1_312' title='bbox 1118 3152 1353 3200; x_wconf 90' lang='lat' dir='ltr'><strong>Dominus</strong></span> <span class='ocrx_word' id='word_1_313' title='bbox 1386 3151 1510 3198; x_wconf 90' lang='lat' dir='ltr'><strong>inter</strong></span> <span class='ocrx_word' id='word_1_314' title='bbox 1539 3160 1705 3198; x_wconf 87' lang='lat' dir='ltr'><strong>caetera</strong></span> <span class='ocrx_word' id='word_1_315' title='bbox 1734 3151 1968 3215; x_wconf 90' lang='lat' dir='ltr'><strong>promittit</strong></span> <span class='ocrx_word' id='word_1_316' title='bbox 1986 3149 2192 3216; x_wconf 81' lang='lat' dir='ltr'><strong>popule,</strong></span> <span class='ocrx_word' id='word_1_317' title='bbox 2215 3166 2304 3215; x_wconf 91' lang='lat' dir='ltr'><strong>pro</strong></span> <span class='ocrx_word' id='word_1_318' title='bbox 2325 3157 2581 3214; x_wconf 86' lang='lat' dir='ltr'><strong>praecepto·</strong></span> 
     </span>
     <span class='ocr_line' id='line_1_32' title="bbox 464 3227 2581 3296; baseline -0.001 -19"><span class='ocrx_word' id='word_1_319' title='bbox 464 3248 568 3278; x_wconf 90' lang='lat' dir='ltr'><strong>rum</strong></span> <span class='ocrx_word' id='word_1_320' title='bbox 601 3232 919 3280; x_wconf 77' lang='lat' dir='ltr'><strong>observantia⁷</strong></span> <span class='ocrx_word' id='word_1_321' title='bbox 948 3252 957 3280; x_wconf 91' lang='lat'><strong>:</strong></span> <span class='ocrx_word' id='word_1_322' title='bbox 991 3253 1014 3278; x_wconf 90' lang='lat'>«</span> <span class='ocrx_word' id='word_1_323' title='bbox 1050 3236 1156 3280; x_wconf 86' lang='lat' dir='ltr'><strong>Non</strong></span> <span class='ocrx_word' id='word_1_324' title='bbox 1180 3232 1267 3280; x_wconf 88' lang='lat' dir='ltr'><strong>erit</strong></span> <span class='ocrx_word' id='word_1_325' title='bbox 1291 3231 1420 3296; x_wconf 89' lang='lat' dir='ltr'><strong>apud</strong></span> <span class='ocrx_word' id='word_1_326' title='bbox 1446 3240 1493 3278; x_wconf 91' lang='lat' dir='ltr'><strong>te</strong></span> <span class='ocrx_word' id='word_1_327' title='bbox 1514 3230 1683 3278; x_wconf 90' lang='lat' dir='ltr'><strong>sterilis</strong></span> <span class='ocrx_word' id='word_1_328' title='bbox 1716 3230 1959 3295; x_wconf 88' lang='lat' dir='ltr'><strong>utriusque</strong></span> <span class='ocrx_word' id='word_1_329' title='bbox 1988 3246 2151 3290; x_wconf 87' lang='lat' dir='ltr'><strong>sexus,</strong></span> <span class='ocrx_word' id='word_1_330' title='bbox 2179 3229 2340 3277; x_wconf 88' lang='lat' dir='ltr'><strong>tamin</strong></span> <span class='ocrx_word' id='word_1_331' title='bbox 2366 3227 2581 3276; x_wconf 91' lang='lat' dir='ltr'><strong>homini-</strong></span> 
     </span>
    </p>
   </div>
   <div class='ocr_carea' id='block_1_11' title="bbox 465 3394 2580 3552">
    <p class='ocr_par' dir='ltr' id='par_1_11' title="bbox 465 3394 2580 3552">
     <span class='ocr_line' id='line_1_33' title="bbox 509 3394 2580 3441; baseline -0.001 -11"><span class='ocrx_word' id='word_1_332' title='bbox 509 3397 518 3413; x_wconf 85' lang='lat'>¹</span> <span class='ocrx_word' id='word_1_333' title='bbox 545 3398 623 3439; x_wconf 66' lang='grc' dir='ltr'><strong>Περ.</strong></span> <span class='ocrx_word' id='word_1_334' title='bbox 654 3399 687 3436; x_wconf 87' lang='lat' dir='ltr'><strong>I,</strong></span> <span class='ocrx_word' id='word_1_335' title='bbox 713 3408 835 3441; x_wconf 54' lang='lat' dir='ltr'><strong>capa,</strong></span> <span class='ocrx_word' id='word_1_336' title='bbox 853 3408 884 3431; x_wconf 77' lang='lat' dir='ltr'><strong>v.</strong></span> <span class='ocrx_word' id='word_1_337' title='bbox 904 3399 935 3431; x_wconf 85' lang='lat'><strong>3.</strong></span> <span class='ocrx_word' id='word_1_338' title='bbox 953 3396 1023 3422; x_wconf 64' lang='lat'><strong>—0</strong></span> <span class='ocrx_word' id='word_1_339' title='bbox 1043 3398 1083 3431; x_wconf 76' lang='grc' dir='ltr'><strong>Η.</strong></span> <span class='ocrx_word' id='word_1_340' title='bbox 1103 3398 1226 3432; x_wconf 81' lang='lat' dir='ltr'><strong>Rabani</strong></span> <span class='ocrx_word' id='word_1_341' title='bbox 1252 3397 1354 3432; x_wconf 84' lang='lat' dir='ltr'><strong>Mauri</strong></span> <span class='ocrx_word' id='word_1_342' title='bbox 1375 3397 1496 3439; x_wconf 79' lang='lat' dir='ltr'><strong>opera,</strong></span> <span class='ocrx_word' id='word_1_343' title='bbox 1547 3396 1561 3414; x_wconf 81' lang='lat'>⁸</span> <span class='ocrx_word' id='word_1_344' title='bbox 1581 3397 1662 3438; x_wconf 73' lang='lat' dir='ltr'><strong>Req.</strong></span> <span class='ocrx_word' id='word_1_345' title='bbox 1689 3397 1724 3435; x_wconf 87' lang='lat' dir='ltr'><strong>I,</strong></span> <span class='ocrx_word' id='word_1_346' title='bbox 1750 3406 1825 3438; x_wconf 78' lang='lat' dir='ltr'><strong>cap.</strong></span> <span class='ocrx_word' id='word_1_347' title='bbox 1848 3406 1878 3435; x_wconf 79' lang='lat' dir='ltr'><strong>i,</strong></span> <span class='ocrx_word' id='word_1_348' title='bbox 1898 3406 1931 3429; x_wconf 85' lang='lat' dir='ltr'><strong>v.</strong></span> <span class='ocrx_word' id='word_1_349' title='bbox 1956 3395 2008 3429; x_wconf 80' lang='lat'><strong>¹5.</strong></span> <span class='ocrx_word' id='word_1_350' title='bbox 2035 3413 2067 3418; x_wconf 80' lang='lat'>-</span> <span class='ocrx_word' id='word_1_351' title='bbox 2094 3394 2108 3413; x_wconf 79' lang='lat'>⁰</span> <span class='ocrx_word' id='word_1_352' title='bbox 2132 3395 2226 3435; x_wconf 75' lang='lat' dir='ltr'><strong>Luc..</strong></span> <span class='ocrx_word' id='word_1_353' title='bbox 2250 3405 2324 3438; x_wconf 78' lang='lat' dir='ltr'><strong>cap.</strong></span> <span class='ocrx_word' id='word_1_354' title='bbox 2352 3406 2381 3433; x_wconf 69' lang='grc' dir='ltr'><strong>ι,</strong></span> <span class='ocrx_word' id='word_1_355' title='bbox 2408 3405 2439 3428; x_wconf 84' lang='lat' dir='ltr'><strong>v.</strong></span> <span class='ocrx_word' id='word_1_356' title='bbox 2467 3394 2518 3427; x_wconf 81' lang='lat'><strong>25.</strong></span> <span class='ocrx_word' id='word_1_357' title='bbox 2535 3410 2580 3418; x_wconf 95' lang='lat'>—</span> 
     </span>
     <span class='ocr_line' id='line_1_34' title="bbox 465 3448 1863 3499; baseline 0 -14"><span class='ocrx_word' id='word_1_358' title='bbox 465 3453 607 3487; x_wconf 81' lang='lat' dir='ltr'><strong>Coloniae</strong></span> <span class='ocrx_word' id='word_1_359' title='bbox 640 3455 847 3498; x_wconf 64' lang='lat' dir='ltr'><strong>Agrippinae,</strong></span> <span class='ocrx_word' id='word_1_360' title='bbox 880 3457 983 3493; x_wconf 69' lang='lat'><strong>¹62⁶,</strong></span> <span class='ocrx_word' id='word_1_361' title='bbox 1018 3455 1143 3494; x_wconf 82' lang='lat' dir='ltr'><strong>in-fol.‚</strong></span> <span class='ocrx_word' id='word_1_362' title='bbox 1172 3461 1197 3487; x_wconf 87' lang='lat' dir='ltr'><strong>t.</strong></span> <span class='ocrx_word' id='word_1_363' title='bbox 1230 3455 1296 3494; x_wconf 87' lang='lat'><strong>111,</strong></span> <span class='ocrx_word' id='word_1_364' title='bbox 1326 3465 1360 3499; x_wconf 92' lang='lat' dir='ltr'><strong>p.</strong></span> <span class='ocrx_word' id='word_1_365' title='bbox 1391 3455 1446 3487; x_wconf 72' lang='lat'><strong>47.</strong></span> <span class='ocrx_word' id='word_1_366' title='bbox 1466 3448 1518 3477; x_wconf 73' lang='lat'><strong>—¹</strong></span> <span class='ocrx_word' id='word_1_367' title='bbox 1548 3453 1657 3496; x_wconf 76' lang='lat' dir='ltr'><strong>&#39;cap.</strong></span> <span class='ocrx_word' id='word_1_368' title='bbox 1675 3463 1787 3493; x_wconf 81' lang='lat' dir='ltr'><strong>vn‚v.</strong></span> <span class='ocrx_word' id='word_1_369' title='bbox 1813 3453 1863 3485; x_wconf 70' lang='lat'><strong>14,</strong></span> 
     </span>
     <span class='ocr_line' id='line_1_35' title="bbox 469 3509 1500 3552; baseline 0 -9"><span class='ocrx_word' id='word_1_370' title='bbox 469 3510 481 3531; x_wconf 73' lang='lat'>⁸</span> <span class='ocrx_word' id='word_1_371' title='bbox 497 3510 621 3548; x_wconf 63' lang='lat' dir='ltr'><strong><em>exod„</em></strong></span> <span class='ocrx_word' id='word_1_372' title='bbox 641 3521 715 3552; x_wconf 80' lang='lat' dir='ltr'><strong>cap.</strong></span> <span class='ocrx_word' id='word_1_373' title='bbox 737 3521 839 3547; x_wconf 79' lang='lat' dir='ltr'><strong>xxm,</strong></span> <span class='ocrx_word' id='word_1_374' title='bbox 860 3521 889 3541; x_wconf 85' lang='lat' dir='ltr'><strong>v.</strong></span> <span class='ocrx_word' id='word_1_375' title='bbox 914 3511 962 3542; x_wconf 73' lang='lat'><strong>14.</strong></span> <span class='ocrx_word' id='word_1_376' title='bbox 989 3528 1023 3533; x_wconf 58' lang='grc' dir='ltr'><em>ψ</em></span> <span class='ocrx_word' id='word_1_377' title='bbox 1046 3509 1058 3526; x_wconf 81' lang='lat'><strong>⁴</strong></span> <span class='ocrx_word' id='word_1_378' title='bbox 1079 3511 1205 3546; x_wconf 69' lang='grc' dir='ltr'><em>Εποά..</em></span> <span class='ocrx_word' id='word_1_379' title='bbox 1225 3509 1319 3551; x_wconf 83' lang='lat' dir='ltr'><strong>ibid..</strong></span> <span class='ocrx_word' id='word_1_380' title='bbox 1335 3511 1439 3543; x_wconf 75' lang='lat' dir='ltr'><strong>v.17‚</strong></span> <span class='ocrx_word' id='word_1_381' title='bbox 1460 3528 1500 3533; x_wconf 89' lang='grc'><strong>--</strong></span> 
     </span>
    </p>
   </div>
  </div>
 </body>
</html>
