2970 4152
568 396 659 443 17ss
1145 396 1317 442 PETRI
1354 396 1670 444 ABAELARDI
1707 398 1783 445 ET
1815 398 2117 446 HELOlSSAE

563 492 637 538 vel
674 493 922 558 praecipuis
968 490 1133 554 vigiliis
1170 500 1252 537 aut
1286 490 1477 554 jejuniis
1514 502 1720 555 quatuor
1757 503 2028 558 temporum
2046 530 2058 553 ,
2078 493 2181 541 'seu
2223 495 2606 561 quadragesimae.
2650 501 2687 545 A

561 583 758 636 peccato
784 583 943 619 autem
967 582 1100 619 tanto
1126 571 1329 636 amplius
1353 582 1687 632 coerceantur,
1717 584 1896 637 quanto
1921 574 2124 639 amplius
2149 574 2209 622 de
2228 577 2353 623 exitu
2373 594 2460 625 suo
2479 579 2686 643 cogitan-

563 652 679 699 dum
718 651 967 699 incumbit.
998 652 1198 699 Maxime
1236 668 1363 713 vero
1391 662 1506 699 ωηο
1545 653 1731 724 silentio
1768 653 2058 701 studendum
2089 665 2189 715 est,
2228 656 2278 703 in
2312 674 2410 721 quo
2446 658 2687 705 exceditur

562 734 820 798 plurimum
838 771 850 793 ,
881 744 926 780 et
951 734 1157 780 orationi
1181 733 1456 780 instandum
1477 770 1488 794 ,
1519 735 1639 781 sicut
1664 736 1891 800 scriptum
1909 739 2004 783 est¹
2028 754 2038 782 t
2074 737 2223 797 «Fili,
2244 738 2293 784 in
2314 748 2394 785 tua
2412 738 2684 788 infirmitate

562 831 621 860 ne
645 814 876 878 despicias
901 824 947 860 te
967 815 1124 878 ipsum
1141 849 1155 872 ,
1185 814 1268 861 sed
1295 830 1380 861 ora
1404 817 1560 860 Deum
1580 850 1592 873 ,
1622 825 1668 860 et
1693 815 1794 879 ipse
1814 815 1998 862 curabit
2022 825 2083 863 te.
2117 819 2338 864 Avertere
2361 835 2388 864 a
2413 811 2613 878 delicto,
2636 830 2683 866 et

561 895 709 958 dirige
734 911 932 954 manus,
968 904 1015 940 et
1042 893 1102 940 ab
1133 895 1266 941 omni
1286 895 1460 941 delicto
1487 894 1668 940 munda
1696 911 1780 941 cor
1805 905 1957 941 tuum.
1987 915 2009 939 »
2038 899 2240 961 Oportet
2270 915 2463 962 quoque
2481 898 2683 947 infirmis

560 976 809 1040 providam
836 992 1024 1040 semper
1049 976 1264 1022 assistere
1289 975 1555 1022 custodiam
1571 1011 1582 1033 ,
1613 963 1717 1038 quae
1744 992 1894 1039 quum
1914 992 2037 1041 opus
2061 977 2200 1024 fuerit
2218 979 2375 1025 statim
2399 979 2677 1027 subveniat:

558 1067 602 1102 et
630 1056 830 1102 domum
857 1054 1079 1117 omnibus
1103 1056 1381 1102 instructam
1407 1072 1507 1101 esse
1523 1090 1535 1114 ,
1565 1071 1670 1118 quae
1695 1054 1956 1102 infirmitati
1974 1056 2041 1103 illi
2066 1067 2176 1104 sunt
2195 1060 2472 1106 necessaria.
2495 1063 2566 1107 De
2585 1077 2683 1108 me-

559 1136 837 1183 dicamentis
871 1153 1065 1200 quoque
1103 1137 1140 1182 si
1177 1152 1366 1182 necesse
1401 1145 1498 1193 est,
1537 1152 1627 1200 pro
1654 1136 1871 1183 facultate
1896 1136 1988 1183 loci
2012 1137 2366 1202 providendum
2401 1139 2502 1187 erit.
2539 1141 2683 1198 Quod

558 1217 736 1264 facilius
761 1216 863 1264 fieri
888 1226 1072 1282 potest,
1101 1217 1138 1263 si
1157 1233 1260 1280 quae
1285 1215 1485 1262 infirmis
1510 1226 1678 1280 praeest
1701 1233 1799 1263 non
1821 1217 1960 1264 fuerit
1979 1234 2146 1282 expers
2166 1219 2426 1267 medicinae.
2452 1220 2523 1268 Ad
2538 1237 2682 1285 quam

558 1298 699 1343 etiam
728 1297 787 1344 de
825 1298 881 1343 iis
915 1313 1019 1360 quae
1045 1296 1324 1359 sanguinem
1355 1296 1575 1342 minuunt
1604 1312 1716 1342 cura
1741 1296 2014 1362 pertinebit.
2047 1300 2249 1362 Oportet
2282 1309 2441 1346 autem
2476 1299 2682 1364 aliquam

559 1376 843 1423 flebotomiae
865 1377 1067 1441 peritam
1096 1392 1225 1434 esse,
1257 1392 1318 1422 ne
1348 1376 1504 1421 virum
1533 1386 1730 1440 propter
1751 1376 1846 1423 hoc
1865 1376 1927 1424 ad
1945 1377 2166 1425 mulieres
2189 1378 2372 1442 ingredi
2393 1396 2585 1427 necesse
2603 1381 2676 1428 sit.

558 1457 910 1504 Providendum
934 1468 1002 1503 est
1027 1457 1168 1503 etiam
1196 1456 1257 1503 de
1286 1455 1453 1503 officiis
1473 1456 1701 1503 horarum
1722 1467 1767 1503 et
1786 1457 2128 1504 communione
2145 1495 2156 1517 ,
2192 1476 2254 1505 ne
2274 1459 2430 1506 desint
2453 1459 2676 1520 infirmis3

555 1547 607 1584 ut
631 1537 796 1584 saltem
820 1537 1064 1583 dominico
1084 1536 1161 1583 die
1180 1536 1588 1595 communicetur,
1617 1536 1915 1583 confessione
1932 1553 2120 1601 semper
2136 1547 2183 1584 et
2201 1539 2516 1587 satisfactione
2536 1557 2681 1604 quam

554 1618 796 1680 potuerint
829 1615 1166 1682 praeeuntibus.
1205 1619 1275 1662 De
1304 1617 1531 1662 unctione
1568 1633 1761 1680 quoque
1790 1616 2091 1663 infirmorum
2125 1616 2249 1664 beati
2280 1618 2444 1665 Jacobi
2478 1620 2683 1685 apostoli

552 1699 784 1745 sententia
807 1698 1004 1744 sollicite
1034 1696 1329 1743 custodiatur
1346 1732 1358 1756 ,
1387 1696 1449 1743 ad
1476 1713 1620 1760 quam
1647 1696 1842 1760 quidem
1871 1696 2135 1744 faciendam
2165 1708 2278 1745 tunc
2302 1700 2507 1747 maxime
2530 1717 2681 1765 quum

552 1779 612 1825 de
636 1779 731 1826 vita
755 1779 1024 1843 aegrotantis
1049 1778 1358 1843 desperatur,
1389 1776 1680 1824 inducantur
1705 1794 1761 1824 ex
1784 1777 2033 1824 monachis
2056 1778 2155 1824 duo
2178 1779 2387 1826 seniores
2413 1780 2681 1829 sacerdotes

548 1877 658 1906 cum
695 1860 929 1919 diacono,
970 1861 1054 1924 qui
1078 1858 1426 1907 sanctificatum
1465 1859 1627 1906 oleum
1656 1876 1817 1907 secum
1847 1859 2072 1918 afferant,
2117 1869 2164 1906 et
2189 1871 2429 1907 conventu
2458 1878 2680 1909 sororum

548 1940 819 1998 assistente,
848 1941 1130 2005 interposito
1163 1951 1324 1987 tamen
1350 1940 1558 2003 pariete,
1590 1940 1679 2003 ipsi
1698 1939 1793 1986 hoc
1812 1938 2054 1986 celebrent
2072 1949 2438 1986 sacramentum.
2460 1941 2682 1988 Similiter

547 2010 697 2083 quum
718 2038 840 2086 opus
867 2021 1006 2068 fuerit
1022 2057 1033 2079 ,
1063 2021 1124 2067 de
1149 2020 1493 2067 communione
1519 2030 1700 2083 agatur.
1737 2022 1940 2084 Oportet
1963 2020 2122 2083 itaque
2147 2019 2349 2067 domum
2382 2019 2680 2069 infirmarum

545 2102 610 2147 sic
635 2102 812 2165 aptari,
842 2111 895 2147 ut
922 2101 984 2147 ad
1009 2101 1109 2147 haec
1135 2100 1350 2147 facienda
1378 2099 1603 2146 monachi
1630 2099 1815 2146 facilem
1833 2099 2042 2146 habeant
2067 2116 2310 2146 accessum
2337 2110 2384 2147 et
2408 2118 2646 2148 recessum
2662 2138 2674 2162 ,

544 2198 633 2228 nec
659 2191 950 2228 conventum
972 2181 1214 2240 videntes,
1242 2197 1331 2228 nec
1357 2180 1417 2226 ab
1453 2196 1511 2226 eo
1542 2180 1645 2226 visi.
1681 2180 1885 2244 Singulis
1904 2190 2063 2227 autem
2089 2179 2256 2227 diebus
2274 2181 2422 2227 semel
2441 2181 2501 2228 ad
2522 2182 2680 2229 minus

545 2262 810 2309 diaconissa
834 2279 945 2309 cum
967 2262 1207 2309 celleraria
1233 2260 1473 2307 infirmam
1503 2270 1733 2324 tanquam
1756 2260 1997 2307 Christum
2023 2260 2212 2307 visitent
2232 2297 2244 2319 ,
2276 2272 2327 2307 ut
2349 2261 2410 2308 de
2427 2262 2678 2309 necessita-

545 2343 669 2390 tibus
695 2344 794 2406 ejus
814 2343 1022 2390 sollicitae
1047 2343 1332 2408 provideant
1351 2353 1449 2389 tam
1473 2343 1522 2389 in
1544 2341 1874 2406 corporalibus
1899 2358 2042 2406 quam
2070 2341 2416 2406 spiritualibus,
2447 2353 2494 2389 et
2513 2342 2634 2390 illud
2651 2360 2679 2390 a

545 2424 754 2470 Domino
781 2424 946 2470 audire
971 2432 1245 2471 mereantur
1257 2424 1274 2446 ²
1297 2441 1306 2468 :
1341 2442 1363 2467 r<
1388 2421 1612 2470 Infirmus
1639 2437 1799 2481 eram,
1830 2431 1878 2468 et
1901 2423 2095 2468 visitasti
2121 2438 2215 2467 me.
2232 2437 2265 2465 ·»
2299 2421 2443 2479 Quod
2468 2423 2506 2469 si
2530 2439 2678 2487 aegro-

545 2513 648 2550 tans
687 2503 748 2549 ad
780 2504 959 2550 exitum
993 2503 1414 2568 propinquaverit,
1454 2512 1501 2549 et
1538 2503 1587 2547 in
1626 2502 1773 2548 extasi
1809 2502 1988 2565 agoniae
2023 2501 2238 2558 venerit,
2271 2501 2428 2548 statim
2453 2501 2610 2566 aliqua
2635 2504 2679 2550 ei

543 2586 761 2631 assistens
791 2585 853 2631 ad
883 2595 1175 2631 conventum
1212 2593 1437 2648 properet
1474 2599 1586 2629 cum
1616 2581 1804 2642 tabula,
1848 2592 1894 2628 et
1931 2598 2037 2629 eam
2066 2581 2260 2646 pulsans
2291 2582 2468 2628 exitum
2501 2583 2678 2629 sororis

542 2666 729 2712 nuntiet
747 2702 759 2725 ,
783 2676 1006 2729 totusque
1030 2674 1293 2712 conventus
1313 2699 1326 2723 ,
1350 2679 1647 2728 quaecunque
1675 2663 1798 2710 liora
1821 2663 1880 2709 sit
1899 2662 1993 2709 diei
2019 2661 2092 2709 vel
2112 2662 2291 2721 noctis,
2314 2661 2376 2708 ad
2393 2662 2678 2731 morientem

542 2748 728 2794 festinet
745 2783 756 2805 ,
785 2746 876 2792 nisi
901 2746 1224 2793 ecclesiasticis
1247 2744 1565 2810 praepediatur
1581 2745 1594 2769 ³
1611 2730 1801 2790 οἱῖῐοίἰεζΙ
1820 2742 1965 2799 Quod
1984 2742 2022 2788 si
2048 2740 2295 2800 acciderit,
2316 2741 2449 2805 quod
2471 2741 2590 2789 nihil
2607 2752 2679 2790 est

544 2828 678 2892 operi
703 2827 790 2874 Dei
815 2826 1194 2892 praeponendum
1212 2861 1224 2884 ,
1264 2825 1375 2871 satis
1401 2834 1471 2871 est
1495 2824 1817 2870 diaconissam
1854 2839 1965 2868 cum
2000 2821 2235 2885 aliquibus
2252 2858 2264 2881 ,
2300 2838 2418 2886 quas
2449 2821 2672 2886 elegerit,

543 2908 805 2955 accelerare
825 2944 836 2966 ,
866 2917 912 2954 et
946 2915 1240 2953 conventum
1264 2904 1577 2969 postmodum
1602 2904 1750 2967 sequi.
1785 2905 2093 2966 Quaecunque
2123 2919 2236 2949 vero
2264 2902 2325 2949 ad
2351 2902 2483 2949 hunc
2507 2901 2677 2950 tabulae

544 2989 735 3053 pulsum
762 2987 1056 3034 occurrerint
1074 3022 1087 3046 ,
1116 2986 1275 3032 statim
1300 2985 1514 3031 litaniam
1539 2983 1794 3042 inchoent,
1830 2998 2085 3047 quousque
2119 2991 2393 3029 sanctorum
2419 2993 2466 3028 et
2496 2993 2677 3030 sancta—

546 3086 652 3114 rum
672 3069 910 3115 invocatio
927 3066 1249 3132 compleatur3
1277 3075 1324 3112 et
1342 3075 1456 3112 tunc
1474 3064 1645 3130 psalmi
1662 3064 1738 3110 vel
1757 3073 1950 3122 caetera,
1971 3079 2077 3127 quae
2096 3062 2157 3109 ad
2174 3062 2395 3126 exequias
2413 3063 2672 3126 pertinent,

548 3147 912 3211 subsequantur.
938 3150 1095 3204 Quam
1120 3145 1309 3192 salubre
1336 3161 1452 3191 vero
1477 3144 1536 3190 sit
1557 3143 1619 3190 ad
1642 3142 1859 3189 infirmos
1884 3144 1951 3189 ire
1977 3143 2074 3189 sive
2099 3152 2316 3189 mortuos
2333 3177 2346 3201 ,
2378 3142 2677 3191 Ecclesiastes

549 3227 800 3291 diligenter
825 3227 1102 3286 attendenS,
1135 3226 1226 3273 ait*
1249 3244 1259 3272 :
1294 3224 1503 3272 «Melius
1529 3233 1600 3271 est
1617 3224 1685 3270 ire
1709 3223 1769 3270 ad
1794 3223 1996 3270 domum
2021 3222 2176 3270 luctus
2195 3258 2207 3281 ,
2230 3238 2376 3286 quam
2395 3221 2457 3269 ad
2475 3222 2675 3270 domum

550 3307 772 3354 convivii.
803 3310 857 3353 In
882 3306 961 3353 illa
993 3307 1121 3353 enim
1147 3305 1254 3353 finis
1281 3314 1564 3352 cunctorum
1594 3303 1882 3350 admonetur
1906 3302 2189 3361 hominum,
2226 3311 2273 3353 et
2305 3302 2468 3349 vivens
2503 3302 2676 3366 cogitat

592 3500 604 3516 ⁴
626 3502 746 3539 an-li„
762 3510 835 3543 cap.
854 3509 997 3539 xxxviii,
1011 3509 1044 3531 v.
1061 3499 1080 3529 9
1097 3505 1130 3531 οι
1145 3499 1229 3531 10.-Α
1250 3496 1264 3514 ¹
1278 3497 1405 3536 Manli..
1424 3508 1497 3540 cap.
1510 3508 1590 3538 xxv,
1607 3508 1637 3530 v.
1655 3498 1708 3530 36.
1722 3515 1762 3521 —-
1774 3497 1990 3539 ’Impediamr
2002 3496 2068 3530 MS.
2081 3495 2251 3529 Amb.--⁴
2264 3497 2408 3535 Eccles„
2421 3506 2493 3539 cap.
2510 3506 2553 3528 vn
2565 3520 2573 3535 ,
2590 3505 2619 3527 v.
2639 3495 2669 3529 ³.
