2970 4152
523 414 617 460 328
1322 421 1493 468 PETRI
1528 422 1842 475 ABAELARDI

568 499 661 545 Quis
682 500 729 536 sit
744 502 824 548 ejus
841 508 1009 546 ornatus,
1029 502 1246 550 praedictum
1264 510 1319 539 est
1334 519 1344 548 ;
1655 512 1783 558 Quum
1801 512 1848 548 ad
1864 523 2041 560 sponsum
2059 512 2110 547 sic
2130 510 2289 547 deducta
2309 519 2470 556 venerit,

567 561 652 605 Quo
670 562 718 596 sit
734 561 813 609 ejus
830 573 1063 610 progressus,
1074 562 1288 599 ‚dicendum
1305 572 1370 601 est.
1654 573 1701 608 Et
1717 573 1757 608 in
1773 573 1853 620 ejus
1871 571 2065 619 complexu
2081 571 2282 619 quieverit,

614 619 754 655 Christi
773 620 896 666 decus,
917 629 987 658 etc·
1618 654 1624 667 ,
1653 633 1737 679 Qu‘a
1757 632 1902 667 fruatur
1919 621 2035 679 gloria
2052 631 2137 680 quis
2154 630 2319 668 dixerit?

1654 693 1744 738 Quae
1764 703 1868 727 mens
1886 698 1987 727 tanta
2007 690 2142 739 gaudia
2157 691 2397 742 conceperit?

958 728 1098 766 XCIII·
1700 752 1760 789 Ad
1777 753 1855 788 haec
1873 759 1972 788 certe
1991 762 2101 788 nemo
2118 749 2270 796 sufficit,

564 812 612 847 Ut
630 824 761 848 aurora
779 825 1005 863 consurgens
1023 817 1286 866 progreditur,
1701 813 1781 849 Nisi
1801 813 1898 849 s01'te
1914 824 2032 861 quum
2049 811 2127 847 haec
2140 811 2312 857 fiensefit·

561 873 653 918 Quae
671 873 827 910 coelestis
845 876 967 924 sponsi
989 883 1073 913 toro
1084 877 1261 926 jungitur
1276 879 1286 897 ⁴
1305 895 1314 923 ;

560 933 664 969 Sicut
682 945 813 981 sponsa
830 934 1009 972 foederata
1024 936 1160 973 fecerat
1174 965 1183 981 ‚

560 992 640 1029 Illic
658 1001 837 1042 tanquam
853 1007 945 1031 uxor
957 996 1036 1043 jam
1051 997 1254 1034 cohabitat.

606 1054 665 1090 Sic
683 1055 723 1090 in
744 1054 817 1091 fide
835 1055 927 1092 sacta
946 1055 1085 1093 foedera

606 1115 686 1150 Illic
704 1116 743 1151 in
764 1128 805 1151 re
821 1128 955 1164 perpes
972 1117 1114 1166 copula.

1654 914 1740 949 Haec
1758 919 1845 948 sunt
1862 911 1923 948 illa
1940 923 2020 960 quae
2038 923 2112 947 non
2129 910 2222 946 vidit
2238 911 2385 955 oculus,

1651 974 1729 1009 Nec
1746 973 1922 1008 humanis
1939 973 2020 1021 capi
2039 978 2194 1020 possunt
2210 970 2404 1015 cordibus,

1653 1035 1745 1080 Quae
1764 1046 1801 1069 se
1817 1034 1917 1069 Deus
1935 1032 2073 1080 praebet
2090 1030 2353 1079 diligentibus,

1652 1093 1710 1130 Ab
1727 1094 1874 1130 aeternis
1889 1099 2015 1141 parata
2033 1092 2276 1140 temporibus.

1696 1154 1839 1190 Christi
1860 1153 1972 1189 decus
1988 1180 1998 1198 ‚
2025 1160 2098 1189 etc.

557 1203 836 1251 Paranymphos
854 1202 930 1239 illic
945 1202 1087 1240 habeut
1103 1204 1272 1252 angelos,

556 1263 659 1308 Quos
678 1263 849 1299 custodes
863 1263 1044 1300 habemus
1060 1264 1123 1300 hic
1141 1266 1326 1313 proprios,
2044 1277 2185 1315 XCIV,

555 1325 615 1361 Ad
631 1337 791 1375 superna
808 1326 1061 1363 thalamorum
1080 1327 1213 1377 gaudia

558 1386 664 1422 mam
680 1399 816 1435 Pompa
834 1387 986 1424 dedUClt
1005 1388 1182 1435 angelica·
1651 1399 1873 1437 Peccatricis
1890 1397 2003 1433 beatae
2022 1396 2233 1432 solemnitas

604 1447 702 1482 Hinc
720 1446 864 1483 obviam
878 1447 892 1464 ³
917 1448 1021 1496 virgo
1039 1448 1201 1497 virgines
1213 1476 1221 1492 ‚
1648 1461 1871 1496 Peccatores
1888 1458 2047 1493 maxime
2063 1454 2233 1491 laetificat.

605 1507 713 1543 Illinc
731 1515 850 1544 mater
867 1508 979 1545 habet
997 1508 1188 1555 martyr'es.
1649 1523 1661 1542 ³
1718 1514 1728 1552 .’
1782 1541 2234 1554 ........

1218 2036 1462 2114 ῬΕΤΒΙ
1499 2049 1901 2109 ABAELARDI

916 2207 1040 2281 DE
1092 2206 1400 2281 BEATA
1450 2206 1839 2282 VIRGINE
1893 2204 2226 2280 PROSA.
2295 2247 2305 2258 ι

557 2579 740 2622 Andreas
760 2581 1040 2629 Quercetanus
1067 2581 1172 2622 hanc
1190 2592 1355 2635 prosam
1380 2580 1591 2621 Abaelardo
1613 2581 1778 2632 tribuit,
1799 2589 1966 2622 auctore
1985 2580 2128 2622 Judoc.
2153 2579 2389 2622 Clichtoveo
2402 2580 2430 2627 ¹⁶,
2457 2580 2527 2634 qui
2547 2581 2633 2634 ipse

504 2650 689 2704 sequitur
715 2649 952 2704 opinionem
985 2651 1277 2692 Democharis⁵
1307 2656 1347 2692 et
1374 2650 1539 2692 Antonii
1564 2650 1767 2700 Bellote⁶;'
1798 2655 1935 2692 utrum
1962 2650 2054 2705 jure
2083 2662 2136 2690 an
2164 2650 2388 2701 humei-im,
2416 2651 2630 2691 incertum.

503 2722 670 2761 Constat
689 2725 823 2760 tamen
850 2720 927 2761 hos
946 2720 1172 2762 versiculos
1198 2721 1243 2761 in
1269 2720 1478 2762 nonnullis
1496 2720 1595 2762 olim
1616 2720 1803 2762 ecclesiis
1821 2721 2058 2763 decantatos
2071 2753 2081 2772 ‚
2101 2720 2139 2761 si
2160 2719 2211 2761 ad
2231 2720 2523 2762 modulationis
2547 2719 2633 2761 ele-

503 2790 682 2841 gantiam
702 2795 824 2843 atque
844 2791 1014 2843 gratiam
1035 2796 1216 2844 spectas,
1240 2803 1322 2831 non
1342 2790 1557 2832 Abaelardo
1574 2790 1770 2843 indignos
1788 2790 2000 2832 habendos
2018 2803 2120 2832 esse.

647 2975 764 3010 Mittit
781 2974 827 3010 ad
844 2974 1042 3022 Virginem
1735 2975 1887 3010 Fortem
1908 2974 2080 3022 expediat

645 3034 729 3070 Non
747 3035 914 3082 quemvis
935 3035 1107 3083 angelum
1120 3063 1129 3078 ,
1735 3035 1811 3070 Pro
1829 3034 2132 3071 nobis'nuntium
2146 3063 2154 3079 ‚

647 3093 720 3129 Sed
738 3094 1013 3131 Fortitudinem
1437 3104 1444 3111 ·
1738 3095 1888 3130 Naturae
1908 3094 2018 3130 faciat

645 3154 762 3188 Suum
781 3154 1046 3202 archangelum
1738 3154 1792 3190 Ut
1810 3143 2088 3202 praejudicium,

653 3214 803 3249 Amator
819 3213 994 3249 hominis.
1737 3216 1782 3250 ln
1799 3222 1910 3263 partu
1928 3214 2113 3263 Virginis,

549 3386 556 3401 ¹
580 3386 661 3419 Cod.
674 3388 865 3429 junguntur.
891 3403 932 3410 --
948 3385 959 3402 ¹
974 3387 1055 3420 Cod.
1077 3391 1194 3420 aviam.
1216 3405 1254 3411 —
1272 3386 1285 3404 ³
1299 3387 1411 3421 Codex
1433 3393 1542 3420 noster
1596 3384 1655 3418 lib.
1675 3384 1716 3418 lV
1728 3411 1736 3424 ‚
1753 3395 1828 3428 cap.
1845 3397 1877 3418 v.
1889 3404 1930 3409 -
1946 3386 1959 3402 ⁵
1973 3387 2020 3419 De
2036 3378 2200 3420 observat.
2218 3387 2324 3420 Missae
2338 3389 2469 3426 celebr„
2484 3397 2559 3430 cap.
2572 3398 2624 3419 xv.

502 3444 563 3476 hoc
583 3444 655 3476 loco
672 3443 808 3487 abrupte
827 3442 957 3481 deficit,
985 3454 1046 3477 nec
1064 3454 1168 3487 pauca
1184 3444 1299 3478 deesse
1316 3444 1480 3477 videntur.
1498 3460 1542 3468 ·-
1596 3459 1636 3465 —
1653 3441 1666 3458 ⁶
1682 3442 1772 3474 Ritus
1789 3442 1945 3476 Ecclesioe
1959 3444 2166 3476 laudunensis
2183 3446 2330 3482 redivivi,
2349 3444 2478 3477 Parisiis
2491 3469 2500 3486 ‚
2520 3444 2600 3476 1662
2617 3469 2625 3484 ‚

502 3499 514 3516 ⁸
534 3501 788 3534 Etncidatorium
810 3502 1057 3533 ecclesiasticum
1070 3526 1079 3540 ,
1101 3501 1247 3540 Parisiis,
1275 3502 1358 3534 1526
1373 3526 1382 3542 ‚
1406 3500 1515 3533 in-fol.
1532 3525 1539 3538 ‚
1597 3499 1720 3535 in-fol.‚
1734 3500 1857 3541 p.414,
1872 3510 1907 3532 n.
1931 3500 1964 3532 6.
