2970 4152
499 373 593 420 290
1189 371 1492 421 HELOISSAE
1524 374 1919 426 PROBLEMATA

496 467 778 529 nicationis,
809 466 997 532 nuptias
1022 482 1123 514 esse
1147 464 1301 514 bonas
1335 468 1591 517 convincit.
1638 470 1776 519 Unde
1810 481 1858 518 et
1881 471 1930 518 in
1956 468 2182 536 praedicto
2206 470 2356 532 libro,
2395 472 2453 520 de
2481 477 2615 520 Bono

495 548 672 596 scilicet
708 545 974 612 conjugali,
1010 546 1076 593 sic
1100 546 1191 594 ait²
1220 564 1230 595 ε
1259 566 1282 593 t<
1309 551 1496 597 Bonum
1520 566 1633 615 ergo
1668 551 1903 616 conjugii,
1946 549 2080 615 quod
2114 551 2258 599 etiam
2295 553 2531 600 Dominus
2563 553 2612 599 in

495 627 750 692 Evangelio
776 625 1098 688 confirmavit,
1120 644 1221 675 non
1245 627 1402 676 solum
1420 629 1531 694 quia
1554 629 1801 696 prohibuit
1818 630 2056 679 dimittere
2075 646 2273 678 uxorem
2297 631 2459 679 nisiex
2474 647 2615 679 causa

494 706 841 767 fornicationis,
870 705 955 754 sed
989 707 1132 754 etiam
1156 708 1268 774 quia
1292 709 1423 758 venit
1455 710 1679 758 invitatus
1704 710 1766 758 ad
1797 711 2008 775 nuptias,
2038 726 2124 758 cur
2153 709 2212 757 sit
2234 708 2419 758 bonum
2442 712 2613 759 merito

493 788 732 851 quaeritur.
761 786 905 846 Quod
938 786 1056 835 mihi
1093 805 1193 836 non
1218 788 1406 838 videtur
1429 801 1627 856 propter
1661 791 1811 839 solam
1847 790 2056 838 filiorum
2090 791 2502 856 procreationem,
2529 791 2615 838 sed

491 877 687 934 propter
716 869 869 934 ipsam
892 869 1034 916 etiam
1066 869 1332 918 naturalem
1363 871 1414 918 in
1448 871 1637 919 diverso
1657 889 1770 920 sexu
1794 872 2087 919 societatem.
2110 889 2135 917 »
2158 874 2279 921 Item
2295 874 2309 898 ²
2329 889 2341 918 ε
2366 874 2611 923 «Tantum

489 949 613 997 valet
636 949 755 998 illud
778 949 951 998 sociale
967 950 1213 998 vinculum
1232 951 1490 1017 conjugum
1503 988 1516 1013 ,
1545 962 1598 1000 ut
1614 969 1764 1017 quum
1782 968 1922 1000 causa
1939 951 2226 1018 procreandi
2242 951 2506 1016 colligetur,
2528 967 2616 1000 nec

487 1030 589 1095 ipsa
613 1047 756 1079 causa
778 1031 1066 1098 procreandi
1090 1032 1317 1080 solvatur.
1349 1036 1511 1081 Posset
1536 1034 1678 1081 etiam
1699 1033 1850 1082 homo
1880 1023 2117 1083 dimittere
2147 1032 2355 1081 sterilem
2379 1048 2578 1081 uxorem
2597 1069 2610 1092 ,

487 1121 533 1158 et
557 1111 733 1161 ducere
768 1112 934 1174 aliam,
975 1112 1037 1161 de
1073 1130 1170 1178 qua
1210 1112 1334 1162 filios
1367 1113 1564 1176 habeat,
1593 1124 1641 1162 et
1676 1124 1835 1166 tamen
1877 1131 1978 1163 non
2014 1114 2125 1162 licet
2158 1112 2354 1183 babere.
2383 1131 2406 1158 »
2427 1114 2607 1161 Item⁸z

489 1212 513 1237 «
541 1194 665 1241 Sane
688 1192 952 1243 videndum
971 1204 1043 1242 est
1060 1194 1152 1242 alia
1167 1193 1298 1242 bona
1315 1197 1473 1243 Deum
1495 1194 1636 1243 nobis
1661 1195 1805 1257 dare,
1833 1212 1939 1261 quae
1958 1204 2155 1262 propter
2172 1195 2326 1260 seipsa
2349 1193 2613 1260 expetenda

484 1283 595 1322 sunt
610 1309 623 1335 ,
644 1275 765 1324 sicut
793 1284 865 1324 est
897 1275 1151 1342 sapientia,
1174 1274 1300 1322 salus
1318 1311 1331 1336 ,
1357 1276 1564 1324 amicitia
1588 1294 1598 1323 t
1622 1276 1713 1324 alia
1737 1293 1843 1342 quae
1872 1286 2069 1342 propter
2093 1274 2273 1340 aliquid
2304 1284 2417 1322 sunt
2447 1290 2611 1322 neces-

483 1355 628 1415 saria,
650 1355 772 1404 sicut
795 1354 1035 1417 doctrina,
1062 1354 1195 1403 cibus
1202 1390 1217 1413 ,
1252 1364 1299 1403 et
1320 1365 1491 1421 potus,
1522 1373 1722 1405 somnus
1737 1393 1750 1419 ,
1777 1357 2081 1422 conjugium,
2103 1356 2403 1404 concubitus.
2427 1357 2611 1413 Horum

485 1437 613 1484 enim
623 1437 839 1502 quaedam
857 1437 1119 1485 necessaria
1133 1444 1245 1483 sunt
1257 1447 1456 1502 propter
1471 1438 1775 1503 sapientiam,
1793 1438 1914 1486 sicut
1929 1437 2170 1486 doctrina:
2185 1435 2404 1502 quaedam
2415 1446 2612 1503 propter

482 1516 699 1578 salutem,
716 1518 836 1565 sicut
851 1516 1002 1577 cibus,
1017 1526 1063 1564 et
1078 1527 1239 1582 potuS,
1256 1526 1304 1565 et
1318 1533 1541 1565 somnus:
1554 1518 1773 1583 quaedam
1786 1527 1986 1584 propter
2004 1518 2279 1577 amicitiam,
2298 1518 2420 1565 sicut
2435 1517 2612 1583 nuptiae

482 1598 557 1645 vel
582 1598 879 1646 concubitus,
910 1597 1032 1644 Hinc
1055 1597 1185 1645 enim
1208 1597 1419 1646 subsistit
1441 1599 1723 1664 propagatio
1747 1598 1934 1663 generis
1960 1598 2184 1659 humani,
2212 1597 2262 1646 in
2287 1614 2385 1662 quo
2412 1597 2612 1646 societas

481 1677 739 1726 amicabilis
757 1694 985 1743 magnum
996 1677 1183 1725 bonum
1197 1687 1283 1725 est.
1298 1678 1380 1726 His
1391 1679 1550 1743 itaque
1563 1679 1721 1740 bonis,
1735 1695 1840 1744 quae
1850 1688 2048 1745 propter
2057 1677 2188 1726 aliud
2200 1677 2464 1726 necessaria
2478 1688 2607 1738 sunt,

480 1760 562 1823 qui
582 1776 680 1806 non
705 1759 879 1807 adhoc
904 1759 1053 1806 utitur
1076 1768 1275 1824 propter
1292 1758 1427 1824 quod
1456 1759 1671 1807 instituta
1695 1769 1831 1818 sunt,
1853 1769 2043 1825 peccat,
2065 1758 2179 1806 alias
2209 1758 2476 1819 venialiter,
2498 1758 2611 1807 alias

478 1839 827 1888 damnabiliter.
851 1840 1077 1905 Quisquis
1097 1856 1212 1888 vero
1232 1840 1299 1888 eis
1315 1848 1513 1907 propter
1530 1840 1626 1888 hoc
1646 1841 1793 1888 utitur
1809 1850 2009 1906 propter
2029 1839 2164 1905 quod
2182 1839 2294 1888 data
2311 1849 2439 1901 sunt,
2458 1840 2612 1889 bene-

477 1921 600 1969 facit.
617 1941 639 1966 »
655 1924 672 1968 1
678 1931 774 1970 tem
783 1923 796 1947 ¹·
810 1939 820 1969 :
838 1941 862 1967 «
880 1920 997 1969 Mihi
1009 1920 1198 1969 videtur
1209 1920 1304 1969 hoc
1318 1930 1536 1987 tempore
1553 1921 1682 1969 solos
1695 1938 1796 1983 eos,
1813 1921 1897 1987 qui
1909 1938 1959 1969 se
1972 1937 2073 1969 non
2086 1921 2352 1981 continent,
2366 1920 2612 1987 conjugari

478 2013 723 2068 oportere,
745 2001 1012 2050 secundum
1031 2001 1161 2050 illam
1179 2001 1395 2066 ejusdem
1419 2001 1631 2068 Apostoli
1651 2002 1936 2051 sententiam
1955 2004 1995 2048 ⁶:
2029 2020 2053 2047 «
2075 2000 2222 2060 Quod
2238 2001 2279 2048 si
2296 2017 2347 2049 se
2365 2017 2466 2049 non
2489 2017 2613 2050 con-

481 2106 501 2129 «
527 2085 702 2144 tinent,
726 2082 928 2132 nubant.
958 2083 1126 2132 Melius
1144 2093 1215 2132 est
1231 2084 1361 2132 enim
1384 2083 1569 2132 nubere
1583 2120 1596 2145 ,
1618 2100 1766 2149 quam
1783 2083 1874 2132 uri.
1892 2102 1917 2129 υ
1943 2085 2041 2131 Nec
2059 2082 2172 2148 ipsis
2191 2092 2352 2131 tamen
2371 2098 2471 2130 non
2495 2100 2610 2148 pec-

478 2175 636 2213 catum
660 2175 772 2214 sunt
790 2165 968 2232 nuptiae
982 2202 994 2226 ,
1014 2182 1119 2230 quae
1138 2165 1177 2212 si
1201 2166 1249 2212 in
1270 2166 1603 2230 operationem
1629 2163 1957 2212 fornicationis
1986 2162 2297 2228 eligerentur,
2326 2162 2483 2210 minus
2498 2179 2610 2228 pec-

479 2258 637 2296 catum
671 2257 834 2305 esset,
861 2263 1008 2312 quam
1042 2246 1320 2306 fornicati03
1346 2245 1432 2293 sed
1458 2255 1617 2293 tamen
1642 2254 1892 2311 peccatum
1925 2253 2099 2291 essent.
2138 2245 2276 2290 Nunc
2309 2251 2470 2289 autem
2493 2242 2608 2307 quid

479 2328 651 2375 dicturi
684 2344 849 2379 sumus
881 2326 1110 2375 adversus
1140 2325 1546 2374 evidentissimam
1579 2342 1748 2373 vocem
1782 2323 1997 2390 Apostoli
2018 2323 2267 2371 dicentis⁶2
2295 2320 2486 2380 «Quod
2509 2322 2611 2369 vult

484 2430 505 2454 «
529 2409 667 2456 faciat
683 2445 695 2469 ,
720 2425 820 2455 non
843 2416 1011 2473 peccat
1052 2408 1090 2455 si
1122 2406 1298 2467 nubat,
1321 2417 1411 2455 etc.
1430 2409 1442 2432 ⁷
1463 2407 1512 2453 Si
1544 2406 1783 2471 acceperis
1819 2421 2046 2465 uxorem,
2083 2419 2184 2451 non
2213 2403 2450 2469 peccasti,
2476 2412 2548 2461 et,
2570 2404 2611 2449 si

485 2512 508 2536 «
529 2491 744 2556 nupserit
762 2490 922 2554 virgo,
945 2505 1045 2536 non
1064 2499 1231 2554 peccat
1248 2488 1268 2535 Ρ
1288 2507 1313 2534 »
1335 2488 1458 2535 Hinc
1482 2497 1610 2556 certe
1624 2488 1725 2551 jam
1741 2486 1960 2534 dubitare
1982 2485 2050 2534 fas
2069 2501 2170 2532 non
2186 2493 2279 2544 est,
2301 2483 2492 2549 nuptias
2509 2499 2608 2530 non

481 2588 581 2619 esse
600 2579 867 2636 peccatum.
906 2571 1012 2616 Non
1050 2569 1210 2633 itaque
1229 2569 1420 2634 nuptias
1445 2567 1711 2615 secundum
1734 2567 1921 2615 veniam
1939 2564 2163 2614 concedit
2186 2563 2467 2630 Apostolus;
2496 2578 2609 2611 nam

480 2653 584 2717 quis
608 2650 816 2715 ambigat
839 2648 1178 2697 absurdissime
1197 2649 1292 2696 dici
1315 2665 1416 2696 non
1438 2666 1520 2697 eos
1539 2665 1786 2715 peccasse,
1809 2647 1982 2713 quibus
1999 2647 2140 2694 venia
2156 2644 2329 2693 datur?
2353 2644 2447 2692 Sed
2473 2643 2608 2691 illum

479 2730 790 2779 concubitum
823 2729 1090 2777 secundum
1114 2730 1305 2777 veniam
1330 2728 1579 2788 concedit,
1613 2729 1697 2793 qui
1732 2727 1786 2776 fit
1821 2745 1908 2794 per
1938 2725 2356 2783 incontinentiam,
2376 2740 2477 2771 non
2507 2723 2609 2771 sola

478 2828 618 2859 causa
635 2808 949 2876 procreandi,
978 2819 1025 2857 et
1060 2808 1319 2873 aliquando
1353 2809 1484 2856 nulla
1517 2825 1663 2857 causa
1681 2807 1968 2874 procreandi
1991 2825 2001 2854 :
2024 2822 2170 2871 quem
2194 2804 2371 2870 nuptiae
2402 2820 2501 2851 non
2525 2820 2607 2851 co·

482 2902 598 2955 gunt
621 2890 749 2951 fieri,
772 2890 857 2938 sed
883 2889 1064 2954 ignosci
1089 2890 1347 2955 impetrant
1374 2907 1384 2936 :
1408 2889 1447 2936 si
1465 2898 1626 2936 tamen
1653 2905 1754 2935 non
1775 2888 1840 2936 ita
1865 2888 1924 2935 sit
1950 2886 2154 2947 nimius,
2178 2895 2230 2932 ut
2253 2883 2482 2949 impediat
2503 2899 2608 2948 quoe

481 2972 683 3036 seposita
699 2988 801 3019 esse
819 2969 997 3019 debent
1016 2980 1234 3035 tempora
1250 2968 1444 3029 orandi,
1463 2986 1554 3017 nec
1572 2969 1852 3016 immutetur
1867 2969 1915 3015 in
1938 2984 2050 3015 eum
2069 2983 2234 3026 usum,
2257 2965 2340 3029 qui
2356 2973 2427 3011 est
2441 2972 2608 3010 contra

480 3062 716 3099 naturam.
745 3055 817 3100 De
841 3069 940 3117 quo
967 3050 1221 3117 Apostolus
1241 3060 1397 3099 tacere
1421 3067 1521 3098 non
1547 3050 1734 3115 potuit,
1760 3066 1912 3114 quum
1935 3048 1995 3096 de
2019 3045 2302 3112 corruptelis
2326 3044 2484 3092 nimiis
2513 3043 2604 3091 im-

480 3132 773 3179 mundorum
812 3143 859 3181 et
895 3134 1156 3199 impiorum
1195 3132 1452 3180 hominum
1491 3131 1783 3196 loqueretur.
1822 3129 2116 3178 Concubitus
2153 3127 2283 3175 enim
2314 3124 2606 3173 necessarius

482 3229 622 3259 causa
646 3213 929 3275 generandi,
969 3213 1271 3279 inculpabilis
1303 3223 1352 3261 et
1372 3212 1502 3261 solus
1534 3213 1633 3278 ipse
1667 3211 1891 3277 nuptialis
1927 3221 2012 3259 est.
2041 3209 2124 3257 Ille
2159 3217 2341 3267 autem,
2377 3206 2461 3271 qui
2485 3204 2607 3253 ultra

525 3429 535 3445 ¹
561 3427 641 3472 Cap.
660 3440 712 3470 1¹1,
736 3432 816 3473 Opp.
834 3439 859 3464 t.
877 3432 932 3471 Vl,
952 3434 1016 3466 col.
1043 3436 1119 3467 321.
1133 3451 1178 3461 —-
1190 3434 1203 3451 ⁵
1219 3435 1300 3479 Cap.
1322 3445 1366 3469 vn
1378 3459 1387 3475 ‚
1411 3434 1509 3476 ibid„
1569 3433 1634 3467 cot.
1653 3432 1804 3467 326.—⁸
1821 3433 1966 3467 Corinth.
1982 3433 2016 3472 I,
2030 3442 2106 3475 cap.
2122 3442 2164 3464 vn
2177 3456 2187 3473 ,
2203 3441 2234 3463 v.
2250 3430 2283 3462 9.
2297 3444 2341 3455 ·--
2354 3427 2367 3446 ⁸
2385 3426 2484 3467 ibid„
2498 3436 2530 3459 v.
2546 3426 2601 3458 36.

479 3486 544 3520 col.
561 3486 636 3518 324.
654 3504 691 3509 —
709 3485 722 3503 ³
737 3486 818 3530 Cap.
835 3498 867 3521 ix
882 3513 891 3530 ,
905 3488 1000 3530 ibid„
1017 3491 1081 3524 col.
1100 3492 1222 3524 325.-
1234 3491 1247 3509 ⁴
1262 3491 1396 3535 Cap.x,
1411 3491 1507 3531 ibid„
1568 3507 1612 3519 -
1626 3490 1637 3509 ²
1660 3490 1760 3527 Ibid..
1775 3501 1805 3524 v.
1826 3491 1881 3523 28.
