2970 4152
575 385 668 430 574
1370 387 1541 434 PETRI
1575 388 1887 437 ABAELARDI

574 479 1045 538 mendat'auctoritaS,
1056 470 1405 528 coenobitarum
1415 482 1592 530 scilicet
1601 493 1743 548 atque
1751 483 2165 531 anachoretarum.
2177 484 2270 541 Qui
2277 494 2436 531 autem
2448 485 2497 531 in
2511 485 2681 532 saeculo

571 560 672 608 hini
694 562 769 608 vel
792 563 913 608 terni
936 572 1016 608 aut
1037 562 1209 625 singuli
1230 574 1591 626 conversantur,
1611 582 1700 612 nee
1716 575 1903 612 tantum
1925 564 2124 611 fratrum
2142 581 2396 612 numerum
2417 566 2614 627 habent,
2629 578 2683 615 ut

572 640 924 688 observantiam
950 642 1121 706 regulae
1150 644 1403 709 impleant,
1429 645 1645 710 profecto
1663 663 1757 693 -nec
1789 645 2038 693 coenobitae
2066 655 2200 705 sunt,
2230 662 2320 692 nec
2351 645 2678 695 anachoretaet

570 722 821 769 coenobitae
849 723 1044 786 quidem
1072 741 1222 789 quum
1250 725 1338 772 sub
1362 726 1523 790 regula
1544 743 1643 773 non
1667 726 1866 789 degant,
1903 725 1988 773 sed
2015 742 2104 772 nec
2138 725 2436 773 anachoretae
2459 742 2611 791 quum
2631 728 2681 775 in

570 801 825 850 solitudine
848 821 947 850 non
963 805 1143 852 vivant.

634 883 776 940 Quod
798 885 837 930 si
859 902 948 932 nec
972 887 1181 945 monita,
1206 903 1295 933 nec
1323 887 1539 952 exempla
1567 897 1843 934 sanctorum
1863 896 2055 951 patrum
2082 902 2172 932 nos
2201 901 2229 932 a
2255 885 2427 933 saeculo
2458 887 2682 935 tentatio-

569 962 708 1009 nibus
730 963 875 1027 pleno
897 976 1126 1013 revocant
1147 976 1193 1013 et
1214 966 1320 1031 plus
1342 967 1474 1014 lucra
1498 966 1766 1030 corporalia
1791 966 2010 1031 cupimus
2037 982 2183 1030 quam
2211 966 2479 1013 animarum
2505 965 2684 1014 damna

568 1045 788 1092 timemus
815 1064 826 1092 :
851 1047 954 1110 ipsa
986 1047 1152 1094 saltem
1181 1065 1340 1095 rerum
1362 1058 1633 1094 nostrarum
1662 1047 1995 1105 incommoda,
2027 1063 2132 1111 quae
2159 1046 2220 1093 de
2253 1047 2505 1094 communi*
2523 1045 2684 1095 homi-‘¹

567 1142 684 1171 num
706 1128 1070 1174 conversatione
1102 1128 1374 1191 frequenter
1404 1127 1713 1184 sustinemus,
1753 1143 1843 1173 nos
1873 1126 1935 1173 ab
1969 1127 2069 1173 hae.
2087 1127 2459 1191 praesumptione
2486 1142 2684 1192 compe-

566 1214 715 1251 scant.
745 1209 943 1253 Incursu
965 1208 1141 1271 quippe
1162 1207 1374 1253 hostium
1393 1207 1604 1252 civitates
1622 1206 1747 1269 ipsas
1772 1204 1848 1251 vel
1867 1198 1973 1269 quae
1996 1206 2174 1252 civium
2195 1215 2307 1252 sunt
2328 1205 2683 1270 depopulante,

567 1301 639 1330 res
662 1295 835 1331 nostrae
856 1286 1032 1349 pariter
1060 1302 1171 1332 cum
1190 1285 1331 1332 rebus
1355 1301 1522 1331 eorum
1540 1285 1732 1347 junctae,
1758 1300 1786 1331 a
1807 1285 2054 1332 communi
2076 1284 2212 1331 clade
2234 1300 2335 1331 non
2357 1291 2560 1348 possunt
2582 1281 2684 1332 esse

567 1363 827 1426 disjunctae.
843 1365 1145 1412 Cessantibus
1168 1381 1360 1429 quoque
1378 1364 1614 1422 hostibus,
1630 1363 1903 1428 frequenter
1924 1364 1974 1410 in
1997 1363 2265 1411 civitatibus
2284 1364 2684 1427 continguntim-

566 1444 757 1507 provisa
779 1444 1037 1491 domorum
1058 1445 1279 1492 incendia
1300 1464 1309 1491 :
1326 1462 1412 1509 per
1433 1461 1538 1509 quae
1559 1454 1659 1491 tam
1681 1445 1912 1503 oratoria,
1939 1460 2085 1508 quam
2107 1443 2309 1490 officinae
2330 1443 2685 1492 monachorum

565 1524 754 1585 penitus
775 1535 1139 1571 consumuntur.
1167 1527 1273 1589 Ipsa
1300 1525 1467 1571 saltem
1497 1525 1696 1583 damna,
1729 1540 1833 1587 quae
1863 1523 2090 1586 fugiendo
2121 1524 2434 1582 incurrimus,
2466 1523 2684 1588 'refugere

565 1602 626 1650 ad
653 1603 958 1651 solitudinem
988 1605 1194 1652 doceant
1222 1615 1274 1651 ut
1305 1605 1441 1668 quasi
1470 1603 1709 1650 mercibus
1738 1604 1912 1650 nostris
1934 1613 2215 1668 tempestate
2243 1604 2448 1663 amissis,
2480 1604 2542 1651 de
2568 1620 2683 1669 pro·-

564 1683 692 1730 cellis
721 1685 876 1731 saeculi
904 1685 981 1732 vel
1007 1685 1125 1731 nudi
1152 1702 1465 1749 properemus
1499 1684 1561 1731 ad
1583 1685 1753 1749 quietis
1776 1695 1823 1731 et
1845 1684 2114 1731 solitudinis
2141 1695 2353 1749 portum.
2376 1687 2497 1732 Sunt
2523 1685 2607 1749 qui
2631 1685 2683 1735 in

563 1763 819 1810 solitudine
854 1764 1161 1812 tabernacula
1189 1781 1274 1812 sua
1302 1765 1564 1824 collocant,
1606 1764 1691 1811 sed
1725 1765 1923 1811 minime
1956 1774 2278 1829 persev-erant.
2313 1764 2459 1822 Quod
2486 1764 2683 1829 quidem

563 1844 722 1891 multis
744 1844 804 1891 de
826 1845 978 1892 causis
1001 1845 1190 1892 accidit.
1218 1845 1306 1891 Alii
1329 1846 1507 1910 quippe
1529 1845 1822 1910 paupertatis
1844 1861 1939 1892 suae
1960 1845 2161 1892 modum
2184 1844 2489 1905 excedentes,
2511 1855 2559 1891 et
2578 1859 2682 1892 ma·

557 1924 664 1985 jora
685 1925 780 1971 suis
802 1925 981 1972 viribus
1004 1926 1353 1989 aggredientes,
1379 1925 1512 1990 quod
1534 1942 1635 1972 non
1657 1925 1840 1972 habent
1866 1925 1926 1972 de
1949 1926 2146 1990 proprio
2160 1963 2171 1985 ,
2204 1926 2684 1990 supplere'coguntur

562 2021 619 2050 ex
641 2005 820 2064 alieno,
846 2016 894 2052 et
903 1988 1010 2073 ⁴Jiro
1035 2006 1463 2053 necessitudinibus
1486 2007 1581 2053 suis
1602 2023 1652 2053 se
1672 2023 1862 2053 rursum
1883 2006 2055 2053 saeculo
2076 2007 2291 2069 ingerere
2308 2043 2319 2065 ,
2345 2005 2479 2069 quod
2500 2021 2682 2070 propo·-

562 2096 755 2132 suerant
783 2086 959 2149 fugere.
985 2088 1106 2133 Sunt
1140 2097 1186 2133 et
1214 2087 1296 2151 qui
1324 2087 1469 2150 longa
1495 2086 1679 2134 heremi
1707 2071 2072 2134 conversatione
2103 2096 2151 2133 et
2179 2086 2466 2133 abstinentia
2494 2095 2683 2132 tantum

564 2165 802 2229 religionis
828 2184 1005 2214 nomen
1043 2168 1203 2232 adepti
1232 2177 1344 2215 sunt
1361 2206 1372 2227 ,
1398 2178 1451 2214 ut
1474 2185 1502 2214 a
1522 2167 1801 2232 potentibus
1824 2167 1980 2214 saeculi
2017 2168 2092 2214 vel
2122 2166 2424 2213 saecularibus
2445 2166 2558 2213 viris
2590 2164 2681 2213 sub

564 2244 719 2310 aliqua
751 2247 937 2310 pietatis
970 2248 1222 2294 occasione
1251 2247 1418 2311 saepius
1440 2247 1719 2305 invitentur,
1753 2257 1800 2293 et
1822 2247 1888 2293 sic
1913 2246 2153 2294 diabolico
2183 2246 2343 2292 cribro
2377 2262 2513 2292 more
2535 2245 2684 2309 paleae

562 2325 798 2385 ventilati,
831 2326 892 2372 de
918 2326 1115 2374 heremo
1145 2337 1439 2374 renoventur
1471 2327 1520 2373 in
1549 2326 1738 2374 saeculo.
1765 2327 1859 2383 Qui
1887 2326 2048 2373 multis
2078 2325 2410 2373 adulationum
2437 2323 2683 2372 favoribus

563 2404 693 2452 dona
713 2405 915 2452 divitum
936 2416 1181 2464 venanteS,
1201 2416 1299 2453 tam
1321 2423 1458 2453 suam
1479 2391 1625 2470 quam
1646 2406 1838 2452 illorum
1856 2406 2075 2469 jugulant
2097 2406 2297 2464 animas,
2316 2405 2437 2452 sicut
2452 2405 2683 2469 scriptum

557 2487 658 2531 est²
685 2503 695 2530 :
725 2504 749 2529 «
775 2488 856 2532 Vae
883 2485 1021 2532 vobis
1043 2487 1125 2551 qui
1148 2487 1377 2533 consuitis
1400 2486 1630 2551 pulvillos
1652 2486 1741 2532 sub
1770 2486 1917 2532 omni.
1933 2485 2097 2532 cubito
2127 2502 2323 2543 manus,
2359 2495 2406 2531 et
2433 2483 2682 2532 cervicalia

556 2564 644 2611 sub
667 2566 820 2630 capite
843 2567 1075 2614 universae
1096 2568 1244 2614 aetatis
1261 2566 1322 2614 ad
1345 2567 1602 2632 capiendas
1625 2567 1824 2614 animas.
1854 2585 1877 2610 »
1904 2569 1963 2612 Et
1984 2581 2174 2612 rursum
2195 2569 2210 2591 ²
2236 2584 2246 2612 ε
2276 2585 2299 2610 «
2325 2565 2504 2629 Popule
2524 2580 2677 2623 meus,

555 2645 636 2707 qui
658 2655 705 2691 te
727 2644 1002 2693 beatificant
1017 2684 1028 2706 ,
1055 2647 1146 2712 ipsi
1166 2658 1213 2694 te
1236 2647 1506 2712 decipiunt,
1539 2657 1586 2694 et
1607 2647 1708 2694 vias
1731 2662 1977 2710 gressuum
2001 2656 2196 2692 tuorum
2225 2644 2472 2710 dissipant.
2501 2662 2525 2688 »
2552 2642 2683 2700 Quid

554 2734 625 2770 est
652 2735 810 2771 autem
841 2726 1063 2790 pulvillos
1085 2727 1280 2787 cubitis,
1305 2727 1381 2774 vel
1403 2727 1653 2775 cervicalia
1675 2726 1910 2791 capitibus
1944 2742 2240 2790 supponere,
2265 2725 2357 2771 nisi
2384 2723 2681 2771 saecularium

554 2803 808 2852 hominum
830 2807 978 2852 vitam
999 2806 1189 2853 blandis
1212 2807 1515 2854 sermonibus
1537 2807 1810 2854 demulcere
1823 2845 1833 2865 ,
1861 2822 2007 2870 quam
2029 2822 2120 2852 nos
2153 2805 2302 2868 magis
2325 2805 2501 2868 asperis
2523 2804 2678 2850 incre—

554 2884 827 2946 pationibus
851 2885 1108 2950 oportebat
1128 2887 1365 2949 corrigere
1380 2924 1393 2944 ,
1424 2897 1471 2934 et
1495 2887 1556 2933 de
1577 2887 1780 2933 horrore
1803 2882 1961 2933 divini‘
1973 2885 2140 2949 judicii
2155 2922 2166 2944 ,
2197 2895 2244 2931 et
2273 2884 2426 2949 poenis
2451 2882 2682 2946 gehennae

555 2964 616 3010 ad
644 2965 976 3028 poenitentiam
998 2966 1219 3013 trahere?
1243 2969 1463 3024 Quorum
1494 2967 1624 3014 dona
1649 2983 1799 3031 quum
1822 2966 2174 3024 sustulerimus,
2207 2982 2289 3012 eos
2311 2965 2476 3028 utique
2498 2963 2560 3010 de
2578 2961 2687 3010 suf-·

556 3043 704 3106 fragio
726 3056 1002 3092 nostrarum
1018 3046 1293 3093 orationum
1314 3045 1612 3094 confidentes
1625 3084 1636 3106 ,
1662 3048 1711 3094 in
1735 3048 1831 3093 suis
1853 3045 2181 3110 iniquitati-bus
2204 3045 2517 3108 relinquimus
2539 3058 2676 3090 seeu—

556 3124 720 3172 riores.
753 3127 847 3182 Qui
880 3143 969 3173 nec
1004 3143 1060 3174 ea
1093 3144 1143 3174 se
1176 3127 1299 3174 male
1334 3128 1589 3191 acquisisse
1617 3127 1692 3174 vel
1723 3127 1968 3191 possidere
2006 3126 2231 3185 credunt,
2270 3125 2400 3172 unde
2430 3123 2678 3187 religiosos

556 3203 683 3249 viros
706 3205 1058 3270 eleemosynam
1081 3217 1243 3271 petere
1266 3217 1486 3254 cernunt.
1512 3210 1669 3264 Quam
1691 3224 1841 3271 quum
1867 3207 2172 3271 suscipimus,
2198 3220 2486 3252 mammonae
2507 3203 2682 3267 iniqui-v

557 3286 664 3332 tatis
687 3286 957 3350 frequenter
979 3288 1406 3336 communicamus.
1423 3291 1495 3335 De
1510 3303 1606 3351 qua
1619 3286 1813 3351 quidem
1834 3302 2111 3335 mammona
2134 3285 2395 3349 iniquitatis
2417 3300 2442 3331 a
2466 3283 2677 3330 Domino

601 3467 610 3484 ¹
635 3467 769 3509 Ezech„
787 3479 859 3512 cap.
880 3481 957 3511 xm,
977 3482 1007 3503 v.
1030 3472 1079 3503 18.
1092 3488 1135 3495 -
1147 3469 1160 3487 ²
1176 3486 1191 3498 «¹
1205 3470 1328 3515 Popule
1343 3481 1433 3504 meus
1446 3496 1455 3512 ,
1475 3470 1528 3514 qui
1546 3477 1578 3504 te
1589 3469 1718 3503 beatum
1738 3469 1867 3509 dicunt,
1886 3475 1949 3502 etc.
1964 3482 1979 3498 ιι
1997 3468 2109 3511 (lsaioe
2133 3477 2207 3510 cap.
2228 3477 2282 3506 m,
2307 3477 2338 3499 v.
2361 3465 2427 3508 12.)
