2970 4152
578 370 672 416 408
1374 368 1544 415 PETRI
1579 369 1889 418 ABAELARDI

577 465 691 510 istos
730 461 1032 520 illuminavit,
1060 460 1198 507 nobis
1222 478 1414 526 quoque
1448 479 1590 529 super
1619 463 1712 511 hoc
1744 464 1885 528 longe
1918 473 2026 511 ante
2055 463 2219 511 illuxit.
2248 466 2527 513 Constituite
2560 465 2687 512 diem

579 542 856 588 solemnem.
881 558 904 583 »
935 539 1016 586 His
1040 541 1315 603 praemissis,
1352 541 1485 605 quasi
1510 541 1868 590 conclusionem
1901 543 2150 607 supponit,
2179 543 2262 607 qui
2292 558 2381 590 nos
2415 545 2689 592 exhortatur

580 622 639 668 ad
677 620 1020 668 solemnitatem
1055 621 1296 684 praesentis
1329 621 1454 681 diei,
1486 632 1711 687 tanquam
1745 624 1810 670 sic
1850 623 2057 670 inferens
2091 623 2216 671 dicat
2241 642 2251 669 ε
2286 625 2687 689 Quandoquidem

578 701 642 746 ita
668 699 902 746 Dominus
927 698 974 744 in
1001 698 1190 745 duobus
1214 699 1403 765 populis
1427 701 1683 748 Ecclesiam
1711 701 2038 766 multiplicavit
2072 702 2121 748 in
2159 701 2306 766 figura
2323 738 2335 761 ‚
2373 719 2579 766 quorum
2606 704 2690 766 qui

578 778 907 844 praecedebant
931 788 977 825 et
994 780 1077 843 qui
1102 767 1421 844 sequebantur
1444 781 1589 829 hodie
1616 783 1876 828 Dominum
1902 783 2160 847 suscepisse
2184 782 2450 829 referuntur
2474 793 2521 830 et
2543 783 2690 830 bene-

580 862 763 908 dixisse.
803 860 947 923 Igitur
977 871 1023 907 et
1054 861 1327 930 quicunque
1364 861 1528 909 fideles
1560 864 1609 909 in
1641 863 1871 909 memoria
1893 864 2016 909 ‘tanti
2047 862 2265 910 beneficii
2296 865 2463 928 gratias
2498 864 2646 910 acturi
2673 881 2684 909 ε

583 960 606 984 «
628 939 904 987 Constituite
934 939 1061 986 diem
1089 940 1352 987 solemnem
1375 943 1422 989 in
1449 941 1727 1000 condensis,
1754 960 1776 985 »
1805 940 1899 988 hoc
1918 949 1988 988 est
2012 942 2061 988 in
2085 957 2256 1005 magna
2279 942 2580 989 multitudine
2604 957 2690 1006 po-

578 1021 705 1086 puli,
733 1031 779 1068 et
803 1020 935 1084 quasi
970 1020 1199 1068 densitate
1223 1022 1431 1085 quadam
1463 1022 1743 1087 spiritalium
1769 1021 1993 1068 arborum
2026 1022 2473 1087 incomparabilibus
2496 1022 2585 1069 ivl-lis
2609 1038 2691 1069 ra·-

578 1102 667 1148 mis
691 1099 956 1165 palmarum
980 1100 1054 1147 vel
1079 1100 1337 1161 olivarum,
1364 1117 1484 1165 quas
1509 1101 1653 1148 hodie
1683 1101 1890 1166 populus
1914 1102 2119 1166 aceepit,
2145 1102 2532 1166 significatarum.
2562 1103 2690 1160 Quid

579 1182 707 1228 enim
731 1180 798 1227 illi
822 1180 940 1227 rami
961 1180 1034 1227 vel
1059 1180 1251 1228 frondes
1276 1181 1336 1228 de
1359 1181 1607 1228 arboribus
1632 1181 1802 1228 avulsae
1819 1181 2199 1247 praetendebant,
2222 1183 2312 1229 nisi
2335 1184 2579 1247 utriusque
2602 1200 2689 1248 po-

578 1262 678 1328 puli
702 1262 1081 1326 aggregationem
1106 1262 1167 1309 de
1194 1279 1345 1308 massa
1370 1273 1674 1327 peccatorum
1710 1262 2035 1328 assumptam?
2061 1266 2113 1309 In
2147 1279 2353 1327 quorum
2389 1273 2693 1328 repraesenta-

578 1346 776 1405 tionem,
795 1343 1001 1409 populus
1022 1343 1235 1390 fidelium
1256 1343 1490 1390 hodierna
1514 1344 1592 1390 dic
1613 1343 1837 1390 arborum
1854 1344 1997 1390 ramis
2015 1343 2090 1391 vel
2108 1343 2357 1391 frondibus
2372 1380 2386 1404 ,
2407 1361 2525 1409 quas
2543 1355 2692 1409 gesta-

580 1428 671 1485 vit,
709 1435 857 1473 totam
882 1425 1139 1472 Ecclesiam
1165 1442 1313 1489 usque
1346 1425 1406 1471 ad
1437 1425 1610 1485 altare,
1651 1426 1783 1490 quasi
1817 1425 2099 1472 fruteto-rum
2132 1426 2318 1492 replent
2342 1427 2572 1474 densitate
2600 1445 2610 1473 τ
2641 1438 2693 1475 ut

575 1509 708 1570 juxta
742 1506 945 1553 litteram
981 1522 1174 1570 quoque
1213 1505 1427 1552 videatur
1462 1506 1611 1571 accipi
1647 1506 1778 1569 quod
1813 1506 2016 1552 dicitur:
2047 1525 2070 1551 «
2090 1509 2142 1553 In
2169 1506 2424 1554 condensis
2455 1524 2604 1571 usque
2631 1508 2693 1555 ad

580 1604 730 1634 cornu
755 1587 967 1633 altaris.»
989 1586 1180 1648 Mystice
1198 1595 1356 1632 autem
1382 1602 1532 1632 cornu
1555 1586 1712 1632 altaris
1737 1585 1909 1631 dicitur
1928 1584 2210 1632 sacrificium
2233 1585 2420 1633 Christi.
2443 1589 2532 1633 Per
2548 1586 2693 1634 altare

580 1669 756 1732 quippe
791 1664 1072 1713 sacrificium
1089 1701 1101 1724 ,
1138 1681 1224 1730 per
1261 1682 1412 1711 cornu
1445 1665 1601 1712 altaris
1638 1666 1905 1712 extremitas
1939 1665 2039 1728 ejus
2077 1665 2365 1729 intelligitur.
2401 1666 2694 1714 Sacrificium

579 1750 737 1812 itaque
762 1746 958 1804 Christi,
987 1745 1120 1810 quod
1143 1746 1290 1792 veteri
1313 1745 1542 1792 sacrificio
1560 1746 1675 1809 legis
1700 1747 1945 1805 successit,
1976 1763 2062 1810 per
2084 1762 2236 1792 cornu
2267 1746 2422 1793 altaris
2447 1746 2691 1811 figuratur,

581 1845 729 1893 quum
743 1828 801 1874 sit
817 1836 1079 1873 extremum
1093 1825 1187 1871 hoc
1199 1824 1500 1887 sacrificium,
1518 1835 1564 1872 et
1576 1842 1797 1891 suprema
1815 1825 1969 1872 hostia
1988 1826 2235 1890 complens
2254 1836 2446 1873 ceteraS.
2471 1829 2523 1873 In
2543 1843 2695 1875 cornu

582 1925 773 1974 quoque
795 1908 967 1967 altaris,
990 1917 1215 1970 tanquam
1239 1907 1288 1953 in
1308 1907 1482 1971 angulo
1506 1907 1734 1971 quodam,
1757 1906 1854 1953 duo
1874 1906 2031 1953 altaris
2048 1906 2193 1953 latera
2216 1906 2304 1952 sibi
2318 1907 2583 1970 junguntur
2605 1927 2616 1954 :
2644 1918 2698 1955 ut

583 1987 991 2054 quemadmodum
1015 1986 1255 2034 Christum
1279 1987 1453 2033 factum
1487 1988 1704 2053 superius
1734 1987 1938 2033 diximus
1974 1988 2022 2033 in
2056 1987 2208 2052 capite
2245 1986 2433 2050 anguli,
2468 1987 2529 2033 ad
2553 2004 2696 2051 quem

584 2071 681 2118 duo
709 2069 876 2135 populi
898 2069 1186 2132 junguntur3
1215 2068 1279 2115 ita
1303 2069 1445 2115 etiam
1465 2068 1679 2116 dicamus
1697 2068 1758 2115 ad
1783 2067 2064 2115 sacrificium
2084 2067 2259 2115 Christi
2279 2067 2402 2114 duos
2426 2068 2542 2115 ritus
2560 2069 2699 2116 sacri-

585 2151 678 2198 ficii
705 2138 984 2206 convenire,
1022 2147 1235 2194 sacrificii
1271 2148 1420 2195 sancti
1443 2148 1789 2195 Melchisedech
1814 2149 1862 2194 in
1886 2164 2010 2213 pane
2035 2158 2082 2195 et
2109 2149 2241 2203 vino,
2273 2158 2317 2195 et
2341 2147 2555 2194 sacrificii
2586 2148 2699 2213 legis

584 2232 633 2278 in
659 2229 925 2278 carnalibus
953 2229 1131 2276 hostiis.
1158 2231 1366 2292 Utraque
1391 2229 1568 2295 quippe
1593 2227 1818 2275 sacrificia
1842 2227 2061 2292 infigura
2086 2229 2237 2275 nostri
2262 2239 2626 2291 praecesserunt,
2653 2240 2700 2277 et

583 2315 633 2359 in
662 2310 1000 2375 significatione
1033 2309 1155 2356 illius
1185 2297 1527 2356 convenerunt.
1564 2312 1759 2356 Constat
1790 2309 1932 2355 etiam
1965 2308 2181 2355 animalia
2213 2318 2439 2367 cornuta,
2469 2325 2616 2372 quum
2648 2310 2698 2356 in

586 2404 926 2456 transgressum
958 2406 1126 2455 pugnae
1156 2399 1415 2448 venerunt,
1441 2390 1539 2435 vim
1566 2391 1820 2436 maximam
1845 2399 1892 2435 et
1917 2388 2066 2435 robur
2094 2388 2340 2452 pugnandi
2377 2389 2426 2434 in
2465 2389 2620 2452 rigore
2644 2399 2701 2436 'et

586 2472 860 2520 fortitudine
885 2486 1120 2518 cornuum
1144 2469 1334 2516 habere.
1362 2472 1522 2526 Quum
1545 2470 1685 2533 igitur
1709 2469 1922 2515 Christus
1947 2485 2034 2533 pro
2060 2468 2200 2515 nobis
2229 2467 2499 2514 immolatus
2530 2469 2701 2516 virtute

588 2554 727 2616 hujus
751 2551 966 2599 sacrificii
991 2549 1236 2597 diabolum
1259 2550 1499 2609 straverit,
1526 2550 1660 2613 quasi
1683 2565 1834 2596 cornu
1863 2550 1950 2596 suo
1975 2565 2084 2596 eum
2118 2548 2403 2606 vulneravit,
2437 2558 2578 2612 atque
2602 2548 2702 2595 vul-

588 2644 803 2681 neratum
825 2632 1011 2695 dejecit.

653 2719 778 2761 Bene
804 2715 959 2778 itaque
984 2729 1070 2778 per
1092 2729 1243 2759 cornu
1266 2713 1446 2771 altaris,
1462 2711 1758 2760 sacrificium
1782 2711 1952 2759 Christi
1983 2722 2209 2775 tanquam
2242 2709 2376 2756 vituli
2406 2710 2555 2756 nostri
2588 2708 2705 2773 figu-

589 2805 735 2861 ratur,
757 2810 907 2857 quum
929 2792 1024 2838 hoc
1049 2791 1214 2839 efficax
1245 2802 1291 2838 et
1315 2791 1463 2849 forte,
1486 2802 1538 2838 ut
1556 2791 1736 2838 dictum
1756 2801 1851 2851 est,
1867 2790 2010 2839 fuerit
2030 2791 2077 2836 in
2098 2798 2284 2854 pu'gna,
2306 2803 2536 2835 corneum
2557 2787 2704 2851 magis

590 2874 847 2922 dicendum
872 2889 1016 2937 quam
1044 2889 1294 2931 carneum3
1323 2872 1549 2935 rigidum,
1580 2889 1679 2919 non
1708 2871 1876 2931 molle3
1909 2871 2187 2929 robustum,
2220 2886 2319 2916 non
2345 2868 2516 2916 debile.
2544 2871 2705 2931 Usque

591 2955 651 3001 ad
677 2954 772 3001 hoc
796 2969 948 3000 cornu
973 2952 1129 2999 altaris
1154 2951 1407 2998 celebratio
1427 2962 1598 2999 nostrae
1619 2953 1874 3017 porrigitur
1893 2951 2203 2999 solemnitatis
2217 2986 2229 3010 ,
2252 2949 2557 3014 quumtlantae
2572 2949 2704 2995 vieti·

592 3051 680 3081 mae
707 3033 931 3097 dignitate
965 3031 1235 3079 festivitates
1260 3031 1547 3078 decorantur
1568 3031 1844 3079 christianae.
1879 3031 1948 3078 Ad
1970 3031 2069 3078 'hoc
2091 3046 2243 3079 cornu
2266 3030 2423 3078 altaris
2444 3027 2707 3093 specialiter

593 3113 826 3160 hodierna
841 3113 1097 3160 solennitas
1111 3112 1342 3177 pervenit,
1359 3128 1507 3175 quum
1528 3112 1577 3157 in
1598 3112 1697 3175 ejus
1717 3112 1858 3158 missa
1877 3112 2085 3176 primum
2102 3109 2272 3157 Christi
2288 3109 2445 3174 passio
2462 3107 2702 3164 recitatur,

595 3209 690 3256 qua
711 3185 798 3256 pro
818 3192 953 3239 nobis
970 3193 1071 3257 ipse
1089 3202 1158 3238 est
1167 3190 1456 3238 immolatus,
1475 3193 1572 3236 Hac
1585 3190 1662 3238 die
1678 3192 1914 3238 Dominus
1929 3189 2270 3253 ,lerosolymam
2287 3188 2481 3234 veniens
2496 3186 2708 3251 passioni

597 3288 645 3318 se
660 3271 845 3330 obtulit,
860 3271 1043 3318 decima
1049 3271 1267 3318 videlicet
1279 3280 1393 3317 tunc
1403 3270 1479 3317 die
1492 3271 1683 3330 mensis,
1698 3271 1818 3318 sicut
1830 3288 1886 3318 ex
1897 3269 2141 3333 evangelio
2152 3267 2460 3334 perpenditur
2470 3265 2665 3312 Joannis
2674 3266 2703 3310 ¹.

643 3439 652 3455 ¹
679 3439 787 3480 Joan.,
805 3448 878 3481 cap.
897 3449 949 3478 xi,
968 3449 1000 3471 v.
1023 3439 1084 3478 463
1103 3449 1177 3482 cap.
1194 3449 1259 3475 xu,
1280 3448 1310 3470 v.
1333 3440 1342 3469 1
1368 3443 1401 3469 et
1418 3447 1468 3480 sq.
