2970 4152
978 367 1036 414 ΙΝ
1070 366 1260 414 RAMIS·
1283 366 1612 415 PALMARUM
1648 367 1864 414 SERMO.
2393 364 2487 410 427

366 479 389 503 α
411 460 635 525 pietatem
651 476 679 506 a
697 460 862 508 Jacob.
883 479 906 504 »
928 460 1067 508 Unde
1087 470 1133 507 et
1152 461 1311 526 ipsum
1327 460 1550 508 Calvariae
1565 460 1743 521 locum,
1767 477 1864 525 quo
1883 459 2119 506 Dominus
2135 455 2386 504 crucifixus
2403 468 2487 515 est,

362 557 492 588 nunc
511 541 636 589 intra
656 542 892 590 civitatem
913 542 1135 589 novimus
1161 542 1601 606 contineri,.quum
1626 542 1757 606 prius
1780 552 1908 589 extra
1927 540 2080 587 fuerit.
2110 558 2132 584 «
2156 539 2437 596 Coronavit,
2464 557 2487 580 »

362 623 532 687 inquit,
557 643 582 668 «
597 640 708 671 eum
727 634 879 671 mater
897 623 1048 670 suain
1065 623 1142 670 die
1155 622 1539 688 desponsationis
1558 622 1732 670 illius.»
1747 626 1879 670 Tunc
1893 623 2022 669 enim
2037 636 2205 684 magna
2220 618 2492 683 jucunditas

363 703 551 767 regibus
576 704 788 752 exhiberi
809 704 951 764 solet,
971 705 1186 769 quando,
1212 704 1509 769 desponsatis
1527 703 1772 764 uxoribus,
1797 703 2028 750 solemnia
2046 701 2285 749 celebrant
2304 700 2492 765 nuptia-

363 800 489 830 rum.
518 785 629 831 Dies
660 794 821 832 autem
852 784 1106 832 dominicae
1129 784 1449 832 crucifixionis
1479 785 1615 848 quasi
1639 783 1739 830 dies
1764 784 1807 830 ei
1838 784 1923 830 fuit
1947 782 2354 848 desponsationis,
2384 781 2493 845 quia

364 873 479 910 tunc
502 863 760 923 Ecclesiam
783 865 1013 912 veraciter
1035 864 1124 912 sibi
1147 866 1283 930 quasi
1307 881 1533 930 sponsam
1557 863 1776 923 sociavit,
1811 880 1961 928 quum
1996 862 2168 910 eodem
2205 861 2281 908 die
2314 861 2495 908 animas

365 943 580 991 fidelium
598 943 661 991 ad
675 943 852 992 inferos
866 940 1187 1006 deScendens,
1206 946 1369 994 hocin
1389 947 1455 993 eis
1473 946 1586 993 inde
1605 945 1858 1010 assumptis
1878 943 2154 1008 complevit,
2174 942 2307 1006 quod
2322 942 2494 988 latroni

363 1025 586 1089 promisit·
605 1024 794 1073 dicens¹
817 1044 826 1072 :
854 1045 878 1071 «
899 1028 1050 1073 Amen
1074 1026 1183 1074 dico
1209 1027 1316 1087 tibi,
1343 1026 1488 1074 hodie
1507 1043 1698 1074 mecum
1721 1026 1811 1073 eris
1834 1026 1884 1072 in
1903 1024 2140 1090 paradiso.
2163 1042 2186 1067 »
2210 1025 2318 1069 Haec
2335 1022 2494 1086 itaque

363 1105 464 1154 dies
489 1106 873 1172 desponsationis
897 1106 998 1154 dies
1027 1107 1194 1155 laetitiae
1218 1108 1286 1154 illi
1311 1108 1398 1155 fuit
1413 1145 1425 1167 ,
1452 1107 1648 1172 quando
1672 1106 1792 1154 illud
1814 1105 1876 1153 ad
1901 1104 2034 1169 quod
2056 1113 2272 1162 venerat,
2296 1112 2341 1149 et
2360 1102 2492 1166 quod

362 1188 567 1235 maxime
585 1188 636 1235 in
656 1188 757 1252 ejus
781 1188 1019 1236 desiderio
1042 1199 1167 1248 erat,
1190 1190 1240 1236 in
1260 1189 1408 1236 salute
1427 1189 1724 1237 credentium
1749 1187 2021 1252 complevit.

431 1287 454 1312 t<
476 1269 685 1328 Laetitiae,
711 1288 735 1313 »
766 1270 944 1334 inquit,
977 1269 1175 1316 «cordis
1195 1271 1322 1334 ejus,
1350 1289 1374 1314 υ
1409 1271 1521 1335 quia
1550 1281 1779 1335 tanquam
1815 1268 1960 1316 tristis
1994 1268 2042 1314 in
2071 1282 2273 1332 corpore
2304 1266 2414 1323 fuit,
2443 1265 2491 1310 in

361 1365 460 1412 quo
488 1349 728 1398 molestias
760 1349 942 1398 doloris
967 1351 1185 1398 toleravit
1208 1370 1217 1398 ε
1239 1352 1323 1399 sed
1349 1352 1467 1399 dum
1498 1369 1610 1399 caro
1636 1353 1871 1399 tristitiam
1906 1349 2085 1397 doloris
2109 1348 2294 1395 afferret
2325 1347 2386 1393 de
2422 1347 2494 1392 his

361 1444 467 1494 quae
490 1430 814 1478 inferebantur
836 1433 1062 1493 exterius,
1090 1432 1271 1492 cordis,
1300 1432 1350 1480 id
1373 1443 1443 1480 est
1467 1434 1660 1492 animae,
1693 1448 1879 1480 summa
1905 1429 2129 1479 exultatio
2159 1438 2258 1476 erat
2282 1427 2492 1485 inferius,

362 1508 424 1556 de
447 1520 610 1557 nostra
632 1511 808 1559 scilicet
833 1511 1006 1572 salute,
1033 1529 1179 1577 quam
1210 1514 1276 1560 sic
1301 1512 1604 1578 operabatur.
1627 1512 1765 1559 Unde
1788 1522 1834 1559 et
1863 1528 2013 1575 quum
2036 1509 2097 1557 ad
2121 1507 2494 1572 crucifigendum

363 1590 531 1650 exiret,
559 1591 684 1639 bene
709 1591 931 1640 mulieres
954 1609 1099 1658 super
1120 1610 1232 1640 eum
1256 1593 1570 1640 lamentantes
1596 1592 1913 1657 compescuit,
1941 1590 2133 1637 dicens’
2165 1607 2174 1635 :
2214 1608 2237 1633 «
2272 1587 2395 1634 Filiae
2420 1591 2493 1634 Je-

363 1671 567 1718 rusalem
583 1707 595 1731 ,
624 1671 772 1719 nolite
791 1673 906 1720 flere
925 1689 1069 1738 super
1085 1690 1163 1720 me
1178 1710 1190 1732 ,
1212 1674 1296 1721 sed
1314 1690 1458 1738 super
1475 1690 1562 1720 vos
1580 1673 1705 1738 ipsas
1725 1673 1833 1719 flete
1846 1707 1858 1731 ,
1879 1681 1927 1718 et
1948 1687 2091 1735 super
2110 1669 2233 1716 filios
2251 1679 2447 1716 vestros.
2466 1687 2489 1713 υ

361 1753 606 1815 Tanquam
632 1751 669 1797 si
696 1751 874 1800 diceret
897 1771 906 1799 ε
929 1756 1035 1799 Non
1061 1763 1132 1800 est
1154 1764 1352 1818 propter
1375 1770 1451 1800 me
1471 1753 1735 1800 dolendum
1756 1753 1802 1798 in
1823 1751 1898 1798 his
1915 1749 2237 1816 passionibus,
2267 1759 2492 1813 tanquam

362 1830 475 1876 hinc
503 1829 699 1895 aliquod
724 1832 966 1879 incurram
993 1833 1255 1894 damnum;
1285 1833 1369 1881 sed
1395 1834 1552 1898 potius
1585 1834 1719 1880 vobis
1747 1832 1965 1879 imminet
2000 1848 2141 1896 super
2176 1847 2261 1877 vos
2295 1830 2418 1894 ipsas
2449 1839 2495 1876 et

362 1909 486 1958 filios
519 1921 728 1972 vestros,
759 1913 1033 1977 gravissima
1067 1914 1303 1974 vindicta,
1333 1931 1438 1979 quae
1469 1915 1517 1960 in
1549 1931 1626 1961 me
1663 1913 2045 1971 committuntur,
2076 1911 2316 1977 plexuros.
2344 1910 2419 1957 Sic
2449 1921 2495 1957 et

362 1989 524 2050 nobis,
558 1991 742 2050 fratres,
773 2010 916 2058 super
934 2009 1024 2039 nos
1042 1994 1201 2058 potius
1219 2010 1364 2058 quam
1383 2010 1524 2059 super
1544 1994 1700 2059 ipsum
1719 1992 1931 2039 flendum
1954 2001 2040 2051 est,
2060 1991 2192 2055 quod
2206 2007 2261 2038 ea
2277 1990 2494 2039 videlicet

363 2072 742 2119 commiserimus
784 2091 839 2120 ex
877 2074 1045 2139 culpa,
1075 2092 1179 2138 quae
1214 2075 1291 2122 ille
1324 2085 1420 2122 tam
1458 2075 1660 2139 graviter
1694 2074 1900 2140 portavit
1924 2074 1973 2119 in
1998 2089 2157 2138 poena.
2200 2073 2275 2119 Sic
2301 2072 2360 2119 de
2389 2073 2494 2136 ipso

361 2153 652 2216 gaudeamus
678 2171 788 2202 cum
820 2156 924 2221 ipso
945 2191 957 2215 ,
987 2166 1040 2202 ut
1064 2156 1124 2204 de
1153 2157 1325 2204 nostris
1355 2156 1604 2204 doleamus
1634 2156 1854 2215 offensis,
1882 2153 2012 2220 quod
2042 2154 2186 2218 hujus
2210 2154 2308 2200 sive
2333 2169 2493 2201 servo-

360 2249 468 2280 rum
486 2245 642 2282 reatus
668 2237 985 2297 commiserit,
1020 2238 1153 2302 quod
1181 2238 1413 2285 innocens
1436 2239 1671 2285 Dominus
1701 2247 1879 2284 tantam
1911 2252 2104 2302 poenam
2127 2235 2364 2282 sustinuit.
2389 2237 2494 2299 lpse

361 2328 450 2360 nos
475 2314 639 2363 docuit
665 2317 779 2364 flere
808 2334 897 2364 nos
916 2318 1064 2383 ipSOS,
1093 2319 1176 2383 qui
1203 2336 1450 2384 nunquam
1470 2336 1520 2366 se
1540 2319 1653 2366 flere
1677 2318 1868 2382 legitur-3
1890 2317 1974 2365 sed
1991 2334 2090 2364 non
2114 2317 2243 2364 flevit
2267 2319 2493 2362 Lazarum

361 2395 667 2443 suscitaturus
681 2433 693 2456 ,
715 2414 804 2462 pro
824 2397 958 2461 cujus
977 2399 1279 2447 suscitatione
1298 2400 1458 2447 honor
1474 2400 1739 2446 hodiernus
1756 2409 1825 2446 est
1844 2399 1888 2445 ei
1905 2414 1933 2445 a
1951 2397 2101 2444 turbis
2120 2396 2372 2444 exhibitus.
2396 2396 2493 2443 Fle-

360 2474 426 2520 vit
442 2484 488 2522 et
503 2474 650 2524 hodie
666 2494 815 2541 quum
830 2495 858 2524 a
874 2477 1024 2525 tux-bis
1039 2479 1358 2527 exultantibus
1375 2481 1708 2545 susciperetur,
1729 2480 1849 2526 sicut
1864 2482 2013 2525 Lucas
2029 2478 2263 2536 meminit,
2280 2477 2487 2524 dicens⁸z

364 2573 387 2598 «
408 2557 465 2602 Et
484 2573 634 2620 quum
662 2559 1070 2623 appropinquaret
1093 2560 1194 2623 jam
1216 2560 1278 2607 ad
1303 2560 1586 2608 descensum
1611 2561 1788 2607 montis
1822 2559 2021 2619 Oliveti,
2050 2567 2297 2623 coeperunt
2324 2573 2491 2604 omnes

359 2633 508 2683 turbae
533 2635 926 2685 descendentium
948 2638 1207 2703 gaudentes
1227 2639 1422 2688 laudare
1444 2643 1597 2688 Deum
1616 2657 1735 2688 voce
1752 2655 1949 2704 magna,
1972 2655 2114 2704 super
2130 2637 2354 2685 omnibus
2373 2653 2491 2700 quas

358 2714 577 2763 viderant
588 2717 858 2778 virtutibus,
871 2717 1104 2766 dicentes:
1120 2739 1142 2765 «
1159 2720 1441 2769 Benedictus
1451 2721 1534 2785 qui
1545 2721 1733 2768 venitin
1746 2720 1942 2768 nomine
1953 2719 2164 2778 Domini,
2178 2734 2269 2784 pax
2283 2718 2331 2764 in
2347 2716 2486 2775 coelo,

362 2812 386 2837 «
411 2804 458 2842 et
475 2794 623 2858 gloria
648 2797 696 2843 in
722 2797 931 2845 excelsis.
956 2818 979 2843 »
1003 2801 1061 2846 Et
1078 2810 1131 2846 ut
1147 2801 1566 2866 appropinquavit,
1590 2800 1756 2848 videns
1779 2801 2016 2848 civitatem
2038 2799 2166 2846 flevit
2181 2815 2323 2863 super
2338 2797 2484 2856 illam,

359 2872 549 2922 dicens:
572 2895 594 2920 «
618 2877 741 2935 Quia
767 2879 806 2924 si
831 2881 1133 2943 cognovisses
1158 2891 1204 2928 et
1227 2891 1304 2942 tu,
1325 2892 1415 2929 etc.
1442 2901 1464 2926 υ
1486 2882 1632 2929 Flevit
1655 2885 1906 2940 Lazarum,
1930 2897 2076 2946 quem
2100 2880 2161 2927 de
2179 2878 2420 2942 refrigerio
2444 2888 2490 2925 et

358 2954 462 3031 sinu
494 2955 692 3004 Abrahae
722 2969 1030 3008 revocaturus
1061 2972 1161 3010 erat
1195 2963 1418 3010 aerumnis
1443 2963 1685 3028 praesentis
1713 2964 1834 3009 vitae.
1859 2962 2020 3009 Flebat
2045 2961 2232 3007 ruinam
2266 2959 2482 3014 civitatis,

358 3044 520 3082 nostra
544 3035 763 3084 videlicet
783 3037 959 3087 damna
974 3076 986 3098 ,
1013 3057 1112 3088 non
1136 3044 1346 3108 propria.
1375 3042 1568 3092 Utinam
1592 3043 1659 3090 sic
1676 3060 1765 3090 nos
1784 3043 1908 3090 mala
1926 3052 2086 3089 nostra
2109 3040 2360 3105 deplorare
2378 3056 2489 3105 pos·

359 3130 517 3162 semus
551 3116 670 3164 sicut
701 3127 747 3164 et
777 3117 881 3178 ille,
918 3120 984 3167 sic
1012 3121 1199 3170 solliciti
1226 3123 1286 3171 de
1311 3123 1452 3172 nobis
1480 3141 1689 3171 essemus
1718 3124 1838 3170 sicut
1869 3121 1990 3188 ipse!
2025 3122 2118 3179 Qui
2143 3120 2204 3169 de
2229 3121 2333 3186 ipso
2357 3119 2488 3167 laeta-

359 3210 468 3242 mur
486 3205 714 3261 tanquam
734 3197 794 3244 de
812 3198 1053 3249 Salvatore
1072 3212 1264 3262 nostro,
1286 3205 1421 3268 cujus
1446 3215 1601 3253 morte
1625 3204 1861 3268 redempti
1887 3219 2076 3262 sumus,
2111 3217 2256 3267 super
2284 3217 2375 3248 nos
2406 3200 2486 3247 de-

358 3273 581 3336 fleamus,
611 3277 693 3341 qui
711 3278 844 3342 quod
870 3279 945 3327 ille
970 3291 1068 3328 tam
1096 3283 1297 3347 graviter
1320 3284 1487 3350 plexus
1518 3294 1588 3333 est
1617 3283 1957 3331 commisimus.
1992 3281 2297 3347 Egredientes
2325 3281 2484 3344 itaque

407 3449 416 3466 ⁴
442 3450 538 3494 Luc„
553 3462 626 3497 cap.
648 3466 744 3497 xxiii,
764 3469 791 3491 v.
811 3458 863 3491 43.
891 3476 919 3482 -—
940 3457 954 3475 ¹
974 3458 1072 3499 lbid„
1087 3470 1118 3492 v.
1137 3460 1192 3493 28.
1209 3477 1252 3485 —
1267 3460 1280 3478 ⁸
1294 3460 1387 3501 Luc..
1405 3471 1477 3504 cap.
1499 3472 1575 3502 xix,
1593 3472 1627 3495 v.
1649 3463 1686 3494 37
1707 3468 1740 3494 et
1757 3472 1808 3504 sq.
