2970 4152
529 361 623 406 668
1326 357 1496 404 PETRI
1538 358 1846 407 ABAELARDI
1897 358 1901 361 ’

527 456 661 518 quasi
693 455 944 517 juventus,
979 453 1028 499 id
1060 461 1130 499 est
1163 450 1308 499 virilis
1344 462 1471 500 aetas.
1506 454 1623 502 Inde
1656 456 1824 519 quinta
1860 471 2010 519 usque
2042 455 2103 501 ad
2134 454 2375 504 Christum
2414 469 2642 524 tanquam

527 542 760 582 senectus.
791 535 1008 597 Denique
1030 543 1161 580 sexta
1181 549 1332 597 usque
1357 533 1419 581 ad
1442 533 1589 582 finem
1620 535 1776 582 saeculi
1808 545 2037 599 tanquam
2074 536 2260 583 senium
2295 536 2370 584 vel
2404 538 2645 604 decrepita

526 626 652 663 aetas.

591 697 799 743 Confusa
841 697 1000 760 itaque
1046 695 1125 742 illa
1166 712 1255 744 nec
1299 695 1457 743 adhuc
1498 696 1721 744 distincta
1763 698 2008 760 congeries
2049 697 2397 745 elementorum
2440 700 2643 763 primam

527 777 694 824 mundi
717 787 903 824 aetatem
928 777 1029 823 sine
1055 776 1156 840 lege
1178 786 1226 823 et
1251 776 1502 842 disciplina
1524 777 1752 824 incultam
1778 787 1824 824 et
1849 777 2020 824 rudem
2054 777 2179 825 bene
2210 778 2403 842 figurat,
2432 797 2537 844 quae
2570 782 2644 828 in-

526 858 671 904 fantia
708 857 878 904 mundi
915 867 1114 904 vocatur
1142 875 1155 902 .·
1187 866 1233 904 et
1272 856 1397 904 bene
1438 857 1636 905 infantia
1673 856 1882 904 necdum
1923 875 1979 906 ex
2017 858 2310 906 documento
2347 859 2462 923 legis
2499 860 2646 909 verba

524 939 609 984 Dei
657 938 862 986 formare
902 938 1086 997 valens,
1125 938 1247 985 sicut
1284 938 1488 986 infantes
1526 938 1747 985 nondum
1783 938 1916 1003 loqui
1957 939 2217 987 sufficiunt.
2245 940 2411 988 Deleta
2439 941 2539 989 liaec
2576 953 2646 990 est

524 1029 632 1066 aetas
664 1019 873 1077 diluvio,
908 1019 1029 1065 sicut
1060 1014 1228 1066 eorum
1267 1020 1497 1066 memoria
1527 1035 1632 1083 quae
1661 1019 1708 1065 in
1747 1019 1947 1067 infantia
1975 1029 2204 1084 geruntur
2233 1037 2319 1085 per
2351 1020 2645 1069 oblivionem

524 1098 760 1145 delentur..

588 1179 807 1226 Secunda
831 1189 941 1226 aetas
965 1179 1146 1228 diluvio
1169 1197 1269 1227 non
1293 1180 1496 1238 deletur,
1523 1196 1674 1244 quum
1699 1180 1901 1244 quisque
1926 1196 2096 1227 eorum
2121 1197 2226 1246 quae
2247 1181 2297 1228 in
2322 1181 2526 1246 pueritia
2547 1198 2647 1246 ges·

522 1262 634 1308 serit
662 1260 904 1308 recordari
931 1261 1102 1308 valeat.
1130 1265 1183 1308 In
1209 1262 1300 1309 hac
1323 1271 1458 1308 aetate
1482 1277 1593 1308 arca
1614 1261 1663 1307 in
1689 1261 1870 1308 diluvio
1898 1261 2060 1309 fideles
2086 1262 2413 1321 conservavit,
2440 1272 2487 1309 et
2509 1260 2646 1327 ¹quasi

521 1342 879 1389 firmamentum
898 1343 1033 1406 aquis
1049 1343 1385 1408 interpositum
1403 1359 1485 1389 eos
1505 1342 1565 1389 ab
1585 1343 1720 1406 aquis
1740 1342 1946 1407 desuper
1964 1342 2352 1408 compluentibus
2368 1352 2414 1389 et
2431 1342 2492 1390 ab
2511 1343 2646 1408 aquis

520 1424 716 1471 inferius
739 1423 1087 1471 inundantibus
1112 1423 1280 1470 illaesos
1302 1423 1578 1470 custodivit.

584 1506 738 1552 Tertia
756 1515 891 1552 aetate
914 1504 986 1551 lex
1013 1504 1125 1551 data
1150 1514 1220 1551 est
1235 1542 1246 1563 ,
1275 1521 1380 1568 quae
1405 1504 1587 1551 fluxum
1610 1504 1812 1551 carnalis
1835 1505 2233 1569 concupiscentiae
2257 1504 2319 1552 ab
2341 1505 2540 1569 antiquo
2565 1508 2648 1568 p0-'

520 1584 634 1647 pulo
660 1586 833 1631 timore
856 1601 1108 1648 poenarum
1134 1594 1402 1643 coerceret,
1429 1585 1552 1631 sicut
1574 1584 1652 1631 die
1676 1584 1814 1632 tertia
1837 1584 1898 1631 ab
1928 1584 2235 1632 inferioribus
2264 1586 2398 1650 aquis
2426 1595 2551 1632 terra
2576 1594 2647 1632 est

519 1675 797 1724 exonerata,
822 1675 869 1710 et
897 1665 1057 1711 statim
1093 1665 1364 1728 germinans
1391 1675 1631 1711 terrenam
1656 1664 1876 1712 sobolem
1901 1666 1951 1711 in
1976 1665 2139 1713 herbis
2172 1675 2219 1713 et
2248 1665 2508 1712 arboribus
2531 1662 2646 1731 pro'-

519 1743 675 1803 duxit,
702 1744 814 1808 quia
836 1744 1042 1808 populus
1064 1745 1288 1809 antiquus
1307 1754 1496 1791 terrena
1513 1745 1673 1809 potius
1693 1761 1840 1809 quam
1857 1744 2065 1795 coelestia
2087 1745 2382 1804 desiderans,
2405 1754 2646 1792 terrenam

518 1828 700 1891 accepit
739 1828 1138 1891 promissionem,
1181 1837 1227 1874 et
1275 1828 1477 1874 terrenis
1521 1828 1725 1875 maxime
1768 1827 2015 1875 desideriis
2043 1828 2332 1888 adhaerens,
2373 1829 2526 1893 quasi·
2548 1838 2644 1875 ter-

517 1924 631 1953 rena
664 1908 907 1969 generatio
932 1907 1019 1954 suit
1037 1945 1048 1966 ,
1077 1917 1220 1971 atque
1245 1917 1380 1955 terrae
1405 1917 1534 1954 totus
1558 1907 1795 1966 innitens,
1822 1917 1870 1954 et
1891 1907 1940 1953 in
1963 1908 2164 1954 terrenis
2188 1908 2337 1955 vitam
2367 1924 2504 1955 suam
2532 1925 2647 1955 con-

517 1990 733 2036 stituens.

581 2074 761 2128 Quarta
784 2070 860 2117 die
885 2071 1008 2117 facta
1029 2071 1284 2119 luminaria
1310 2071 1468 2118 lucem
1501 2071 1848 2136 prophetarum
1880 2081 1990 2136 post
2017 2071 2172 2134 legem
2199 2070 2468 2135 significant
2503 2070 2645 2135 longe

517 2150 725 2213 apertius
748 2149 808 2195 de
831 2149 1019 2196 Christo
1052 2150 1356 2213 loquentium
1378 2167 1523 2214 quam
1547 2150 1620 2197 lex
1643 2151 1841 2214 antiqua
1870 2150 2069 2209 fecerat,
2101 2151 2223 2197 sicut
2256 2150 2372 2196 dicit
2406 2151 2575 2198 Daniel
2591 2155 2602 2178 ¹
2620 2163 2640 2199 ἐ

520 2250 542 2275 r<
567 2230 927 2277 Perti-ansibunt
950 2230 1143 2295 plurimi
1165 2241 1212 2277 et
1230 2231 1478 2296 multiplex
1500 2231 1590 2278 erit
1618 2231 1813 2278 scientia
1847 2240 1945 2278 tam
1980 2231 2030 2277 in
2065 2231 2203 2289 viris,
2230 2241 2282 2277 ut
2313 2231 2362 2277 in
2397 2231 2641 2291 Samuele,

518 2312 728 2371 Nathan,
755 2328 901 2375 quam
929 2311 978 2357 in
1004 2311 1191 2357 seminis
1217 2311 1339 2358 sicut
1361 2312 1410 2357 in
1434 2314 1587 2358 Anna.
1615 2330 1638 2355 »
1673 2311 1869 2375 Proprie
1893 2327 2101 2375 namque
2124 2327 2152 2358 a
2174 2320 2392 2375 tempore
2416 2310 2646 2358 Samuelis

516 2402 704 2455 tempus
726 2391 1074 2455 prophetarum
1096 2391 1299 2455 incepit,
1326 2392 1447 2437 sicut
1469 2392 1517 2437 in
1541 2390 1736 2437 Actibus
1765 2390 2107 2455 Apostolorum
2123 2427 2134 2448 ,
2162 2389 2245 2436 ubi
2266 2390 2499 2454 scriptum
2522 2391 2641 2438 est’:

521 2492 542 2516 «
565 2476 620 2518 Et
642 2488 810 2518 omnes
833 2471 1079 2536 prophetae
1101 2487 1125 2517 a
1150 2470 1340 2518 Samuel
1369 2480 1416 2517 et
1449 2471 1699 2536 deinceps,
1725 2481 1840 2530 etc.,
1862 2490 1886 2515 »
1913 2470 2164 2534 diligenter
2195 2470 2491 2535 exprimitur.
2518 2470 2645 2519 Beda

516 2553 659 2599 etiam
684 2562 959 2610 attestante,
986 2551 1104 2598 dum
1132 2551 1294 2597 locum
1322 2550 1458 2597 illum
1487 2560 1747 2615 exponeret
1772 2550 1936 2598 dicens
1959 2569 1968 2597 :
1996 2550 2266 2608 «Quamvis
2293 2549 2574 2614 patriarchae
2598 2560 2646 2597 et

516 2634 667 2680 sancti
691 2634 909 2698 priorum
930 2642 1205 2697 temporum
1228 2631 1375 2678 multa
1395 2631 1456 2678 de
1475 2631 1665 2679 Christo
1684 2631 1822 2679 dictis
1845 2631 2074 2696 factisque
2093 2630 2503 2696 prophetaverint,
2523 2640 2644 2677 tem-

517 2731 607 2778 pus
629 2724 789 2760 tamen
813 2713 1007 2778 proprie
1022 2713 1400 2778 prophetarum,
1427 2729 1596 2759 eorum
1619 2712 1729 2759 dico
1752 2712 1918 2777 quide
1941 2712 2114 2759 Christi
2142 2711 2445 2775 ecclesiaeque
2468 2713 2650 2775 myste-⁴

519 2794 591 2839 rio
615 2793 863 2839 manifeste
885 2793 1193 2857 scripserunt,
1216 2809 1243 2838 a
1259 2792 1476 2839 Samuele
1499 2792 1749 2839 exordium
1772 2792 1996 2857 sumpsit,
2022 2802 2069 2839 et
2090 2807 2241 2856 usque
2263 2789 2325 2837 ad
2346 2789 2649 2854 Babylonicae

519 2874 804 2939 captivitatis
829 2873 1121 2920 solutionem
1143 2874 1421 2938 permansit.
1446 2892 1468 2916 »

585 2955 764 3011 Quinta
787 2964 896 3000 aetas
918 2954 1053 3017 quasi
1075 2954 1262 3000 senium
1284 2953 1480 3012 mundi,
1507 2953 1747 3000 defectum
1769 2953 2118 3018 praeteritorum
2140 2951 2384 2998 bonorum
2406 2950 2638 3014 designat,

522 3053 671 3100 quum
689 3036 787 3099 jam
818 3034 1096 3100 patriarchae
1125 3044 1171 3081 et
1201 3034 1447 3099 prophetae
1478 3036 1835 3099 praeteriissent,
1866 3045 2008 3099 atque
2035 3033 2200 3080 unctio
2231 3032 2293 3080 ad
2329 3032 2641 3095 alienigenam

522 3115 874 3174 transferretur,
899 3131 996 3161 non
1017 3115 1118 3178 jam
1141 3115 1344 3179 pristino
1369 3115 1463 3161 ritu
1488 3113 1773 3162 sacrificium
1796 3114 2134 3172 celebraretur,
2161 3111 2295 3177 quod
2318 3112 2461 3159 etiam
2489 3110 2647 3174 Baby-.

519 3194 676 3242 lonica
701 3195 947 3259 captivitas
970 3194 1244 3242 abstulerat.
1275 3198 1328 3241 In
1350 3194 1446 3241 hoc
1468 3195 1665 3259 quidem
1686 3195 1820 3242 senio
1839 3195 1939 3259 jam
1963 3193 2148 3241 mundo
2171 3192 2504 3256 languescente
2528 3190 2643 3237 mis·

521 3291 599 3322 sus
623 3284 693 3322 est
716 3275 950 3334 Salvator,
976 3275 1058 3339 qui
1087 3285 1297 3322 veterem
1330 3264 1599 3339 renovaret*
1618 3274 1892 3335 hominem,
1916 3274 2210 3340 baptismum
2243 3270 2520 3337 praedicaret
2547 3288 2558 3316 z
2590 3270 2641 3317 in

567 3451 575 3468 ⁴
603 3452 703 3489 Dan„
721 3461 794 3495 cap.
814 3463 858 3485 xn
871 3478 879 3493 ‚
897 3464 927 3485 v.
948 3454 977 3487 l.
996 3470 1032 3476 --·
1050 3452 1062 3468 ²
1076 3453 1147 3486 Act.
1165 3453 1291 3494 Apost,
1308 3463 1381 3497 cap.
1401 3465 1454 3495 ιιι,
1475 3465 1506 3486 v.
1523 3454 1577 3486 234,
