2840 4178
1274 380 1499 410 -v—

306 482 518 553 plurimi
545 476 847 533 sermonum
860 479 1081 530 istorum
1094 476 1152 527 in
1173 475 1335 527 alium
1356 494 1576 546 quoque
1595 494 1750 527 usum
1770 487 1909 528 certe
1928 473 2174 528 destinati
2193 474 2420 541 fuerint;

304 593 449 634 sexto
462 579 714 652 Epistola
737 578 814 630 ad
830 577 1019 628 divum
1039 551 1372 627 Bernardum
1388 615 1401 640 ‚
1427 576 1515 627 cui
1536 575 1713 627 locum
1735 574 1884 627 dedit
1901 593 2041 628 unus
2066 593 2130 627 ex
2154 576 2426 648 prioribus

305 680 668 743 sermonibus3
717 677 941 749 septimo
980 675 1265 747 Eoepositio
1293 675 1349 726 in
1374 675 1741 738 Hexameron,
1786 676 1893 728 sive
1928 677 1984 728 in
2014 675 2291 729 exordium
2324 678 2426 729 Ge-

303 803 487 837 neseos
505 824 517 848 ,
556 800 716 854 quam
750 798 804 833 se
841 779 1108 851 scripsisse
1144 778 1217 830 ait
1244 776 1554 830 Abaelardus
1592 789 1653 830 ut
1687 796 1888 829 morem
1938 790 2141 848 gereret
2178 779 2426 831 Heloissae

303 896 356 936 et
382 885 495 956 ejus
519 882 757 946 filiabus;
786 892 969 934 octavo
1001 879 1157 931 Fidei
1192 879 1449 947 cotffessio
1484 879 1561 930 ad
1593 879 1926 942 Heloissam,
1963 897 2083 930 cum
2105 879 2422 950 quibusdam

303 987 417 1039 aliis
438 984 726 1057 opusculis.
1185 1055 1189 1059 .

373 1087 445 1140 Ut
476 1098 650 1139 autem
680 1085 768 1137 hic
800 1084 979 1137 omnia
1011 1083 1177 1136 lector
1201 1082 1393 1135 habeat
1412 1100 1532 1154 quae
1553 1082 1827 1134 historiam
1858 1080 2150 1147 Abaelardi,
2178 1083 2425 1135 Heloissae

302 1201 355 1242 et
386 1187 624 1241 Paracliti
662 1186 952 1250 illustrant,
995 1184 1272 1254 selegimus
1315 1194 1367 1236 et
1400 1183 1458 1235 in
1494 1183 1803 1255 Appendice
1834 1183 2027 1235 iterum
2058 1183 2200 1255 typis
2237 1183 2424 1235 excudi

300 1289 564 1343 voluimus
593 1288 757 1340 multa
782 1287 908 1339 illuc
940 1286 1258 1359 pertinentia
1277 1326 1290 1351 ,
1319 1304 1439 1356 quae
1457 1285 1564 1357 jam
1596 1283 1835 1337 ediderat
1865 1284 2205 1350 Amboesius‚
2232 1286 2428 1338 seilicet

304 1390 608 1462 Epistolam
641 1388 896 1442 Falconis
912 1392 929 1453 ,⁷
940 1387 1146 1459 prioris
1171 1387 1234 1438 de
1263 1385 1538 1457 Diogill0;
1563 1385 1832 1456 Elegiam,
1859 1404 1966 1456 qua
1992 1386 2245 1438 Hilarius
2276 1387 2429 1437 Petri

302 1490 586 1545 Abaelardi
602 1490 898 1562 discipulus
913 1489 1135 1561 plangit
1157 1506 1415 1539 recessum
1420 1486 1767 1558 praeceptoris
1784 1486 1874 1538 sui
1885 1505 1952 1538 ex
1967 1487 2279 1550 Paraclit0;
2295 1507 2426 1558 qua-

304 1604 424 1645 tuor
457 1592 738 1663 Epistolas
771 1590 925 1642 Petri
959 1588 1293 1640 Venerabilis
1319 1599 1370 1639 et
1392 1587 1656 1639 Heloissae
1681 1587 1744 1638 de
1773 1597 1938 1639 morte
1961 1587 2246 1639 Abaelardi
2279 1600 2328 1639 et
2365 1590 2427 1639 de

283 1690 416 1758 filio
431 1690 750 1742 Astralabio
761 1710 784 1752 ,·
800 1687 1106 1760 Epitaphia
1119 1686 1404 1739 Abaelardi
1420 1697 1471 1738 et
1483 1685 1746 1737 Heloissae
1760 1705 1783 1748 ,·
1798 1685 2034 1738 Litteras
2055 1696 2107 1737 et
2127 1686 2424 1758 diplomata

302 1809 625 1843 summorum
666 1789 991 1859 Pontificum
1027 1788 1103 1839 ad
1135 1787 1442 1839 Heloissam
1476 1786 1750 1837 Paracliti
1793 1786 2123 1838 abbatissam
2139 1807 2160 1849 ‚·
2192 1786 2425 1858 denique

301 1893 486 1945 seriem
511 1891 927 1943 Abbatissarum
952 1889 1410 1942 paraclitensiam
1427 1929 1440 1953 ‚
1464 1906 1624 1959 quam
1651 1887 1853 1959 praebet
1883 1888 2071 1941 Gallia
2105 1888 2425 1941 Christiana

301 1993 651 2046 Amboesiana
678 1993 1006 2065 ampliorem.

371 2095 494 2146 Haec
529 2105 653 2147 sunt
689 2113 808 2166 quae
852 2094 1002 2166 prior
1048 2093 1135 2145 hic
1180 2103 1354 2145 tomus
1394 2091 1745 2163 amplectitur.
1798 2093 1858 2143 In
1912 2093 2192 2164 posteriori
2241 2114 2428 2164 agmen

301 2206 418 2266 aget
441 2196 778 2249 Introductio
810 2195 888 2260 ad
939 2195 991 2246 T
985 2193 1316 2265 heologiam,
1347 2211 1509 2264 quam
1547 2212 1669 2245 mox
1705 2194 2016 2264 insequetur
2063 2194 2313 2265 Epistola
2356 2195 2432 2245 acl

306 2296 375 2349 G.
407 2298 734 2369 Episcopum
759 2296 1142 2360 Parisiensem,
1172 2314 1279 2366 qua
1303 2295 1757 2347 Introductionem
1779 2294 2088 2347 Abaelardus
2101 2307 2284 2347 contra
2297 2297 2427 2347 Ros-

301 2398 548 2451 eellinum
573 2401 827 2452 acerrime
857 2410 1055 2451 tuetur.
1089 2399 1274 2450 Postea
1299 2398 1515 2449 venient
1551 2397 1983 2449 Commentarius
2024 2398 2078 2449 in
2120 2397 2426 2468 Epistolam

301 2499 461 2551 Beati
496 2499 668 2551 Pauli
706 2500 783 2551 ad
819 2499 1117 2564 Romanos,
1161 2499 1213 2550 T
1207 2497 1453 2568 heologia
1482 2497 1805 2549 Christiana
1825 2539 1837 2562 ,
1874 2497 2105 2562 Etlzica‚
2134 2517 2226 2550 seu
2259 2499 2425 2550 liber:

303 2599 451 2652 Scito
478 2611 527 2651 te
555 2600 730 2671 ipsum
750 2641 762 2665 ,
786 2599 1055 2671 Dialogus
1081 2598 1218 2650 inter
1231 2597 1643 2670 philosophum,
1672 2598 1923 2650 Judaeum
1944 2610 1994 2650 et
2024 2598 2420 2663 Christianum,

302 2700 573 2768 Professio
581 2699 724 2770 fidei
746 2700 902 2771 longe
928 2698 1133 2752 diversa
1153 2698 1221 2751 ab
1247 2698 1335 2750 illa
1360 2717 1520 2769 quam
1545 2698 1754 2770 scripsit
1777 2696 1845 2750 ad
1871 2698 2161 2751 Heloissam
2176 2740 2201 2769 ,ζ
2214 2718 2424 2753 necnon

302 2799 543 2871 quaedam
558 2800 908 2872 Fragmenta.
926 2801 1036 2854 Nec
1051 2799 1220 2853 deerit
1239 2800 1324 2852 isti
1337 2818 1556 2871 quoque
1569 2799 1824 2851 volumini
1850 2800 2143 2871 Appendioe
2163 2803 2302 2854 varia
2316 2822 2426 2855 non

247 2936 253 2941 ·
301 2904 450 2975 parvi
473 2903 722 2956 momenti
744 2903 1022 2956 continens
1045 2903 1361 2978 :Epitomgm
1390 2902 1440 2953 T
1436 2901 1691 2973 lzeologioe
1717 2901 2048 2954 Christianae
2066 2943 2078 2966 ‚
2104 2921 2222 2973 quae
2248 2905 2426 2957 saltem

301 3002 565 3056 Abaelardi
590 2974 1098 3068 doctrinam‘refert3
1127 3002 1524 3074 Propositiones
1553 3002 1611 3053 in
1643 3002 1936 3055 Senonensi
1962 3003 2187 3057 concilio
2213 3003 2426 3058 damna-

300 3115 377 3157 tas
396 3124 408 3170 ;
433 3105 843 3177 Apologeticum
861 3101 1126 3156 Abaelardi
1144 3122 1174 3155 a
1194 3100 1457 3174 discipulo
1481 3101 1796 3173 Berengario
1817 3103 2124 3156 Pictaviensi
2151 3106 2423 3178 scriptum.

302 3207 548 3277 Denique
566 3207 664 3260 toti
686 3205 836 3278 operi
870 3203 1261 3276 subjungentur
1286 3202 1487 3256 indices
1511 3222 1688 3256 rerum
1710 3215 1760 3256 et
1791 3206 2080 3275 praesertim
2115 3208 2392 3259 nominum
2413 3250 2424 3271 ‚

303 3307 360 3358 in
382 3325 566 3360 eorum
596 3325 752 3359 usum
773 3305 1017 3378 inprimis
1037 3304 1338 3357 concinnati
1363 3305 1459 3375 qui
1486 3304 1618 3356 scire
1645 3305 1874 3375 gestiunt
1906 3324 2024 3376 quae
2051 3306 2242 3379 scripta
2261 3349 2273 3373 ‚
2297 3309 2429 3360 anti-

304 3425 410 3478 qua
432 3407 515 3460 vel
544 3407 835 3460 recentiora
853 3446 867 3471 ,
901 3406 959 3458 in
994 3404 1239 3459 manibus
1274 3402 1551 3457 doctorum
1581 3403 1857 3457 hominum
1887 3403 2203 3460 duodecimo
2235 3409 2425 3460 saeculo
