<?xml version="1.0" encoding="UTF-8"?>
<!DOCTYPE html PUBLIC "-//W3C//DTD XHTML 1.0 Transitional//EN"
    "http://www.w3.org/TR/xhtml1/DTD/xhtml1-transitional.dtd">
<html xmlns="http://www.w3.org/1999/xhtml" xml:lang="en" lang="en">
 <head>
  <title>
</title>
<meta http-equiv="Content-Type" content="text/html;charset=utf-8" />
  <meta name='ocr-system' content='tesseract 3.04.00' />
  <meta name='ocr-capabilities' content='ocr_page ocr_carea ocr_par ocr_line ocrx_word'/>
</head>
<body>
  <div class='ocr_page' id='page_1' title='image "./operahactenusseo01abeluoft_0453.png"; bbox 0 0 2970 4152; ppageno 0'>
   <div class='ocr_carea' id='block_1_1' title="bbox 950 366 2450 417">
    <p class='ocr_par' dir='ltr' id='par_1_1' title="bbox 950 366 2450 417">
     <span class='ocr_line' id='line_1_1' title="bbox 950 366 2450 417; baseline -0.001 -1"><span class='ocrx_word' id='word_1_1' title='bbox 950 370 1008 417; x_wconf 90' lang='lat' dir='ltr'>IN</span> <span class='ocrx_word' id='word_1_2' title='bbox 1041 367 1324 416; x_wconf 82' lang='lat' dir='ltr'>PASSIONE</span> <span class='ocrx_word' id='word_1_3' title='bbox 1357 366 1568 415; x_wconf 80' lang='lat' dir='ltr'>DOMINI</span> <span class='ocrx_word' id='word_1_4' title='bbox 1603 366 1819 414; x_wconf 85' lang='lat' dir='ltr'>SERMO.</span> <span class='ocrx_word' id='word_1_5' title='bbox 2352 368 2450 414; x_wconf 67' lang='lat'>439</span> 
     </span>
    </p>
   </div>
   <div class='ocr_carea' id='block_1_2' title="bbox 322 459 2517 2303">
    <p class='ocr_par' dir='ltr' id='par_1_2' title="bbox 322 459 2458 1017">
     <span class='ocr_line' id='line_1_2' title="bbox 322 459 2454 529; baseline -0.005 -12"><span class='ocrx_word' id='word_1_6' title='bbox 322 480 368 518; x_wconf 93' lang='lat' dir='ltr'>et</span> <span class='ocrx_word' id='word_1_7' title='bbox 386 469 490 517; x_wconf 87' lang='lat' dir='ltr'>iniit</span> <span class='ocrx_word' id='word_1_8' title='bbox 505 483 615 515; x_wconf 90' lang='lat' dir='ltr'>cum</span> <span class='ocrx_word' id='word_1_9' title='bbox 637 465 704 512; x_wconf 93' lang='lat' dir='ltr'>eis</span> <span class='ocrx_word' id='word_1_10' title='bbox 719 472 913 529; x_wconf 89' lang='lat' dir='ltr'>pactum</span> <span class='ocrx_word' id='word_1_11' title='bbox 926 498 938 522; x_wconf 91' lang='lat'>,</span> <span class='ocrx_word' id='word_1_12' title='bbox 960 472 1012 510; x_wconf 89' lang='lat' dir='ltr'>ut</span> <span class='ocrx_word' id='word_1_13' title='bbox 1030 479 1119 528; x_wconf 90' lang='lat' dir='ltr'>pro</span> <span class='ocrx_word' id='word_1_14' title='bbox 1138 462 1330 526; x_wconf 87' lang='lat' dir='ltr'>triginta</span> <span class='ocrx_word' id='word_1_15' title='bbox 1349 461 1581 524; x_wconf 80' lang='lat' dir='ltr'>argenteis</span> <span class='ocrx_word' id='word_1_16' title='bbox 1605 464 1765 528; x_wconf 7' lang='lat' dir='ltr'>Jbesum</span> <span class='ocrx_word' id='word_1_17' title='bbox 1789 461 1995 508; x_wconf 87' lang='lat' dir='ltr'>traderet</span> <span class='ocrx_word' id='word_1_18' title='bbox 2013 459 2117 507; x_wconf 89' lang='lat' dir='ltr'>illis.</span> <span class='ocrx_word' id='word_1_19' title='bbox 2139 462 2300 518; x_wconf 87' lang='lat' dir='ltr'>Quum</span> <span class='ocrx_word' id='word_1_20' title='bbox 2328 462 2454 508; x_wconf 88' lang='lat' dir='ltr'>enim</span> 
     </span>
     <span class='ocr_line' id='line_1_3' title="bbox 323 541 2456 608; baseline -0.004 -12"><span class='ocrx_word' id='word_1_21' title='bbox 323 549 556 598; x_wconf 78' lang='lat' dir='ltr'><strong>retulisset</strong></span> <span class='ocrx_word' id='word_1_22' title='bbox 573 545 820 595; x_wconf 75' lang='lat' dir='ltr'>Matthaeus</span> <span class='ocrx_word' id='word_1_23' title='bbox 834 580 846 604; x_wconf 92' lang='lat'>,</span> <span class='ocrx_word' id='word_1_24' title='bbox 869 543 1132 591; x_wconf 90' lang='lat' dir='ltr'>Dominum</span> <span class='ocrx_word' id='word_1_25' title='bbox 1157 541 1450 608; x_wconf 84' lang='lat' dir='ltr'>approbasse</span> <span class='ocrx_word' id='word_1_26' title='bbox 1473 541 1757 589; x_wconf 75' lang='lat' dir='ltr'>effusionem</span> <span class='ocrx_word' id='word_1_27' title='bbox 1783 542 2011 606; x_wconf 86' lang='lat' dir='ltr'>unguenti</span> <span class='ocrx_word' id='word_1_28' title='bbox 2035 557 2177 606; x_wconf 90' lang='lat' dir='ltr'>super</span> <span class='ocrx_word' id='word_1_29' title='bbox 2195 551 2338 606; x_wconf 89' lang='lat' dir='ltr'>caput</span> <span class='ocrx_word' id='word_1_30' title='bbox 2356 541 2456 604; x_wconf 88' lang='lat' dir='ltr'>ejus</span> 
     </span>
     <span class='ocr_line' id='line_1_4' title="bbox 323 621 2458 695; baseline -0.004 -17"><span class='ocrx_word' id='word_1_31' title='bbox 323 647 351 678; x_wconf 90' lang='lat' dir='ltr'>a</span> <span class='ocrx_word' id='word_1_32' title='bbox 375 630 572 678; x_wconf 90' lang='lat' dir='ltr'>muliere</span> <span class='ocrx_word' id='word_1_33' title='bbox 606 628 802 686; x_wconf 88' lang='lat' dir='ltr'>factam,</span> <span class='ocrx_word' id='word_1_34' title='bbox 832 625 990 672; x_wconf 87' lang='lat' dir='ltr'>statim</span> <span class='ocrx_word' id='word_1_35' title='bbox 1014 624 1255 688; x_wconf 77' lang='lat' dir='ltr'>adjunxit¹</span> <span class='ocrx_word' id='word_1_36' title='bbox 1279 641 1288 669; x_wconf 77' lang='grc' dir='ltr'>ε</span> <span class='ocrx_word' id='word_1_37' title='bbox 1317 642 1339 668; x_wconf 72' lang='grc' dir='ltr'>ι(</span> <span class='ocrx_word' id='word_1_38' title='bbox 1359 625 1506 695; x_wconf 48' lang='lat' dir='ltr'>Tunc.</span> <span class='ocrx_word' id='word_1_39' title='bbox 1517 621 1631 668; x_wconf 88' lang='lat' dir='ltr'>abiit</span> <span class='ocrx_word' id='word_1_40' title='bbox 1656 639 1779 669; x_wconf 92' lang='lat' dir='ltr'>unus</span> <span class='ocrx_word' id='word_1_41' title='bbox 1811 639 1868 670; x_wconf 85' lang='lat' dir='ltr'>ex</span> <span class='ocrx_word' id='word_1_42' title='bbox 1892 622 2149 670; x_wconf 88' lang='lat' dir='ltr'>duodecim</span> <span class='ocrx_word' id='word_1_43' title='bbox 2173 623 2256 687; x_wconf 92' lang='lat' dir='ltr'>qui</span> <span class='ocrx_word' id='word_1_44' title='bbox 2287 622 2458 669; x_wconf 88' lang='lat' dir='ltr'>dicitur</span> 
     </span>
     <span class='ocr_line' id='line_1_5' title="bbox 324 689 2456 771; baseline -0.004 -13"><span class='ocrx_word' id='word_1_45' title='bbox 324 710 470 757; x_wconf 88' lang='lat' dir='ltr'>Judas</span> <span class='ocrx_word' id='word_1_46' title='bbox 486 746 498 769; x_wconf 92' lang='lat'>,</span> <span class='ocrx_word' id='word_1_47' title='bbox 527 719 618 757; x_wconf 90' lang='lat' dir='ltr'>etc.</span> <span class='ocrx_word' id='word_1_48' title='bbox 645 727 670 753; x_wconf 70' lang='lat'>³&gt;</span> <span class='ocrx_word' id='word_1_49' title='bbox 698 711 753 754; x_wconf 89' lang='lat' dir='ltr'>In</span> <span class='ocrx_word' id='word_1_50' title='bbox 778 722 876 771; x_wconf 90' lang='lat' dir='ltr'>quo</span> <span class='ocrx_word' id='word_1_51' title='bbox 901 715 948 752; x_wconf 93' lang='lat' dir='ltr'>et</span> <span class='ocrx_word' id='word_1_52' title='bbox 971 708 1159 752; x_wconf 85' lang='lat' dir='ltr'>Marcus</span> <span class='ocrx_word' id='word_1_53' title='bbox 1192 703 1406 751; x_wconf 90' lang='lat' dir='ltr'>similiter</span> <span class='ocrx_word' id='word_1_54' title='bbox 1440 703 1690 749; x_wconf 84' lang='lat' dir='ltr'>consentit.</span> <span class='ocrx_word' id='word_1_55' title='bbox 1718 702 1863 760; x_wconf 91' lang='lat' dir='ltr'>Quod</span> <span class='ocrx_word' id='word_1_56' title='bbox 1888 720 2000 767; x_wconf 86' lang='lat' dir='ltr'>ergo</span> <span class='ocrx_word' id='word_1_57' title='bbox 2026 689 2213 767; x_wconf 81' lang='lat' dir='ltr'>utrique</span> <span class='ocrx_word' id='word_1_58' title='bbox 2238 713 2352 750; x_wconf 91' lang='lat' dir='ltr'>tunc</span> <span class='ocrx_word' id='word_1_59' title='bbox 2377 707 2456 750; x_wconf 84' lang='lat' dir='ltr'>Ju-</span> 
     </span>
     <span class='ocr_line' id='line_1_6' title="bbox 325 783 2457 852; baseline -0.003 -14"><span class='ocrx_word' id='word_1_60' title='bbox 325 791 438 838; x_wconf 91' lang='lat' dir='ltr'>dam</span> <span class='ocrx_word' id='word_1_61' title='bbox 462 790 524 838; x_wconf 87' lang='lat' dir='ltr'>ad</span> <span class='ocrx_word' id='word_1_62' title='bbox 548 790 641 837; x_wconf 92' lang='lat' dir='ltr'>hoc</span> <span class='ocrx_word' id='word_1_63' title='bbox 659 787 792 852; x_wconf 87' lang='lat' dir='ltr'>quod</span> <span class='ocrx_word' id='word_1_64' title='bbox 809 786 1013 834; x_wconf 85' lang='lat' dir='ltr'>diximus</span> <span class='ocrx_word' id='word_1_65' title='bbox 1038 786 1206 833; x_wconf 91' lang='lat' dir='ltr'>abiisse</span> <span class='ocrx_word' id='word_1_66' title='bbox 1226 784 1459 844; x_wconf 87' lang='lat' dir='ltr'>referunt,</span> <span class='ocrx_word' id='word_1_67' title='bbox 1489 784 1599 830; x_wconf 89' lang='lat' dir='ltr'>satis</span> <span class='ocrx_word' id='word_1_68' title='bbox 1624 783 1873 848; x_wconf 88' lang='lat' dir='ltr'>diligenter</span> <span class='ocrx_word' id='word_1_69' title='bbox 1891 784 2122 844; x_wconf 92' lang='lat' dir='ltr'>innuunt,</span> <span class='ocrx_word' id='word_1_70' title='bbox 2149 783 2211 831; x_wconf 91' lang='lat' dir='ltr'>ad</span> <span class='ocrx_word' id='word_1_71' title='bbox 2234 784 2329 831; x_wconf 94' lang='lat' dir='ltr'>hoc</span> <span class='ocrx_word' id='word_1_72' title='bbox 2347 801 2457 831; x_wconf 92' lang='lat' dir='ltr'>eum</span> 
     </span>
     <span class='ocr_line' id='line_1_7' title="bbox 325 864 2455 932; baseline -0.004 -13"><span class='ocrx_word' id='word_1_73' title='bbox 325 871 437 919; x_wconf 90' lang='lat' dir='ltr'>inde</span> <span class='ocrx_word' id='word_1_74' title='bbox 455 879 754 919; x_wconf 90' lang='lat' dir='ltr'>commotum</span> <span class='ocrx_word' id='word_1_75' title='bbox 779 869 921 916; x_wconf 90' lang='lat' dir='ltr'>fuisse</span> <span class='ocrx_word' id='word_1_76' title='bbox 942 877 1085 932; x_wconf 89' lang='lat' dir='ltr'>atque</span> <span class='ocrx_word' id='word_1_77' title='bbox 1108 867 1430 931; x_wconf 87' lang='lat' dir='ltr'>indignatum,</span> <span class='ocrx_word' id='word_1_78' title='bbox 1453 864 1585 930; x_wconf 92' lang='lat' dir='ltr'>quod</span> <span class='ocrx_word' id='word_1_79' title='bbox 1607 864 1698 912; x_wconf 87' lang='lat' dir='ltr'>hac</span> <span class='ocrx_word' id='word_1_80' title='bbox 1723 865 1864 912; x_wconf 89' lang='lat' dir='ltr'>etiam</span> <span class='ocrx_word' id='word_1_81' title='bbox 1884 865 1986 912; x_wconf 90' lang='lat' dir='ltr'>vice</span> <span class='ocrx_word' id='word_1_82' title='bbox 2004 864 2228 912; x_wconf 88' lang='lat' dir='ltr'>confusus</span> <span class='ocrx_word' id='word_1_83' title='bbox 2252 867 2455 931; x_wconf 89' lang='lat' dir='ltr'>pretium</span> 
     </span>
     <span class='ocr_line' id='line_1_8' title="bbox 326 948 1128 1017; baseline -0.005 -18"><span class='ocrx_word' id='word_1_84' title='bbox 326 952 559 1017; x_wconf 89' lang='lat' dir='ltr'>unguenti</span> <span class='ocrx_word' id='word_1_85' title='bbox 582 967 684 998; x_wconf 92' lang='lat' dir='ltr'>non</span> <span class='ocrx_word' id='word_1_86' title='bbox 714 950 870 1016; x_wconf 90' lang='lat' dir='ltr'>potuit</span> <span class='ocrx_word' id='word_1_87' title='bbox 895 948 1128 996; x_wconf 89' lang='lat' dir='ltr'>obtinere.</span> 
     </span>
    </p>

    <p class='ocr_par' dir='ltr' id='par_1_3' title="bbox 325 1026 2517 2303">
     <span class='ocr_line' id='line_1_9' title="bbox 390 1026 2459 1093; baseline -0.002 -14"><span class='ocrx_word' id='word_1_88' title='bbox 390 1032 518 1090; x_wconf 90' lang='lat' dir='ltr'>Quid</span> <span class='ocrx_word' id='word_1_89' title='bbox 534 1041 695 1079; x_wconf 89' lang='lat' dir='ltr'>autem</span> <span class='ocrx_word' id='word_1_90' title='bbox 712 1029 948 1077; x_wconf 91' lang='lat' dir='ltr'>Dominus</span> <span class='ocrx_word' id='word_1_91' title='bbox 973 1029 1140 1093; x_wconf 89' lang='lat' dir='ltr'>quinta</span> <span class='ocrx_word' id='word_1_92' title='bbox 1165 1028 1278 1076; x_wconf 86' lang='lat' dir='ltr'>feria</span> <span class='ocrx_word' id='word_1_93' title='bbox 1303 1028 1473 1092; x_wconf 90' lang='lat' dir='ltr'>egerit,</span> <span class='ocrx_word' id='word_1_94' title='bbox 1500 1026 1595 1074; x_wconf 92' lang='lat' dir='ltr'>hoc</span> <span class='ocrx_word' id='word_1_95' title='bbox 1624 1036 1693 1074; x_wconf 91' lang='lat' dir='ltr'>est</span> <span class='ocrx_word' id='word_1_96' title='bbox 1711 1026 1789 1073; x_wconf 92' lang='lat' dir='ltr'>die</span> <span class='ocrx_word' id='word_1_97' title='bbox 1805 1043 1973 1087; x_wconf 87' lang='lat' dir='ltr'>coenae,</span> <span class='ocrx_word' id='word_1_98' title='bbox 1995 1043 2091 1091; x_wconf 93' lang='lat' dir='ltr'>quo</span> <span class='ocrx_word' id='word_1_99' title='bbox 2111 1036 2240 1087; x_wconf 89' lang='lat' dir='ltr'>tunc,</span> <span class='ocrx_word' id='word_1_100' title='bbox 2271 1038 2321 1074; x_wconf 93' lang='lat' dir='ltr'>ut</span> <span class='ocrx_word' id='word_1_101' title='bbox 2343 1027 2459 1074; x_wconf 84' lang='lat' dir='ltr'>dixi-</span> 
     </span>
     <span class='ocr_line' id='line_1_10' title="bbox 326 1106 2453 1173; baseline -0.003 -14"><span class='ocrx_word' id='word_1_102' title='bbox 326 1129 449 1172; x_wconf 79' lang='lat' dir='ltr'>muS,</span> <span class='ocrx_word' id='word_1_103' title='bbox 472 1110 653 1159; x_wconf 84' lang='lat' dir='ltr'>Pascha</span> <span class='ocrx_word' id='word_1_104' title='bbox 671 1110 946 1158; x_wconf 81' lang='lat' dir='ltr'>Judaeorum</span> <span class='ocrx_word' id='word_1_105' title='bbox 964 1108 1187 1172; x_wconf 86' lang='lat' dir='ltr'>contigit,</span> <span class='ocrx_word' id='word_1_106' title='bbox 1215 1119 1262 1155; x_wconf 90' lang='lat' dir='ltr'>et</span> <span class='ocrx_word' id='word_1_107' title='bbox 1286 1108 1399 1173; x_wconf 91' lang='lat' dir='ltr'>ipsis</span> <span class='ocrx_word' id='word_1_108' title='bbox 1420 1117 1603 1154; x_wconf 86' lang='lat' dir='ltr'>certum</span> <span class='ocrx_word' id='word_1_109' title='bbox 1623 1116 1693 1154; x_wconf 91' lang='lat' dir='ltr'>est</span> <span class='ocrx_word' id='word_1_110' title='bbox 1716 1106 1990 1171; x_wconf 87' lang='lat' dir='ltr'>evangeliis,</span> <span class='ocrx_word' id='word_1_111' title='bbox 2012 1106 2093 1153; x_wconf 93' lang='lat' dir='ltr'>ubi</span> <span class='ocrx_word' id='word_1_112' title='bbox 2112 1108 2340 1172; x_wconf 86' lang='lat' dir='ltr'>scriptum</span> <span class='ocrx_word' id='word_1_113' title='bbox 2359 1117 2453 1154; x_wconf 90' lang='lat' dir='ltr'>est:</span> 
     </span>
     <span class='ocr_line' id='line_1_11' title="bbox 327 1184 2459 1254; baseline -0.001 -18"><span class='ocrx_word' id='word_1_114' title='bbox 327 1212 350 1236; x_wconf 88' lang='lat'><strong><em>«</em></strong></span> <span class='ocrx_word' id='word_1_115' title='bbox 366 1192 522 1239; x_wconf 90' lang='lat' dir='ltr'>Prima</span> <span class='ocrx_word' id='word_1_116' title='bbox 539 1200 700 1238; x_wconf 86' lang='lat' dir='ltr'>autem</span> <span class='ocrx_word' id='word_1_117' title='bbox 715 1190 793 1237; x_wconf 90' lang='lat' dir='ltr'>die</span> <span class='ocrx_word' id='word_1_118' title='bbox 818 1184 1114 1253; x_wconf 87' lang='lat' dir='ltr'>azymorum,</span> <span class='ocrx_word' id='word_1_119' title='bbox 1132 1198 1431 1236; x_wconf 88' lang='lat' dir='ltr'>accesserunt</span> <span class='ocrx_word' id='word_1_120' title='bbox 1447 1187 1665 1254; x_wconf 91' lang='lat' dir='ltr'>discipuli</span> <span class='ocrx_word' id='word_1_121' title='bbox 1683 1187 1745 1234; x_wconf 87' lang='lat' dir='ltr'>ad</span> <span class='ocrx_word' id='word_1_122' title='bbox 1764 1190 1950 1248; x_wconf 88' lang='lat' dir='ltr'>Jesum,</span> <span class='ocrx_word' id='word_1_123' title='bbox 1971 1186 2181 1235; x_wconf 88' lang='lat' dir='ltr'>dicentes</span> <span class='ocrx_word' id='word_1_124' title='bbox 2202 1206 2210 1234; x_wconf 94' lang='lat'><strong>:</strong></span> <span class='ocrx_word' id='word_1_125' title='bbox 2239 1207 2260 1232; x_wconf 90' lang='lat'>«</span> <span class='ocrx_word' id='word_1_126' title='bbox 2281 1187 2372 1234; x_wconf 88' lang='lat' dir='ltr'>Ubi</span> <span class='ocrx_word' id='word_1_127' title='bbox 2392 1188 2459 1235; x_wconf 92' lang='lat' dir='ltr'>vis</span> 
     </span>
     <span class='ocr_line' id='line_1_12' title="bbox 327 1267 2460 1336; baseline -0 -21"><span class='ocrx_word' id='word_1_128' title='bbox 327 1291 351 1316; x_wconf 91' lang='lat'>«</span> <span class='ocrx_word' id='word_1_129' title='bbox 367 1287 592 1336; x_wconf 91' lang='lat' dir='ltr'>paremus</span> <span class='ocrx_word' id='word_1_130' title='bbox 612 1270 697 1318; x_wconf 92' lang='lat' dir='ltr'>tibi</span> <span class='ocrx_word' id='word_1_131' title='bbox 713 1269 967 1318; x_wconf 83' lang='lat' dir='ltr'>comedere</span> <span class='ocrx_word' id='word_1_132' title='bbox 984 1269 1192 1334; x_wconf 82' lang='lat' dir='ltr'>pascha?</span> <span class='ocrx_word' id='word_1_133' title='bbox 1212 1288 1234 1313; x_wconf 76' lang='lat' dir='ltr'>n</span> <span class='ocrx_word' id='word_1_134' title='bbox 1260 1271 1318 1316; x_wconf 90' lang='lat' dir='ltr'>Et</span> <span class='ocrx_word' id='word_1_135' title='bbox 1334 1269 1458 1316; x_wconf 86' lang='lat' dir='ltr'>misit</span> <span class='ocrx_word' id='word_1_136' title='bbox 1478 1271 1668 1315; x_wconf 90' lang='lat' dir='ltr'>Petrum</span> <span class='ocrx_word' id='word_1_137' title='bbox 1689 1277 1736 1315; x_wconf 92' lang='lat' dir='ltr'>et</span> <span class='ocrx_word' id='word_1_138' title='bbox 1758 1270 2009 1327; x_wconf 86' lang='lat' dir='ltr'>Joannem,</span> <span class='ocrx_word' id='word_1_139' title='bbox 2028 1267 2190 1315; x_wconf 90' lang='lat' dir='ltr'>dicens</span> <span class='ocrx_word' id='word_1_140' title='bbox 2208 1286 2217 1313; x_wconf 92' lang='lat'>:</span> <span class='ocrx_word' id='word_1_141' title='bbox 2243 1287 2266 1311; x_wconf 92' lang='lat'>«</span> <span class='ocrx_word' id='word_1_142' title='bbox 2286 1270 2460 1314; x_wconf 82' lang='lat' dir='ltr'>Euntes</span> 
     </span>
     <span class='ocr_line' id='line_1_13' title="bbox 327 1348 2456 1417; baseline -0 -22"><span class='ocrx_word' id='word_1_143' title='bbox 327 1371 350 1396; x_wconf 92' lang='lat'>«</span> <span class='ocrx_word' id='word_1_144' title='bbox 369 1361 532 1417; x_wconf 76' lang='lat' dir='ltr'>parate</span> <span class='ocrx_word' id='word_1_145' title='bbox 552 1351 693 1398; x_wconf 90' lang='lat' dir='ltr'>nobis</span> <span class='ocrx_word' id='word_1_146' title='bbox 711 1350 905 1417; x_wconf 88' lang='lat' dir='ltr'>pascha,</span> <span class='ocrx_word' id='word_1_147' title='bbox 929 1360 980 1397; x_wconf 93' lang='lat' dir='ltr'>ut</span> <span class='ocrx_word' id='word_1_148' title='bbox 1004 1350 1400 1398; x_wconf 82' lang='lat' dir='ltr'>manducemus.»</span> <span class='ocrx_word' id='word_1_149' title='bbox 1422 1353 1474 1396; x_wconf 85' lang='lat' dir='ltr'>At</span> <span class='ocrx_word' id='word_1_150' title='bbox 1499 1348 1564 1395; x_wconf 91' lang='lat' dir='ltr'>illi</span> <span class='ocrx_word' id='word_1_151' title='bbox 1582 1348 1804 1396; x_wconf 85' lang='lat' dir='ltr'>dixerunt</span> <span class='ocrx_word' id='word_1_152' title='bbox 1826 1367 1836 1394; x_wconf 90' lang='lat'>:</span> <span class='ocrx_word' id='word_1_153' title='bbox 1861 1348 1989 1395; x_wconf 89' lang='lat' dir='ltr'>«Ubi</span> <span class='ocrx_word' id='word_1_154' title='bbox 2007 1349 2078 1396; x_wconf 92' lang='lat' dir='ltr'>vis</span> <span class='ocrx_word' id='word_1_155' title='bbox 2099 1348 2380 1414; x_wconf 80' lang='lat' dir='ltr'>paremus?»</span> <span class='ocrx_word' id='word_1_156' title='bbox 2404 1351 2456 1394; x_wconf 80' lang='lat' dir='ltr'>Et</span> 
     </span>
     <span class='ocr_line' id='line_1_14' title="bbox 325 1428 2457 1494; baseline -0.002 -15"><span class='ocrx_word' id='word_1_157' title='bbox 325 1431 443 1479; x_wconf 84' lang='lat' dir='ltr'>dixit</span> <span class='ocrx_word' id='word_1_158' title='bbox 455 1432 513 1479; x_wconf 89' lang='lat' dir='ltr'>ad</span> <span class='ocrx_word' id='word_1_159' title='bbox 533 1449 616 1480; x_wconf 93' lang='lat' dir='ltr'>eos</span> <span class='ocrx_word' id='word_1_160' title='bbox 640 1451 649 1479; x_wconf 90' lang='lat'><strong>:</strong></span> <span class='ocrx_word' id='word_1_161' title='bbox 671 1451 694 1477; x_wconf 90' lang='lat'>«</span> <span class='ocrx_word' id='word_1_162' title='bbox 707 1435 828 1479; x_wconf 90' lang='lat' dir='ltr'>Ecce</span> <span class='ocrx_word' id='word_1_163' title='bbox 844 1431 1196 1479; x_wconf 86' lang='lat' dir='ltr'>introeuntibus</span> <span class='ocrx_word' id='word_1_164' title='bbox 1205 1431 1347 1478; x_wconf 91' lang='lat' dir='ltr'>vobis·</span> <span class='ocrx_word' id='word_1_165' title='bbox 1355 1431 1609 1490; x_wconf 89' lang='lat' dir='ltr'>civitatem,</span> <span class='ocrx_word' id='word_1_166' title='bbox 1629 1439 1846 1477; x_wconf 81' lang='lat' dir='ltr'>occurret</span> <span class='ocrx_word' id='word_1_167' title='bbox 1863 1429 1998 1477; x_wconf 92' lang='lat' dir='ltr'>vobis</span> <span class='ocrx_word' id='word_1_168' title='bbox 2013 1429 2163 1476; x_wconf 92' lang='lat' dir='ltr'>homo</span> <span class='ocrx_word' id='word_1_169' title='bbox 2177 1428 2457 1494; x_wconf 85' lang='lat' dir='ltr'>amphoram</span> 
     </span>
     <span class='ocr_line' id='line_1_15' title="bbox 329 1508 2458 1579; baseline -0 -22"><span class='ocrx_word' id='word_1_170' title='bbox 329 1533 353 1558; x_wconf 88' lang='lat'>«</span> <span class='ocrx_word' id='word_1_171' title='bbox 374 1530 508 1578; x_wconf 88' lang='lat' dir='ltr'>aquae</span> <span class='ocrx_word' id='word_1_172' title='bbox 529 1523 744 1579; x_wconf 89' lang='lat' dir='ltr'>portans.</span> <span class='ocrx_word' id='word_1_173' title='bbox 775 1513 1039 1577; x_wconf 86' lang='lat' dir='ltr'>Sequimini</span> <span class='ocrx_word' id='word_1_174' title='bbox 1065 1529 1176 1560; x_wconf 91' lang='lat' dir='ltr'>eum</span> <span class='ocrx_word' id='word_1_175' title='bbox 1201 1513 1250 1559; x_wconf 90' lang='lat' dir='ltr'>in</span> <span class='ocrx_word' id='word_1_176' title='bbox 1274 1512 1476 1560; x_wconf 90' lang='lat' dir='ltr'>domum</span> <span class='ocrx_word' id='word_1_177' title='bbox 1500 1512 1547 1558; x_wconf 90' lang='lat' dir='ltr'>in</span> <span class='ocrx_word' id='word_1_178' title='bbox 1576 1528 1721 1576; x_wconf 88' lang='lat' dir='ltr'>quam</span> <span class='ocrx_word' id='word_1_179' title='bbox 1748 1512 1917 1571; x_wconf 85' lang='lat' dir='ltr'>intrat,</span> <span class='ocrx_word' id='word_1_180' title='bbox 1944 1521 1991 1559; x_wconf 89' lang='lat' dir='ltr'>et</span> <span class='ocrx_word' id='word_1_181' title='bbox 2015 1510 2181 1558; x_wconf 89' lang='lat' dir='ltr'>dicetis</span> <span class='ocrx_word' id='word_1_182' title='bbox 2205 1508 2458 1575; x_wconf 89' lang='lat' dir='ltr'>patrifami—</span> 
     </span>
     <span class='ocr_line' id='line_1_16' title="bbox 328 1591 2458 1658; baseline -0.001 -18"><span class='ocrx_word' id='word_1_183' title='bbox 328 1615 349 1639; x_wconf 90' lang='lat'>«</span> <span class='ocrx_word' id='word_1_184' title='bbox 371 1595 457 1642; x_wconf 86' lang='lat' dir='ltr'>lias</span> <span class='ocrx_word' id='word_1_185' title='bbox 473 1594 673 1642; x_wconf 90' lang='lat' dir='ltr'>domus:</span> <span class='ocrx_word' id='word_1_186' title='bbox 692 1594 816 1642; x_wconf 91' lang='lat' dir='ltr'>Dicit</span> <span class='ocrx_word' id='word_1_187' title='bbox 833 1594 918 1641; x_wconf 84' lang='lat' dir='ltr'>tibi</span> <span class='ocrx_word' id='word_1_188' title='bbox 936 1595 1182 1658; x_wconf 87' lang='lat' dir='ltr'>magister:</span> <span class='ocrx_word' id='word_1_189' title='bbox 1209 1615 1231 1640; x_wconf 68' lang='grc' dir='ltr'>«ι</span> <span class='ocrx_word' id='word_1_190' title='bbox 1246 1594 1338 1641; x_wconf 91' lang='lat' dir='ltr'>Ubi</span> <span class='ocrx_word' id='word_1_191' title='bbox 1353 1604 1421 1641; x_wconf 92' lang='lat' dir='ltr'>est</span> <span class='ocrx_word' id='word_1_192' title='bbox 1441 1593 1774 1653; x_wconf 86' lang='lat' dir='ltr'>diversorium,</span> <span class='ocrx_word' id='word_1_193' title='bbox 1791 1592 1874 1640; x_wconf 89' lang='lat' dir='ltr'>ubi</span> <span class='ocrx_word' id='word_1_194' title='bbox 1894 1592 2070 1658; x_wconf 90' lang='lat' dir='ltr'>pascha</span> <span class='ocrx_word' id='word_1_195' title='bbox 2086 1608 2198 1639; x_wconf 93' lang='lat' dir='ltr'>cum</span> <span class='ocrx_word' id='word_1_196' title='bbox 2216 1591 2458 1656; x_wconf 83' lang='lat' dir='ltr'>discipulis</span> 
     </span>
     <span class='ocr_line' id='line_1_17' title="bbox 329 1671 2457 1739; baseline -0.001 -20"><span class='ocrx_word' id='word_1_197' title='bbox 329 1694 354 1720; x_wconf 88' lang='lat'>«</span> <span class='ocrx_word' id='word_1_198' title='bbox 373 1675 491 1722; x_wconf 91' lang='lat' dir='ltr'>meis</span> <span class='ocrx_word' id='word_1_199' title='bbox 509 1675 830 1722; x_wconf 77' lang='lat' dir='ltr'>manducem?</span> <span class='ocrx_word' id='word_1_200' title='bbox 847 1694 870 1719; x_wconf 91' lang='lat'>»</span> <span class='ocrx_word' id='word_1_201' title='bbox 899 1677 957 1721; x_wconf 92' lang='lat' dir='ltr'>Et</span> <span class='ocrx_word' id='word_1_202' title='bbox 976 1675 1078 1739; x_wconf 91' lang='lat' dir='ltr'>ipse</span> <span class='ocrx_word' id='word_1_203' title='bbox 1103 1674 1324 1722; x_wconf 89' lang='lat' dir='ltr'>ostendet</span> <span class='ocrx_word' id='word_1_204' title='bbox 1343 1674 1480 1721; x_wconf 89' lang='lat' dir='ltr'>vobis</span> <span class='ocrx_word' id='word_1_205' title='bbox 1504 1673 1803 1721; x_wconf 86' lang='lat' dir='ltr'>coenaculum</span> <span class='ocrx_word' id='word_1_206' title='bbox 1829 1689 2056 1737; x_wconf 89' lang='lat' dir='ltr'>magnum</span> <span class='ocrx_word' id='word_1_207' title='bbox 2081 1682 2302 1731; x_wconf 85' lang='lat' dir='ltr'>stratum,</span> <span class='ocrx_word' id='word_1_208' title='bbox 2326 1680 2372 1718; x_wconf 89' lang='lat' dir='ltr'>et</span> <span class='ocrx_word' id='word_1_209' title='bbox 2394 1671 2457 1718; x_wconf 88' lang='lat' dir='ltr'>ibi</span> 
     </span>
     <span class='ocr_line' id='line_1_18' title="bbox 329 1753 2457 1820; baseline 0 -22"><span class='ocrx_word' id='word_1_210' title='bbox 329 1775 351 1799; x_wconf 88' lang='lat'>«</span> <span class='ocrx_word' id='word_1_211' title='bbox 374 1765 588 1820; x_wconf 88' lang='lat' dir='ltr'>parate.»</span> <span class='ocrx_word' id='word_1_212' title='bbox 603 1758 781 1802; x_wconf 88' lang='lat' dir='ltr'>Euntes</span> <span class='ocrx_word' id='word_1_213' title='bbox 794 1764 954 1803; x_wconf 86' lang='lat' dir='ltr'>autem</span> <span class='ocrx_word' id='word_1_214' title='bbox 967 1756 1254 1802; x_wconf 89' lang='lat' dir='ltr'>invenerunt</span> <span class='ocrx_word' id='word_1_215' title='bbox 1269 1756 1391 1802; x_wconf 90' lang='lat' dir='ltr'>sicut</span> <span class='ocrx_word' id='word_1_216' title='bbox 1408 1754 1525 1802; x_wconf 85' lang='lat' dir='ltr'>dixit</span> <span class='ocrx_word' id='word_1_217' title='bbox 1543 1754 1649 1814; x_wconf 86' lang='lat' dir='ltr'>illis,</span> <span class='ocrx_word' id='word_1_218' title='bbox 1665 1765 1710 1801; x_wconf 86' lang='lat' dir='ltr'>et</span> <span class='ocrx_word' id='word_1_219' title='bbox 1723 1764 2010 1820; x_wconf 89' lang='lat' dir='ltr'>paraverunt</span> <span class='ocrx_word' id='word_1_220' title='bbox 2019 1753 2210 1818; x_wconf 86' lang='lat' dir='ltr'>pascha.</span> <span class='ocrx_word' id='word_1_221' title='bbox 2230 1756 2288 1800; x_wconf 91' lang='lat' dir='ltr'>Et</span> <span class='ocrx_word' id='word_1_222' title='bbox 2308 1770 2457 1818; x_wconf 91' lang='lat' dir='ltr'>quum</span> 
     </span>
     <span class='ocr_line' id='line_1_19' title="bbox 325 1834 2517 1901; baseline -0.001 -19"><span class='ocrx_word' id='word_1_223' title='bbox 325 1835 447 1883; x_wconf 84' lang='lat' dir='ltr'>facta</span> <span class='ocrx_word' id='word_1_224' title='bbox 479 1846 602 1883; x_wconf 90' lang='lat' dir='ltr'>esset</span> <span class='ocrx_word' id='word_1_225' title='bbox 636 1836 782 1897; x_wconf 87' lang='lat' dir='ltr'>hora,</span> <span class='ocrx_word' id='word_1_226' title='bbox 810 1836 1049 1884; x_wconf 90' lang='lat' dir='ltr'>discubuit</span> <span class='ocrx_word' id='word_1_227' title='bbox 1066 1873 1078 1896; x_wconf 93' lang='lat'>‚</span> <span class='ocrx_word' id='word_1_228' title='bbox 1106 1846 1152 1883; x_wconf 91' lang='lat' dir='ltr'>et</span> <span class='ocrx_word' id='word_1_229' title='bbox 1175 1835 1431 1884; x_wconf 86' lang='lat' dir='ltr'>duodecim</span> <span class='ocrx_word' id='word_1_230' title='bbox 1464 1835 1667 1901; x_wconf 87' lang='lat' dir='ltr'>apostoli</span> <span class='ocrx_word' id='word_1_231' title='bbox 1689 1852 1800 1883; x_wconf 90' lang='lat' dir='ltr'>cum</span> <span class='ocrx_word' id='word_1_232' title='bbox 1826 1852 1901 1882; x_wconf 90' lang='lat' dir='ltr'>eo.</span> <span class='ocrx_word' id='word_1_233' title='bbox 1926 1854 1949 1879; x_wconf 75' lang='grc' dir='ltr'><strong>υ</strong></span> <span class='ocrx_word' id='word_1_234' title='bbox 1977 1834 2226 1882; x_wconf 88' lang='lat' dir='ltr'>Discubuit</span> <span class='ocrx_word' id='word_1_235' title='bbox 2262 1834 2455 1899; x_wconf 85' lang='lat' dir='ltr'>quidem</span> <span class='ocrx_word' id='word_1_236' title='bbox 2513 1889 2517 1891; x_wconf 12' lang='grc' dir='ltr'><strong>Α</strong></span> 
     </span>
     <span class='ocr_line' id='line_1_20' title="bbox 326 1915 2460 1982; baseline -0.002 -18"><span class='ocrx_word' id='word_1_237' title='bbox 326 1916 387 1964; x_wconf 90' lang='lat' dir='ltr'>ad</span> <span class='ocrx_word' id='word_1_238' title='bbox 412 1926 547 1964; x_wconf 89' lang='lat' dir='ltr'>vetus</span> <span class='ocrx_word' id='word_1_239' title='bbox 572 1916 747 1982; x_wconf 90' lang='lat' dir='ltr'>pascha</span> <span class='ocrx_word' id='word_1_240' title='bbox 779 1918 936 1982; x_wconf 87' lang='lat' dir='ltr'>primo</span> <span class='ocrx_word' id='word_1_241' title='bbox 974 1916 1331 1964; x_wconf 91' lang='lat' dir='ltr'>celebrandum.</span> <span class='ocrx_word' id='word_1_242' title='bbox 1362 1915 1506 1974; x_wconf 91' lang='lat' dir='ltr'>Quod</span> <span class='ocrx_word' id='word_1_243' title='bbox 1543 1931 1657 1963; x_wconf 88' lang='lat' dir='ltr'>vero</span> <span class='ocrx_word' id='word_1_244' title='bbox 1690 1925 1786 1981; x_wconf 81' lang='lat' dir='ltr'>tam</span> <span class='ocrx_word' id='word_1_245' title='bbox 1820 1915 2065 1962; x_wconf 89' lang='lat' dir='ltr'>Matthaeus</span> <span class='ocrx_word' id='word_1_246' title='bbox 2095 1931 2240 1979; x_wconf 90' lang='lat' dir='ltr'>quam</span> <span class='ocrx_word' id='word_1_247' title='bbox 2274 1916 2460 1961; x_wconf 89' lang='lat' dir='ltr'>Marcus</span> 
     </span>
     <span class='ocr_line' id='line_1_21' title="bbox 327 1994 2459 2063; baseline -0.001 -20"><span class='ocrx_word' id='word_1_248' title='bbox 327 1996 518 2053; x_wconf 88' lang='lat' dir='ltr'>dicunt,</span> <span class='ocrx_word' id='word_1_249' title='bbox 542 1996 636 2044; x_wconf 91' lang='lat' dir='ltr'>hoc</span> <span class='ocrx_word' id='word_1_250' title='bbox 653 2013 754 2044; x_wconf 91' lang='lat' dir='ltr'>esse</span> <span class='ocrx_word' id='word_1_251' title='bbox 780 1997 957 2045; x_wconf 91' lang='lat' dir='ltr'>factum</span> <span class='ocrx_word' id='word_1_252' title='bbox 975 1997 1131 2063; x_wconf 90' lang='lat' dir='ltr'>prima</span> <span class='ocrx_word' id='word_1_253' title='bbox 1150 1996 1229 2043; x_wconf 91' lang='lat' dir='ltr'>die</span> <span class='ocrx_word' id='word_1_254' title='bbox 1254 2013 1533 2060; x_wconf 89' lang='lat' dir='ltr'>azymorum</span> <span class='ocrx_word' id='word_1_255' title='bbox 1547 2032 1559 2056; x_wconf 88' lang='lat'>,</span> <span class='ocrx_word' id='word_1_256' title='bbox 1580 2013 1684 2060; x_wconf 90' lang='lat' dir='ltr'>quae</span> <span class='ocrx_word' id='word_1_257' title='bbox 1702 1994 1920 2043; x_wconf 90' lang='lat' dir='ltr'>videlicet</span> <span class='ocrx_word' id='word_1_258' title='bbox 1945 1995 2046 2042; x_wconf 87' lang='lat' dir='ltr'>dies</span> <span class='ocrx_word' id='word_1_259' title='bbox 2072 1995 2266 2060; x_wconf 89' lang='lat' dir='ltr'>proprie</span> <span class='ocrx_word' id='word_1_260' title='bbox 2284 1994 2459 2060; x_wconf 87' lang='lat' dir='ltr'>pascha</span> 
     </span>
     <span class='ocr_line' id='line_1_22' title="bbox 327 2075 2459 2143; baseline 0 -21"><span class='ocrx_word' id='word_1_261' title='bbox 327 2075 589 2138; x_wconf 89' lang='lat' dir='ltr'>dicebatur,</span> <span class='ocrx_word' id='word_1_262' title='bbox 618 2088 671 2124; x_wconf 89' lang='lat' dir='ltr'>ut</span> <span class='ocrx_word' id='word_1_263' title='bbox 701 2094 843 2143; x_wconf 88' lang='lat' dir='ltr'>supra</span> <span class='ocrx_word' id='word_1_264' title='bbox 870 2078 1177 2125; x_wconf 88' lang='lat' dir='ltr'>meminimus</span> <span class='ocrx_word' id='word_1_265' title='bbox 1194 2113 1206 2137; x_wconf 90' lang='lat'><strong><em>‚</em></strong></span> <span class='ocrx_word' id='word_1_266' title='bbox 1236 2077 1356 2124; x_wconf 90' lang='lat' dir='ltr'>sicut</span> <span class='ocrx_word' id='word_1_267' title='bbox 1381 2087 1564 2141; x_wconf 88' lang='lat' dir='ltr'>septem</span> <span class='ocrx_word' id='word_1_268' title='bbox 1593 2076 1693 2124; x_wconf 92' lang='lat' dir='ltr'>dies</span> <span class='ocrx_word' id='word_1_269' title='bbox 1727 2086 1978 2141; x_wconf 88' lang='lat' dir='ltr'>sequentes</span> <span class='ocrx_word' id='word_1_270' title='bbox 2010 2092 2287 2139; x_wconf 86' lang='lat' dir='ltr'>azymorum</span> <span class='ocrx_word' id='word_1_271' title='bbox 2319 2092 2459 2122; x_wconf 82' lang='lat' dir='ltr'>voca—</span> 
     </span>
     <span class='ocr_line' id='line_1_23' title="bbox 326 2154 2460 2223; baseline -0 -21"><span class='ocrx_word' id='word_1_272' title='bbox 326 2154 523 2216; x_wconf 88' lang='lat' dir='ltr'>bantur;</span> <span class='ocrx_word' id='word_1_273' title='bbox 547 2157 663 2204; x_wconf 90' lang='lat' dir='ltr'>sciat</span> <span class='ocrx_word' id='word_1_274' title='bbox 680 2156 830 2204; x_wconf 90' lang='lat' dir='ltr'>lector</span> <span class='ocrx_word' id='word_1_275' title='bbox 849 2157 1007 2223; x_wconf 91' lang='lat' dir='ltr'>ipsum</span> <span class='ocrx_word' id='word_1_276' title='bbox 1025 2156 1153 2204; x_wconf 90' lang='lat' dir='ltr'>diem</span> <span class='ocrx_word' id='word_1_277' title='bbox 1176 2156 1366 2204; x_wconf 88' lang='lat' dir='ltr'>Paschae</span> <span class='ocrx_word' id='word_1_278' title='bbox 1380 2157 1577 2204; x_wconf 89' lang='lat' dir='ltr'>nomine</span> <span class='ocrx_word' id='word_1_279' title='bbox 1596 2173 1791 2222; x_wconf 90' lang='lat' dir='ltr'>quoque</span> <span class='ocrx_word' id='word_1_280' title='bbox 1815 2173 2093 2220; x_wconf 84' lang='lat' dir='ltr'>azymorum</span> <span class='ocrx_word' id='word_1_281' title='bbox 2116 2155 2460 2222; x_wconf 87' lang='lat' dir='ltr'>comprehendi</span> 
     </span>
     <span class='ocr_line' id='line_1_24' title="bbox 326 2237 2462 2303; baseline -0 -20"><span class='ocrx_word' id='word_1_282' title='bbox 326 2252 496 2300; x_wconf 87' lang='lat' dir='ltr'>posse,</span> <span class='ocrx_word' id='word_1_283' title='bbox 524 2254 676 2301; x_wconf 91' lang='lat' dir='ltr'>quum</span> <span class='ocrx_word' id='word_1_284' title='bbox 707 2238 755 2285; x_wconf 91' lang='lat' dir='ltr'>in</span> <span class='ocrx_word' id='word_1_285' title='bbox 793 2254 852 2285; x_wconf 93' lang='lat' dir='ltr'>eo</span> <span class='ocrx_word' id='word_1_286' title='bbox 884 2238 1027 2285; x_wconf 91' lang='lat' dir='ltr'>etiam</span> <span class='ocrx_word' id='word_1_287' title='bbox 1055 2239 1232 2302; x_wconf 87' lang='lat' dir='ltr'>azymis</span> <span class='ocrx_word' id='word_1_288' title='bbox 1269 2254 1378 2285; x_wconf 91' lang='lat' dir='ltr'>cum</span> <span class='ocrx_word' id='word_1_289' title='bbox 1405 2237 1598 2285; x_wconf 86' lang='lat' dir='ltr'>lactucis</span> <span class='ocrx_word' id='word_1_290' title='bbox 1631 2237 1893 2303; x_wconf 87' lang='lat' dir='ltr'>agrestibus</span> <span class='ocrx_word' id='word_1_291' title='bbox 1925 2246 2243 2284; x_wconf 87' lang='lat' dir='ltr'>vescerentur.</span> <span class='ocrx_word' id='word_1_292' title='bbox 2276 2237 2462 2285; x_wconf 80' lang='lat' dir='ltr'>Paschae</span> 
     </span>
    </p>
   </div>
   <div class='ocr_carea' id='block_1_3' title="bbox 326 2317 2459 2463">
    <p class='ocr_par' dir='ltr' id='par_1_4' title="bbox 326 2317 2459 2463">
     <span class='ocr_line' id='line_1_25' title="bbox 326 2317 2459 2382; baseline 0 -19"><span class='ocrx_word' id='word_1_293' title='bbox 326 2333 520 2381; x_wconf 90' lang='lat' dir='ltr'>quoque</span> <span class='ocrx_word' id='word_1_294' title='bbox 545 2319 743 2365; x_wconf 92' lang='lat' dir='ltr'>nomine</span> <span class='ocrx_word' id='word_1_295' title='bbox 775 2334 1127 2382; x_wconf 88' lang='lat' dir='ltr'>nunnunquam</span> <span class='ocrx_word' id='word_1_296' title='bbox 1153 2335 1179 2364; x_wconf 89' lang='lat' dir='ltr'>e</span> <span class='ocrx_word' id='word_1_297' title='bbox 1204 2335 1439 2365; x_wconf 89' lang='lat' dir='ltr'>converso</span> <span class='ocrx_word' id='word_1_298' title='bbox 1467 2318 1568 2365; x_wconf 90' lang='lat' dir='ltr'>dies</span> <span class='ocrx_word' id='word_1_299' title='bbox 1584 2335 1863 2382; x_wconf 86' lang='lat' dir='ltr'>azymorum</span> <span class='ocrx_word' id='word_1_300' title='bbox 1895 2318 2170 2365; x_wconf 86' lang='lat' dir='ltr'>continetur</span> <span class='ocrx_word' id='word_1_301' title='bbox 2189 2317 2322 2381; x_wconf 85' lang='lat' dir='ltr'>juxta</span> <span class='ocrx_word' id='word_1_302' title='bbox 2346 2318 2459 2364; x_wconf 89' lang='lat' dir='ltr'>illud</span> 
     </span>
     <span class='ocr_line' id='line_1_26' title="bbox 327 2396 2458 2463; baseline 0.001 -23"><span class='ocrx_word' id='word_1_303' title='bbox 327 2397 552 2442; x_wconf 88' lang='lat' dir='ltr'>Joannis:</span> <span class='ocrx_word' id='word_1_304' title='bbox 588 2416 610 2441; x_wconf 86' lang='lat'>«</span> <span class='ocrx_word' id='word_1_305' title='bbox 634 2398 752 2444; x_wconf 85' lang='lat' dir='ltr'>Ante</span> <span class='ocrx_word' id='word_1_306' title='bbox 781 2396 909 2443; x_wconf 89' lang='lat' dir='ltr'>diem</span> <span class='ocrx_word' id='word_1_307' title='bbox 934 2396 1106 2443; x_wconf 88' lang='lat' dir='ltr'>festum</span> <span class='ocrx_word' id='word_1_308' title='bbox 1135 2397 1339 2443; x_wconf 89' lang='lat' dir='ltr'>Paschae.</span> <span class='ocrx_word' id='word_1_309' title='bbox 1367 2416 1389 2440; x_wconf 90' lang='lat'>»</span> <span class='ocrx_word' id='word_1_310' title='bbox 1425 2399 1557 2461; x_wconf 88' lang='lat' dir='ltr'>Saepe</span> <span class='ocrx_word' id='word_1_311' title='bbox 1586 2398 1729 2444; x_wconf 91' lang='lat' dir='ltr'>etiam</span> <span class='ocrx_word' id='word_1_312' title='bbox 1765 2397 1940 2444; x_wconf 88' lang='lat' dir='ltr'>Pascha</span> <span class='ocrx_word' id='word_1_313' title='bbox 1973 2397 2076 2463; x_wconf 88' lang='lat' dir='ltr'>ipsa</span> <span class='ocrx_word' id='word_1_314' title='bbox 2099 2397 2254 2444; x_wconf 92' lang='lat' dir='ltr'>hostia</span> <span class='ocrx_word' id='word_1_315' title='bbox 2275 2397 2458 2444; x_wconf 75' lang='lat' dir='ltr'>Paschae</span> 
     </span>
    </p>
   </div>
   <div class='ocr_carea' id='block_1_4' title="bbox 327 2474 2462 3272">
    <p class='ocr_par' dir='ltr' id='par_1_5' title="bbox 327 2474 2462 3272">
     <span class='ocr_line' id='line_1_27' title="bbox 327 2474 2454 2542; baseline -0.001 -20"><span class='ocrx_word' id='word_1_316' title='bbox 327 2474 485 2539; x_wconf 91' lang='lat' dir='ltr'>potius</span> <span class='ocrx_word' id='word_1_317' title='bbox 502 2491 648 2539; x_wconf 90' lang='lat' dir='ltr'>quam</span> <span class='ocrx_word' id='word_1_318' title='bbox 658 2475 760 2522; x_wconf 91' lang='lat' dir='ltr'>dies</span> <span class='ocrx_word' id='word_1_319' title='bbox 773 2474 1056 2540; x_wconf 87' lang='lat' dir='ltr'>appellatur,</span> <span class='ocrx_word' id='word_1_320' title='bbox 1067 2476 1200 2538; x_wconf 83' lang='lat' dir='ltr'>juxta</span> <span class='ocrx_word' id='word_1_321' title='bbox 1211 2474 1328 2522; x_wconf 94' lang='lat' dir='ltr'>illud</span> <span class='ocrx_word' id='word_1_322' title='bbox 1345 2494 1354 2522; x_wconf 88' lang='lat'>:</span> <span class='ocrx_word' id='word_1_323' title='bbox 1374 2494 1398 2520; x_wconf 73' lang='grc' dir='ltr'>α</span> <span class='ocrx_word' id='word_1_324' title='bbox 1413 2476 1504 2522; x_wconf 90' lang='lat' dir='ltr'>Ubi</span> <span class='ocrx_word' id='word_1_325' title='bbox 1520 2476 1590 2523; x_wconf 90' lang='lat' dir='ltr'>vis</span> <span class='ocrx_word' id='word_1_326' title='bbox 1601 2492 1824 2541; x_wconf 86' lang='lat' dir='ltr'>paremus</span> <span class='ocrx_word' id='word_1_327' title='bbox 1840 2475 1926 2523; x_wconf 90' lang='lat' dir='ltr'>tibi</span> <span class='ocrx_word' id='word_1_328' title='bbox 1942 2477 2198 2525; x_wconf 90' lang='lat' dir='ltr'>comedere</span> <span class='ocrx_word' id='word_1_329' title='bbox 2215 2477 2389 2542; x_wconf 87' lang='lat' dir='ltr'>pascha</span> <span class='ocrx_word' id='word_1_330' title='bbox 2400 2478 2416 2520; x_wconf 70' lang='grc' dir='ltr'>ι)</span> <span class='ocrx_word' id='word_1_331' title='bbox 2431 2495 2454 2519; x_wconf 89' lang='lat'>»</span> 
     </span>
     <span class='ocr_line' id='line_1_28' title="bbox 331 2541 2455 2625; baseline 0.002 -23"><span class='ocrx_word' id='word_1_332' title='bbox 331 2559 387 2603; x_wconf 88' lang='lat' dir='ltr'>Et</span> <span class='ocrx_word' id='word_1_333' title='bbox 411 2556 522 2604; x_wconf 91' lang='lat' dir='ltr'>alibi</span> <span class='ocrx_word' id='word_1_334' title='bbox 545 2575 555 2604; x_wconf 72' lang='grc' dir='ltr'><strong>ε</strong></span> <span class='ocrx_word' id='word_1_335' title='bbox 582 2577 604 2602; x_wconf 92' lang='lat'>«</span> <span class='ocrx_word' id='word_1_336' title='bbox 627 2558 764 2604; x_wconf 91' lang='lat' dir='ltr'>Venit</span> <span class='ocrx_word' id='word_1_337' title='bbox 788 2567 946 2605; x_wconf 90' lang='lat' dir='ltr'>autem</span> <span class='ocrx_word' id='word_1_338' title='bbox 973 2557 1074 2605; x_wconf 91' lang='lat' dir='ltr'>dies</span> <span class='ocrx_word' id='word_1_339' title='bbox 1098 2574 1402 2621; x_wconf 85' lang='lat' dir='ltr'>azymorum,</span> <span class='ocrx_word' id='word_1_340' title='bbox 1430 2559 1478 2605; x_wconf 93' lang='lat' dir='ltr'>in</span> <span class='ocrx_word' id='word_1_341' title='bbox 1505 2575 1599 2623; x_wconf 90' lang='lat' dir='ltr'>qua</span> <span class='ocrx_word' id='word_1_342' title='bbox 1622 2575 1814 2607; x_wconf 91' lang='lat' dir='ltr'>necesse</span> <span class='ocrx_word' id='word_1_343' title='bbox 1843 2541 1942 2607; x_wconf 80' lang='lat' dir='ltr'>erat</span> <span class='ocrx_word' id='word_1_344' title='bbox 1967 2560 2122 2607; x_wconf 90' lang='lat' dir='ltr'>occidi</span> <span class='ocrx_word' id='word_1_345' title='bbox 2146 2561 2337 2625; x_wconf 88' lang='lat' dir='ltr'>pascha.</span> <span class='ocrx_word' id='word_1_346' title='bbox 2358 2579 2380 2603; x_wconf 89' lang='lat'>»</span> <span class='ocrx_word' id='word_1_347' title='bbox 2404 2563 2455 2606; x_wconf 85' lang='lat' dir='ltr'>Et</span> 
     </span>
     <span class='ocr_line' id='line_1_29' title="bbox 329 2637 2458 2706; baseline 0.001 -23"><span class='ocrx_word' id='word_1_348' title='bbox 329 2637 580 2702; x_wconf 83' lang='lat' dir='ltr'>Apostolus</span> <span class='ocrx_word' id='word_1_349' title='bbox 595 2641 609 2663; x_wconf 84' lang='lat'><strong>¹</strong></span> <span class='ocrx_word' id='word_1_350' title='bbox 632 2656 642 2685; x_wconf 92' lang='lat'><strong>:</strong></span> <span class='ocrx_word' id='word_1_351' title='bbox 670 2657 694 2683; x_wconf 91' lang='lat'>«</span> <span class='ocrx_word' id='word_1_352' title='bbox 718 2638 895 2685; x_wconf 87' lang='lat' dir='ltr'>Pascha</span> <span class='ocrx_word' id='word_1_353' title='bbox 913 2648 1131 2685; x_wconf 90' lang='lat' dir='ltr'>nostrum</span> <span class='ocrx_word' id='word_1_354' title='bbox 1146 2638 1421 2686; x_wconf 86' lang='lat' dir='ltr'>immolatus</span> <span class='ocrx_word' id='word_1_355' title='bbox 1438 2649 1506 2686; x_wconf 90' lang='lat' dir='ltr'>est</span> <span class='ocrx_word' id='word_1_356' title='bbox 1521 2639 1735 2687; x_wconf 90' lang='lat' dir='ltr'>Christus</span> <span class='ocrx_word' id='word_1_357' title='bbox 1747 2676 1759 2699; x_wconf 87' lang='lat'>,</span> <span class='ocrx_word' id='word_1_358' title='bbox 1780 2658 1802 2684; x_wconf 88' lang='lat'>»</span> <span class='ocrx_word' id='word_1_359' title='bbox 1816 2640 1911 2687; x_wconf 92' lang='lat' dir='ltr'>hoc</span> <span class='ocrx_word' id='word_1_360' title='bbox 1930 2650 2000 2687; x_wconf 92' lang='lat' dir='ltr'>est</span> <span class='ocrx_word' id='word_1_361' title='bbox 2018 2641 2119 2706; x_wconf 91' lang='lat' dir='ltr'>ipse</span> <span class='ocrx_word' id='word_1_362' title='bbox 2133 2651 2294 2689; x_wconf 91' lang='lat' dir='ltr'>nostra</span> <span class='ocrx_word' id='word_1_363' title='bbox 2310 2641 2458 2688; x_wconf 85' lang='lat' dir='ltr'>hostia</span> 
     </span>
     <span class='ocr_line' id='line_1_30' title="bbox 327 2717 2457 2784; baseline 0.001 -20"><span class='ocrx_word' id='word_1_364' title='bbox 327 2717 576 2782; x_wconf 87' lang='lat' dir='ltr'>paschalis.</span> <span class='ocrx_word' id='word_1_365' title='bbox 599 2717 744 2775; x_wconf 90' lang='lat' dir='ltr'>Quod</span> <span class='ocrx_word' id='word_1_366' title='bbox 762 2734 877 2765; x_wconf 90' lang='lat' dir='ltr'>vero</span> <span class='ocrx_word' id='word_1_367' title='bbox 895 2721 1101 2766; x_wconf 90' lang='lat' dir='ltr'>Joannes</span> <span class='ocrx_word' id='word_1_368' title='bbox 1121 2718 1185 2765; x_wconf 88' lang='lat' dir='ltr'>ait</span> <span class='ocrx_word' id='word_1_369' title='bbox 1206 2737 1216 2764; x_wconf 92' lang='lat'>:</span> <span class='ocrx_word' id='word_1_370' title='bbox 1240 2738 1263 2763; x_wconf 92' lang='lat'>«</span> <span class='ocrx_word' id='word_1_371' title='bbox 1287 2721 1343 2766; x_wconf 90' lang='lat' dir='ltr'>Et</span> <span class='ocrx_word' id='word_1_372' title='bbox 1366 2735 1502 2766; x_wconf 88' lang='lat' dir='ltr'>coena</span> <span class='ocrx_word' id='word_1_373' title='bbox 1521 2719 1664 2780; x_wconf 89' lang='lat' dir='ltr'>facta,</span> <span class='ocrx_word' id='word_1_374' title='bbox 1685 2736 1835 2784; x_wconf 91' lang='lat' dir='ltr'>quum</span> <span class='ocrx_word' id='word_1_375' title='bbox 1852 2719 2071 2768; x_wconf 89' lang='lat' dir='ltr'>diabolus</span> <span class='ocrx_word' id='word_1_376' title='bbox 2078 2721 2177 2784; x_wconf 90' lang='lat' dir='ltr'>jam</span> <span class='ocrx_word' id='word_1_377' title='bbox 2196 2722 2395 2768; x_wconf 87' lang='lat' dir='ltr'>misisset</span> <span class='ocrx_word' id='word_1_378' title='bbox 2411 2722 2457 2767; x_wconf 89' lang='lat' dir='ltr'>in</span> 
     </span>
     <span class='ocr_line' id='line_1_31' title="bbox 329 2796 2454 2867; baseline 0.002 -24"><span class='ocrx_word' id='word_1_379' title='bbox 329 2813 412 2843; x_wconf 85' lang='lat' dir='ltr'>cor</span> <span class='ocrx_word' id='word_1_380' title='bbox 430 2807 484 2844; x_wconf 87' lang='lat' dir='ltr'>ut</span> <span class='ocrx_word' id='word_1_381' title='bbox 497 2796 703 2852; x_wconf 87' lang='lat' dir='ltr'>traderet</span> <span class='ocrx_word' id='word_1_382' title='bbox 717 2814 828 2845; x_wconf 90' lang='lat' dir='ltr'>eum</span> <span class='ocrx_word' id='word_1_383' title='bbox 848 2798 1013 2859; x_wconf 89' lang='lat' dir='ltr'>Judas,</span> <span class='ocrx_word' id='word_1_384' title='bbox 1027 2799 1175 2863; x_wconf 90' lang='lat' dir='ltr'>surgit</span> <span class='ocrx_word' id='word_1_385' title='bbox 1187 2815 1214 2846; x_wconf 90' lang='lat' dir='ltr'>a</span> <span class='ocrx_word' id='word_1_386' title='bbox 1226 2816 1378 2859; x_wconf 88' lang='lat' dir='ltr'>coena,</span> <span class='ocrx_word' id='word_1_387' title='bbox 1396 2819 1419 2845; x_wconf 91' lang='lat'>»</span> <span class='ocrx_word' id='word_1_388' title='bbox 1443 2810 1495 2847; x_wconf 92' lang='lat' dir='ltr'>ut</span> <span class='ocrx_word' id='word_1_389' title='bbox 1513 2799 1732 2848; x_wconf 90' lang='lat' dir='ltr'>videlicet</span> <span class='ocrx_word' id='word_1_390' title='bbox 1747 2801 1893 2866; x_wconf 89' lang='lat' dir='ltr'>pedes</span> <span class='ocrx_word' id='word_1_391' title='bbox 1909 2800 2086 2849; x_wconf 89' lang='lat' dir='ltr'>lavaret</span> <span class='ocrx_word' id='word_1_392' title='bbox 2098 2801 2454 2867; x_wconf 88' lang='lat' dir='ltr'>discipulorum.</span> 
     </span>
     <span class='ocr_line' id='line_1_32' title="bbox 331 2877 2454 2945; baseline 0.002 -22"><span class='ocrx_word' id='word_1_393' title='bbox 331 2879 388 2924; x_wconf 87' lang='lat' dir='ltr'>Et</span> <span class='ocrx_word' id='word_1_394' title='bbox 407 2877 719 2942; x_wconf 84' lang='lat' dir='ltr'>postmodum</span> <span class='ocrx_word' id='word_1_395' title='bbox 735 2877 980 2927; x_wconf 88' lang='lat' dir='ltr'>ablutione</span> <span class='ocrx_word' id='word_1_396' title='bbox 998 2879 1135 2939; x_wconf 88' lang='lat' dir='ltr'>facta,</span> <span class='ocrx_word' id='word_1_397' title='bbox 1156 2879 1399 2945; x_wconf 89' lang='lat' dir='ltr'>subjungit</span> <span class='ocrx_word' id='word_1_398' title='bbox 1422 2900 1431 2927; x_wconf 88' lang='lat'>:</span> <span class='ocrx_word' id='word_1_399' title='bbox 1460 2900 1484 2926; x_wconf 92' lang='lat'>«</span> <span class='ocrx_word' id='word_1_400' title='bbox 1503 2884 1665 2939; x_wconf 90' lang='lat' dir='ltr'>Quum</span> <span class='ocrx_word' id='word_1_401' title='bbox 1685 2881 1994 2942; x_wconf 89' lang='lat' dir='ltr'>recubuisset,</span> <span class='ocrx_word' id='word_1_402' title='bbox 2023 2883 2193 2930; x_wconf 90' lang='lat' dir='ltr'>iterum</span> <span class='ocrx_word' id='word_1_403' title='bbox 2218 2882 2336 2929; x_wconf 88' lang='lat' dir='ltr'>dixit</span> <span class='ocrx_word' id='word_1_404' title='bbox 2358 2882 2423 2929; x_wconf 90' lang='lat' dir='ltr'>eis</span> <span class='ocrx_word' id='word_1_405' title='bbox 2446 2903 2454 2928; x_wconf 81' lang='lat'>2</span> 
     </span>
     <span class='ocr_line' id='line_1_33' title="bbox 332 2958 2462 3028; baseline 0.001 -23"><span class='ocrx_word' id='word_1_406' title='bbox 332 2958 467 3006; x_wconf 91' lang='lat' dir='ltr'>Scitis</span> <span class='ocrx_word' id='word_1_407' title='bbox 484 2958 602 3023; x_wconf 92' lang='lat' dir='ltr'>quid</span> <span class='ocrx_word' id='word_1_408' title='bbox 627 2959 818 3007; x_wconf 87' lang='lat' dir='ltr'>fecerim</span> <span class='ocrx_word' id='word_1_409' title='bbox 841 2959 1002 3020; x_wconf 89' lang='lat' dir='ltr'>vobis,</span> <span class='ocrx_word' id='word_1_410' title='bbox 1023 2970 1113 3008; x_wconf 91' lang='lat' dir='ltr'>etc.</span> <span class='ocrx_word' id='word_1_411' title='bbox 1141 2980 1163 3007; x_wconf 69' lang='grc' dir='ltr'><strong>η</strong></span> <span class='ocrx_word' id='word_1_412' title='bbox 1182 2965 1285 3009; x_wconf 93' lang='lat' dir='ltr'>Hoc</span> <span class='ocrx_word' id='word_1_413' title='bbox 1301 2962 1541 3010; x_wconf 90' lang='lat' dir='ltr'>insinuare</span> <span class='ocrx_word' id='word_1_414' title='bbox 1560 2963 1764 3023; x_wconf 88' lang='lat' dir='ltr'>videtur,</span> <span class='ocrx_word' id='word_1_415' title='bbox 1789 2963 1922 3028; x_wconf 92' lang='lat' dir='ltr'>quod</span> <span class='ocrx_word' id='word_1_416' title='bbox 1942 2965 2064 3011; x_wconf 84' lang='lat' dir='ltr'>intra</span> <span class='ocrx_word' id='word_1_417' title='bbox 2088 2980 2273 3011; x_wconf 86' lang='lat' dir='ltr'>coenam</span> <span class='ocrx_word' id='word_1_418' title='bbox 2294 2964 2462 3011; x_wconf 88' lang='lat' dir='ltr'>veteris</span> 
     </span>
     <span class='ocr_line' id='line_1_34' title="bbox 335 3039 2458 3110; baseline 0.002 -24"><span class='ocrx_word' id='word_1_419' title='bbox 335 3039 522 3087; x_wconf 87' lang='lat' dir='ltr'>Paschae</span> <span class='ocrx_word' id='word_1_420' title='bbox 538 3050 584 3088; x_wconf 89' lang='lat' dir='ltr'>et</span> <span class='ocrx_word' id='word_1_421' title='bbox 602 3057 789 3088; x_wconf 86' lang='lat' dir='ltr'>coenam</span> <span class='ocrx_word' id='word_1_422' title='bbox 803 3040 1095 3090; x_wconf 91' lang='lat' dir='ltr'>dominicam</span> <span class='ocrx_word' id='word_1_423' title='bbox 1108 3078 1120 3102; x_wconf 94' lang='lat'>,</span> <span class='ocrx_word' id='word_1_424' title='bbox 1138 3042 1286 3108; x_wconf 91' lang='lat' dir='ltr'>pedes</span> <span class='ocrx_word' id='word_1_425' title='bbox 1303 3044 1538 3091; x_wconf 92' lang='lat' dir='ltr'>Dominus</span> <span class='ocrx_word' id='word_1_426' title='bbox 1554 3043 1785 3105; x_wconf 86' lang='lat' dir='ltr'>ablueret,</span> <span class='ocrx_word' id='word_1_427' title='bbox 1803 3062 1888 3110; x_wconf 91' lang='lat' dir='ltr'>per</span> <span class='ocrx_word' id='word_1_428' title='bbox 1900 3044 1994 3091; x_wconf 92' lang='lat' dir='ltr'>hoc</span> <span class='ocrx_word' id='word_1_429' title='bbox 2008 3054 2223 3110; x_wconf 90' lang='lat' dir='ltr'>patenter</span> <span class='ocrx_word' id='word_1_430' title='bbox 2238 3045 2458 3103; x_wconf 85' lang='lat' dir='ltr'>innuens,</span> 
     </span>
     <span class='ocr_line' id='line_1_35' title="bbox 332 3121 2459 3191; baseline 0.002 -23"><span class='ocrx_word' id='word_1_431' title='bbox 332 3122 574 3169; x_wconf 88' lang='lat' dir='ltr'>neminem</span> <span class='ocrx_word' id='word_1_432' title='bbox 603 3122 664 3169; x_wconf 91' lang='lat' dir='ltr'>ad</span> <span class='ocrx_word' id='word_1_433' title='bbox 698 3122 982 3170; x_wconf 81' lang='lat' dir='ltr'>sacrificium</span> <span class='ocrx_word' id='word_1_434' title='bbox 1015 3123 1188 3172; x_wconf 89' lang='lat' dir='ltr'>Christi</span> <span class='ocrx_word' id='word_1_435' title='bbox 1219 3125 1417 3190; x_wconf 91' lang='lat' dir='ltr'>dignum</span> <span class='ocrx_word' id='word_1_436' title='bbox 1449 3126 1704 3185; x_wconf 90' lang='lat' dir='ltr'>accedere,</span> <span class='ocrx_word' id='word_1_437' title='bbox 1742 3127 1832 3173; x_wconf 90' lang='lat' dir='ltr'>nisi</span> <span class='ocrx_word' id='word_1_438' title='bbox 1865 3127 1995 3191; x_wconf 87' lang='lat' dir='ltr'>prius</span> <span class='ocrx_word' id='word_1_439' title='bbox 2026 3126 2197 3173; x_wconf 88' lang='lat' dir='ltr'>ablutis</span> <span class='ocrx_word' id='word_1_440' title='bbox 2231 3121 2459 3191; x_wconf 75' lang='lat' dir='ltr'>pedibus,</span> 
     </span>
     <span class='ocr_line' id='line_1_36' title="bbox 333 3200 2458 3272; baseline 0.002 -24"><span class='ocrx_word' id='word_1_441' title='bbox 333 3200 426 3248; x_wconf 92' lang='lat' dir='ltr'>hoc</span> <span class='ocrx_word' id='word_1_442' title='bbox 451 3212 520 3249; x_wconf 91' lang='lat' dir='ltr'>est</span> <span class='ocrx_word' id='word_1_443' title='bbox 550 3202 881 3251; x_wconf 84' lang='lat' dir='ltr'>affectionibus</span> <span class='ocrx_word' id='word_1_444' title='bbox 913 3205 1059 3250; x_wconf 86' lang='lat' dir='ltr'>animi</span> <span class='ocrx_word' id='word_1_445' title='bbox 1085 3205 1352 3266; x_wconf 89' lang='lat' dir='ltr'>mundatis,</span> <span class='ocrx_word' id='word_1_446' title='bbox 1386 3206 1598 3272; x_wconf 90' lang='lat' dir='ltr'>alioquin</span> <span class='ocrx_word' id='word_1_447' title='bbox 1624 3207 1858 3271; x_wconf 91' lang='lat' dir='ltr'>judicium</span> <span class='ocrx_word' id='word_1_448' title='bbox 1883 3207 1972 3254; x_wconf 93' lang='lat' dir='ltr'>sibi</span> <span class='ocrx_word' id='word_1_449' title='bbox 2008 3207 2215 3254; x_wconf 91' lang='lat' dir='ltr'>comedit</span> <span class='ocrx_word' id='word_1_450' title='bbox 2247 3217 2293 3254; x_wconf 92' lang='lat' dir='ltr'>et</span> <span class='ocrx_word' id='word_1_451' title='bbox 2325 3205 2458 3254; x_wconf 91' lang='lat' dir='ltr'>bibit.</span> 
     </span>
    </p>
   </div>
   <div class='ocr_carea' id='block_1_5' title="bbox 334 3353 2464 3460">
    <p class='ocr_par' dir='ltr' id='par_1_6' title="bbox 334 3353 2464 3460">
     <span class='ocr_line' id='line_1_37' title="bbox 378 3353 2464 3404; baseline 0.003 -17"><span class='ocrx_word' id='word_1_452' title='bbox 378 3353 388 3370; x_wconf 82' lang='lat'><strong><em>⁴</em></strong></span> <span class='ocrx_word' id='word_1_453' title='bbox 404 3353 534 3397; x_wconf 62' lang='lat' dir='ltr'>Manli„</span> <span class='ocrx_word' id='word_1_454' title='bbox 559 3365 632 3399; x_wconf 81' lang='lat' dir='ltr'>cap.</span> <span class='ocrx_word' id='word_1_455' title='bbox 656 3367 734 3390; x_wconf 76' lang='lat' dir='ltr'>xxvi</span> <span class='ocrx_word' id='word_1_456' title='bbox 749 3380 758 3396; x_wconf 89' lang='lat'>,</span> <span class='ocrx_word' id='word_1_457' title='bbox 783 3367 812 3389; x_wconf 89' lang='lat' dir='ltr'>v.</span> <span class='ocrx_word' id='word_1_458' title='bbox 843 3357 894 3389; x_wconf 76' lang='lat'>14.</span> <span class='ocrx_word' id='word_1_459' title='bbox 922 3355 1076 3400; x_wconf 83' lang='lat' dir='ltr'>Reliquos</span> <span class='ocrx_word' id='word_1_460' title='bbox 1104 3356 1373 3400; x_wconf 75' lang='lat' dir='ltr'>evangelistarum</span> <span class='ocrx_word' id='word_1_461' title='bbox 1429 3358 1573 3391; x_wconf 84' lang='lat' dir='ltr'>invenies</span> <span class='ocrx_word' id='word_1_462' title='bbox 1592 3358 1679 3401; x_wconf 84' lang='lat' dir='ltr'>apud</span> <span class='ocrx_word' id='word_1_463' title='bbox 1706 3357 1913 3399; x_wconf 78' lang='lat' dir='ltr'>Matthaeum,</span> <span class='ocrx_word' id='word_1_464' title='bbox 1941 3370 2012 3403; x_wconf 86' lang='lat' dir='ltr'>cap.</span> <span class='ocrx_word' id='word_1_465' title='bbox 2047 3371 2121 3393; x_wconf 78' lang='lat' dir='ltr'>xxvi</span> <span class='ocrx_word' id='word_1_466' title='bbox 2145 3367 2178 3393; x_wconf 86' lang='lat' dir='ltr'>et</span> <span class='ocrx_word' id='word_1_467' title='bbox 2197 3371 2246 3404; x_wconf 84' lang='lat' dir='ltr'>sq.</span> <span class='ocrx_word' id='word_1_468' title='bbox 2265 3360 2440 3392; x_wconf 84' lang='lat' dir='ltr'>—Marcum</span> <span class='ocrx_word' id='word_1_469' title='bbox 2457 3384 2464 3393; x_wconf 77' lang='lat'>.</span> 
     </span>
     <span class='ocr_line' id='line_1_38' title="bbox 334 3410 2464 3460; baseline 0.004 -18"><span class='ocrx_word' id='word_1_470' title='bbox 334 3411 424 3443; x_wconf 74' lang='lat' dir='ltr'>locos</span> <span class='ocrx_word' id='word_1_471' title='bbox 438 3410 480 3443; x_wconf 88' lang='lat' dir='ltr'>de</span> <span class='ocrx_word' id='word_1_472' title='bbox 498 3411 654 3445; x_wconf 78' lang='lat' dir='ltr'>Passione</span> <span class='ocrx_word' id='word_1_473' title='bbox 671 3412 800 3446; x_wconf 89' lang='lat' dir='ltr'>Domini</span> <span class='ocrx_word' id='word_1_474' title='bbox 820 3423 839 3446; x_wconf 86' lang='lat' dir='ltr'>a</span> <span class='ocrx_word' id='word_1_475' title='bbox 859 3420 970 3447; x_wconf 81' lang='lat' dir='ltr'>nostro</span> <span class='ocrx_word' id='word_1_476' title='bbox 986 3412 1157 3447; x_wconf 83' lang='lat' dir='ltr'>Abaelardo</span> <span class='ocrx_word' id='word_1_477' title='bbox 1182 3413 1374 3458; x_wconf 87' lang='lat' dir='ltr'>compilatos</span> <span class='ocrx_word' id='word_1_478' title='bbox 1429 3425 1502 3458; x_wconf 80' lang='lat' dir='ltr'>cap.</span> <span class='ocrx_word' id='word_1_479' title='bbox 1521 3426 1574 3448; x_wconf 75' lang='lat' dir='ltr'>xiv</span> <span class='ocrx_word' id='word_1_480' title='bbox 1594 3422 1626 3448; x_wconf 85' lang='lat' dir='ltr'>et</span> <span class='ocrx_word' id='word_1_481' title='bbox 1640 3426 1705 3458; x_wconf 83' lang='lat' dir='ltr'>sq.;</span> <span class='ocrx_word' id='word_1_482' title='bbox 1721 3415 1877 3448; x_wconf 86' lang='lat' dir='ltr'>-Lucam</span> <span class='ocrx_word' id='word_1_483' title='bbox 1891 3443 1899 3455; x_wconf 77' lang='grc'>,</span> <span class='ocrx_word' id='word_1_484' title='bbox 1920 3427 1994 3460; x_wconf 86' lang='lat' dir='ltr'>cap.</span> <span class='ocrx_word' id='word_1_485' title='bbox 2015 3427 2081 3449; x_wconf 87' lang='lat' dir='ltr'>xxu</span> <span class='ocrx_word' id='word_1_486' title='bbox 2110 3424 2142 3450; x_wconf 89' lang='lat' dir='ltr'>et</span> <span class='ocrx_word' id='word_1_487' title='bbox 2165 3428 2231 3460; x_wconf 83' lang='lat' dir='ltr'>sq.;</span> <span class='ocrx_word' id='word_1_488' title='bbox 2246 3434 2268 3441; x_wconf 91' lang='lat'>-·</span> <span class='ocrx_word' id='word_1_489' title='bbox 2282 3416 2439 3449; x_wconf 81' lang='lat' dir='ltr'>Joannem</span> <span class='ocrx_word' id='word_1_490' title='bbox 2459 3440 2464 3450; x_wconf 84' lang='lat'>‚</span> 
     </span>
    </p>
   </div>
   <div class='ocr_carea' id='block_1_6' title="bbox 337 3467 2238 3552">
    <p class='ocr_par' dir='ltr' id='par_1_7' title="bbox 337 3467 2238 3552">
     <span class='ocr_line' id='line_1_39' title="bbox 337 3467 2238 3516; baseline 0.002 -16"><span class='ocrx_word' id='word_1_491' title='bbox 337 3477 450 3500; x_wconf 76' lang='lat' dir='ltr'>omnes</span> <span class='ocrx_word' id='word_1_492' title='bbox 468 3467 648 3503; x_wconf 82' lang='lat' dir='ltr'>minutatim</span> <span class='ocrx_word' id='word_1_493' title='bbox 666 3476 780 3503; x_wconf 84' lang='lat' dir='ltr'>notare</span> <span class='ocrx_word' id='word_1_494' title='bbox 799 3480 912 3513; x_wconf 83' lang='lat' dir='ltr'>parum</span> <span class='ocrx_word' id='word_1_495' title='bbox 939 3470 1020 3504; x_wconf 80' lang='lat' dir='ltr'>utile</span> <span class='ocrx_word' id='word_1_496' title='bbox 1038 3481 1109 3504; x_wconf 79' lang='lat' dir='ltr'>esse</span> <span class='ocrx_word' id='word_1_497' title='bbox 1129 3471 1291 3505; x_wconf 82' lang='lat' dir='ltr'>duximus.</span> <span class='ocrx_word' id='word_1_498' title='bbox 1309 3471 1374 3505; x_wconf 83' lang='lat' dir='ltr'>Eos</span> <span class='ocrx_word' id='word_1_499' title='bbox 1429 3482 1504 3515; x_wconf 82' lang='lat' dir='ltr'>cap.</span> <span class='ocrx_word' id='word_1_500' title='bbox 1521 3483 1577 3504; x_wconf 84' lang='lat' dir='ltr'>xm</span> <span class='ocrx_word' id='word_1_501' title='bbox 1598 3479 1630 3504; x_wconf 83' lang='lat' dir='ltr'>et</span> <span class='ocrx_word' id='word_1_502' title='bbox 1648 3483 1698 3515; x_wconf 82' lang='lat' dir='ltr'>sq.</span> <span class='ocrx_word' id='word_1_503' title='bbox 1717 3491 1752 3495; x_wconf 47' lang='grc' dir='ltr'>ν-</span> <span class='ocrx_word' id='word_1_504' title='bbox 1771 3471 1784 3489; x_wconf 87' lang='lat'>¹</span> <span class='ocrx_word' id='word_1_505' title='bbox 1801 3472 1945 3506; x_wconf 82' lang='lat' dir='ltr'>Corinth.</span> <span class='ocrx_word' id='word_1_506' title='bbox 1963 3473 1999 3511; x_wconf 80' lang='lat' dir='ltr'>t,</span> <span class='ocrx_word' id='word_1_507' title='bbox 2018 3483 2091 3516; x_wconf 79' lang='lat' dir='ltr'>cap.</span> <span class='ocrx_word' id='word_1_508' title='bbox 2113 3484 2142 3514; x_wconf 84' lang='lat' dir='ltr'>v,</span> <span class='ocrx_word' id='word_1_509' title='bbox 2162 3484 2191 3505; x_wconf 84' lang='lat' dir='ltr'>v.</span> <span class='ocrx_word' id='word_1_510' title='bbox 2208 3475 2238 3504; x_wconf 75' lang='grc' dir='ltr'>Τ.</span> 
     </span>
     <span class='ocr_line' id='line_1_40' title="bbox 1847 3526 1858 3552; baseline 0 0"><span class='ocrx_word' id='word_1_511' title='bbox 1847 3526 1858 3552; x_wconf 60' lang='lat' dir='ltr'>k</span> 
     </span>
    </p>
   </div>
  </div>
 </body>
</html>
