2970 4152
577 443 668 490 440
1150 442 1318 489 PETRI
1354 443 1667 491 ABAELARDI
1702 445 1776 491 ET
1810 444 2110 492 HELOlSSAE

576 549 741 586 contra
757 538 928 602 legem¹
960 537 1169 584 edendas
1194 539 1324 585 nisus
1351 549 1419 586 est
1443 539 1614 587 frustra
1639 541 1956 606 compellere?
1983 544 2098 598 Quae
2118 551 2284 599 mater,
2319 557 2413 588 suae
2437 543 2690 590 immemor

574 629 778 677 naturae,
814 628 860 664 et
888 617 1109 664 humanae
1136 618 1398 665 affectionis
1429 620 1614 684 ignara,
1650 637 1739 668 nec
1766 621 1857 667 nisi
1887 621 2150 667 Dominum
2176 636 2271 684 prae
2304 621 2453 668 oculis
2482 622 2684 682 habenS,

572 710 690 762 quot
718 699 861 744 sacris
887 697 1293 746 exhortationibus
1317 700 1414 747 suis
1440 701 1502 747 ad
1535 704 1765 748 ceronam
1795 700 1917 747 filios
1946 701 2189 764 praemisit,
2227 710 2298 747 tot
2323 701 2423 765 ipsa
2455 704 2687 766 martyriis

569 777 901 842 triumphavit,
921 778 1119 842 proprio
1138 778 1199 825 ad
1216 789 1479 826 extremum
1498 781 1725 844 martyrio
1739 789 2085 827 consummata.
2100 780 2148 826 Si
2164 790 2315 827 totam
2332 781 2513 828 Veteris
2530 785 2686 829 Testa-

569 857 717 903 menti
730 858 899 904 seriem
919 857 1240 918 revolvamus,
1270 859 1387 923 quid
1411 859 1553 923 hujus
1572 840 1779 906 mulieris
1801 859 2076 906 constantiae
2094 876 2371 924 comparare
2390 861 2684 925 poterimus?

567 936 648 984 llle
668 938 728 984 ad
754 949 1018 985 extremum
1049 939 1308 987 vehemens
1337 950 1543 988 tentator
1568 940 1693 986 beati
1721 939 1834 999 Job,
1866 939 2235 987 imbecillitatem
2259 941 2479 988 humanae
2506 952 2685 990 naturae

565 1028 730 1065 contra
757 1029 961 1066 mortem
981 1019 1315 1067 considerans:
1343 1041 1365 1065 «
1388 1021 1590 1080 Pellem,
1614 1040 1637 1065 »
1668 1021 1859 1084 inquit²,
1901 1039 1924 1064 «
1947 1037 2035 1085 pro
2060 1020 2182 1085 pelle
2197 1057 2209 1080 ,
2237 1031 2284 1067 et
2311 1022 2530 1068 universa
2553 1022 2685 1074 dabit

564 1098 712 1145 homo
732 1116 820 1164 pro
842 1101 1000 1147 anima
1018 1103 1152 1147 sua.»
1175 1102 1229 1147 In
1244 1111 1426 1148 tantum
1448 1102 1577 1147 enim
1594 1117 1762 1147 omnes
1781 1101 2018 1165 angustias
2038 1101 2205 1147 mortis
2224 1101 2499 1149 naturaliter
2515 1102 2681 1157 horre-

564 1196 696 1239 mus,
721 1190 773 1227 ut
789 1197 911 1244 saepe
930 1180 988 1227 ad
1017 1180 1341 1228 defensionem
1360 1182 1499 1228 unius
1517 1179 1720 1227 membri
1733 1179 1931 1227 alterurn
1950 1197 2276 1245 opponamuS,
2306 1191 2353 1227 et
2372 1197 2461 1245 pro
2482 1183 2576 1228 vita
2593 1182 2682 1229 hac

563 1261 890 1308 conservanda
915 1261 1046 1307 nulla
1069 1278 1318 1308 vereamur
1345 1260 1671 1307 incommoda.
1710 1263 1818 1307 Haec
1843 1277 1957 1307 vero
1994 1277 2093 1307 non
2125 1261 2281 1307 solum
2311 1277 2418 1320 sua,
2453 1261 2538 1308 sed
2573 1279 2682 1327 pro-

559 1341 715 1404 priam
733 1352 780 1388 et
804 1341 1012 1388 filiorum
1031 1334 1213 1388 animas
1244 1341 1443 1406 perdere
1469 1341 1718 1400 sustinuit,
1756 1358 1817 1387 ne
1846 1358 1990 1388 unam
2010 1340 2124 1405 legis
2149 1341 2410 1388 incurreret
2430 1341 2675 1389 offensam.

559 1423 675 1477 Quae
699 1431 768 1468 est
792 1422 901 1482 ista,
930 1421 1128 1468 obsecro
1145 1457 1156 1477 ‚
1181 1421 1242 1468 ad
1259 1438 1403 1485 quam
1429 1420 1803 1486 compellebatur
1828 1421 2164 1485 transgressio?
2194 1421 2418 1485 Nunquid
2443 1421 2679 1469 abrenun-

559 1501 673 1548 tiare
698 1504 825 1561 Deo,
860 1502 936 1548 vel
962 1501 1231 1548 thurificare
1262 1501 1402 1548 idolis
1431 1500 1720 1565 cogebatur?
1759 1500 1912 1560 Nihil,
1944 1502 2164 1564 inquam,
2199 1501 2259 1547 ab
2287 1502 2353 1547 eis
2383 1501 2671 1564 exigebatur,

556 1581 645 1627 nisi
666 1592 716 1628 ut
735 1582 956 1628 carnibus
976 1592 1293 1640 vescerentur,
1318 1599 1436 1646 quas
1455 1582 1529 1628 lex
1549 1582 1614 1628 eis
1638 1566 1973 1628 interdicebat}
1986 1584 2029 1627 O
2048 1581 2212 1628 fratres
2240 1591 2285 1628 et
2310 1582 2671 1639 commonachi,

555 1662 637 1725 qui
669 1672 765 1709 tam
784 1662 1091 1727 impudenter
1109 1662 1324 1726 quotidie
1349 1672 1516 1708 contra
1541 1662 1712 1724 regulae
1737 1650 2083 1708 institutionem
2109 1678 2163 1708 ac
2188 1672 2402 1708 nostram
2425 1663 2675 1726 professio-.-

552 1759 663 1788 nem
689 1743 748 1789 ad
771 1759 936 1789 carnes
963 1742 1176 1802 inhiatis,
1198 1742 1315 1809 quid
1343 1742 1404 1788 ad
1430 1741 1571 1804 hujus
1597 1741 1807 1788 mulieris
1831 1742 2148 1788 constantiam
2174 1741 2345 1788 dicturi
2371 1742 2509 1789 estis?
2530 1742 2674 1790 Nuin-

551 1822 667 1886 quid
696 1833 791 1870 tam
819 1823 1129 1869 inverecundi
1156 1824 1286 1883 estis,
1319 1833 1368 1869 ut
1401 1839 1552 1886 quum
1576 1821 1676 1869 haec
1709 1821 1905 1880 auditis,
1935 1821 2259 1868 erubescentia
2284 1839 2384 1868 non
2409 1823 2673 1870 confunda-

551 1903 696 1949 mini?
731 1904 919 1963 Sciatis,
958 1903 1145 1962 fratres,
1176 1903 1308 1967 quod
1351 1902 1412 1949 de
1449 1903 1611 1966 regina
1646 1902 1799 1949 Austri
1833 1902 2068 1948 Dominus
2096 1902 2351 1950 incredulis
2385 1902 2664 1967 exprobrat,

549 1983 730 2030 dicens³
751 2003 760 2029 z
794 2004 817 2028 «
839 1985 1014 2047 Regina
1039 1985 1191 2030 Austri
1213 1993 1370 2047 surget
1396 1984 1445 2029 in
1466 1982 1648 2046 judicio
1674 2000 1782 2030 cum
1810 1984 2114 2047 generatione
2135 1984 2242 2042 ista,
2268 1994 2315 2030 et
2330 1985 2671 2033 condemnabit

540 2079 679 2123 eam,
702 2083 724 2108 »
754 2064 904 2110 multo
934 2064 1136 2128 amplius
1161 2063 1298 2110 vobis
1325 2063 1384 2109 de
1409 2063 1549 2126 hujus
1575 2062 1785 2110 mulieris
1809 2064 2074 2109 constantia
2094 2064 2520 2128 improperandum
2539 2082 2662 2126 esse,

546 2161 650 2208 quae
669 2154 715 2192 et
733 2144 874 2208 longe
894 2145 1075 2207 majora
1101 2144 1283 2204 fecerit,
1314 2154 1360 2191 et
1387 2161 1470 2190 vos
1492 2153 1652 2190 vestrae
1671 2144 1978 2208 professionis
2002 2154 2116 2190 voto
2147 2144 2362 2209 religioni
2386 2147 2559 2193 arctius
2577 2147 2663 2194 ad-

544 2225 690 2271 stricti
716 2225 839 2271 estis.
873 2224 1018 2287 Cujus
1043 2224 1237 2288 quidem
1258 2234 1389 2270 tanto
1410 2240 1562 2287 agone
1587 2223 1734 2270 virtus
1765 2224 2029 2270 examinata
2057 2224 2151 2270 hoc
2170 2225 2219 2270 in
2245 2225 2451 2273 Ecclesia
2478 2226 2664 2291 privile-

542 2306 669 2368 gium
686 2305 901 2352 obtinere
918 2305 1115 2364 meruit,
1136 2315 1188 2351 ut
1203 2305 1243 2368 ej
1251 2322 1303 2351 us
1315 2305 1594 2367 martyrium
1611 2304 1848 2351 solemnes
1863 2304 2090 2351 lectiones
2104 2315 2245 2369 atque
2261 2306 2451 2352 missam
2466 2306 2658 2366 habeat,

541 2386 673 2450 quod
695 2386 813 2433 nulli
840 2387 1147 2450 antiquorum
1173 2395 1445 2432 sanctorum
1472 2402 1753 2432 concessum
1781 2396 1876 2444 est,
1905 2386 2178 2450 quicunque
2200 2386 2374 2433 scilicet
2403 2386 2661 2435 adventum

539 2467 731 2513 Domini
759 2466 1011 2513 moriendo
1038 2476 1370 2531 praevenerunt
1390 2485 1398 2512 :
1423 2466 1641 2530 quamvis
1660 2466 1709 2512 in
1730 2467 1831 2531 ipsa
1850 2466 2229 2513 Machabaeorum
2244 2467 2459 2514 historia'*
2476 2468 2662 2516 Eleaza-

540 2564 619 2594 rus
642 2547 1026 2594 ille-venerabilis
1049 2563 1191 2593 senex
1221 2563 1343 2593 unus
1368 2546 1428 2593 de
1454 2546 1745 2611 primoribus
1775 2546 2038 2593 scribarum
2063 2547 2230 2594 eadem
2262 2564 2403 2594 causa
2435 2549 2659 2612 martyrio

532 2629 633 2691 jam
655 2638 911 2676 coronatus
942 2628 1083 2675 fuisse
1107 2627 1350 2675 referatur.
1380 2627 1473 2674 Sed
1498 2628 1634 2691 quia,
1663 2637 1717 2673 ut
1747 2627 1951 2674 diximus
1968 2664 1979 2686 ,
2009 2645 2106 2692 quo
2132 2628 2405 2675 naturaliter
2429 2629 2660 2677 femineus

538 2727 673 2756 sexus
692 2721 762 2756 est
786 2709 1038 2767 infirmior,
1069 2725 1127 2755 eo
1154 2709 1302 2755 virtus
1332 2719 1402 2755 est
1429 2711 1532 2755 Deo
1565 2708 1918 2772 acceptabilior,
1949 2719 1994 2755 et
2021 2709 2207 2755 honore
2233 2707 2449 2772 dignior:
2488 2726 2662 2773 nequa-

536 2806 680 2852 quam
706 2790 984 2853 martyrium
999 2788 1118 2835 illud
1133 2789 1180 2833 in
1199 2788 1447 2834 festivitate
1467 2788 1748 2834 memoriam
1773 2789 1972 2846 meruit,
2003 2789 2078 2834 cui
2100 2788 2274 2834 femina
2298 2805 2398 2834 non
2417 2789 2656 2848 interfuit,

535 2872 669 2934 quasi
686 2887 774 2936 pro
791 2887 966 2934 magno
984 2886 1084 2916 non
1100 2869 1349 2927 habeatur,
1373 2870 1412 2915 si
1432 2868 1598 2915 sortior
1614 2885 1751 2915 sexus
1770 2869 1965 2916 fortiora
1977 2871 1990 2893 ⁵
2007 2869 2226 2933 patiatur.
2246 2869 2383 2916 Unde
2397 2880 2444 2916 et
2456 2871 2503 2917 in
2518 2870 2660 2918 laude

532 2952 764 3014 praedictae
795 2952 980 2999 feminae
1013 2950 1216 3015 amplius
1250 2950 1489 3014 Scriptura
1522 2966 1865 3014 prorumpens,
1896 2950 2006 2995 ait⁶z
2034 2952 2231 3014 «Supra
2263 2949 2464 2996 modum
2499 2961 2658 2998 autem

531 3043 681 3079 mater
707 3032 935 3081 mirabilis
964 3042 1009 3078 et
1035 3031 1276 3079 bonorum
1313 3031 1546 3077 memoria
1574 3030 1741 3094 digna,
1784 3047 1887 3094 quae
1913 3040 2165 3095 pereuntes
2200 3040 2382 3095 septem
2413 3030 2535 3077 filios
2568 3031 2657 3078 sub

533 3113 671 3159 unius
705 3113 799 3159 diei
830 3124 1047 3177 tempore
1072 3112 1396 3177 conspiciens,
1430 3110 1562 3157 hono
1590 3112 1751 3158 animo
1786 3111 1965 3158 ferebat
1998 3121 2194 3176 propter
2231 3128 2387 3175 spem,
2425 3128 2570 3175 quam
2608 3113 2655 3158 in

528 3193 737 3239 Domino
772 3193 979 3240 habebat
999 3230 1010 3251 ,
1055 3192 1266 3256 singulos
1310 3191 1501 3238 illorum
1536 3191 1818 3238 hortabatur
1859 3192 2056 3250 fortiter,
2102 3191 2280 3256 repleta
2317 3192 2569 3256 sapientia,
2609 3204 2656 3239 et

527 3273 737 3320 femineae
766 3274 1038 3337 cogitationi
1063 3273 1380 3320 masculinum
1418 3272 1630 3318 animum
1658 3272 1885 3319 inserens.
1911 3291 1933 3316 »
1963 3273 2080 3330 Quis
2111 3274 2158 3318 in
2195 3272 2386 3319 laudem
2417 3274 2653 3337 virginum

570 3481 578 3496 ¹
606 3481 751 3519 Denter„
777 3491 848 3524 cap.
872 3492 938 3521 xiv,
959 3491 991 3514 v.
1013 3483 1045 3513 7.
1061 3498 1100 3503 —
1117 3480 1130 3497 ²
1148 3482 1228 3520 Job,
1247 3492 1319 3524 cap.
1341 3492 1364 3513 n
1379 3507 1387 3521 ‚
1407 3492 1438 3513 v.
1467 3482 1498 3513 4.
1515 3498 1559 3505 --
1604 3488 1637 3513 et
1651 3492 1699 3524 sq.
1722 3499 1759 3504 —-
1778 3482 1790 3498 ³
1804 3483 1943 3515 Fortiter
1959 3483 1996 3516 D.
2016 3501 2057 3506 -—
2078 3482 2090 3500 ⁶
2106 3483 2257 3515 Machab.
2281 3482 2307 3514 ll
2323 3507 2330 3521 ,
2357 3492 2430 3525 cap.
2458 3494 2499 3515 vu
2513 3508 2522 3524 ‚
2547 3494 2577 3516 v.
2604 3484 2645 3514 ⁶20

530 3537 679 3577 ³Mauh.‚
696 3548 768 3581 cap.
788 3549 831 3570 xn
846 3563 854 3579 ,
871 3549 899 3571 v.
918 3538 972 3570 42.
987 3555 1030 3563 —
1044 3537 1057 3554 ⁴
1071 3539 1223 3571 Machab.
1240 3538 1269 3570 ll
1282 3563 1290 3577 ,
1309 3549 1382 3581 cap.
1405 3549 1433 3570 vi
1446 3563 1454 3578 ‚
1472 3549 1502 3570 v.
1522 3539 1558 3569 18
1606 3544 1638 3570 et
1655 3539 1709 3570 21.
