2970 4152
944 395 1001 443 ΙΝ
1037 392 1317 440 PASSlONE
1352 391 1562 438 DOMINI
1598 390 1815 436 SERMO.
2370 388 2461 435 437

343 488 583 553 profectus
609 487 670 535 ad
697 491 911 535 momem
942 488 1137 548 Oliveti,
1169 504 1318 552 quum
1344 485 1410 533 ibi
1437 485 1622 532 sederet
1639 521 1650 542 ‚
1678 485 1796 531 sicut
1821 483 2066 530 Matthaeus
2090 480 2278 547 scribit,
2312 497 2467 529 acces-

343 578 504 615 serunt
526 568 586 615 ad
616 585 725 615 eum
750 567 968 635 discipuli
986 570 1103 633 ejus,
1123 578 1304 616 secreto
1324 567 1560 615 dicentes¹
1583 584 1592 611 :
1624 586 1646 609 «
1664 566 1751 612 Dic
1774 564 1914 612 nobis
1933 562 2128 629 quando
2146 562 2249 609 haec
2267 573 2406 609 erunt
2420 583 2464 623 ‚»

343 646 404 694 de
440 646 762 695 destructione
795 648 974 696 scilicet
1007 647 1290 708 Jerusalem,
1336 666 1359 691 «
1393 656 1439 693 et
1470 644 1604 710 quod
1635 646 1821 708 signum
1860 644 1948 691 erit
1982 643 2214 690 adventus
2244 642 2338 701 tui,
2370 661 2392 684 »ι
2420 643 2465 687 ἰι]

342 727 438 776 fine
457 729 632 776 scilicet
651 729 841 791 mundi,
870 740 917 777 et
939 731 1086 796 ipsius
1112 727 1539 777 consummationis
1564 726 1735 773 saeculi.
1756 729 1828 773 De
1851 742 1943 790 qua
1969 742 2117 789 quum
2143 724 2280 790 plura
2301 724 2467 785 Domi-

342 826 433 856 nus
458 809 771 875 praedixisset,
793 821 839 857 et
857 810 1097 876 prolixum
1120 811 1186 858 eis
1209 825 1480 858 sermonem
1497 807 1765 867 habuisset,
1788 806 2030 870 subjungit
2052 805 2321 852 Matthaeus²
2340 824 2349 851 :
2371 825 2392 850 «
2414 807 2465 850 Et

301 955 303 957 Ι
342 889 516 937 factum
534 900 625 950 est,
653 907 802 955 quum
821 901 1200 939 consummasset
1217 894 1351 938 Jesus
1367 905 1610 936 sermones
1626 883 1718 934 hos
1736 903 1905 934 omnes
1918 923 1930 946 ,
1953 886 2067 933 dixit
2084 884 2325 950 discipulis
2344 886 2463 931 suis:

346 989 371 1015 «
389 971 524 1018 Scitis
542 972 653 1036 quia
672 981 780 1037 post
798 971 1001 1020 biduum
1021 973 1201 1020 Pascha
1220 972 1324 1033 fiet,
1349 981 1396 1019 et
1414 970 1539 1018 filius
1553 969 1764 1017 hominis
1788 968 2002 1016 tradetur
2026 978 2080 1014 ut
2102 966 2418 1032 crucifigatur.
2444 986 2464 1009 υ

343 1053 455 1098 Post
477 1051 705 1112 biduum,
733 1052 827 1100 hoc
850 1063 920 1101 est
945 1055 993 1100 in
1018 1044 1310 1118 fine'quintae
1338 1053 1488 1111 feriae,
1517 1050 1713 1116 quando
1733 1060 1848 1096 tunc
1868 1048 2120 1114 oportebat
2136 1058 2269 1095 vetus
2292 1047 2468 1094 Pascha

340 1130 568 1178 celebrari
593 1132 654 1180 de
678 1133 1006 1181 immolatione
1024 1134 1132 1198 agni
1151 1150 1233 1181 seu
1252 1132 1376 1180 haedi
1397 1132 1457 1193 ad
1475 1148 1743 1197 vesperum.
1770 1134 1873 1178 Hoc
1895 1130 2022 1178 enim
2043 1128 2220 1176 Pascha
2247 1129 2342 1175 hoc
2361 1128 2467 1175 loco

341 1210 479 1272 dicit,
508 1214 640 1277 quod
670 1214 935 1262 secundum
959 1214 1111 1279 legem
1139 1214 1365 1262 omnibus
1391 1224 1491 1261 erat
1513 1223 1700 1260 notum.
1734 1213 1886 1259 Tertia
1913 1212 2071 1275 itaque
2102 1209 2243 1269 feria,
2278 1208 2373 1256 hoc
2401 1220 2468 1256 est

341 1289 419 1338 die
440 1293 621 1353 Martis,
645 1311 915 1342 sermonem
935 1295 1069 1342 illum
1086 1295 1254 1341 habuit
1270 1295 1318 1341 in
1339 1304 1504 1342 monte
1523 1293 1721 1353 Oliveti,
1749 1302 1795 1339 et
1813 1308 1871 1339 eo
1893 1290 2046 1349 finito,
2069 1289 2184 1336 dixit
2207 1288 2465 1353 discipulis,

317 1430 323 1438 .
341 1372 451 1435 quia
470 1383 578 1438 post
591 1373 793 1422 biduum
812 1375 992 1423 Pascha
1008 1375 1103 1423 fiet.
1124 1379 1256 1422 Tunc
1274 1376 1452 1440 quippe
1471 1374 1552 1422 illo
1570 1391 1698 1422 anno
1713 1373 1899 1432 accidit,
1921 1382 1973 1419 ut
1988 1382 2097 1437 post
2114 1369 2230 1417 illud
2246 1370 2466 1427 biduum⁷

340 1450 389 1496 in
409 1452 597 1516 quinta,
627 1464 678 1501 ut
697 1454 924 1514 diximus,
954 1455 1092 1515 feria,
1114 1455 1469 1520 quartadecima
1489 1455 1695 1501 eveniret
1720 1454 1832 1500 luna
1847 1489 1860 1513 ,
1890 1462 1942 1499 ut
1966 1468 2024 1499 eo
2045 1451 2121 1499 die
2140 1450 2201 1498 ad
2216 1467 2467 1516 vesperum

341 1532 605 1580 secundum
631 1534 783 1598 legem
805 1536 976 1582 veteris
1001 1536 1189 1583 Paschae
1214 1535 1349 1583 fieret
1371 1534 1670 1582 sacrificium.
1696 1536 1806 1591 Quo
1825 1532 2021 1597 quidem
2045 1531 2197 1593 finito,
2219 1532 2366 1579 veteri
2386 1532 2470 1578 sci·

340 1610 449 1658 licet
469 1612 659 1660 Paschae
672 1605 902 1662 sacrificio
920 1615 970 1661 in
990 1615 1212 1662 carnibus
1236 1614 1360 1662 haedi
1375 1614 1450 1661 vel
1467 1615 1575 1679 agni
1591 1630 1702 1661 cum
1721 1613 1897 1677 azymis
1916 1623 1963 1660 et
1978 1613 2171 1660 lactucis
2191 1612 2465 1677 agrestibus,

340 1694 496 1740 statim
514 1694 615 1759 ipse
639 1696 875 1743 Dominus
899 1713 1078 1743 novum
1107 1695 1283 1743 Pascha
1307 1712 1456 1759 quum
1472 1695 1642 1755 ‘fecerit
1667 1695 1716 1741 in
1745 1703 2040 1741 sacramento
2065 1693 2279 1758 corporis
2302 1704 2347 1741 et
2369 1710 2471 1740 san·

339 1776 493 1838 guinis
517 1775 612 1835 sui,
642 1786 688 1823 et
713 1777 778 1823 sic
799 1788 933 1825 vetus
965 1778 1143 1825 Pascha
1171 1778 1456 1825 terminavit.

405 1855 664 1921 Completis
681 1869 838 1907 autem
860 1860 1106 1925 utriusque
1125 1859 1315 1907 Paschae
1333 1860 1639 1907 sacramentis
1651 1895 1663 1919 ,
1684 1859 1744 1906 de
1764 1859 1931 1906 eadem
1949 1867 2089 1904 nocte
2106 1867 2175 1904 est
2192 1856 2391 1904 traditus
2410 1857 2466 1903 ad

339 1939 626 2003 passionem.
651 1943 722 1988 De
740 1957 834 2006 qua
853 1950 1204 2005 consequenter
1233 1939 1487 1987 traditione
1517 1939 1759 2003 subjungit
1782 1949 1834 1987 ut
1859 1938 2041 2004 dictum
2066 1939 2156 1985 est*³
2178 1956 2188 1983 :
2217 1956 2240 1982 «
2262 1939 2319 1983 Et
2347 1936 2469 1983 filius

340 2017 550 2067 hominis
583 2009 796 2068 tradetur
834 2031 886 2068 ut
919 2020 1235 2085 crucifigatur.
1277 2024 1408 2068 Tunc
1446 2020 1718 2085 congregati
1759 2029 1897 2078 sunt,
1935 2038 1957 2062 »
1999 2018 2153 2083 inquit
2191 2016 2436 2064 Matthaeus
2456 2053 2466 2074 ,

344 2100 626 2165 «principes
654 2101 957 2149 sacerdotum
980 2137 993 2159 ‚
1019 2113 1066 2150 et
1096 2103 1306 2150 seniores
1329 2101 1495 2167 populi
1527 2100 1780 2148 consilium
1812 2100 2051 2159 fecerunt,
2082 2109 2134 2146 ut
2164 2102 2324 2146 Jesum
2355 2097 2469 2146 dolo

341 2189 557 2229 tenerent
587 2193 634 2230 et
659 2183 950 2231 occiderent.
979 2183 1212 2232 Dicebant
1238 2195 1397 2231 autem
1420 2202 1429 2229 ε
1454 2186 1560 2230 Non
1588 2183 1635 2229 in
1667 2182 1744 2229 die
1774 2182 1919 2242 feste,
1943 2201 1965 2225 »
1997 2180 2223 2228 subaudis
2246 2199 2255 2227 :
2276 2180 2370 2227 hoc
2399 2180 2471 2225 fa-

340 2260 564 2309 ciendum
594 2280 693 2311 esse
720 2283 730 2311 :
764 2284 786 2310 «
808 2281 870 2312 ne
889 2265 1010 2312 forte
1037 2265 1268 2312 tumultus
1301 2264 1434 2312 fieret
1459 2264 1507 2310 in
1536 2262 1748 2329 populo;
1773 2282 1795 2306 υ
1832 2261 1927 2309 hoc
1950 2271 2019 2310 est
2037 2299 2048 2321 ,
2076 2278 2137 2309 ne
2161 2260 2332 2320 turbae,
2367 2277 2470 2324 quae

339 2340 473 2388 illum
503 2360 612 2391 cum
639 2345 927 2394 exultatione
957 2357 1290 2413 susceperant,
1310 2347 1386 2394 vel
1409 2347 1527 2394 sicut
1550 2345 1836 2410 prophetam
1855 2344 2123 2404 habebant,
2152 2345 2200 2391 in
2230 2360 2312 2391 eos
2336 2359 2465 2390 com·

340 2434 664 2484 moverentur,
694 2435 740 2472 et
766 2427 923 2491 ipsum
949 2428 1201 2493 eriperent.
1226 2430 1268 2474 Ο
1285 2428 1395 2474 caeci
1414 2437 1459 2474 et
1483 2424 1700 2492 pessimi!
1725 2425 1850 2472 Dolo
1874 2442 1984 2472 eum
2007 2424 2148 2472 vultis
2166 2435 2343 2483 tenere,
2371 2434 2468 2470 tan-

340 2520 483 2568 quam
506 2505 722 2567 ignarum
738 2505 1102 2554 machinationis
1117 2517 1304 2567 vestrae,
1328 2524 1418 2554 nec
1437 2507 1483 2553 in
1502 2506 1580 2553 die
1599 2507 1717 2552 sesto
1738 2505 1863 2552 istud
1883 2503 2134 2570 perficere,
2155 2521 2254 2552 non
2275 2502 2465 2568 quidem

338 2600 428 2648 pro
453 2588 716 2634 reverentia
742 2587 860 2647 diei,
887 2588 968 2635 sed
995 2605 1085 2653 pro
1111 2598 1240 2635 metu
1267 2604 1411 2652 quem
1441 2587 1646 2634 diximus
1667 2585 1850 2651 populi.
1880 2586 2018 2633 Diem
2045 2585 2216 2633 festum
2239 2584 2352 2631 dicit
2374 2583 2467 2647 pri—

339 2681 471 2710 mum
497 2665 623 2728 diem
650 2683 927 2730 azymorum
953 2678 1061 2732 post
1087 2668 1281 2715 Pascha.
1315 2666 1492 2714 Pascha
1523 2667 1701 2732 quippe
1734 2666 1929 2731 proprie
1966 2675 2165 2735 vocatur
2200 2666 2248 2711 in
2276 2674 2466 2728 quarta-

337 2744 521 2793 decima
554 2746 690 2806 luna,
720 2747 802 2795 ubi
827 2748 1092 2796 immolatio
1119 2748 1262 2796 fiebat
1285 2747 1347 2796 ad
1368 2763 1638 2813 vesperum.
1673 2750 1708 2793 A
1733 2747 1898 2811 quinta
1926 2763 2041 2794 vero
2073 2745 2152 2792 die
2188 2744 2371 2791 decima
2395 2759 2466 2789 se-

336 2834 513 2889 quente
537 2843 686 2891 usque
709 2827 770 2874 ad
795 2829 1051 2893 septimum
1072 2829 1198 2876 diem
1215 2838 1350 2876 erant
1368 2828 1470 2876 dies
1494 2844 1797 2892 azymorum,
1820 2827 1952 2892 quod
1978 2826 2195 2874 videlicet
2213 2835 2321 2891 post
2339 2825 2464 2871 diem

338 2906 526 2955 Paschae
545 2918 727 2972 septem
746 2908 914 2957 diebus
928 2911 1104 2975 azymis
1121 2920 1441 2958 vescerentur.
1465 2914 1481 2957 1
1487 2928 1516 2957 n
1538 2909 1711 2975 quibus
1729 2909 1925 2974 quidem
1944 2907 2164 2955 videlicet
2182 2906 2350 2954 diebus
2368 2922 2467 2968 azy-

337 3005 554 3048 morum,
580 2989 762 3053 primus
787 2990 887 3038 dies
911 3008 1079 3039 eorum
1107 3002 1154 3040 et
1181 2993 1411 3058 septimus
1435 2991 1719 3039 celebriores
1745 3000 1878 3038 erant
1911 2990 2088 3037 caeteris
2119 2998 2166 3035 et
2200 2987 2461 3042 solemnes,

337 3085 486 3132 quum
514 3070 614 3135 ipse
640 3069 741 3117 dies
769 3071 957 3119 Paschae
978 3072 1160 3120 nullam
1185 3073 1497 3121 solemnitatis
1516 3073 1794 3138 dignitatem
1820 3089 1876 3119 ex
1901 3071 2177 3119 auctoritate
2202 3069 2315 3133 legis
2342 3068 2463 3116 obti-

336 3158 462 3195 neat.
489 3151 611 3196 Hinc
630 3150 678 3196 in
697 3150 865 3197 Exodo
882 3152 1110 3217 scriptum
1130 3163 1199 3200 est
1217 3153 1277 3201 de
1293 3153 1367 3199 his
1385 3163 1567 3218 septem
1588 3152 1756 3200 diebus
1775 3168 2053 3215 azymorum
2066 3154 2079 3175 ¹·
2103 3169 2114 3196 ε
2140 3170 2162 3195 «
2183 3150 2295 3197 Dies
2310 3151 2460 3215 prima

337 3228 426 3275 erit
457 3240 619 3278 sancta
643 3240 787 3295 atque
812 3232 1063 3294 solemniS,
1093 3244 1136 3282 et
1164 3234 1265 3282 dies
1290 3235 1490 3301 septima
1518 3234 1685 3282 eadem
1721 3234 1967 3281 festivitate
2006 3231 2300 3280 venerabilis.
2339 3227 2461 3278 Nihil

336 3310 493 3374 operis
518 3311 695 3360 facietis
723 3313 769 3359 in
794 3314 887 3375 eis,
916 3316 1123 3381 exceptis
1144 3315 1218 3363 his
1243 3333 1349 3382 quae
1371 3316 1433 3366 ad
1457 3315 1746 3365 vescendum
1768 3314 2058 3381 pertinent.»
2078 3314 2215 3361 Illum
2235 3330 2348 3378 ergo
2367 3315 2462 3378 pri-

380 3484 389 3501 ¹
416 3485 544 3527 Matth„
561 3497 635 3532 cap.
651 3500 738 3531 xxiv,
757 3501 788 3523 v.
804 3491 835 3524 3.
851 3509 892 3515 —
905 3490 918 3508 ¹
936 3491 1064 3535 nauh„
1079 3502 1152 3536 cap.
1171 3504 1268 3534 xxvi,
1284 3504 1315 3526 v.
1336 3498 1373 3534 1,
1388 3496 1419 3526 2.
1445 3513 1471 3517 —
1494 3495 1507 3511 ³
1522 3493 1620 3532 lbid.,
1637 3503 1668 3525 v.
1688 3494 1716 3524 3.
1734 3511 1773 3516 —
1789 3493 1802 3510 ⁴
1820 3493 1946 3526 Exod..
1963 3502 2035 3535 cap.
2058 3502 2123 3529 xu,
2145 3502 2172 3522 v.
2200 3491 2248 3522 16.
