2970 4152
530 411 622 459 526
1328 405 1498 451 PETRI
1531 405 1844 454 ABAELARDI

528 512 722 550 venerat
738 502 977 548 invitatus.
991 499 1115 546 Vino
1127 499 1286 562 itaque
1300 498 1368 545 ibi
1381 497 1649 558 deficiente,
1662 499 1777 546 dicit
1790 509 1943 546 mater
1956 501 2066 545 Jesu
2079 497 2141 545 ad
2149 501 2277 546 eum¹
2291 517 2301 546 ε
2317 519 2340 544 «
2351 499 2528 548 Vinum
2541 515 2641 548 non

527 584 723 631 habent.
751 603 773 626 ι)
798 585 854 628 Et
874 581 989 627 dicit
1007 579 1050 626 ei
1069 582 1201 626 Jesus
1229 597 1239 625 ε
1260 598 1282 624 «
1301 578 1429 637 Quid
1445 578 1564 627 mihi
1585 589 1632 626 et
1650 579 1736 626 tibi
1750 578 1947 626 mulier?
1965 577 2186 625 nondum
2197 579 2329 627 venit
2340 578 2462 626 hora
2476 595 2600 628 mea.
2613 598 2639 623 υ

527 664 651 710 Dicit
676 672 826 709 mater
849 661 947 724 ejus
967 659 1222 707 ministris:
1244 644 1616 725 «Quodcunque
1639 660 1809 708 dixerit
1822 659 1960 706 vobis
1982 658 2137 706 facite.
2160 677 2183 703 »
2215 662 2274 707 Et
2294 670 2406 725 post
2426 659 2638 724 aliqua’:

531 763 552 786 a
579 743 702 790 Dicit
724 743 790 789 eis
812 745 943 789 Jesus
968 761 978 788 ι
1000 761 1022 786 «
1035 740 1233 806 Implete
1254 741 1450 806 hydrias
1469 757 1611 805 aqua,
1638 751 1729 789 etc.
1751 759 1774 785 »
1809 744 1931 787 Ecce
1954 749 2106 787 mater
2127 739 2302 788 Christi
2322 739 2383 788 de
2405 739 2644 806 corporali
2686 759 2692 765 ·

526 822 760 869 beneficio
795 821 1017 881 sollicita,
1055 820 1399 868 intercedendo
1431 821 1602 869 invitat
1630 820 1781 867 filium
1810 819 1871 867 ad
1899 819 2223 885 praestandum
2254 818 2567 880 beneficium,
2597 830 2645 868 et

525 903 659 967 quasi
681 901 743 949 ah
765 903 869 967 ipso
894 902 1142 966 objurgata
1171 902 1399 966 graviter,
1428 919 1528 949 non
1552 901 1754 961 destitit,
1780 900 1937 948 donec
1958 899 2091 965 quod
2112 899 2394 948 intendebat
2416 899 2640 948 obtinuit.

526 986 583 1029 Et
604 982 800 1047 quidem
822 983 861 1030 si
883 982 1133 1047 diligenter
1155 982 1462 1043 attendimus,
1479 999 1580 1030 non
1598 992 1698 1029 tam
1719 980 2008 1029 beneficium
2030 998 2137 1029 eam
2153 981 2422 1030 videbimus
2434 996 2642 1046 rogasse,

526 1080 671 1127 quam
693 1063 933 1110 defectum
948 1064 1048 1111 vini
1064 1065 1325 1113 nuntiasse.
1351 1067 1513 1122 Quum
1535 1064 1665 1111 enim
1688 1062 1859 1110 dixerit
1880 1063 1994 1128 quia
2014 1062 2261 1111 defecisset
2272 1063 2458 1122 vinum,
2473 1077 2648 1127 nequa-

525 1159 670 1206 quam
693 1152 885 1208 rogasse
906 1143 1078 1208 legitur
1100 1155 1154 1193 ut
1174 1144 1270 1193 hoc
1292 1145 1393 1210 ipse
1413 1143 1669 1210 praeberet3
1695 1143 1780 1191 sed
1801 1142 1896 1190 hoc
1917 1141 2075 1191 solum
2097 1142 2313 1190 sufficere
2336 1141 2562 1190 arbitrata
2577 1151 2649 1189 est

526 1224 587 1271 ad
607 1225 965 1290 impetrandum
987 1226 1122 1291 quod
1143 1225 1336 1274 volebat
1353 1263 1365 1286 ,
1389 1226 1430 1274 si
1451 1226 1694 1273 nuntiaret
1718 1224 1853 1289 quod
1884 1224 2072 1284 deerat,
2106 1240 2196 1271 nec
2215 1223 2318 1288 jam
2345 1222 2476 1288 apud
2496 1221 2648 1269 filium

525 1321 717 1369 precem
745 1322 882 1353 suam
911 1323 1011 1353 esse
1042 1306 1384 1365 necessariam,
1421 1322 1572 1370 quum
1592 1304 1836 1352 videretur
1868 1319 2006 1351 suam
2041 1303 2307 1350 insinuasse
2328 1301 2644 1350 voluntatem.

528 1393 623 1438 Nec
655 1398 821 1454 rogata
853 1387 1051 1453 quidem
1072 1404 1100 1436 a
1122 1387 1338 1436 convivis
1367 1386 1518 1434 fuerat
1535 1425 1547 1447 ,
1579 1396 1633 1434 ut
1654 1386 1749 1433 hoc
1771 1386 1838 1433 eis
1867 1384 2158 1433 beneficium
2185 1385 2483 1450 impetraret.
2520 1380 2650 1440 Quid

528 1487 641 1535 ergo
663 1486 749 1536 per
769 1485 963 1535 precem
985 1467 1165 1515 factura
1187 1477 1282 1527 est,
1306 1484 1456 1533 quum
1478 1483 1507 1515 a
1528 1466 1750 1514 fidelibus
1772 1475 1982 1525 exorata,
2007 1481 2097 1530 pro
2120 1465 2234 1529 ipsis
2255 1463 2385 1529 apud
2406 1462 2559 1510 filium
2579 1463 2651 1510 in-

527 1544 809 1607 tercesserit,
830 1558 876 1595 et
897 1564 988 1613 pro
1010 1546 1160 1594 salute
1177 1564 1385 1612 quorum
1401 1563 1451 1595 se
1473 1546 1535 1595 ab
1557 1547 1663 1612 ipso
1684 1546 1902 1605 electam,
1928 1555 1974 1592 et
1996 1545 2063 1592 eis
2085 1543 2250 1591 debito
2267 1542 2528 1607 obligatam
2549 1557 2651 1589 esse

527 1628 854 1692 recognoscit?
877 1630 993 1685 Quae
1014 1637 1197 1690 quanto
1220 1627 1430 1674 sanctior
1446 1637 1494 1673 et
1504 1626 1677 1690 justior
1693 1635 1781 1685 est,
1800 1635 1938 1672 tanto
1960 1624 2010 1671 in
2033 1622 2355 1689 persolvendo
2377 1621 2543 1670 debito
2563 1620 2653 1669 sol·

528 1710 707 1756 licitam
717 1708 866 1772 magis
882 1724 983 1755 esse
993 1716 1198 1754 constat.
1217 1706 1360 1764 Quod
1373 1723 1474 1753 non
1486 1706 1644 1753 solum
1656 1707 1862 1764 ratione,
1876 1721 2046 1752 verum
2057 1704 2201 1751 etiam
2211 1702 2540 1768 exemplorum
2549 1717 2652 1750 ma·-

529 1790 753 1837 nifestum
775 1798 846 1835 est
866 1788 990 1836 luce.
1016 1786 1088 1832 Ad
1112 1786 1418 1833 Coloss'enses
1441 1786 1695 1850 Apostolus
1718 1784 1949 1843 scribens,
1966 1783 2182 1849 quodam
2197 1783 2308 1831 loco
2324 1783 2386 1830 de
2401 1785 2504 1831 Deo
2517 1792 2654 1848 patre

529 1880 574 1917 et
597 1869 807 1916 Domino
831 1871 940 1915 Jesu
963 1858 1153 1913 Christo
1167 1902 1179 1924 ,
1201 1865 1268 1913 sic
1291 1866 1381 1912 ait³
1406 1883 1418 1912 z
1448 1868 1548 1912 «Et
1568 1881 1656 1913 vos
1678 1881 1830 1930 quum
1852 1864 2032 1912 mortui
2054 1864 2215 1912 essetis
2236 1864 2287 1911 in
2310 1862 2520 1924 delictis,
2542 1878 2654 1910 con—

529 1951 784 2000 vivificavit
805 1966 917 1996 cum
939 1948 1040 2008 illo,
1061 1948 1251 1995 donans
1271 1947 1411 1995 vobis
1433 1947 1598 1995 omnia
1619 1946 1818 2007 delicta,
1848 1946 2014 1995 delens
2036 1945 2171 2011 quod
2193 1944 2421 2012 adversus
2442 1961 2533 1993 nos
2554 1955 2656 1993 erat

530 2031 882 2098 cyrographum
916 2029 1121 2089 decreti,
1159 2027 1293 2093 quod
1327 2037 1429 2075 erat
1462 2028 1761 2076 contrarium
1782 2026 1945 2087 vobis3
1980 2037 2028 2075 et
2059 2027 2219 2093 ipsum
2246 2025 2355 2075 tulit
2380 2026 2442 2074 de
2466 2024 2652 2085 medio,

531 2112 727 2176 affigens
760 2110 878 2157 illud
900 2109 1047 2168 cruci,
1071 2108 1340 2174 exspolians
1362 2107 1660 2173 principatus
1686 2117 1733 2154 et
1759 2115 2036 2172 potestates.
2057 2124 2081 2151 »
2112 2105 2186 2153 Ad
2209 2105 2341 2152 hunc
2365 2105 2526 2169 itaque
2549 2120 2655 2152 mo·-

531 2193 650 2240 dum
673 2202 721 2239 et
736 2190 933 2238 Domini
954 2199 1108 2237 mater
1123 2189 1390 2236 miserrimo
1414 2197 1557 2252 atque
1580 2187 1833 2252 desperato
1858 2185 2125 2251 Theophilo
2149 2183 2473 2232 execrandum
2493 2199 2550 2231 ae
2572 2182 2656 2231 de-

539 2271 807 2321 testandum
838 2270 1090 2318 restituens
1119 2267 1499 2334 cyrographum,
1534 2267 1597 2315 ad
1624 2266 2007 2314 consolationem
2042 2265 2308 2313 multorum
2335 2264 2386 2312 in
2414 2280 2515 2311 uno
2542 2265 2658 2311 tune

540 2354 627 2415 egit
658 2351 879 2410 homine,
915 2349 1050 2414 quod
1077 2348 1202 2396 filius
1237 2348 1336 2412 ejus
1370 2348 1421 2395 in
1449 2346 1666 2394 humano
1702 2362 1875 2411 genere
1905 2345 2212 2410 cognoscitur
2239 2346 2406 2408 egisse.
2440 2343 2659 2406 Denique

541 2442 768 2495 quantum
783 2429 921 2478 velox
935 2440 982 2477 et
999 2439 1228 2495 prompta
1248 2429 1307 2476 sit
1320 2428 1395 2476 his
1413 2428 1496 2493 qui
1512 2444 1620 2475 eam
1635 2428 1881 2486 invocant,
1901 2425 2025 2473 ferre
2042 2442 2187 2491 opem
2202 2441 2304 2472 non
2320 2423 2478 2472 solum
2491 2432 2660 2470 contra

541 2512 776 2573 daemqnes
792 2550 803 2572 ,
835 2528 1003 2558 verum
1035 2512 1178 2559 etiam
1203 2520 1374 2558 contra
1410 2520 1714 2557 terrenorum
1735 2508 2011 2573 principum
2031 2506 2362 2571 tyrannidem,
2387 2504 2465 2553 ille
2486 2504 2660 2552 Juliani

541 2593 835 2661 imperatoris
863 2591 1079 2639 interitus
1113 2600 1430 2657 protestatur,
1467 2606 1612 2654 quem
1640 2589 1690 2635 in
1723 2588 1832 2636 Vita
1857 2587 1987 2635 beati
2014 2586 2172 2634 Basilii
2206 2586 2425 2650 legimus.
2466 2587 2659 2643 Quanto

542 2690 654 2737 ergo
676 2675 881 2722 securius
909 2673 970 2721 de
1002 2673 1303 2739 protectione
1326 2682 1373 2719 et
1403 2671 1629 2735 suffragio
1664 2669 1981 2729 confidimus,
2012 2678 2149 2716 tanto
2183 2684 2273 2715 nos
2304 2667 2525 2715 devotius
2560 2666 2661 2729 ejus

543 2754 766 2800 interesse
797 2753 1037 2801 festivitati
1072 2753 1322 2812 convenit,
1360 2762 1407 2799 et
1440 2767 1836 2816 unumquemque
1866 2759 2088 2797 nostrum
2115 2747 2178 2796 ad
2207 2764 2315 2795 eam
2343 2747 2662 2812 suspirantem

544 2835 829 2882 incessanter
856 2835 1089 2883 clamare'*
1116 2853 1126 2881 ι
1157 2853 1179 2878 α
1196 2833 1348 2881 Trahe
1384 2849 1485 2892 me3
1522 2842 1633 2902 post
1660 2842 1707 2879 te
1735 2847 1982 2879 curremus
2004 2831 2054 2877 in
2078 2828 2281 2876 odorem
2306 2837 2663 2892 unguentorum

544 2927 752 2964 tuorum.
776 2936 799 2961 η
823 2919 987 2964 Tracta
1009 2917 1188 2981 quippe
1212 2924 1282 2962 est
1304 2924 1358 2961 ut
1379 2913 1563 2973 trahat,
1589 2911 1834 2978 assumpta
1854 2922 1925 2960 est
1946 2921 1999 2958 ut
2021 2919 2231 2958 assumat
2247 2946 2261 2969 ,
2289 2925 2395 2974 quae
2417 2917 2576 2955 creata
2593 2916 2664 2955 est

545 3007 597 3043 ut
616 2997 778 3056 salvet,
796 3007 844 3044 et
860 2996 1064 3045 formata
1083 3006 1136 3044 ut
1149 2994 1394 3042 reformet.
1415 2997 1525 3051 Quo
1539 2995 1671 3041 enim
1684 2992 1949 3040 mirabilior
1962 2993 2013 3039 in
2030 2990 2333 3057 reparatione
2349 2997 2517 3036 nostra
2529 2986 2664 3034 fieret

546 3078 756 3140 operatio
781 3076 958 3136 divina,
985 3093 1071 3142 per
1093 3075 1264 3124 eadem
1286 3074 1461 3139 quibus
1484 3074 1753 3120 corruimus
1775 3073 1920 3120 erecti
1943 3071 2257 3130 surreximus,
2290 3069 2331 3117 si
2358 3077 2554 3116 naturas
2581 3081 2666 3130 po·

546 3155 638 3201 tius
659 3170 803 3218 quam
823 3172 898 3202 res
915 3156 1040 3221 ipsas
1055 3171 1327 3221 pensemus.
1353 3153 1584 3201 Diabolus
1598 3153 1778 3217 quippe
1793 3153 1841 3198 in
1863 3161 2084 3217 serpente
2098 3150 2159 3198 de
2172 3149 2303 3214 ligno
2319 3147 2466 3195 vetito
2482 3146 2664 3211 primos

547 3243 766 3298 parentes
798 3235 1026 3294 tentavit,
1056 3235 1213 3282 virum
1242 3244 1290 3282 et
1321 3233 1550 3280 feminam
1577 3232 1857 3297 captivavit,
1890 3241 1938 3279 et
1970 3247 2058 3296 per
2084 3230 2186 3277 haec
2219 3237 2428 3293 quatuor
2450 3226 2667 3276 damnati

547 3331 737 3373 sumus,
777 3314 953 3363 seilicet
986 3314 1170 3379 lignum
1203 3313 1528 3380 prohibitum,
1561 3322 1832 3377 serpentem
1870 3311 2178 3375 suadentem,
2217 3312 2366 3356 Evam
2391 3306 2661 3360 seductam,

596 3497 605 3515 “
631 3496 741 3541 Joam,
753 3507 829 3542 cap.
841 3507 882 3538 n,
897 3508 928 3532 v.
945 3498 975 3531 3.
991 3515 1035 3523 -
1049 3496 1064 3516 ¹
1080 3496 1179 3538 lbid„
1193 3506 1227 3531 v.
1249 3498 1280 3532 7.
1297 3514 1339 3523 --
1357 3496 1371 3516 ⁸
1389 3498 1526 3536 Coloss„
1540 3507 1613 3539 cap.
1633 3507 1674 3537 n,
1689 3506 1720 3529 v.
1739 3496 1789 3528 13.
1804 3492 1876 3521 -Ἀ
1893 3495 2004 3533 Cant„
2020 3503 2093 3535 cap.
2114 3503 2147 3533 ι,
2165 3501 2196 3524 v.
2215 3491 2248 3523 3.
