2840 4178
1443 503 1675 532 —11—

494 593 727 643 tiuncula
747 633 759 656 ‚
788 593 983 644 scilicet
1008 603 1067 643 ut
1088 633 1100 656 ,
1127 612 1227 664 pro
1256 594 1374 665 jure
1402 595 1688 666 officioque
1719 598 1845 648 novi
1883 574 2131 663 editoris,
2160 598 2293 668 quid
2331 600 2457 651 mihi
2491 619 2614 671 pro-

494 694 759 762 posuerim
781 705 832 745 et
862 693 1309 771 quemadmodum
1331 696 1643 767 perfecerim
1670 717 1828 769 quam
1859 699 2164 753 brevissime
2188 713 2376 754 notum
2404 702 2608 756 faciam.

564 796 703 845 Dum
715 794 828 847 fere
841 813 1043 861 omncs,
1060 797 1151 867 qui
1167 797 1224 848 in
1238 797 1325 849 illa
1339 797 1523 851 mediae
1537 800 1699 851 aetatis
1713 811 1867 852 nocte
1880 800 2271 871 praefulserunt,
2286 803 2610 877 philosophi,

491 907 550 946 ut
569 897 736 961 aiunt,
759 897 1051 949 scholastici
1074 898 1321 950 invenere
1341 898 1512 950 laudis
1532 918 1637 951 suae
1661 918 1949 971 praecones,
1969 901 2167 972 quibus
2189 902 2321 954 nihil
2345 880 2613 974 antiquius

490 995 592 1046 fuit
611 1014 770 1066 quam
790 1015 977 1049 eorum
1002 999 1196 1070 scripta
1221 1017 1426 1064 eruere,
1454 1000 1739 1052 nitorissuo
1762 1002 2057 1066 restituere,
2080 1014 2131 1054 et
2160 1022 2404 1074 promere
2426 1005 2483 1055 in
2502 1003 2614 1057 dias

489 1095 704 1147 luminis
736 1115 887 1149 auras
906 1138 918 1162 ,
946 1116 1058 1150 non
1084 1098 1243 1150 modo
1268 1099 1483 1151 collecta
1509 1098 1809 1170 diligenter,
1839 1100 1931 1153 sed
1957 1121 2093 1173 saepe
2122 1103 2363 1174 partibus
2390 1115 2539 1156 aucta
2563 1117 2615 1156 et

489 1196 740 1248 adornata
763 1216 875 1250 non
907 1199 1013 1250 suis
1033 1239 1045 1264 ,
1075 1199 1161 1251 ille
1180 1198 1490 1251 Abaelardus
1512 1200 1662 1271 cujus
1687 1202 1904 1254 nomine
1932 1202 2103 1254 Gallia
2128 1214 2179 1254 et
2198 1204 2369 1255 omnis
2400 1204 2614 1274 Europa

488 1298 677 1349 saeculo
701 1297 1017 1363 duodecimo
1051 1312 1443 1371 personuerunt
1458 1342 1470 1365 ‚
1494 1302 1588 1372 qui
1614 1300 1681 1353 de
1702 1303 1917 1354 summis
1940 1303 2033 1354 aevi
2054 1304 2135 1355 sui
2156 1304 2413 1374 magistris
2430 1305 2616 1356 trium-

484 1401 654 1469 phum
670 1401 795 1471 egit,
818 1412 967 1453 sectae
992 1420 1141 1454 novae
1165 1401 1431 1467 conditor,
1458 1414 1512 1454 et
1530 1403 1681 1455 facile
1700 1405 1949 1476 princeps
1971 1405 2210 1457 omnium
2234 1423 2353 1476 quae
2371 1416 2499 1457 tunc
2523 1406 2617 1456 Pa-

487 1502 622 1554 risiis
654 1502 989 1555 habebantur
1028 1504 1322 1556 scholarum
1340 1544 1352 1568 ,
1392 1505 1480 1555 vix
1519 1505 1820 1557 etiamnunc
1860 1505 2060 1576 publici
2096 1507 2230 1577 juris
2265 1505 2370 1558 dici
2409 1517 2581 1577 potest
2599 1547 2611 1570 ,

486 1606 688 1675 quippe
713 1606 863 1676 cujus
882 1624 1043 1677 opera
1065 1606 1169 1656 huc
1195 1617 1246 1657 et
1266 1606 1392 1658 illuc
1417 1604 1666 1676 dissipata
1691 1625 1803 1658 non
1823 1607 1936 1658 sine
1966 1606 2199 1676 quodam
2224 1608 2405 1660 labore
2434 1619 2485 1659 et
2516 1608 2612 1658 im-

482 1706 660 1773 pensis
694 1717 771 1757 sat
806 1707 1007 1775 magnis
1040 1706 1350 1758 contrahere
1388 1717 1439 1758 et
1469 1706 1570 1757 tibi
1603 1725 1907 1778 comparare
1937 1726 2118 1778 queas,
2152 1708 2341 1760 Procul
2384 1708 2521 1760 absit
2556 1690 2616 1760 ut

482 1823 799 1874 praegravem
827 1817 879 1857 et
902 1804 1161 1858 invidiose
1186 1824 1396 1876 carpam
1423 1804 1710 1857 editionem
1736 1805 1999 1858 Abaelardi
2025 1826 2185 1877 quam
2213 1807 2436 1878 protulit
2459 1808 2612 1859 initio

483 1905 655 1956 saeculi
707 1905 896 1957 decimi
935 1907 1144 1977 septimi
1189 1907 1277 1957 Fr.
1320 1907 1634 1958 Amboesius
1653 1947 1666 1970 ,
1710 1906 2015 1959 conferente
2053 1926 2268 1978 operam
2309 1906 2611 1960 doctissimo

481 2005 692 2059 Andrea
716 2008 1050 2073 Quercetano
1067 2015 1097 2058 ¹.
1126 2009 1195 2059 At
1218 2019 1363 2078 patet
1387 2008 1529 2059 illam
1560 2008 1780 2059 omnino
1809 2026 2045 2060 mancam
2073 1990 2214 2072 esse-3
2247 2027 2439 2080 nempe
2465 2009 2521 2060 in
2553 2028 2612 2061 ea

482 2105 847 2160 desiderantur
865 2119 944 2159 tot
965 2118 1017 2160 et
1039 2118 1182 2160 tanta
1207 2107 1428 2158 Palatini
1463 2108 1656 2177 scripta
1674 2147 1686 2171 ,
1725 2107 1777 2158 T
1771 2106 2015 2178 lzeologia
2040 2107 2342 2160 christiana
2356 2114 2396 2170 ²,
2429 2109 2613 2179 Expo-

480 2210 603 2260 sitc'o
631 2210 685 2260 in
714 2209 1108 2274 Hexameroffl,
1138 2207 1394 2273 Ethicab,
1424 2220 1475 2260 et
1499 2208 1652 2279 plura
1677 2208 1800 2260 alia¹⁵
1828 2227 1947 2279 quae
1963 2220 2141 2261 nostra
2170 2221 2291 2262 aetas
2320 2207 2610 2261 identidem

481 2310 676 2382 detegit
695 2352 707 2375 ,
741 2330 968 2383 quaeque
993 2322 1083 2364 aut
1110 2311 1371 2381 ignoravit
1394 2321 1485 2362 aut
1509 2311 1687 2362 nescio
1714 2329 1820 2381 qua
1846 2312 2049 2363 ratione
2074 2311 2250 2363 omisit
2275 2311 2607 2363 Amboesius.

481 2413 782 2466 Existimavi
807 2414 968 2484 igitur
987 2432 1098 2466 rem
1120 2413 1235 2465 fore
1260 2431 1477 2484 prorsus
1494 2412 1677 2464 utilem
1699 2430 1798 2463 nec
1817 2412 2074 2482 ingratam
2091 2412 2383 2464 litterarum
2403 2413 2605 2475 amicis,

479 2516 520 2565 si
557 2513 758 2586 disjecti
792 2515 1028 2567 membra
1061 2515 1292 2585 magistri
1326 2514 1714 2584 recolligerem,
1752 2525 1803 2565 et
1840 2512 2100 2566 industria
2139 2531 2253 2565 mea
2283 2512 2608 2584 privatisque

478 2614 692 2683 opibus,
715 2615 895 2686 quales
921 2616 1226 2687 philosophi
1249 2626 1300 2667 et
1321 2614 1635 2687 professoris
1660 2632 1769 2667 esse
1792 2626 2034 2686 possunt,
2059 2613 2329 2685 quoddam
2349 2613 2609 2683 exigerem

530 2819 537 2836 ¹
566 2818 658 2852 Petri
697 2818 892 2863 Abaelardi,
927 2819 1056 2854 filosofi
1093 2827 1128 2854 et
1162 2818 1319 2865 theologi
1333 2845 1341 2864 ,
1383 2817 1519 2852 abbatis
1572 2818 1632 2864 tia,
1647 2817 1820 2865 particula
1833 2829 1867 2860 1,
1884 2816 2057 2861 Berolini,
2076 2814 2327 2851 1831.-Petri
2343 2812 2519 2850 Abaelardi
2530 2813 2610 2860 Epi-

479 2890 667 2938 Ruyensis,
688 2901 722 2927 et
750 2893 898 2929 Heloisae
916 2892 1075 2940 conjugis
1096 2892 1189 2939 ejus,
1213 2892 1336 2939 primae
1358 2891 1515 2927 Paracle·
1568 2899 1663 2926 tome
1671 2890 1855 2937 theologiae
1863 2890 2079 2934 christianae;
2095 2885 2609 2934 ediditRheinwald;·Anecd.,

420 2953 422 2956 ⁵
478 2963 582 2999 tensis
596 2964 795 3010 abbatissae,
813 2978 939 3014 opera,
957 2978 1054 3001 nunc
1069 2965 1225 3013 primum
1241 2965 1335 3001 edita
1349 2977 1393 3000 ex
1409 2976 1511 3000 mms.
1567 2971 1648 3007 etc.,
1670 2963 1796 3010 partic.
1823 2975 1865 3007 ιι,
1886 2961 2061 3005 Berolini,
2084 2962 2190 2996 1835.
2203 2980 2250 2988 —
2275 2960 2454 3007 ouvrages
2482 2958 2609 2994 inedies

478 3037 587 3072 codd.
616 3039 662 3072 V.
696 3040 803 3074 illust.
833 3039 1009 3075 Francisci
1034 3040 1234 3083 Amboesii‚
1258 3047 1325 3074 etc.
1351 3038 1512 3084 Parisiis,
1568 3035 1778 3082 d’Ahelard,
1796 3048 1889 3084 pour
1903 3035 2014 3070 servir
2029 3037 2047 3069 a
2068 3033 2237 3069 l'histoire
2258 3031 2303 3067 de
2327 3032 2362 3067 la
2385 3029 2609 3079 philosophie

480 3113 589 3154 1616,
609 3111 712 3146 in-40.
728 3132 775 3139 —
786 3112 800 3132 ²
813 3113 906 3147 Petri
921 3111 1097 3148 Abaelardi
1116 3112 1295 3158 theologia
1311 3110 1512 3155 christiana,
1568 3109 1799 3155 scholastique
1813 3121 1857 3143 en
1873 3108 2020 3164 France,
2033 3107 2131 3142 Paris
2142 3132 2152 3150 ,
2172 3106 2276 3148 ixx-4⁰,
2299 3106 2403 3140 1836.
2428 3103 2608 3150 Praecipua

478 3183 514 3216 in
531 3183 713 3219 Thesauro
729 3197 824 3220 novo
857 3185 1133 3231 anecdotorum,
1150 3192 1179 3221 t.
1198 3185 1246 3228 V,
1273 3197 1313 3231 p.
1344 3185 1448 3220 1139.
1467 3206 1515 3213 -
1569 3194 1645 3227 quae
1656 3181 1706 3215 ibi
1715 3189 1800 3216 tunc
1811 3181 1967 3228 primum
1982 3180 2055 3215 luci
2066 3178 2297 3215 tradebantur
2311 3189 2433 3224 opera,
2450 3188 2492 3212 ea
2506 3183 2606 3214 sunt:

478 3256 490 3274 ³
505 3255 609 3297 lbid„
627 3270 666 3304 p.
687 3259 792 3294 1361.
802 3277 849 3285 —-
862 3257 876 3278 ⁴
888 3259 981 3293 Petri
997 3257 1172 3294 Abaelardi
1188 3257 1329 3299 Ethica,
1348 3269 1410 3292 seu
1426 3256 1515 3290 liber
1571 3257 1608 3289 1⁰
1624 3253 1719 3289 Petri
1733 3252 1909 3288 Abaelardi
1925 3253 1981 3288 Sic
2000 3260 2034 3288 et
2051 3264 2125 3287 non
2134 3264 2144 3295 ;
2167 3252 2207 3285 2⁰
2224 3248 2381 3297 ejusdem
2402 3238 2604 3290 dialectica;

475 3327 588 3363 dictus
609 3342 617 3365 ι
632 3330 726 3365 Scito
742 3339 775 3365 te
791 3331 922 3378 ipsum,
933 3331 970 3364 in
982 3331 1164 3366 Thesauro
1179 3330 1385 3372 novissimo,
1401 3337 1428 3363 t.
1440 3329 1512 3370 ΙΙΙ,
1568 3328 1606 3362 3⁰
1627 3326 1782 3374 ejusdem
1816 3327 2049 3372 fragmentum
2074 3324 2119 3360 de
2144 3322 2330 3370 generibus
2346 3329 2381 3356 et
2405 3320 2603 3369 speciebus3

475 3414 513 3446 p.
528 3412 557 3436 11
567 3426 578 3444 ‚
595 3413 633 3447 p.
655 3403 742 3438 626.
758 3401 827 3429 -—⁸
846 3402 938 3438 Petri
953 3403 1128 3439 Abaelardi
1143 3403 1309 3451 Dialogus
1329 3402 1420 3437 inter
1438 3400 1514 3448 phi·
1566 3412 1708 3435 necnon
1725 3399 1793 3434 alia
1809 3399 1919 3434 multa
1943 3396 2205 3446 philosophiam
2226 3407 2332 3444 quam
2359 3393 2483 3430 dicunt
2507 3392 2607 3428 scho-

475 3473 682 3520 losophum,
715 3474 878 3509 Judaeum
901 3484 935 3510 et
958 3476 1216 3522 Christianum;
1239 3475 1352 3511 edidit
1381 3473 1513 3509 Rhein-
1571 3473 1727 3509 lasticam
1745 3472 1939 3520 plurimum
1963 3470 2187 3507 illustrantia.

473 3548 595 3594 waldt3
611 3548 793 3583 Anecdota
805 3549 851 3585 ad
863 3549 1046 3586 historiam
1061 3550 1326 3585 ecclesiasticam
1339 3550 1519 3597 pertinen-
