2970 4152
824 387 883 435 IN
916 385 1325 435 CONVERSIONE
1361 387 1564 434 SANCTI
1598 387 1771 434 PAULI
1806 386 2022 434 SERMO.
2391 381 2475 430 544

361 491 513 540 catur,
524 480 631 545 qui,
654 479 774 527 dum
794 489 966 528 contra
984 482 1138 527 Deum
1152 495 1203 526 se
1219 480 1352 543 quasi
1368 478 1428 525 de
1451 480 1670 527 custodia
1691 480 1805 544 legis
1827 483 2044 527 nesciens
2066 476 2247 535 extulit,
2264 493 2415 522 cornu
2434 477 2482 523 in

358 577 475 615 nare
497 561 711 626 gestavit.
738 559 878 608 Unde
899 570 948 609 et
964 560 1096 608 hoc
1082 576 1241 626 ipsum
1257 560 1385 607 naris
1401 576 1554 607 cornu
1576 578 1663 624 per
1683 561 2002 608 humilitatem
2023 557 2334 625 postmodum
2357 557 2485 604 incli-

357 657 481 699 nans
501 641 641 691 dicit¹
667 660 678 689 ε
707 642 843 700 «Qui
871 641 1003 707 prius
1029 641 1098 688 fui
1117 631 1456 706 blasphemus,
1489 651 1535 687 et
1563 652 1869 705 persecutor,
1896 653 1943 689 et
1965 640 2368 698 contumeliosus,
2399 638 2480 684 sed

360 741 386 771 «
395 723 780 779 misericordiam
801 732 1086 772 consecutus
1108 738 1238 782 sum,
1269 722 1383 787 quia
1410 721 1639 785 ignorans
1669 722 1775 768 feci.
1799 741 1822 766 »
1855 726 1908 769 ln
1932 739 2047 769 nare
2069 737 2220 768 cornu
2244 717 2478 784 gestabat,

354 804 440 870 qui
459 803 748 870 placiturum
774 819 826 851 se
851 806 956 852 Deo
978 802 1040 850 de
1060 801 1659 871 crudelitatfficonfidebat,
1685 802 1804 849 sicut
1838 803 1939 867 ipse
1967 801 2278 867 postmodum
2308 809 2481 847 semet—

345 880 512 949 ipsum
542 882 835 948 redarguens
853 882 998 931 dicit·
1022 900 1034 930 ε
1063 902 1086 928 «
1105 885 1164 930 Et
1183 881 1496 948 proficiebam
1519 881 1567 928 in
1586 881 1828 947 judaismo
1852 898 1996 947 supra
2017 880 2193 928 multos
2215 889 2481 926 coaetaneos

358 978 383 1008 α
399 976 540 1018 'meos
559 964 611 1011 in
632 980 805 1028 genere
827 979 956 1022 meo,
981 962 1306 1011 abundantius
1332 962 1581 1011 aemulator
1603 963 1806 1011 existens
1828 973 2135 1028 paternarum
2157 977 2372 1007 mearum
2394 970 2484 1007 tra-

347 1042 383 1100 ’ᾳ
400 1042 666 1101 ι(Ιὶιίοῐιιιιῐι.
686 1063 711 1089 »
750 1043 902 1108 Hujus
928 1053 1090 1092 autem
1119 1044 1440 1092 rhinocerotis
1470 1038 1803 1090 fcrtitudinem
1832 1044 1989 1090 omnis
2011 1053 2211 1090 venator
2239 1041 2476 1098 extimuit,

286 1156 288 1161 .
335 1124 467 1188 ‚quia
492 1124 627 1172 <Sauli
659 1125 887 1173 saevitiam
919 1125 1248 1190 unusquisque
1281 1124 1566 1189 praedicator
1597 1124 1801 1190 expavit.
1840 1124 2079 1189 Scriptum
2107 1138 2316 1186 namque
2344 1122 2440 1167 est³
2467 1139 2476 1166 :

355 1204 572 1253 «Saulus
600 1215 761 1253 autem
796 1203 956 1252 adhuc
985 1205 1173 1271 spirans
1204 1206 1445 1252 minarum
1474 1216 1521 1253 et
1549 1205 1689 1253 caedis
1726 1206 1774 1253 in
1811 1204 2070 1269 discipulos
2097 1203 2310 1260 Domini,
2337 1212 2428 1248 etc.
2454 1222 2475 1245 »

348 1287 510 1344 Quum
530 1286 670 1336 flatus
691 1302 808 1334 nare
829 1284 1107 1334 reddendus
1122 1285 1343 1346 trahitur,
1365 1288 1562 1352 spiratio
1584 1296 1802 1346 vocatur,
1828 1295 1875 1333 et
1896 1285 2014 1332 illud
2036 1301 2157 1351 saepe
2173 1301 2260 1350 per
2278 1283 2479 1331 odorem

343 1383 462 1420 ¹nare
498 1366 906 1433 deprehendimus
922 1405 933 1427 ‚
969 1367 1104 1432 quod
1138 1367 1289 1415 oculis
1327 1384 1427 1415 non
1462 1367 1698 1416 videmus.
1743 1366 2042 1415 Rhinocerus
2077 1382 2192 1429 ergo
2235 1366 2322 1411 iste
2365 1379 2480 1410 nare

346 1446 560 1511 gestabat
580 1464 733 1495 cornu
759 1464 858 1512 quo
880 1457 1179 1514 percuteret;
1217 1448 1330 1513 quia
1358 1449 1599 1507 minarum
1619 1458 1667 1496 et
1689 1448 1829 1495 caedis
1850 1448 2054 1513 spirans,
2080 1456 2337 1512 postquam
2359 1461 2478 1509 prae-

344 1537 503 1576 sentes
543 1527 869 1587 interfecerat,
906 1527 1129 1576 absentes
1168 1528 1428 1595 quaerebat.
1472 1528 1567 1576 Sed
1607 1545 1718 1577 ecce
1753 1528 1911 1576 omnis
1951 1538 2062 1577 ante
2107 1527 2242 1574 illum
2277 1535 2479 1573 venator

344 1606 674 1668 absconditur,
698 1608 858 1657 omnis
877 1607 1048 1666 homo,
1075 1608 1127 1656 id
1149 1619 1220 1656 est
1241 1607 1474 1656 rationale
1498 1609 1706 1673 sapiens,
1733 1609 1964 1674 opinione
1986 1608 2153 1655 mortis
2177 1607 2276 1671 ejus
2298 1605 2476 1668 effuga-

344 1695 438 1734 tur.
473 1691 537 1735 Ut
568 1704 682 1753 ergo
715 1687 848 1736 hunc
880 1687 1239 1737 rhinocerotem
1263 1690 1449 1757 capiat,
1482 1690 1642 1738 sinum
1676 1706 1816 1738 suum
1850 1690 1986 1754 virgo
2005 1725 2017 1746 ,
2054 1688 2105 1736 id
2138 1697 2209 1735 est
2242 1695 2477 1734 secretum

341 1783 506 1827 suum,
542 1769 646 1834 ipsa
681 1784 768 1834 per
797 1785 848 1817 se
881 1768 1096 1818 involuta
1119 1786 1263 1818 carne
1284 1771 1372 1818 Dei
1394 1770 1628 1836 sapientia
1655 1770 1900 1835 expandit.
1940 1771 2181 1835 Scriptum
2206 1769 2385 1833 quippe
2408 1778 2477 1814 est

341 1848 475 1912 quod
511 1865 662 1914 quum
695 1852 985 1898 Damascum
1023 1861 1267 1915 pergeret,
1304 1851 1465 1899 subito
1500 1851 1816 1899 circumfulsit
1849 1867 1960 1899 eum
1988 1850 2066 1898 die
2102 1850 2263 1898 media
2298 1849 2377 1896 lux
2415 1848 2476 1895 de

340 1928 481 1988 coelo,
507 1939 555 1976 et
575 1945 668 1977 vox
691 1929 815 1977 facta
836 1940 924 1988 est,
949 1929 1169 1978 dicens‘:
1201 1950 1224 1975 α
1243 1931 1400 1990 Saule,
1426 1932 1583 1989 Saule,
1610 1932 1727 1995 quid
1751 1948 1827 1978 me
1849 1931 2174 1996 persequeris?
2194 1949 2218 1975 »
2245 1930 2339 1987 Qui
2361 1945 2474 1994 pro-

339 2017 513 2061 stratus
542 2009 593 2056 in
616 2019 743 2057 terra
771 2008 1022 2074 respondit
1049 2028 1059 2057 :
1090 2029 1113 2054 «
1137 2012 1255 2068 Quis
1279 2027 1345 2069 es,
1372 2011 1608 2058 Domine?
1638 2030 1659 2055 »
1687 2011 1773 2058 Cui
1800 2011 1926 2058 illico
1950 2010 2124 2058 dicitur
2153 2027 2162 2057 :
2194 2029 2216 2054 «
2245 2012 2344 2073 Ego
2369 2026 2474 2056 sum

342 2106 366 2133 «
391 2091 524 2136 Jesus
548 2091 818 2138 Nazarenus
837 2106 981 2153 quem
995 2098 1047 2136 tu
1061 2090 1376 2154 persequeris.
1396 2108 1419 2133 »
1443 2091 1589 2154 Virgo
1607 2091 1836 2136 nimirum
1855 2089 2150 2137 rhinoceroti
2163 2091 2321 2137 sinum
2335 2106 2474 2136 suum

325 2159 547 2232 aperuit,
581 2183 732 2232 quum
759 2167 903 2216 Saulo
933 2168 1213 2234 incorrupta
1235 2169 1323 2216 Dei
1346 2170 1579 2233 sapientia
1609 2170 1953 2217 incarnationis
1981 2186 2076 2216 suae
2107 2170 2382 2233 mysterium
2413 2169 2474 2217 de

336 2248 459 2297 coel'o
480 2242 727 2314 loquendo
749 2249 989 2315 patefecit.
1016 2253 1074 2297 Et
1099 2248 1430 2297 fortitudinem
1454 2267 1591 2298 suam
1616 2251 1951 2298 rhinocerotus
1974 2236 2202 2317 perdidit,
2230 2251 2341 2314 quia
2364 2267 2473 2316 pro-

336 2328 510 2377 stratus
523 2327 684 2389 humi,
705 2347 851 2378 omne
874 2329 1006 2394 quod
1031 2330 1293 2395 superbum
1318 2331 1533 2378 tumebat
1557 2332 1729 2378 amisit.
1759 2332 1853 2390 Qui
1878 2331 1995 2379 dum
2019 2331 2210 2378 sublato
2240 2330 2470 2378 coelorum

334 2405 538 2467 lumine,
566 2425 713 2456 manu
741 2409 803 2456 ad
836 2410 1071 2456 Ananiam
1099 2409 1309 2467 ducitur,
1342 2420 1473 2475 patet
1495 2412 1596 2474 jam
1623 2410 1904 2458 rhinocerus
1927 2412 2014 2459 iste
2045 2411 2221 2475 quibus
2244 2410 2330 2456 Dei
2359 2410 2469 2456 loris

335 2487 626 2551 astringitur,
646 2488 759 2552 quia
773 2487 995 2535 videlicet
1013 2504 1112 2535 uno
1137 2489 1187 2536 in
1210 2499 1429 2555 tempore
1451 2491 1670 2538 caecitatis
1689 2491 2043 2556 praedicationis
2062 2490 2346 2556 baptismate
2362 2490 2470 2553 liga-

334 2575 428 2613 tur.
456 2566 551 2624 Qui
573 2567 718 2614 etiam
739 2566 801 2614 ad
824 2567 911 2614 Dei
934 2583 1144 2633 praesepe
1167 2567 1336 2631 ligatus
1359 2579 1574 2617 moratus
1596 2580 1668 2617 est
1687 2608 1697 2628 ,
1725 2570 1837 2635 quia
1867 2572 2111 2618 ruminare
2143 2569 2289 2617 verba
2310 2573 2466 2616 Evan-

333 2644 751 2710 geliidedignatus
774 2663 873 2694 non
898 2657 984 2695 est.
1018 2647 1093 2694 Ait
1115 2648 1246 2694 enim
1267 2650 1281 2674 ‘⁵
1313 2665 1323 2694 :
1354 2668 1378 2693 «
1401 2649 1601 2697 Ascendi
1630 2650 1978 2715 ,lerosolymam
2008 2667 2119 2697 cum
2154 2648 2370 2696 Barnaba
2401 2664 2469 2695 as-

331 2734 525 2790 sumpto
563 2735 610 2772 et
644 2726 765 2773 Tito.
803 2726 1008 2780 Ascendi
1036 2737 1199 2774 autem
1232 2728 1500 2775 secundum
1528 2729 1899 2789 revelationem,
1938 2740 1985 2778 et
2019 2729 2201 2776 contuli
2233 2745 2344 2775 cum
2376 2727 2465 2775 illis

330 2804 658 2869 Evangelium.
696 2825 719 2850 »
753 2809 810 2853 Et
837 2807 921 2872 qui
948 2807 1080 2873 prius
1104 2807 1296 2872 jejunus
1337 2809 1553 2857 audierat
1573 2811 1587 2835 ⁶
1613 2828 1623 2857 ε
1669 2830 1691 2856 «
1720 2814 1905 2858 Durum
1942 2820 2012 2858 est
2041 2809 2125 2857 tibi
2167 2819 2336 2856 contra
2381 2808 2465 2855 sti-

333 2903 357 2930 «
384 2884 569 2934 mulum
603 2886 874 2943 calcitrare?
900 2906 924 2934 n
959 2889 1081 2948 mira
1112 2889 1427 2954 postmodum
1462 2892 1637 2940 virtute
1681 2892 1978 2958 praesidentis
2009 2908 2199 2957 pressus
2238 2907 2295 2937 ex
2328 2888 2466 2936 verbi-

327 2964 507 3030 pabulo
525 2966 649 3014 vires
671 2966 902 3028 obtinuit,
924 2977 977 3028 ¹et
998 2968 1179 3017 calcem
1201 2970 1436 3035 superbiae
1459 2972 1633 3032 amisit.
1664 2972 1797 3020 Loris
1820 2988 2015 3037 quoque
2039 2972 2126 3019 Dei
2146 2988 2245 3019 non
2272 2979 2462 3018 tantum

327 3044 562 3094 aferitate
583 3048 905 3112 restringitur,
930 3048 1017 3106 sed
1038 3049 1171 3114 quod
1187 3051 1345 3116 >magis
1368 3051 1428 3100 sit
1451 3053 1694 3113 mirabile,
1716 3052 1779 3101 ad
1801 3053 2039 3101 arandum
2060 3052 2232 3116 ligatur
2254 3070 2264 3099 ε
2288 3061 2340 3098 ut
2358 3067 2458 3097 non

326 3125 483 3175 solum
505 3125 727 3185 homines
750 3128 1043 3188 crudelitatis
1067 3146 1221 3190 cornu
1245 3148 1346 3189 non
1360 3132 1593 3198 impetat,
1619 3134 1706 3182 sed
1728 3150 1899 3182 eorum
1921 3134 2066 3181 etiam
2090 3132 2338 3180 refectioni
2361 3147 2458 3179 sera

326 3205 481 3266 viens,
508 3217 720 3255 aratrum
747 3208 1098 3274 praedicationis
1127 3210 1303 3272 trahat.
1337 3215 1442 3278 Ipse
1471 3214 1649 3280 quippe
1683 3213 1745 3261 de
1774 3212 2209 3278 evangelizantibus
2238 3212 2373 3278 quasi
2396 3210 2463 3259 de·

371 3405 379 3422 ¹
411 3406 489 3440 Tim.
516 3409 546 3447 t,
574 3418 647 3452 capa
664 3420 691 3448 ι.
713 3419 743 3443 v.
767 3408 901 3443 13.—·
920 3410 1046 3450 Gazae„
1067 3420 1141 3455 cap.
1158 3423 1191 3452 ι,
1212 3422 1248 3447 v.
1271 3414 1322 3445 14.
1338 3413 1406 3442 —-⁸
1423 3414 1497 3447 Ace.
1523 3415 1649 3455 apost..
1675 3424 1751 3458 cap.
1779 3425 1831 3454 tx,
1849 3423 1880 3447 v·
1905 3415 1934 3446 1.
1951 3413 2128 3455 -01bid.,
2145 3424 2175 3446 v.
2197 3414 2229 3446 4.
2244 3411 2312 3439 ·-·’
2329 3411 2460 3450 Galat-1

323 3472 395 3506 cap.
418 3474 457 3502 n.
479 3474 511 3498 v.
535 3468 564 3499 1.
581 3484 620 3492 —-
637 3466 650 3485 ⁶
664 3468 735 3501 Act.
758 3469 884 3510 Apost„
900 3478 973 3512 cap.
988 3479 1040 3511 tx,
1053 3478 1086 3502 v.
1103 3469 1137 3502 5.
