2970 4152
1218 406 1536 457 EPISTOLAE'.
2349 414 2441 462 {75

320 511 489 550 contra
509 501 803 551 voluntatem
829 503 1127 563 diaconissae,
1156 504 1241 551 sed
1266 504 1430 552 omnia
1451 504 1581 569 ipsos
1605 504 1748 552 etiam
1767 504 1830 552 ad
1854 514 2026 553 nutum
2052 507 2154 571 ejus
2183 524 2409 573 peragere
2430 547 2440 568 ,

321 593 368 631 et
389 600 558 630 omnes
581 585 758 650 pariter
782 595 879 632 tam
897 585 1024 632 viros
1050 601 1195 649 quam
1220 585 1418 632 feminas
1434 586 1478 632 ei
1495 585 1842 649 professionem
1859 586 2010 635 facere
2024 624 2037 648 ,
2060 597 2107 636 et
2122 587 2444 636 obedientiam

320 665 598 729 promittere
621 683 632 712 :
662 675 715 712 ut
737 675 870 712 tanto
888 683 982 731 pax
1006 665 1188 713 firmior
1204 665 1464 726 habeatur,
1488 675 1536 713 et
1550 666 1720 713 melius
1738 677 1950 714 servetur
1964 669 2240 730 concordia,
2265 679 2445 734 quanto

320 745 595 794 fortioribus
635 746 792 794 minus
830 746 1010 807 licebit;
1048 756 1096 794 et
1131 756 1264 794 tanto
1290 747 1449 794 minus
1485 746 1630 795 fortes
1664 747 1900 795 debilibus
1923 749 2120 797 obedire
2155 761 2411 815 graventur
2433 788 2444 810 ,

321 836 501 890 quanto
526 843 689 874 earum
719 826 994 874 violentiam
1020 828 1179 874 minus
1209 837 1488 887 vereantur,
1518 837 1565 875 et
1589 838 1771 892 quanto
1798 829 2001 894 amplius
2022 830 2100 877 hic
2127 830 2446 878 humiliaverit

321 923 371 954 se
394 907 524 972 apud
548 911 703 955 Deum
722 944 734 966 ,
763 907 967 972 amplius
994 909 1187 956 exaltari
1210 918 1393 955 certum
1411 909 1486 955 sit.
1517 911 1625 956 Haec
1647 909 1698 956 in
1716 911 1936 975 praesenti
1955 909 2016 958 de
2035 910 2302 958 diaconissa
2320 911 2444 958 dicta

320 988 572 1036 sufficiant.
600 991 737 1035 Nunc
763 988 826 1035 ad
850 988 1076 1036 officiales
1100 988 1276 1052 stylum
1301 989 1602 1036 inclinemus.
1680 1050 1682 1053 .

383 1068 604 1116 Sacrifica
639 1085 744 1132 quae
781 1079 828 1116 et
862 1067 1178 1129 thesauraria,
1217 1069 1304 1116 toti
1337 1069 1549 1116 oratorio
1596 1068 1868 1134 providebit
1886 1106 1899 1129 ,
1938 1079 1987 1117 et
2013 1086 2189 1138 'omnes
2233 1088 2338 1135 quae
2384 1072 2445 1118 ad

319 1150 475 1214 ipsum
499 1149 740 1214 pertinent
765 1149 920 1196 claves
938 1185 951 1209 ,
983 1159 1030 1195 et
1052 1166 1158 1214 quae
1185 1150 1273 1214 ipsi
1310 1150 1575 1196 necessaria
1608 1159 1748 1210 sunt,
1788 1150 1890 1215 ipsa
1919 1150 2125 1198 servabit
2158 1169 2168 1197 ι
2204 1161 2252 1198 et
2272 1152 2311 1198 si
2340 1168 2444 1215 quae

320 1229 494 1277 fuerint
522 1229 815 1288 oblationes,
841 1229 944 1294 ipsa
969 1230 1221 1294 suscipiet,
1255 1238 1300 1276 et
1336 1228 1397 1276 de
1421 1229 1477 1276 iis
1504 1245 1609 1293 quae
1635 1230 1684 1276 in
1715 1230 1927 1276 oratorio
1955 1231 2217 1278 necessaria
2248 1240 2359 1278 sunt
2382 1231 2445 1279 fa·

319 1310 501 1358 ciendis
524 1310 600 1357 vel
623 1309 891 1358 reficiendis
907 1346 920 1369 ‚
947 1319 993 1357 et
1018 1310 1078 1357 de
1101 1319 1205 1357 toto
1231 1309 1333 1373 ejus
1354 1320 1528 1357 ornatu
1555 1326 1719 1357 curam
1745 1319 1866 1374 aget.
1896 1311 2047 1376 Ipsius
2071 1327 2265 1375 quoque
2289 1312 2447 1375 provi-

319 1391 433 1440 dere
457 1401 527 1439 est
552 1390 613 1438 de
637 1391 804 1439 hostiis
818 1427 830 1451 ,
859 1391 921 1438 de
941 1391 1065 1438 vasis
1089 1400 1136 1438 et
1157 1390 1219 1438 de
1238 1390 1368 1438 libris
1388 1384 1546 1438 altaris
1565 1426 1577 1451 ,
1602 1400 1649 1438 et
1668 1400 1771 1438 toto
1791 1390 1894 1454 ejus
1911 1401 2081 1438 ornatu
2102 1429 2113 1451 ,
2139 1391 2200 1439 de
2216 1392 2442 1457 reliquiis,

319 1471 380 1520 de
398 1472 622 1532 incenSO,
645 1472 706 1520 de
730 1471 1072 1532 luminaribus,
1103 1471 1164 1520 de
1188 1471 1470 1536 horologio,
1500 1471 1561 1519 de
1589 1472 1732 1536 signis
1753 1471 2016 1537 pulsandis.
2046 1473 2234 1519 Hostias
2263 1490 2378 1520 vero
2408 1475 2447 1520 si

318 1552 421 1601 fieri
455 1563 612 1618 potest
647 1553 854 1617 virgines
891 1552 1178 1612 conficiant,
1210 1562 1257 1600 et
1289 1552 1582 1600 frumentum
1615 1563 1821 1619 purgent
1855 1552 1986 1600 unde
2021 1551 2166 1613 fiant,
2204 1562 2251 1600 et
2290 1553 2447 1600 altaris

317 1633 466 1700 pallas
487 1633 699 1681 abluant.
729 1634 966 1698 Reliquias
997 1643 1157 1681 autem
1176 1669 1188 1693 ,
1230 1632 1307 1681 vel
1331 1650 1442 1681 vasa
1466 1633 1625 1681 altaris
1652 1650 1904 1698 nunquam
1932 1634 1976 1680 ei
1998 1635 2073 1681 vel
2098 1634 2238 1681 alicui
2263 1634 2446 1681 monia-

318 1714 436 1762 lium
459 1715 737 1779 contingere
766 1714 953 1774 licebit,
981 1730 1073 1761 nec
1101 1714 1244 1761 etiam
1270 1714 1444 1779 pallas,
1473 1714 1565 1761 nisi
1588 1731 1739 1779 quum
1774 1715 1840 1762 eis
1877 1714 2056 1762 traditae
2091 1715 2154 1762 ad
2187 1714 2446 1762 lavandum

318 1794 509 1842 fuerint.
538 1795 633 1841 Sed
654 1794 717 1841 ad
741 1794 837 1841 hoc
859 1794 1084 1841 monachi
1106 1794 1184 1841 vel
1202 1811 1372 1841 eorum
1388 1795 1607 1842 conversi
1625 1794 1926 1842 vocabuntur
1941 1831 1953 1855 ,
1981 1804 2030 1842 et
2048 1795 2439 1860 expectabuntur.

318 1879 378 1924 Et
405 1876 446 1924 si
470 1893 663 1924 necesse
694 1876 862 1935 fuerit,
894 1875 1039 1940 aliqui
1063 1875 1152 1935 sub
1177 1893 1233 1923 ea
1259 1876 1322 1923 ad
1346 1875 1442 1923 hoc
1474 1876 1689 1923 officium
1716 1877 2048 1936 instituantur,
2081 1877 2164 1941 qui
2192 1876 2293 1924 haec
2328 1893 2444 1924 con-

318 1957 499 2022 tingere
526 1974 677 2022 quum
703 1973 825 2022 opus
852 1957 992 2004 fuerit
1013 1956 1144 2021 digni
1167 1957 1261 2003 sint
1277 1992 1289 2016 ,
1322 1967 1368 2004 et
1399 1957 1520 2003 arcis
1542 1956 1603 2004 ab
1634 1973 1690 2004 ea
1713 1957 1931 2004 reseratis
1949 1992 1963 2016 ,
1988 1956 2091 2005 haec
2113 1957 2228 2005 inde
2261 1958 2350 2023 ipsi
2370 1974 2446 2005 su·

319 2047 480 2097 mant,
508 2037 584 2084 vel
606 2037 673 2084 ibi
698 2047 950 2103 reponant.
991 2040 1100 2084 Haec
1124 2036 1320 2102 quidem
1354 2053 1459 2101 quae
1498 2036 1768 2083 sanctuario
1793 2036 2041 2102 praesidet,
2082 2037 2188 2084 vitae
2213 2037 2446 2085 munditia

319 2119 627 2185 praeeminere
650 2117 794 2165 debet
820 2135 831 2164 ε
860 2133 965 2183 quae
980 2153 994 2178 ,
1020 2117 1058 2164 si
1083 2117 1187 2164 fieri
1213 2126 1371 2183 potest
1386 2153 1399 2175 ,
1427 2126 1589 2164 mente
1615 2133 1729 2164 cum
1752 2133 1956 2182 corpore
1973 2118 2032 2166 sit
2047 2118 2253 2182 integra,
2282 2127 2329 2164 et
2345 2117 2445 2182 eJus

317 2209 415 2247 tam
441 2199 725 2247 abstinentia
749 2216 894 2264 quam
919 2199 1214 2246 continentia
1237 2198 1297 2245 sit
1318 2197 1536 2264 probata.
1565 2201 1700 2245 Hanc
1718 2199 1955 2264 praecipue
1982 2198 2043 2246 de
2067 2209 2296 2265 compoto
2322 2199 2445 2247 lunae

318 2280 598 2328 instructam
635 2297 737 2329 esse
776 2288 966 2346 oportet
985 2316 999 2339 ,
1039 2289 1122 2339 ut,
1165 2277 1432 2327 secuudum
1475 2288 1751 2344 temporum
1785 2279 2020 2327 rationem
2036 2314 2049 2340 ,
2089 2279 2301 2327 oratorio
2334 2295 2446 2345 pro-

317 2359 490 2408 videat.

382 2441 576 2489 Cantrix
597 2441 687 2490 toti
711 2440 862 2489 choro
892 2439 1192 2506 providebit,
1223 2450 1272 2488 et
1298 2439 1461 2488 divina
1481 2439 1705 2507 disponet
1726 2439 1914 2501 officia,
1941 2449 1990 2488 et
2011 2439 2072 2488 de
2096 2439 2314 2488 doctrina
2340 2455 2447 2487 can·

318 2521 453 2569 tandi
474 2521 551 2569 vel
571 2521 761 2586 legendi
785 2522 1106 2587 magisterium
1128 2521 1321 2569 habebit
1338 2558 1351 2582 ,
1379 2531 1427 2569 et
1449 2521 1511 2569 de
1545 2522 1612 2569 eis
1646 2538 1751 2586 quae
1779 2521 1842 2569 ad
1876 2520 2184 2568 scribendum
2205 2521 2445 2586 pertinent

314 2601 389 2650 vel
414 2601 709 2650 dictandum.
741 2603 1008 2650 Armarium
1033 2619 1227 2667 quoque
1242 2602 1476 2649 librorum
1499 2602 1736 2650 custodiet
1750 2638 1763 2663 ,
1784 2612 1831 2650 et
1846 2602 1976 2668 ipsos
1995 2601 2108 2649 inde
2127 2601 2281 2648 tradet
2300 2611 2444 2666 atque

240 2738 243 2742 .
311 2682 558 2748 suscipiet,
589 2692 637 2730 et
661 2682 722 2730 de
744 2682 857 2748 ipsis
877 2682 1142 2730 scribendis
1168 2681 1243 2730 vel
1276 2681 1497 2748 aptandis
1519 2698 1683 2729 curam
1707 2682 1961 2747 suscipiet,
1994 2681 2070 2729 vel
2100 2681 2301 2728 sollicita
2333 2682 2436 2728 erit.

312 2765 418 2829 Ipsa
447 2762 689 2811 ordinabit
711 2762 961 2828 quomodo
990 2763 1213 2811 sedeatur
1243 2763 1290 2810 in
1320 2762 1501 2824 choro,
1531 2772 1576 2811 et
1601 2762 1737 2811 sedes
1761 2762 1919 2823 dabit,
1952 2772 2000 2811 et
2032 2779 2059 2809 a
2090 2761 2263 2827 quibus
2287 2761 2443 2826 legen-

318 2842 435 2890 dum
463 2844 520 2891 sit
546 2843 622 2891 vel
645 2843 937 2892 cantandum
972 2842 1244 2910 providebit
1277 2861 1288 2890 ε
1319 2853 1367 2890 et
1399 2843 1761 2908 inscriptionem
1795 2852 2055 2908 componet
2084 2841 2289 2889 sabbatis
2323 2842 2442 2889 reci-

313 2923 508 2972 tandam
554 2925 602 2971 in
652 2924 861 2989 capitulo
880 2961 895 2985 ,
939 2923 1024 2972 ubi
1067 2941 1237 2972 omnes
1278 2923 1666 2972 hebdomadariae
1703 2923 2050 2972 describentur.
2096 2926 2296 2988 Propter
2337 2939 2442 2987 quae

313 3004 518 3052 maxime
538 3004 793 3052 litteratam
818 3021 925 3053 eam
946 3021 1048 3052 esse
1072 3004 1298 3052 convenit
1313 3041 1326 3065 ,
1353 3015 1401 3052 et
1428 3005 1665 3070 praecipue
1692 3005 1925 3052 musicam
1948 3020 2049 3051 non
2074 3003 2310 3067 ignorare.
2335 3005 2440 3068 Ipsa

313 3084 454 3132 etiam
475 3095 587 3150 post
610 3085 928 3133 diaconissam
957 3086 1046 3134 toti
1072 3085 1332 3152 disciplinae
1353 3085 1654 3151 providebit;
1693 3095 1742 3134 et
1773 3086 1812 3133 si
1848 3085 1969 3133 forte
2005 3083 2084 3132 illa
2109 3083 2252 3132 rebus
2275 3083 2440 3131 alienis

313 3164 452 3212 fuerit
476 3177 708 3232 occupata
723 3203 735 3226 ,
764 3167 890 3214 vices
920 3166 1045 3213 illius
1068 3166 1117 3213 in
1143 3166 1238 3214 hoc
1262 3177 1539 3232 exequetur.

378 3245 640 3293 Infirmaria
665 3246 948 3294 ministrabit
975 3246 1176 3294 infirmis
1193 3283 1206 3307 ,
1237 3257 1286 3294 et
1316 3264 1395 3295 eas
1419 3246 1692 3294 observabit
1719 3256 1817 3293 tam
1841 3262 1870 3293 a
1896 3245 2038 3311 culpa
2059 3261 2206 3310 quam
2231 3244 2292 3292 ab
2322 3244 2441 3292 indi·

314 3327 486 3389 gentia.
516 3327 764 3392 Quidquid
786 3327 1036 3375 infirmitas
1058 3327 1394 3393 postulaverit,
1423 3338 1521 3375 tam
1549 3328 1610 3375 de
1634 3328 1752 3375 cibis
1773 3343 1917 3392 quam
1939 3327 1999 3374 de
2015 3327 2197 3375 balneis
2213 3363 2226 3387 ‚
2250 3326 2325 3373 vel
2344 3327 2441 3391 qui-

314 3405 594 3472 buscunque
619 3408 747 3466 aliis,
780 3419 849 3456 est
871 3409 937 3456 eis
955 3408 1320 3473 indulgendum.
1343 3412 1520 3455 Notum
1540 3419 1609 3455 est
1633 3409 1811 3473 quippe
1831 3408 2141 3473 proverbium
2161 3410 2208 3455 in
2230 3407 2400 3454 talibus
2424 3425 2432 3449 ε

319 3507 340 3531 «
362 3487 566 3536 Infirmis
591 3505 689 3536 non
710 3499 779 3536 est
797 3489 874 3537 lex
891 3490 1061 3555 posita.
1081 3508 1105 3534 n
1127 3492 1304 3537 Carnes
1323 3490 1390 3537 eis
1409 3489 1678 3536 nullatenus
1697 3489 2022 3554 denegentur,
2046 3490 2137 3537 nisi
2154 3499 2285 3537 sexta
2303 3487 2433 3545 feria,
