2970 4152
527 436 621 482 726
1434 437 1748 486 APPENDIX.

1560 564 1618 608 X.

595 663 847 710 Alexander
865 663 1118 725 episcopus,
1140 679 1291 708 servus
1313 679 1545 709 servorum
1562 666 1666 723 Dei,
1688 665 1861 710 dilectis
1885 665 1932 710 in
1951 663 2132 711 Christo
2152 657 2327 712 filiabus
2343 666 2556 714 Heloissae
2574 669 2652 714 ab-

532 745 727 801 batissae,
757 744 1015 805 caeterisque
1037 742 1268 788 sororibus
1294 742 1340 787 in
1365 744 1566 789 oratorio
1590 744 1742 790 Sancti
1767 744 1978 806 Spiritus,
2006 727 2128 807 quod
2153 746 2200 791 in
2219 763 2334 809 pago
2358 749 2566 794 Trecensi
2589 749 2650 794 si-

530 835 626 869 tum
645 834 728 882 est,
753 823 908 868 divino
931 821 1163 867 famulatui
1188 822 1476 884 mancipatis,
1506 834 1592 869 etc.
1626 822 1697 887 [ut
1717 825 1764 869 in
1781 823 2078 887 praecedenti
2094 826 2503 891 EugeniiEpist.].
2531 830 2651 874 Loca

530 921 635 950 vero
655 904 711 948 de
734 901 1009 965 Triagnello,
1037 901 1266 960 Leavalle,
1293 903 1550 961 Neoforto¹,
1579 903 1730 948 Sancti
1755 902 1932 962 Flaviti,
1957 904 2337 966 quemadmodum
2361 906 2487 952 vobis
2512 910 2651 953 ratio-

531 984 741 1030 nabiliter
772 999 980 1029 concessa
1011 993 1140 1041 sunt,
1175 999 1277 1029 cum
1306 983 1525 1029 universis
1556 982 1833 1045 appendiciis
1855 983 1944 1029 suis
1968 984 2235 1031 auctoritate
2257 986 2385 1032 vobis
2406 986 2651 1050 apostolica

528 1065 873 1121 confirmamus,
909 1073 995 1109 etc.
1025 1065 1194 1119 Datum
1218 1064 1434 1123 Parisius,
1463 1080 1545 1126 per
1567 1080 1752 1110 manum
1770 1064 2020 1109 Hermanni
2040 1075 2203 1111 sanctae
2228 1082 2424 1112 romanae
2445 1066 2651 1113 Ecclesiae

527 1144 790 1190 subdiaconi
811 1153 857 1188 et
873 1143 1057 1200 notarii,
1082 1159 1173 1190 vin
1195 1143 1258 1188 id.
1290 1141 1459 1205 aprilis,
1481 1142 1575 1189 ind.
1602 1160 1650 1202 x,
1678 1144 2001 1190 incarnationis
2019 1145 2269 1190 Dominicae
2294 1162 2415 1191 anno
2438 1161 2646 1206 memmi,

529 1224 816 1286 pontificatus
841 1240 949 1269 vero
969 1223 1142 1268 domini
1166 1222 1406 1269 Alexandri
1427 1239 1553 1284 papae
1576 1224 1644 1267 III
1663 1239 1784 1268 anno
1810 1240 1875 1269 lv.

1550 1349 1632 1392 XI.

591 1450 686 1509 Ego
710 1450 860 1509 Hugo,
888 1448 974 1492 Dei
999 1448 1141 1509 gratia
1161 1446 1433 1494 Senonensis
1451 1447 1837 1510 archiepiscopus,
1866 1458 2023 1494 notum
2047 1448 2256 1494 omnibus
2283 1448 2382 1494 fieri
2406 1448 2510 1495 volo
2537 1465 2651 1511 prae-

525 1522 723 1574 sentibus
741 1538 785 1573 et
809 1528 993 1586 futuris,
1018 1528 1139 1589 quod
1168 1527 1370 1573 Heloissa
1393 1527 1705 1574 Paraclitensis
1727 1529 1950 1574 abbatissa
1974 1530 2230 1575 interventu
2256 1529 2567 1592 religiosorum
2586 1530 2651 1575 vi·

526 1624 680 1653 rorum
706 1607 925 1652 concessit
941 1606 1136 1652 Blesensi
1160 1607 1420 1664 comitissae,
1444 1606 1576 1653 laude
1597 1617 1642 1653 et
1657 1606 1890 1654 voluntate
1914 1609 2052 1654 totius
2075 1607 2260 1670 capituli
2280 1609 2370 1667 sui,
2399 1608 2546 1654 locum
2570 1611 2653 1654 Po-

525 1687 653 1732 merii
677 1687 732 1731 ad
757 1685 1106 1732 construendam
1132 1686 1379 1745 abbatiam,
1410 1687 1587 1732 statutis
1616 1687 1736 1733 inter
1762 1703 1807 1732 se
1830 1686 2098 1749 quibusdam
2127 1688 2519 1745 conventionibus,
2543 1703 2651 1750 quas

525 1768 731 1814 duximus
766 1767 1066 1813 annotandas.
1108 1768 1334 1813 Statutum
1366 1768 1516 1830 itaque
1549 1767 1634 1813 fuit
1657 1778 1701 1813 et
1732 1767 1953 1826 divisum,
1989 1767 2111 1829 quod
2141 1768 2235 1813 haec
2267 1769 2411 1830 prima
2432 1768 2652 1813 abbatissa

525 1848 738 1906 pomerii,
767 1864 865 1910 quae
891 1863 1010 1892 nunc
1035 1857 1118 1904 est,
1146 1847 1391 1893 constituta
1415 1846 1601 1892 domina
1628 1847 1854 1893 Gertrude
1879 1846 2022 1892 nobili
2047 1857 2092 1892 et
2122 1848 2311 1892 honesta
2333 1847 2498 1892 femina
2514 1882 2526 1906 ,
2553 1865 2652 1910 quae

524 1928 737 1973 canonice
761 1927 897 1973 electa
922 1928 1007 1972 fuit
1030 1927 1149 1989 apud
1179 1926 1450 1973 Paraclitum
1473 1927 1528 1972 de
1551 1928 1821 1973 dominabus
1845 1926 2043 1989 ejusdem
2070 1926 2299 1985 Ecclesiae3
2332 1937 2522 1986 caeterae,
2554 1944 2652 1989 quae

524 2019 625 2071 post
654 2010 796 2071 ipsam
819 2009 1013 2070 primam
1042 2008 1372 2076 substituentur
1395 2009 1441 2053 in
1466 2008 1624 2053 eodem
1649 2007 1774 2067 loco,
1796 2008 2013 2054 canonice
2030 2006 2253 2070 eligentur
2277 2007 2522 2053 secundum
2546 2007 2652 2053 alia·

526 2106 625 2133 rum
645 2088 1017 2134 consuetudinem
1038 2087 1342 2146 ecclesiarum,
1364 2098 1407 2133 et
1423 2097 1706 2134 assumentur
1721 2087 1777 2132 de
1793 2088 1887 2150 ipsa
1905 2086 2118 2146 Ecclesia,
2142 2088 2239 2133 siin
2261 2104 2312 2133 ea
2329 2088 2560 2150 potuerint
2581 2089 2651 2132 in-

526 2171 685 2214 veniri.
705 2170 785 2214 Sin
802 2179 969 2226 autem,
986 2168 1243 2212 transibunt
1256 2168 1311 2212 ad
1326 2168 1571 2213 Ecclesiam
1588 2167 1813 2226 Paracliti,
1832 2178 1875 2213 et
1892 2168 1947 2213 de
1961 2185 2013 2213 ea
2025 2169 2109 2213 sibi
2124 2178 2349 2213 assument
2360 2169 2648 2226 abbatissam,

526 2259 569 2293 et
588 2249 643 2293 ad
663 2248 794 2293 aliam
819 2265 900 2310 per
923 2247 1186 2292 electionem
1214 2264 1305 2291 non
1329 2246 1481 2292 licebit
1505 2247 1567 2292 eis
1590 2247 1863 2308 pertransire
1890 2246 2131 2292 Ecclesiam
2147 2282 2159 2305 ,
2183 2247 2396 2309 quoniam
2419 2246 2554 2292 alium
2579 2264 2653 2292 or-

526 2330 677 2374 dinem
694 2329 779 2374 nisi
803 2326 1149 2373 Paraclitensem
1173 2344 1267 2372 non
1291 2326 1443 2372 licebit
1467 2328 1530 2372 eis
1554 2327 1808 2373 observare.
1835 2328 2071 2373 Abbatissa
2087 2344 2194 2373 vero
2216 2325 2424 2373 Paracliti
2448 2327 2581 2373 semel
2605 2328 2652 2373 in

525 2426 646 2455 anno
668 2410 752 2454 ibit
773 2408 1051 2467 Pomerium,
1073 2417 1116 2453 et
1142 2406 1299 2453 sedens
1323 2407 1370 2452 in
1396 2406 1593 2469 capitulo
1613 2407 1871 2453 emendabit
1891 2408 1926 2453 si
1950 2407 2058 2470 quid
2085 2407 2222 2453 fuerit
2246 2408 2576 2454 emendandum
2597 2408 2653 2454 de

526 2489 702 2547 ordine,
724 2487 792 2533 vel
819 2488 875 2533 de
901 2487 1051 2549 aliqua
1073 2504 1122 2533 re
1140 2486 1196 2532 ad
1223 2486 1431 2532 ordinem
1460 2487 1732 2549 pertinente.
1768 2488 1859 2532 Pro
1885 2487 2172 2533 concessione
2201 2503 2306 2532 sane
2334 2486 2539 2549 praedicti
2567 2486 2652 2532 loci

527 2570 652 2614 (ledit
677 2569 903 2613 comitissa
917 2566 1113 2613 ecclesiae
1135 2565 1343 2612 Paracliti
1370 2576 1460 2612 tres
1487 2566 1664 2612 modios
1684 2566 1900 2612 frumenti
1918 2583 1999 2628 per
2019 2565 2217 2630 singulos
2242 2582 2383 2612 annos
2407 2567 2454 2611 in
2478 2565 2654 2612 molen-

528 2650 636 2693 dino
665 2665 746 2694 suo
771 2648 957 2693 Pruvini
984 2648 1066 2692 sub
1096 2649 1340 2704 Crevecor,
1374 2645 1504 2691 laude
1538 2646 1722 2709 quidein
1751 2645 1950 2691 filiorum
1981 2663 2165 2692 suorum
2195 2647 2411 2692 comitum
2445 2647 2648 2703 Henrici,

527 2727 774 2772 Theobaldi
791 2738 834 2772 et
848 2727 1082 2789 Stephani,
1095 2727 1392 2789 promisitque
1405 2743 1500 2771 rem
1505 2726 1623 2788 juste
1636 2726 1878 2789 garantire.
1896 2727 1955 2771 Et
1970 2726 2057 2771 hoc
2067 2726 2152 2771 fuit
2162 2725 2217 2771 ad
2228 2725 2503 2771 voluntatem
2517 2726 2654 2771 abba·
2681 2739 2685 2742 ·

529 2811 643 2854 tissae
668 2807 980 2853 Paraclitensis
993 2818 1038 2853 et
1051 2809 1189 2853 totius
1206 2806 1392 2869 capituli
1411 2808 1495 2852 sui.
1524 2806 1736 2852 Promisit
1754 2817 1799 2852 et
1817 2806 2038 2852 abbatissa
2057 2805 2284 2864 Paracliti,
2302 2806 2509 2868 promisit
2521 2815 2565 2851 et
2578 2821 2655 2850 co-

529 2891 715 2947 mitissa,
735 2889 856 2950 quod
871 2905 952 2934 nec
964 2905 1044 2950 per
1057 2888 1291 2933 dominum
1302 2904 1464 2950 papam
1479 2904 1562 2933 nec
1574 2904 1656 2949 per
1666 2886 1802 2932 alium
1814 2885 2147 2949 aliquem‘quod
2162 2883 2328 2931 factum
2342 2886 2487 2930 fuerat
2501 2883 2652 2947 aliquo

530 2969 667 3014 modo
689 2969 1004 3013 immutaretur
1024 2985 1033 3012 :
1055 2967 1132 3013 sed
1157 2977 1201 3012 et
1218 2967 1500 3012 conditiones
1521 2968 1640 3012 inter
1666 2976 1903 3029 utramque
1921 2965 2165 3012 Ecclesiam
2189 2965 2392 3028 superius
2414 2965 2653 3027 designatae

531 3066 555 3093 a
584 3058 742 3093 neutra
761 3057 888 3109 parte
908 3046 1212 3092 abolerentur.
1249 3049 1424 3092 Harum
1453 3047 1804 3092 conventionum
1828 3046 2122 3091 mediatorem
2143 3062 2214 3091 me
2236 3054 2483 3107 posuerunt
2506 3054 2550 3090 et
2575 3044 2653 3089 ab·

532 3130 696 3175 batissa
714 3139 758 3173 et
775 3129 1017 3186 comitissa,
1041 3138 1176 3190 atque
1195 3129 1388 3190 benigna
1407 3127 1642 3189 utriusque
1660 3127 1806 3189 partis·
1822 3126 2123 3189 postulatione
2143 3127 2190 3171 in
2212 3142 2347 3171 manu
2367 3124 2515 3185 accepi
2534 3139 2647 3179 rem,

532 3209 662 3254 sicuti
688 3209 830 3254 fuerat
848 3207 1111 3270 simpliciter
1127 3224 1178 3252 ac
1200 3207 1359 3253 devote
1376 3206 1624 3265 celebrata,
1652 3205 1904 3269 opitulante
1919 3206 2119 3251 Domino
2138 3206 2185 3251 in
2208 3203 2344 3250 finem
2368 3217 2646 3265 permanere.

532 3291 597 3334 Ut
621 3299 767 3333 autem
793 3299 836 3334 et
862 3288 1088 3334 modernis
1106 3298 1153 3334 et
1176 3304 1441 3334 successurae
1471 3287 1723 3350 posteritati
1744 3286 1926 3332 firmum
1950 3297 1995 3331 et
2017 3297 2163 3332 ratum
2187 3285 2427 3342 habeatur,
2454 3281 2653 3328 auctori-

534 3378 623 3413 tate
645 3367 775 3430 sigilli
800 3369 942 3413 nostri
965 3369 1131 3413 muniri
1154 3368 1338 3414 fecimus
1361 3367 1444 3413 sub
1466 3366 1754 3429 chirographi
1776 3365 2010 3412 divisione.

581 3491 591 3507 ¹
616 3490 764 3522 Nonsort.

1484 3550 1696 3559 ——--——
