<?xml version="1.0" encoding="UTF-8"?>
<!DOCTYPE html PUBLIC "-//W3C//DTD XHTML 1.0 Transitional//EN"
    "http://www.w3.org/TR/xhtml1/DTD/xhtml1-transitional.dtd">
<html xmlns="http://www.w3.org/1999/xhtml" xml:lang="en" lang="en">
 <head>
  <title>
</title>
<meta http-equiv="Content-Type" content="text/html;charset=utf-8" />
  <meta name='ocr-system' content='tesseract 3.04.00' />
  <meta name='ocr-capabilities' content='ocr_page ocr_carea ocr_par ocr_line ocrx_word'/>
</head>
<body>
  <div class='ocr_page' id='page_1' title='image "./operahactenusseo01abeluoft_0686.png"; bbox 0 0 2970 4152; ppageno 0'>
   <div class='ocr_carea' id='block_1_1' title="bbox 555 384 1875 446">
    <p class='ocr_par' dir='ltr' id='par_1_1' title="bbox 555 384 1875 446">
     <span class='ocr_line' id='line_1_1' title="bbox 555 384 1875 446; baseline 0 -13"><span class='ocrx_word' id='word_1_1' title='bbox 555 388 650 433; x_wconf 78' lang='lat'>672</span> <span class='ocrx_word' id='word_1_2' title='bbox 1357 384 1527 446; x_wconf 80' lang='lat' dir='ltr'>PETRI</span> <span class='ocrx_word' id='word_1_3' title='bbox 1563 385 1875 434; x_wconf 76' lang='lat' dir='ltr'>ABAELARm</span> 
     </span>
    </p>
   </div>
   <div class='ocr_carea' id='block_1_2' title="bbox 555 479 2694 3530">
    <p class='ocr_par' dir='ltr' id='par_1_2' title="bbox 555 479 2689 2238">
     <span class='ocr_line' id='line_1_2' title="bbox 555 479 2676 545; baseline 0.001 -17"><span class='ocrx_word' id='word_1_4' title='bbox 555 490 934 545; x_wconf 89' lang='lat' dir='ltr'>cooperuerunt,</span> <span class='ocrx_word' id='word_1_5' title='bbox 961 479 1021 526; x_wconf 86' lang='lat' dir='ltr'>ad</span> <span class='ocrx_word' id='word_1_6' title='bbox 1045 495 1155 526; x_wconf 89' lang='lat' dir='ltr'>eum</span> <span class='ocrx_word' id='word_1_7' title='bbox 1180 479 1431 543; x_wconf 89' lang='lat' dir='ltr'>pervenire</span> <span class='ocrx_word' id='word_1_8' title='bbox 1453 489 1731 544; x_wconf 90' lang='lat' dir='ltr'>potuerunt.</span> <span class='ocrx_word' id='word_1_9' title='bbox 1756 479 1901 538; x_wconf 86' lang='lat' dir='ltr'>Quod</span> <span class='ocrx_word' id='word_1_10' title='bbox 1922 479 2119 544; x_wconf 91' lang='lat' dir='ltr'>quidem</span> <span class='ocrx_word' id='word_1_11' title='bbox 2148 496 2202 527; x_wconf 89' lang='lat' dir='ltr'>ex</span> <span class='ocrx_word' id='word_1_12' title='bbox 2229 496 2288 527; x_wconf 92' lang='lat' dir='ltr'>eo</span> <span class='ocrx_word' id='word_1_13' title='bbox 2317 482 2520 529; x_wconf 86' lang='lat' dir='ltr'>maxime</span> <span class='ocrx_word' id='word_1_14' title='bbox 2541 482 2676 531; x_wconf 87' lang='lat' dir='ltr'>vide-</span> 
     </span>
     <span class='ocr_line' id='line_1_3' title="bbox 555 559 2672 627; baseline 0.002 -21"><span class='ocrx_word' id='word_1_15' title='bbox 555 571 650 620; x_wconf 91' lang='lat' dir='ltr'>tur,</span> <span class='ocrx_word' id='word_1_16' title='bbox 677 560 809 625; x_wconf 91' lang='lat' dir='ltr'>quod</span> <span class='ocrx_word' id='word_1_17' title='bbox 833 559 1000 606; x_wconf 89' lang='lat' dir='ltr'>Enoch</span> <span class='ocrx_word' id='word_1_18' title='bbox 1031 569 1142 606; x_wconf 89' lang='lat' dir='ltr'>ante</span> <span class='ocrx_word' id='word_1_19' title='bbox 1165 559 1400 606; x_wconf 85' lang='lat' dir='ltr'>diluvium</span> <span class='ocrx_word' id='word_1_20' title='bbox 1424 560 1474 607; x_wconf 93' lang='lat' dir='ltr'>in</span> <span class='ocrx_word' id='word_1_21' title='bbox 1497 560 1774 625; x_wconf 85' lang='lat' dir='ltr'>paradisum</span> <span class='ocrx_word' id='word_1_22' title='bbox 1805 559 2061 608; x_wconf 83' lang='lat' dir='ltr'>translatus</span> <span class='ocrx_word' id='word_1_23' title='bbox 2089 559 2330 625; x_wconf 86' lang='lat' dir='ltr'>submergi</span> <span class='ocrx_word' id='word_1_24' title='bbox 2364 578 2464 609; x_wconf 91' lang='lat' dir='ltr'>non</span> <span class='ocrx_word' id='word_1_25' title='bbox 2499 564 2672 627; x_wconf 89' lang='lat' dir='ltr'>potuit.</span> 
     </span>
     <span class='ocr_line' id='line_1_4' title="bbox 555 639 2674 706; baseline 0 -20"><span class='ocrx_word' id='word_1_26' title='bbox 555 642 889 704; x_wconf 85' lang='lat' dir='ltr'>Hieronymus,</span> <span class='ocrx_word' id='word_1_27' title='bbox 905 639 1244 686; x_wconf 81' lang='lat' dir='ltr'>Hebraicarum</span> <span class='ocrx_word' id='word_1_28' title='bbox 1263 641 1586 699; x_wconf 67' lang='lat' dir='ltr'>Quaestionum</span> <span class='ocrx_word' id='word_1_29' title='bbox 1603 642 1654 688; x_wconf 82' lang='grc' dir='ltr'>ἰη</span> <span class='ocrx_word' id='word_1_30' title='bbox 1670 642 1886 688; x_wconf 76' lang='lat' dir='ltr'>Genesim</span> <span class='ocrx_word' id='word_1_31' title='bbox 1900 640 2224 688; x_wconf 87' lang='lat' dir='ltr'>:«Paradisum</span> <span class='ocrx_word' id='word_1_32' title='bbox 2239 656 2268 687; x_wconf 90' lang='lat' dir='ltr'>a</span> <span class='ocrx_word' id='word_1_33' title='bbox 2279 641 2535 706; x_wconf 86' lang='lat' dir='ltr'>principiO,</span> <span class='ocrx_word' id='word_1_34' title='bbox 2550 653 2640 690; x_wconf 88' lang='lat' dir='ltr'>etc.</span> <span class='ocrx_word' id='word_1_35' title='bbox 2651 662 2674 687; x_wconf 87' lang='lat'>»</span> 
     </span>
     <span class='ocr_line' id='line_1_5' title="bbox 556 719 2677 786; baseline 0.001 -19"><span class='ocrx_word' id='word_1_36' title='bbox 556 725 621 767; x_wconf 90' lang='lat' dir='ltr'>Ex</span> <span class='ocrx_word' id='word_1_37' title='bbox 646 738 744 784; x_wconf 93' lang='lat' dir='ltr'>quo</span> <span class='ocrx_word' id='word_1_38' title='bbox 768 720 1148 767; x_wconf 86' lang='lat' dir='ltr'>manifestissime</span> <span class='ocrx_word' id='word_1_39' title='bbox 1170 719 1517 784; x_wconf 87' lang='lat' dir='ltr'>comprobatur</span> <span class='ocrx_word' id='word_1_40' title='bbox 1538 721 1672 786; x_wconf 92' lang='lat' dir='ltr'>quod</span> <span class='ocrx_word' id='word_1_41' title='bbox 1693 721 1974 785; x_wconf 89' lang='lat' dir='ltr'>priusquam</span> <span class='ocrx_word' id='word_1_42' title='bbox 1998 721 2171 768; x_wconf 88' lang='lat' dir='ltr'>coelum</span> <span class='ocrx_word' id='word_1_43' title='bbox 2194 720 2249 769; x_wconf 80' lang='lat' dir='ltr'>et&#39;</span> <span class='ocrx_word' id='word_1_44' title='bbox 2262 731 2439 769; x_wconf 90' lang='lat' dir='ltr'>terram</span> <span class='ocrx_word' id='word_1_45' title='bbox 2460 725 2588 771; x_wconf 91' lang='lat' dir='ltr'>Deus</span> <span class='ocrx_word' id='word_1_46' title='bbox 2609 723 2677 771; x_wconf 86' lang='lat' dir='ltr'>fa-</span> 
     </span>
     <span class='ocr_line' id='line_1_6' title="bbox 555 800 2678 866; baseline 0.001 -18"><span class='ocrx_word' id='word_1_47' title='bbox 555 812 709 860; x_wconf 89' lang='lat' dir='ltr'>ceret,</span> <span class='ocrx_word' id='word_1_48' title='bbox 736 801 1014 866; x_wconf 86' lang='lat' dir='ltr'>paradisum</span> <span class='ocrx_word' id='word_1_49' title='bbox 1043 810 1153 848; x_wconf 88' lang='lat' dir='ltr'>ante</span> <span class='ocrx_word' id='word_1_50' title='bbox 1189 800 1489 848; x_wconf 87' lang='lat' dir='ltr'>condiderat.</span> <span class='ocrx_word' id='word_1_51' title='bbox 1517 805 1576 848; x_wconf 89' lang='lat' dir='ltr'>Et</span> <span class='ocrx_word' id='word_1_52' title='bbox 1607 801 1778 865; x_wconf 88' lang='lat' dir='ltr'>legitur</span> <span class='ocrx_word' id='word_1_53' title='bbox 1815 802 1864 848; x_wconf 91' lang='lat' dir='ltr'>in</span> <span class='ocrx_word' id='word_1_54' title='bbox 1892 801 2084 849; x_wconf 87' lang='lat' dir='ltr'>hebraeo</span> <span class='ocrx_word' id='word_1_55' title='bbox 2109 819 2119 848; x_wconf 90' lang='lat'>:</span> <span class='ocrx_word' id='word_1_56' title='bbox 2148 821 2171 846; x_wconf 91' lang='lat'>«</span> <span class='ocrx_word' id='word_1_57' title='bbox 2192 801 2491 850; x_wconf 88' lang='lat' dir='ltr'>Plantaverat</span> <span class='ocrx_word' id='word_1_58' title='bbox 2519 812 2678 851; x_wconf 88' lang='lat' dir='ltr'>autem</span> 
     </span>
     <span class='ocr_line' id='line_1_7' title="bbox 555 880 2675 946; baseline 0.001 -19"><span class='ocrx_word' id='word_1_59' title='bbox 555 882 792 929; x_wconf 88' lang='lat' dir='ltr'>Dominus</span> <span class='ocrx_word' id='word_1_60' title='bbox 829 884 956 928; x_wconf 90' lang='lat' dir='ltr'>Deus</span> <span class='ocrx_word' id='word_1_61' title='bbox 993 880 1270 946; x_wconf 88' lang='lat' dir='ltr'>paradisum</span> <span class='ocrx_word' id='word_1_62' title='bbox 1305 881 1355 927; x_wconf 92' lang='lat' dir='ltr'>in</span> <span class='ocrx_word' id='word_1_63' title='bbox 1387 881 1521 928; x_wconf 87' lang='lat' dir='ltr'>Eden</span> <span class='ocrx_word' id='word_1_64' title='bbox 1552 898 1579 928; x_wconf 92' lang='lat' dir='ltr'>a</span> <span class='ocrx_word' id='word_1_65' title='bbox 1611 881 1868 946; x_wconf 90' lang='lat' dir='ltr'>principio.</span> <span class='ocrx_word' id='word_1_66' title='bbox 1891 900 1915 925; x_wconf 74' lang='grc' dir='ltr'><strong>υ</strong></span> <span class='ocrx_word' id='word_1_67' title='bbox 1950 880 2188 941; x_wconf 90' lang='lat' dir='ltr'>Isidorus,</span> <span class='ocrx_word' id='word_1_68' title='bbox 2224 885 2383 945; x_wconf 83' lang='lat' dir='ltr'>Etym.</span> <span class='ocrx_word' id='word_1_69' title='bbox 2422 882 2506 930; x_wconf 92' lang='lat' dir='ltr'>lib.</span> <span class='ocrx_word' id='word_1_70' title='bbox 2553 885 2675 942; x_wconf 90' lang='lat' dir='ltr'>XIV,</span> 
     </span>
     <span class='ocr_line' id='line_1_8' title="bbox 556 961 2680 1028; baseline 0.001 -19"><span class='ocrx_word' id='word_1_71' title='bbox 556 979 660 1026; x_wconf 87' lang='lat' dir='ltr'>cap.</span> <span class='ocrx_word' id='word_1_72' title='bbox 685 980 759 1020; x_wconf 87' lang='lat'>111,</span> <span class='ocrx_word' id='word_1_73' title='bbox 786 962 846 1008; x_wconf 90' lang='lat' dir='ltr'>de</span> <span class='ocrx_word' id='word_1_74' title='bbox 870 962 977 1008; x_wconf 83' lang='lat' dir='ltr'>Asia</span> <span class='ocrx_word' id='word_1_75' title='bbox 999 962 1047 1008; x_wconf 94' lang='lat' dir='ltr'>in</span> <span class='ocrx_word' id='word_1_76' title='bbox 1073 977 1169 1026; x_wconf 91' lang='lat' dir='ltr'>qua</span> <span class='ocrx_word' id='word_1_77' title='bbox 1193 971 1264 1009; x_wconf 91' lang='lat' dir='ltr'>est</span> <span class='ocrx_word' id='word_1_78' title='bbox 1285 961 1534 1027; x_wconf 88' lang='lat' dir='ltr'>paradisus</span> <span class='ocrx_word' id='word_1_79' title='bbox 1558 980 1568 1008; x_wconf 73' lang='grc' dir='ltr'><strong><em>ε</em></strong></span> <span class='ocrx_word' id='word_1_80' title='bbox 1600 981 1624 1006; x_wconf 88' lang='lat'>«</span> <span class='ocrx_word' id='word_1_81' title='bbox 1643 961 1894 1009; x_wconf 88' lang='lat' dir='ltr'>Paradisus</span> <span class='ocrx_word' id='word_1_82' title='bbox 1916 972 1987 1009; x_wconf 91' lang='lat' dir='ltr'>est</span> <span class='ocrx_word' id='word_1_83' title='bbox 2008 962 2142 1009; x_wconf 91' lang='lat' dir='ltr'>locus</span> <span class='ocrx_word' id='word_1_84' title='bbox 2164 963 2212 1009; x_wconf 93' lang='lat' dir='ltr'>in</span> <span class='ocrx_word' id='word_1_85' title='bbox 2237 963 2444 1010; x_wconf 86' lang='lat' dir='ltr'>Orientis</span> <span class='ocrx_word' id='word_1_86' title='bbox 2466 963 2680 1028; x_wconf 88' lang='lat' dir='ltr'>partibus</span> 
     </span>
     <span class='ocr_line' id='line_1_9' title="bbox 556 1042 2682 1109; baseline 0 -19"><span class='ocrx_word' id='word_1_87' title='bbox 556 1045 866 1102; x_wconf 83' lang='lat' dir='ltr'>constitutus,</span> <span class='ocrx_word' id='word_1_88' title='bbox 893 1044 1026 1107; x_wconf 91' lang='lat' dir='ltr'>cujus</span> <span class='ocrx_word' id='word_1_89' title='bbox 1057 1043 1349 1090; x_wconf 85' lang='lat' dir='ltr'>vocabulum</span> <span class='ocrx_word' id='word_1_90' title='bbox 1375 1060 1430 1090; x_wconf 86' lang='lat' dir='ltr'>ex</span> <span class='ocrx_word' id='word_1_91' title='bbox 1465 1060 1617 1107; x_wconf 86' lang='lat' dir='ltr'>graeco</span> <span class='ocrx_word' id='word_1_92' title='bbox 1653 1043 1701 1090; x_wconf 92' lang='lat' dir='ltr'>in</span> <span class='ocrx_word' id='word_1_93' title='bbox 1731 1042 1934 1090; x_wconf 88' lang='lat' dir='ltr'>latinum</span> <span class='ocrx_word' id='word_1_94' title='bbox 1955 1044 2155 1091; x_wconf 81' lang='lat' dir='ltr'>vertitur</span> <span class='ocrx_word' id='word_1_95' title='bbox 2185 1046 2364 1091; x_wconf 80' lang='lat' dir='ltr'>Hortus</span> <span class='ocrx_word' id='word_1_96' title='bbox 2390 1062 2400 1091; x_wconf 74' lang='grc' dir='ltr'><strong><em>ε</em></strong></span> <span class='ocrx_word' id='word_1_97' title='bbox 2428 1061 2576 1109; x_wconf 92' lang='lat' dir='ltr'>porro</span> <span class='ocrx_word' id='word_1_98' title='bbox 2599 1044 2682 1091; x_wconf 91' lang='lat' dir='ltr'>he·</span> 
     </span>
     <span class='ocr_line' id='line_1_10' title="bbox 556 1123 2681 1189; baseline 0.002 -20"><span class='ocrx_word' id='word_1_99' title='bbox 556 1124 716 1171; x_wconf 88' lang='lat' dir='ltr'>braice</span> <span class='ocrx_word' id='word_1_100' title='bbox 746 1123 880 1170; x_wconf 83' lang='lat' dir='ltr'>Eden</span> <span class='ocrx_word' id='word_1_101' title='bbox 914 1124 1103 1184; x_wconf 88' lang='lat' dir='ltr'>dicitur,</span> <span class='ocrx_word' id='word_1_102' title='bbox 1142 1123 1276 1188; x_wconf 93' lang='lat' dir='ltr'>quod</span> <span class='ocrx_word' id='word_1_103' title='bbox 1308 1125 1357 1170; x_wconf 92' lang='lat' dir='ltr'>in</span> <span class='ocrx_word' id='word_1_104' title='bbox 1387 1133 1604 1171; x_wconf 89' lang='lat' dir='ltr'>nostram</span> <span class='ocrx_word' id='word_1_105' title='bbox 1634 1123 1849 1187; x_wconf 88' lang='lat' dir='ltr'>linguam</span> <span class='ocrx_word' id='word_1_106' title='bbox 1878 1123 2076 1171; x_wconf 66' lang='lat' dir='ltr'>Deliciae</span> <span class='ocrx_word' id='word_1_107' title='bbox 2099 1124 2454 1189; x_wconf 89' lang='lat' dir='ltr'>interpretatur.</span> <span class='ocrx_word' id='word_1_108' title='bbox 2479 1144 2520 1179; x_wconf 60' lang='lat'>»⁴</span> <span class='ocrx_word' id='word_1_109' title='bbox 2537 1125 2681 1183; x_wconf 91' lang='lat' dir='ltr'>Quod</span> 
     </span>
     <span class='ocr_line' id='line_1_11' title="bbox 556 1203 2683 1269; baseline 0 -19"><span class='ocrx_word' id='word_1_110' title='bbox 556 1214 814 1269; x_wconf 91' lang='lat' dir='ltr'>utrumque</span> <span class='ocrx_word' id='word_1_111' title='bbox 832 1205 1055 1268; x_wconf 88' lang='lat' dir='ltr'>junctum</span> <span class='ocrx_word' id='word_1_112' title='bbox 1078 1203 1189 1251; x_wconf 89' lang='lat' dir='ltr'>facit</span> <span class='ocrx_word' id='word_1_113' title='bbox 1211 1207 1418 1251; x_wconf 90' lang='lat' dir='ltr'>Hortum</span> <span class='ocrx_word' id='word_1_114' title='bbox 1440 1203 1746 1250; x_wconf 87' lang='lat' dir='ltr'>Deliciarum.</span> <span class='ocrx_word' id='word_1_115' title='bbox 1773 1205 1856 1250; x_wconf 89' lang='lat' dir='ltr'>Est</span> <span class='ocrx_word' id='word_1_116' title='bbox 1884 1203 2013 1250; x_wconf 92' lang='lat' dir='ltr'>enim</span> <span class='ocrx_word' id='word_1_117' title='bbox 2037 1204 2171 1250; x_wconf 90' lang='lat' dir='ltr'>omni</span> <span class='ocrx_word' id='word_1_118' title='bbox 2194 1220 2366 1268; x_wconf 89' lang='lat' dir='ltr'>genere</span> <span class='ocrx_word' id='word_1_119' title='bbox 2387 1203 2503 1268; x_wconf 89' lang='lat' dir='ltr'>ligni</span> <span class='ocrx_word' id='word_1_120' title='bbox 2525 1213 2572 1251; x_wconf 89' lang='lat' dir='ltr'>et</span> <span class='ocrx_word' id='word_1_121' title='bbox 2596 1220 2683 1268; x_wconf 91' lang='lat' dir='ltr'>po·</span> 
     </span>
     <span class='ocr_line' id='line_1_12' title="bbox 558 1283 2681 1348; baseline 0 -17"><span class='ocrx_word' id='word_1_122' title='bbox 558 1286 834 1332; x_wconf 83' lang='lat' dir='ltr'>miferarum</span> <span class='ocrx_word' id='word_1_123' title='bbox 862 1285 1092 1333; x_wconf 90' lang='lat' dir='ltr'>arborum</span> <span class='ocrx_word' id='word_1_124' title='bbox 1121 1285 1361 1343; x_wconf 92' lang='lat' dir='ltr'>consitus,</span> <span class='ocrx_word' id='word_1_125' title='bbox 1388 1283 1573 1331; x_wconf 89' lang='lat' dir='ltr'>habens</span> <span class='ocrx_word' id='word_1_126' title='bbox 1601 1285 1746 1331; x_wconf 90' lang='lat' dir='ltr'>etiam</span> <span class='ocrx_word' id='word_1_127' title='bbox 1770 1283 1954 1348; x_wconf 91' lang='lat' dir='ltr'>lignum</span> <span class='ocrx_word' id='word_1_128' title='bbox 1989 1285 2113 1331; x_wconf 85' lang='lat' dir='ltr'>vitae.</span> <span class='ocrx_word' id='word_1_129' title='bbox 2150 1287 2255 1331; x_wconf 92' lang='lat' dir='ltr'>Non</span> <span class='ocrx_word' id='word_1_130' title='bbox 2289 1283 2356 1332; x_wconf 92' lang='lat' dir='ltr'>ibi</span> <span class='ocrx_word' id='word_1_131' title='bbox 2381 1284 2551 1348; x_wconf 86' lang='lat' dir='ltr'>frigus,</span> <span class='ocrx_word' id='word_1_132' title='bbox 2581 1301 2681 1332; x_wconf 91' lang='lat' dir='ltr'>non</span> 
     </span>
     <span class='ocr_line' id='line_1_13' title="bbox 556 1364 2685 1432; baseline -0.001 -18"><span class='ocrx_word' id='word_1_133' title='bbox 556 1378 718 1426; x_wconf 78' lang='lat' dir='ltr'>aestus,</span> <span class='ocrx_word' id='word_1_134' title='bbox 744 1367 829 1414; x_wconf 84' lang='lat' dir='ltr'>sed</span> <span class='ocrx_word' id='word_1_135' title='bbox 850 1377 1083 1432; x_wconf 89' lang='lat' dir='ltr'>perpetua</span> <span class='ocrx_word' id='word_1_136' title='bbox 1105 1367 1226 1414; x_wconf 89' lang='lat' dir='ltr'>aeris</span> <span class='ocrx_word' id='word_1_137' title='bbox 1251 1366 1522 1430; x_wconf 87' lang='lat' dir='ltr'>temperies.</span> <span class='ocrx_word' id='word_1_138' title='bbox 1549 1369 1586 1412; x_wconf 93' lang='lat' dir='ltr'><strong>E</strong></span> <span class='ocrx_word' id='word_1_139' title='bbox 1605 1365 1740 1430; x_wconf 89' lang='lat' dir='ltr'>cujus</span> <span class='ocrx_word' id='word_1_140' title='bbox 1764 1364 1926 1413; x_wconf 91' lang='lat' dir='ltr'>medio</span> <span class='ocrx_word' id='word_1_141' title='bbox 1949 1365 2057 1413; x_wconf 91' lang='lat' dir='ltr'>fons</span> <span class='ocrx_word' id='word_1_142' title='bbox 2079 1382 2400 1431; x_wconf 88' lang='lat' dir='ltr'>prorumpens</span> <span class='ocrx_word' id='word_1_143' title='bbox 2422 1374 2579 1413; x_wconf 90' lang='lat' dir='ltr'>totum</span> <span class='ocrx_word' id='word_1_144' title='bbox 2602 1382 2685 1413; x_wconf 91' lang='lat' dir='ltr'>ne-</span> 
     </span>
     <span class='ocr_line' id='line_1_14' title="bbox 557 1445 2685 1510; baseline 0 -18"><span class='ocrx_word' id='word_1_145' title='bbox 557 1464 663 1493; x_wconf 86' lang='lat' dir='ltr'>mus</span> <span class='ocrx_word' id='word_1_146' title='bbox 688 1447 873 1510; x_wconf 87' lang='lat' dir='ltr'>irrigat,</span> <span class='ocrx_word' id='word_1_147' title='bbox 903 1447 1228 1510; x_wconf 87' lang='lat' dir='ltr'>dividiturque</span> <span class='ocrx_word' id='word_1_148' title='bbox 1253 1447 1302 1492; x_wconf 93' lang='lat' dir='ltr'>in</span> <span class='ocrx_word' id='word_1_149' title='bbox 1326 1455 1534 1510; x_wconf 90' lang='lat' dir='ltr'>quatuor</span> <span class='ocrx_word' id='word_1_150' title='bbox 1565 1445 1811 1492; x_wconf 86' lang='lat' dir='ltr'>nascentia</span> <span class='ocrx_word' id='word_1_151' title='bbox 1839 1445 2070 1492; x_wconf 32' lang='lat' dir='ltr'>flumina..</span> <span class='ocrx_word' id='word_1_152' title='bbox 2086 1445 2231 1509; x_wconf 90' lang='lat' dir='ltr'>Cujus</span> <span class='ocrx_word' id='word_1_153' title='bbox 2258 1445 2352 1492; x_wconf 91' lang='lat' dir='ltr'>loci</span> <span class='ocrx_word' id='word_1_154' title='bbox 2382 1454 2492 1510; x_wconf 91' lang='lat' dir='ltr'>post</span> <span class='ocrx_word' id='word_1_155' title='bbox 2519 1460 2685 1509; x_wconf 85' lang='lat' dir='ltr'>pecca-</span> 
     </span>
     <span class='ocr_line' id='line_1_15' title="bbox 558 1525 2680 1590; baseline 0 -18"><span class='ocrx_word' id='word_1_156' title='bbox 558 1537 659 1572; x_wconf 90' lang='lat' dir='ltr'>tum</span> <span class='ocrx_word' id='word_1_157' title='bbox 682 1526 868 1573; x_wconf 86' lang='lat' dir='ltr'>homini</span> <span class='ocrx_word' id='word_1_158' title='bbox 891 1526 1047 1574; x_wconf 88' lang='lat' dir='ltr'>aditus</span> <span class='ocrx_word' id='word_1_159' title='bbox 1072 1526 1356 1573; x_wconf 89' lang='lat' dir='ltr'>interclusus</span> <span class='ocrx_word' id='word_1_160' title='bbox 1379 1536 1466 1573; x_wconf 92' lang='lat' dir='ltr'>est.</span> <span class='ocrx_word' id='word_1_161' title='bbox 1494 1528 1663 1590; x_wconf 86' lang='lat' dir='ltr'>Septus</span> <span class='ocrx_word' id='word_1_162' title='bbox 1693 1535 1763 1573; x_wconf 87' lang='lat' dir='ltr'>est</span> <span class='ocrx_word' id='word_1_163' title='bbox 1785 1526 1915 1572; x_wconf 90' lang='lat' dir='ltr'>enim</span> <span class='ocrx_word' id='word_1_164' title='bbox 1934 1526 2150 1590; x_wconf 88' lang='lat' dir='ltr'>undique</span> <span class='ocrx_word' id='word_1_165' title='bbox 2174 1525 2420 1590; x_wconf 84' lang='lat' dir='ltr'>romphaea</span> <span class='ocrx_word' id='word_1_166' title='bbox 2441 1525 2680 1584; x_wconf 87' lang='lat' dir='ltr'>flammea,</span> 
     </span>
     <span class='ocr_line' id='line_1_16' title="bbox 555 1604 2681 1670; baseline -0 -18"><span class='ocrx_word' id='word_1_167' title='bbox 555 1607 606 1652; x_wconf 92' lang='lat' dir='ltr'>id</span> <span class='ocrx_word' id='word_1_168' title='bbox 637 1616 707 1653; x_wconf 91' lang='lat' dir='ltr'>est</span> <span class='ocrx_word' id='word_1_169' title='bbox 739 1606 879 1652; x_wconf 89' lang='lat' dir='ltr'>muro</span> <span class='ocrx_word' id='word_1_170' title='bbox 904 1607 1045 1670; x_wconf 91' lang='lat' dir='ltr'>igneo</span> <span class='ocrx_word' id='word_1_171' title='bbox 1078 1607 1319 1653; x_wconf 89' lang='lat' dir='ltr'>accinctus</span> <span class='ocrx_word' id='word_1_172' title='bbox 1339 1643 1350 1664; x_wconf 96' lang='lat'>,</span> <span class='ocrx_word' id='word_1_173' title='bbox 1385 1607 1450 1652; x_wconf 90' lang='lat' dir='ltr'>ita</span> <span class='ocrx_word' id='word_1_174' title='bbox 1481 1615 1533 1651; x_wconf 89' lang='lat' dir='ltr'>ut</span> <span class='ocrx_word' id='word_1_175' title='bbox 1562 1605 1662 1668; x_wconf 91' lang='lat' dir='ltr'>ejus</span> <span class='ocrx_word' id='word_1_176' title='bbox 1691 1621 1804 1652; x_wconf 90' lang='lat' dir='ltr'>cum</span> <span class='ocrx_word' id='word_1_177' title='bbox 1828 1604 1951 1652; x_wconf 88' lang='lat' dir='ltr'>coelo</span> <span class='ocrx_word' id='word_1_178' title='bbox 1976 1622 2102 1669; x_wconf 91' lang='lat' dir='ltr'>pene</span> <span class='ocrx_word' id='word_1_179' title='bbox 2130 1605 2358 1669; x_wconf 87' lang='lat' dir='ltr'>jungatur</span> <span class='ocrx_word' id='word_1_180' title='bbox 2387 1605 2681 1653; x_wconf 89' lang='lat' dir='ltr'>incendium.</span> 
     </span>
     <span class='ocr_line' id='line_1_17' title="bbox 556 1684 2687 1751; baseline 0 -18"><span class='ocrx_word' id='word_1_181' title='bbox 556 1686 817 1733; x_wconf 87' lang='lat' dir='ltr'>Cherubim</span> <span class='ocrx_word' id='word_1_182' title='bbox 839 1703 1056 1751; x_wconf 88' lang='lat' dir='ltr'>quoque,</span> <span class='ocrx_word' id='word_1_183' title='bbox 1082 1686 1131 1733; x_wconf 93' lang='lat' dir='ltr'>id</span> <span class='ocrx_word' id='word_1_184' title='bbox 1155 1695 1226 1732; x_wconf 90' lang='lat' dir='ltr'>est</span> <span class='ocrx_word' id='word_1_185' title='bbox 1248 1684 1553 1749; x_wconf 86' lang='lat' dir='ltr'>angelorum,</span> <span class='ocrx_word' id='word_1_186' title='bbox 1580 1684 1855 1750; x_wconf 80' lang='lat' dir='ltr'>praesidium</span> <span class='ocrx_word' id='word_1_187' title='bbox 1885 1684 2104 1732; x_wconf 88' lang='lat' dir='ltr'>arcendis</span> <span class='ocrx_word' id='word_1_188' title='bbox 2126 1685 2369 1750; x_wconf 88' lang='lat' dir='ltr'>spiritibus</span> <span class='ocrx_word' id='word_1_189' title='bbox 2387 1685 2522 1733; x_wconf 90' lang='lat' dir='ltr'>malis</span> <span class='ocrx_word' id='word_1_190' title='bbox 2544 1701 2687 1751; x_wconf 87' lang='lat' dir='ltr'>super</span> 
     </span>
     <span class='ocr_line' id='line_1_18' title="bbox 556 1765 2687 1832; baseline 0 -20"><span class='ocrx_word' id='word_1_191' title='bbox 556 1767 800 1832; x_wconf 78' lang='lat' dir='ltr'>rompheae</span> <span class='ocrx_word' id='word_1_192' title='bbox 822 1767 1123 1831; x_wconf 89' lang='lat' dir='ltr'>flagrantiam</span> <span class='ocrx_word' id='word_1_193' title='bbox 1149 1766 1428 1813; x_wconf 88' lang='lat' dir='ltr'>ordinatum</span> <span class='ocrx_word' id='word_1_194' title='bbox 1451 1775 1546 1824; x_wconf 90' lang='lat' dir='ltr'>est,</span> <span class='ocrx_word' id='word_1_195' title='bbox 1572 1775 1625 1812; x_wconf 90' lang='lat' dir='ltr'>ut</span> <span class='ocrx_word' id='word_1_196' title='bbox 1651 1765 1874 1812; x_wconf 91' lang='lat' dir='ltr'>homines</span> <span class='ocrx_word' id='word_1_197' title='bbox 1899 1765 2105 1813; x_wconf 88' lang='lat' dir='ltr'>flammae</span> <span class='ocrx_word' id='word_1_198' title='bbox 2122 1803 2133 1825; x_wconf 96' lang='lat'>,</span> <span class='ocrx_word' id='word_1_199' title='bbox 2163 1765 2358 1830; x_wconf 87' lang='lat' dir='ltr'>angelos</span> <span class='ocrx_word' id='word_1_200' title='bbox 2390 1782 2506 1813; x_wconf 90' lang='lat' dir='ltr'>vero</span> <span class='ocrx_word' id='word_1_201' title='bbox 2535 1765 2687 1813; x_wconf 86' lang='lat' dir='ltr'>malos</span> 
     </span>
     <span class='ocr_line' id='line_1_19' title="bbox 556 1845 2687 1911; baseline -0.001 -16"><span class='ocrx_word' id='word_1_202' title='bbox 556 1849 710 1911; x_wconf 86' lang='lat' dir='ltr'>angeli</span> <span class='ocrx_word' id='word_1_203' title='bbox 732 1849 1074 1907; x_wconf 88' lang='lat' dir='ltr'>submoveant,</span> <span class='ocrx_word' id='word_1_204' title='bbox 1101 1865 1162 1895; x_wconf 93' lang='lat' dir='ltr'>ne</span> <span class='ocrx_word' id='word_1_205' title='bbox 1184 1848 1262 1895; x_wconf 91' lang='lat' dir='ltr'>cui</span> <span class='ocrx_word' id='word_1_206' title='bbox 1280 1847 1415 1895; x_wconf 90' lang='lat' dir='ltr'>carni</span> <span class='ocrx_word' id='word_1_207' title='bbox 1433 1846 1510 1893; x_wconf 83' lang='lat' dir='ltr'>vel</span> <span class='ocrx_word' id='word_1_208' title='bbox 1533 1846 1719 1911; x_wconf 90' lang='lat' dir='ltr'>spiritui</span> <span class='ocrx_word' id='word_1_209' title='bbox 1742 1846 2129 1910; x_wconf 88' lang='lat' dir='ltr'>transgressionis</span> <span class='ocrx_word' id='word_1_210' title='bbox 2153 1845 2309 1893; x_wconf 90' lang='lat' dir='ltr'>aditus</span> <span class='ocrx_word' id='word_1_211' title='bbox 2331 1845 2392 1893; x_wconf 89' lang='lat' dir='ltr'>ad</span> <span class='ocrx_word' id='word_1_212' title='bbox 2414 1845 2687 1911; x_wconf 83' lang='lat' dir='ltr'>paradisum</span> 
     </span>
     <span class='ocr_line' id='line_1_20' title="bbox 556 1926 2689 1994; baseline -0.002 -17"><span class='ocrx_word' id='word_1_213' title='bbox 556 1940 731 1994; x_wconf 88' lang='lat' dir='ltr'>pateat.</span> <span class='ocrx_word' id='word_1_214' title='bbox 756 1929 901 1988; x_wconf 89' lang='lat' dir='ltr'>Quod</span> <span class='ocrx_word' id='word_1_215' title='bbox 926 1946 1041 1976; x_wconf 87' lang='lat' dir='ltr'>vero</span> <span class='ocrx_word' id='word_1_216' title='bbox 1066 1929 1131 1976; x_wconf 90' lang='lat' dir='ltr'>ait</span> <span class='ocrx_word' id='word_1_217' title='bbox 1159 1947 1181 1973; x_wconf 88' lang='lat'>«</span> <span class='ocrx_word' id='word_1_218' title='bbox 1202 1944 1231 1975; x_wconf 92' lang='lat' dir='ltr'>a</span> <span class='ocrx_word' id='word_1_219' title='bbox 1249 1928 1559 1993; x_wconf 77' lang='lat' dir='ltr'>principio,»</span> <span class='ocrx_word' id='word_1_220' title='bbox 1587 1926 1815 1975; x_wconf 88' lang='lat' dir='ltr'>subaudit</span> <span class='ocrx_word' id='word_1_221' title='bbox 1830 1926 2164 1991; x_wconf 89' lang='lat' dir='ltr'>plantationis;</span> <span class='ocrx_word' id='word_1_222' title='bbox 2190 1926 2348 1973; x_wconf 91' lang='lat' dir='ltr'>innuit</span> <span class='ocrx_word' id='word_1_223' title='bbox 2370 1936 2482 1973; x_wconf 90' lang='lat' dir='ltr'>ante</span> <span class='ocrx_word' id='word_1_224' title='bbox 2498 1935 2689 1973; x_wconf 87' lang='lat' dir='ltr'>caeteras</span> 
     </span>
     <span class='ocr_line' id='line_1_21' title="bbox 558 2005 2688 2077; baseline -0.002 -19"><span class='ocrx_word' id='word_1_225' title='bbox 558 2012 742 2075; x_wconf 89' lang='lat' dir='ltr'>plantas</span> <span class='ocrx_word' id='word_1_226' title='bbox 755 2013 912 2077; x_wconf 88' lang='lat' dir='ltr'>ipsum</span> <span class='ocrx_word' id='word_1_227' title='bbox 927 2010 1068 2058; x_wconf 88' lang='lat' dir='ltr'>fuisse</span> <span class='ocrx_word' id='word_1_228' title='bbox 1090 2029 1100 2058; x_wconf 76' lang='grc' dir='ltr'><strong><em>ε</em></strong></span> <span class='ocrx_word' id='word_1_229' title='bbox 1121 2027 1219 2075; x_wconf 92' lang='lat' dir='ltr'>quo</span> <span class='ocrx_word' id='word_1_230' title='bbox 1240 2009 1421 2074; x_wconf 92' lang='lat' dir='ltr'>aliquid</span> <span class='ocrx_word' id='word_1_231' title='bbox 1437 2008 1818 2056; x_wconf 89' lang='lat' dir='ltr'>delectabilitatis</span> <span class='ocrx_word' id='word_1_232' title='bbox 1835 2025 1931 2072; x_wconf 90' lang='lat' dir='ltr'>prae</span> <span class='ocrx_word' id='word_1_233' title='bbox 1950 2008 2129 2055; x_wconf 89' lang='lat' dir='ltr'>caeteris</span> <span class='ocrx_word' id='word_1_234' title='bbox 2142 2007 2260 2054; x_wconf 91' lang='lat' dir='ltr'>locis</span> <span class='ocrx_word' id='word_1_235' title='bbox 2275 2006 2475 2054; x_wconf 90' lang='lat' dir='ltr'>haberet</span> <span class='ocrx_word' id='word_1_236' title='bbox 2491 2005 2688 2072; x_wconf 88' lang='lat' dir='ltr'>quando</span> 
     </span>
     <span class='ocr_line' id='line_1_22' title="bbox 558 2088 2687 2156; baseline -0.002 -18"><span class='ocrx_word' id='word_1_237' title='bbox 558 2094 604 2138; x_wconf 91' lang='lat' dir='ltr'>in</span> <span class='ocrx_word' id='word_1_238' title='bbox 650 2093 807 2156; x_wconf 91' lang='lat' dir='ltr'>ipsum</span> <span class='ocrx_word' id='word_1_239' title='bbox 848 2091 997 2138; x_wconf 91' lang='lat' dir='ltr'>homo</span> <span class='ocrx_word' id='word_1_240' title='bbox 1035 2090 1449 2149; x_wconf 88' lang='lat' dir='ltr'>introduceretur,</span> <span class='ocrx_word' id='word_1_241' title='bbox 1482 2099 1617 2137; x_wconf 87' lang='lat' dir='ltr'>tanto</span> <span class='ocrx_word' id='word_1_242' title='bbox 1663 2088 1936 2152; x_wconf 89' lang='lat' dir='ltr'>diligentius</span> <span class='ocrx_word' id='word_1_243' title='bbox 1977 2097 2087 2136; x_wconf 90' lang='lat' dir='ltr'>ante</span> <span class='ocrx_word' id='word_1_244' title='bbox 2129 2097 2419 2153; x_wconf 87' lang='lat' dir='ltr'>praeparatus</span> <span class='ocrx_word' id='word_1_245' title='bbox 2446 2125 2458 2146; x_wconf 97' lang='lat'>,</span> <span class='ocrx_word' id='word_1_246' title='bbox 2507 2096 2687 2151; x_wconf 87' lang='lat' dir='ltr'>quanto</span> 
     </span>
     <span class='ocr_line' id='line_1_23' title="bbox 562 2170 1905 2238; baseline -0.003 -18"><span class='ocrx_word' id='word_1_247' title='bbox 562 2174 765 2238; x_wconf 88' lang='lat' dir='ltr'>amplius</span> <span class='ocrx_word' id='word_1_248' title='bbox 790 2173 1021 2237; x_wconf 89' lang='lat' dir='ltr'>temporis</span> <span class='ocrx_word' id='word_1_249' title='bbox 1044 2171 1404 2236; x_wconf 85' lang='lat' dir='ltr'>impenderetur</span> <span class='ocrx_word' id='word_1_250' title='bbox 1423 2171 1523 2234; x_wconf 90' lang='lat' dir='ltr'>ejus</span> <span class='ocrx_word' id='word_1_251' title='bbox 1549 2170 1905 2235; x_wconf 80' lang='lat' dir='ltr'>praeparationi.</span> 
     </span>
    </p>

    <p class='ocr_par' dir='ltr' id='par_1_3' title="bbox 556 2248 2691 2703">
     <span class='ocr_line' id='line_1_24' title="bbox 626 2248 2688 2315; baseline -0.001 -18"><span class='ocrx_word' id='word_1_252' title='bbox 626 2274 648 2297; x_wconf 86' lang='lat'>«</span> <span class='ocrx_word' id='word_1_253' title='bbox 672 2253 834 2299; x_wconf 89' lang='lat' dir='ltr'>Posuit</span> <span class='ocrx_word' id='word_1_254' title='bbox 851 2252 1102 2298; x_wconf 89' lang='lat' dir='ltr'>hominem</span> <span class='ocrx_word' id='word_1_255' title='bbox 1121 2267 1265 2315; x_wconf 91' lang='lat' dir='ltr'>quem</span> <span class='ocrx_word' id='word_1_256' title='bbox 1285 2250 1592 2298; x_wconf 87' lang='lat' dir='ltr'>formaverat.</span> <span class='ocrx_word' id='word_1_257' title='bbox 1617 2269 1641 2294; x_wconf 90' lang='lat'>»</span> <span class='ocrx_word' id='word_1_258' title='bbox 1674 2249 1729 2296; x_wconf 94' lang='lat' dir='ltr'>Id</span> <span class='ocrx_word' id='word_1_259' title='bbox 1750 2259 1822 2296; x_wconf 91' lang='lat' dir='ltr'>est</span> <span class='ocrx_word' id='word_1_260' title='bbox 1842 2249 2000 2296; x_wconf 84' lang='lat' dir='ltr'>virum</span> <span class='ocrx_word' id='word_1_261' title='bbox 2013 2286 2024 2308; x_wconf 93' lang='lat'>,</span> <span class='ocrx_word' id='word_1_262' title='bbox 2043 2249 2177 2312; x_wconf 90' lang='lat' dir='ltr'>cujus</span> <span class='ocrx_word' id='word_1_263' title='bbox 2194 2248 2419 2296; x_wconf 81' lang='lat' dir='ltr'>formatio</span> <span class='ocrx_word' id='word_1_264' title='bbox 2443 2248 2543 2311; x_wconf 74' lang='lat' dir='ltr'>Jam</span> <span class='ocrx_word' id='word_1_265' title='bbox 2567 2262 2688 2312; x_wconf 86' lang='lat' dir='ltr'>prae·</span> 
     </span>
     <span class='ocr_line' id='line_1_25' title="bbox 558 2328 2690 2397; baseline -0.002 -17"><span class='ocrx_word' id='word_1_266' title='bbox 558 2335 793 2381; x_wconf 85' lang='lat' dir='ltr'>dictaest.</span> <span class='ocrx_word' id='word_1_267' title='bbox 821 2333 904 2379; x_wconf 89' lang='lat' dir='ltr'>Vir</span> <span class='ocrx_word' id='word_1_268' title='bbox 926 2334 1105 2397; x_wconf 88' lang='lat' dir='ltr'>quippe</span> <span class='ocrx_word' id='word_1_269' title='bbox 1130 2341 1259 2378; x_wconf 88' lang='lat' dir='ltr'>extra</span> <span class='ocrx_word' id='word_1_270' title='bbox 1283 2330 1561 2396; x_wconf 88' lang='lat' dir='ltr'>paradisum</span> <span class='ocrx_word' id='word_1_271' title='bbox 1583 2330 1735 2377; x_wconf 88' lang='lat' dir='ltr'>factus</span> <span class='ocrx_word' id='word_1_272' title='bbox 1757 2329 1819 2376; x_wconf 94' lang='lat' dir='ltr'>de</span> <span class='ocrx_word' id='word_1_273' title='bbox 1846 2329 1963 2376; x_wconf 91' lang='lat' dir='ltr'>limo</span> <span class='ocrx_word' id='word_1_274' title='bbox 1988 2338 2126 2376; x_wconf 87' lang='lat' dir='ltr'>terrae</span> <span class='ocrx_word' id='word_1_275' title='bbox 2150 2329 2198 2376; x_wconf 92' lang='lat' dir='ltr'>in</span> <span class='ocrx_word' id='word_1_276' title='bbox 2229 2328 2507 2393; x_wconf 89' lang='lat' dir='ltr'>paradisum</span> <span class='ocrx_word' id='word_1_277' title='bbox 2534 2338 2690 2379; x_wconf 56' lang='lat' dir='ltr'>,trans-</span> 
     </span>
     <span class='ocr_line' id='line_1_26' title="bbox 558 2409 2690 2477; baseline -0.003 -17"><span class='ocrx_word' id='word_1_278' title='bbox 558 2416 677 2462; x_wconf 83' lang='lat' dir='ltr'>latus</span> <span class='ocrx_word' id='word_1_279' title='bbox 706 2424 776 2461; x_wconf 90' lang='lat' dir='ltr'>est</span> <span class='ocrx_word' id='word_1_280' title='bbox 797 2432 806 2460; x_wconf 77' lang='grc' dir='ltr'>ε</span> <span class='ocrx_word' id='word_1_281' title='bbox 828 2413 999 2460; x_wconf 88' lang='lat' dir='ltr'>mulier</span> <span class='ocrx_word' id='word_1_282' title='bbox 1023 2429 1139 2460; x_wconf 88' lang='lat' dir='ltr'>vero</span> <span class='ocrx_word' id='word_1_283' title='bbox 1166 2413 1215 2461; x_wconf 91' lang='lat' dir='ltr'>in</span> <span class='ocrx_word' id='word_1_284' title='bbox 1243 2411 1466 2477; x_wconf 89' lang='lat' dir='ltr'>paradiso</span> <span class='ocrx_word' id='word_1_285' title='bbox 1490 2411 1551 2458; x_wconf 93' lang='lat' dir='ltr'>de</span> <span class='ocrx_word' id='word_1_286' title='bbox 1569 2411 1674 2477; x_wconf 67' lang='lat' dir='ltr'>viro</span> <span class='ocrx_word' id='word_1_287' title='bbox 1699 2419 1858 2457; x_wconf 88' lang='lat' dir='ltr'>creata</span> <span class='ocrx_word' id='word_1_288' title='bbox 1880 2419 1974 2468; x_wconf 91' lang='lat' dir='ltr'>est,</span> <span class='ocrx_word' id='word_1_289' title='bbox 1995 2425 2101 2473; x_wconf 83' lang='lat' dir='ltr'>quae</span> <span class='ocrx_word' id='word_1_290' title='bbox 2117 2418 2278 2456; x_wconf 90' lang='lat' dir='ltr'>tamen</span> <span class='ocrx_word' id='word_1_291' title='bbox 2299 2409 2458 2455; x_wconf 84' lang='lat' dir='ltr'>virum</span> <span class='ocrx_word' id='word_1_292' title='bbox 2477 2418 2525 2455; x_wconf 90' lang='lat' dir='ltr'>et</span> <span class='ocrx_word' id='word_1_293' title='bbox 2540 2424 2590 2455; x_wconf 93' lang='lat' dir='ltr'>se</span> <span class='ocrx_word' id='word_1_294' title='bbox 2607 2424 2690 2472; x_wconf 86' lang='lat' dir='ltr'>pa·</span> 
     </span>
     <span class='ocr_line' id='line_1_27' title="bbox 557 2488 2691 2560; baseline -0.004 -18"><span class='ocrx_word' id='word_1_295' title='bbox 557 2498 670 2543; x_wconf 86' lang='lat' dir='ltr'>riter</span> <span class='ocrx_word' id='word_1_296' title='bbox 687 2495 747 2542; x_wconf 94' lang='lat' dir='ltr'>de</span> <span class='ocrx_word' id='word_1_297' title='bbox 765 2494 989 2560; x_wconf 90' lang='lat' dir='ltr'>paradiso</span> <span class='ocrx_word' id='word_1_298' title='bbox 1010 2493 1147 2557; x_wconf 89' lang='lat' dir='ltr'>ejecit</span> <span class='ocrx_word' id='word_1_299' title='bbox 1160 2531 1172 2553; x_wconf 92' lang='lat'>,</span> <span class='ocrx_word' id='word_1_300' title='bbox 1194 2493 1315 2540; x_wconf 91' lang='lat' dir='ltr'>sicut</span> <span class='ocrx_word' id='word_1_301' title='bbox 1332 2493 1582 2557; x_wconf 90' lang='lat' dir='ltr'>sequentia</span> <span class='ocrx_word' id='word_1_302' title='bbox 1599 2490 1848 2538; x_wconf 88' lang='lat' dir='ltr'>manifeste</span> <span class='ocrx_word' id='word_1_303' title='bbox 1866 2489 2080 2537; x_wconf 90' lang='lat' dir='ltr'>tradunt.</span> <span class='ocrx_word' id='word_1_304' title='bbox 2102 2492 2169 2536; x_wconf 90' lang='lat' dir='ltr'>Ex</span> <span class='ocrx_word' id='word_1_305' title='bbox 2185 2505 2282 2554; x_wconf 91' lang='lat' dir='ltr'>quo</span> <span class='ocrx_word' id='word_1_306' title='bbox 2300 2498 2519 2553; x_wconf 90' lang='lat' dir='ltr'>patenter</span> <span class='ocrx_word' id='word_1_307' title='bbox 2535 2488 2691 2537; x_wconf 87' lang='lat' dir='ltr'>innui-</span> 
     </span>
     <span class='ocr_line' id='line_1_28' title="bbox 557 2568 2691 2639; baseline -0.003 -17"><span class='ocrx_word' id='word_1_308' title='bbox 557 2586 652 2634; x_wconf 85' lang='lat' dir='ltr'>tur,</span> <span class='ocrx_word' id='word_1_309' title='bbox 680 2593 779 2623; x_wconf 91' lang='lat' dir='ltr'>non</span> <span class='ocrx_word' id='word_1_310' title='bbox 803 2586 902 2623; x_wconf 87' lang='lat' dir='ltr'>tam</span> <span class='ocrx_word' id='word_1_311' title='bbox 931 2575 1043 2622; x_wconf 89' lang='lat' dir='ltr'>loca</span> <span class='ocrx_word' id='word_1_312' title='bbox 1070 2591 1218 2639; x_wconf 87' lang='lat' dir='ltr'>quam</span> <span class='ocrx_word' id='word_1_313' title='bbox 1235 2590 1402 2620; x_wconf 15' lang='lat' dir='ltr'>&#39;mores</span> <span class='ocrx_word' id='word_1_314' title='bbox 1435 2573 1497 2621; x_wconf 91' lang='lat' dir='ltr'>ad</span> <span class='ocrx_word' id='word_1_315' title='bbox 1529 2572 1731 2620; x_wconf 87' lang='lat' dir='ltr'>salutem</span> <span class='ocrx_word' id='word_1_316' title='bbox 1753 2571 1994 2637; x_wconf 89' lang='lat' dir='ltr'>pertinere</span> <span class='ocrx_word' id='word_1_317' title='bbox 2011 2608 2022 2630; x_wconf 92' lang='lat'>,</span> <span class='ocrx_word' id='word_1_318' title='bbox 2049 2586 2199 2634; x_wconf 91' lang='lat' dir='ltr'>quum</span> <span class='ocrx_word' id='word_1_319' title='bbox 2226 2568 2397 2616; x_wconf 91' lang='lat' dir='ltr'>mulier</span> <span class='ocrx_word' id='word_1_320' title='bbox 2425 2570 2474 2627; x_wconf 87' lang='lat' dir='ltr'>in</span> <span class='ocrx_word' id='word_1_321' title='bbox 2506 2568 2691 2616; x_wconf 89' lang='lat' dir='ltr'>meliori</span> 
     </span>
     <span class='ocr_line' id='line_1_29' title="bbox 556 2653 1601 2703; baseline -0.001 -2"><span class='ocrx_word' id='word_1_322' title='bbox 556 2657 664 2703; x_wconf 89' lang='lat' dir='ltr'>loco</span> <span class='ocrx_word' id='word_1_323' title='bbox 691 2656 815 2703; x_wconf 86' lang='lat' dir='ltr'>facta</span> <span class='ocrx_word' id='word_1_324' title='bbox 831 2655 1040 2703; x_wconf 90' lang='lat' dir='ltr'>deterior</span> <span class='ocrx_word' id='word_1_325' title='bbox 1062 2655 1112 2701; x_wconf 92' lang='lat' dir='ltr'>in</span> <span class='ocrx_word' id='word_1_326' title='bbox 1135 2654 1416 2701; x_wconf 87' lang='lat' dir='ltr'>seductione</span> <span class='ocrx_word' id='word_1_327' title='bbox 1443 2653 1601 2701; x_wconf 88' lang='lat' dir='ltr'>fuerit.</span> 
     </span>
    </p>

    <p class='ocr_par' dir='ltr' id='par_1_4' title="bbox 558 2728 2689 2878">
     <span class='ocr_line' id='line_1_30' title="bbox 627 2728 2689 2800; baseline -0.002 -21"><span class='ocrx_word' id='word_1_328' title='bbox 627 2757 649 2779; x_wconf 89' lang='lat'>«</span> <span class='ocrx_word' id='word_1_329' title='bbox 672 2736 1014 2800; x_wconf 88' lang='lat' dir='ltr'>Produxitque.</span> <span class='ocrx_word' id='word_1_330' title='bbox 1031 2755 1053 2779; x_wconf 88' lang='lat'>»</span> <span class='ocrx_word' id='word_1_331' title='bbox 1077 2737 1236 2792; x_wconf 89' lang='lat' dir='ltr'>Quare</span> <span class='ocrx_word' id='word_1_332' title='bbox 1262 2734 1458 2793; x_wconf 83' lang='lat' dir='ltr'>dixerit,</span> <span class='ocrx_word' id='word_1_333' title='bbox 1489 2733 1807 2799; x_wconf 88' lang='lat' dir='ltr'>«voluptatis,</span> <span class='ocrx_word' id='word_1_334' title='bbox 1831 2752 1853 2776; x_wconf 89' lang='lat'>»</span> <span class='ocrx_word' id='word_1_335' title='bbox 1884 2733 2107 2796; x_wconf 87' lang='lat' dir='ltr'>assignat.</span> <span class='ocrx_word' id='word_1_336' title='bbox 2129 2750 2151 2775; x_wconf 77' lang='grc' dir='ltr'>α</span> <span class='ocrx_word' id='word_1_337' title='bbox 2173 2729 2428 2777; x_wconf 89' lang='lat' dir='ltr'>Pulchrum</span> <span class='ocrx_word' id='word_1_338' title='bbox 2448 2729 2551 2776; x_wconf 90' lang='lat' dir='ltr'>visu</span> <span class='ocrx_word' id='word_1_339' title='bbox 2568 2738 2614 2776; x_wconf 90' lang='lat' dir='ltr'>et</span> <span class='ocrx_word' id='word_1_340' title='bbox 2630 2728 2689 2776; x_wconf 91' lang='lat' dir='ltr'>ad</span> 
     </span>
     <span class='ocr_line' id='line_1_31' title="bbox 558 2809 2402 2878; baseline -0.003 -15"><span class='ocrx_word' id='word_1_341' title='bbox 558 2817 850 2863; x_wconf 80' lang='lat' dir='ltr'>vescendum</span> <span class='ocrx_word' id='word_1_342' title='bbox 879 2833 1048 2874; x_wconf 89' lang='lat' dir='ltr'>suave,</span> <span class='ocrx_word' id='word_1_343' title='bbox 1072 2835 1094 2860; x_wconf 87' lang='lat'>»</span> <span class='ocrx_word' id='word_1_344' title='bbox 1124 2825 1177 2862; x_wconf 89' lang='lat' dir='ltr'>ut</span> <span class='ocrx_word' id='word_1_345' title='bbox 1206 2815 1311 2862; x_wconf 87' lang='lat' dir='ltr'>visu</span> <span class='ocrx_word' id='word_1_346' title='bbox 1340 2814 1624 2873; x_wconf 89' lang='lat' dir='ltr'>delectaret,</span> <span class='ocrx_word' id='word_1_347' title='bbox 1651 2824 1699 2861; x_wconf 92' lang='lat' dir='ltr'>et</span> <span class='ocrx_word' id='word_1_348' title='bbox 1727 2823 1889 2878; x_wconf 86' lang='lat' dir='ltr'>gustus</span> <span class='ocrx_word' id='word_1_349' title='bbox 1917 2813 2148 2860; x_wconf 84' lang='lat' dir='ltr'>suavitate</span> <span class='ocrx_word' id='word_1_350' title='bbox 2170 2809 2402 2858; x_wconf 85' lang='lat' dir='ltr'>reficeret.</span> 
     </span>
    </p>

    <p class='ocr_par' dir='ltr' id='par_1_5' title="bbox 557 2888 2694 3530">
     <span class='ocr_line' id='line_1_32' title="bbox 627 2888 2692 2960; baseline -0.002 -20"><span class='ocrx_word' id='word_1_351' title='bbox 627 2917 650 2940; x_wconf 89' lang='lat'>«</span> <span class='ocrx_word' id='word_1_352' title='bbox 686 2897 874 2960; x_wconf 56' lang='lat' dir='ltr'>„ignum</span> <span class='ocrx_word' id='word_1_353' title='bbox 897 2897 1040 2943; x_wconf 89' lang='lat' dir='ltr'>etiam</span> <span class='ocrx_word' id='word_1_354' title='bbox 1063 2896 1186 2942; x_wconf 87' lang='lat' dir='ltr'>vitae.</span> <span class='ocrx_word' id='word_1_355' title='bbox 1215 2914 1236 2939; x_wconf 90' lang='lat'>»</span> <span class='ocrx_word' id='word_1_356' title='bbox 1263 2897 1426 2952; x_wconf 90' lang='lat' dir='ltr'>Quum</span> <span class='ocrx_word' id='word_1_357' title='bbox 1458 2894 1630 2942; x_wconf 86' lang='lat' dir='ltr'>dixerit</span> <span class='ocrx_word' id='word_1_358' title='bbox 1665 2910 1811 2941; x_wconf 91' lang='lat' dir='ltr'>omne</span> <span class='ocrx_word' id='word_1_359' title='bbox 1839 2893 2024 2958; x_wconf 88' lang='lat' dir='ltr'>lignum</span> <span class='ocrx_word' id='word_1_360' title='bbox 2042 2930 2053 2951; x_wconf 92' lang='lat'>,</span> <span class='ocrx_word' id='word_1_361' title='bbox 2082 2891 2199 2956; x_wconf 91' lang='lat' dir='ltr'>quid</span> <span class='ocrx_word' id='word_1_362' title='bbox 2231 2900 2303 2939; x_wconf 90' lang='lat' dir='ltr'>est</span> <span class='ocrx_word' id='word_1_363' title='bbox 2333 2889 2466 2954; x_wconf 91' lang='lat' dir='ltr'>quod</span> <span class='ocrx_word' id='word_1_364' title='bbox 2494 2889 2610 2937; x_wconf 87' lang='lat' dir='ltr'>dicit</span> <span class='ocrx_word' id='word_1_365' title='bbox 2631 2888 2692 2936; x_wconf 89' lang='lat' dir='ltr'>de</span> 
     </span>
     <span class='ocr_line' id='line_1_33' title="bbox 557 2971 2692 3042; baseline -0.003 -18"><span class='ocrx_word' id='word_1_366' title='bbox 557 2979 656 3025; x_wconf 89' lang='lat' dir='ltr'>istis</span> <span class='ocrx_word' id='word_1_367' title='bbox 680 2978 870 3025; x_wconf 91' lang='lat' dir='ltr'>duobus</span> <span class='ocrx_word' id='word_1_368' title='bbox 893 2977 1032 3041; x_wconf 91' lang='lat' dir='ltr'>lignis</span> <span class='ocrx_word' id='word_1_369' title='bbox 1062 2978 1206 3024; x_wconf 87' lang='lat' dir='ltr'>etiam</span> <span class='ocrx_word' id='word_1_370' title='bbox 1240 2987 1473 3041; x_wconf 90' lang='lat' dir='ltr'>tanquam</span> <span class='ocrx_word' id='word_1_371' title='bbox 1508 2977 1612 3042; x_wconf 93' lang='lat' dir='ltr'>ipsa</span> <span class='ocrx_word' id='word_1_372' title='bbox 1643 2992 1743 3022; x_wconf 92' lang='lat' dir='ltr'>non</span> <span class='ocrx_word' id='word_1_373' title='bbox 1780 2974 1956 3022; x_wconf 89' lang='lat' dir='ltr'>fuerint</span> <span class='ocrx_word' id='word_1_374' title='bbox 1991 2974 2053 3021; x_wconf 91' lang='lat' dir='ltr'>de</span> <span class='ocrx_word' id='word_1_375' title='bbox 2089 2972 2316 3020; x_wconf 90' lang='lat' dir='ltr'>omnibus</span> <span class='ocrx_word' id='word_1_376' title='bbox 2345 2971 2485 3035; x_wconf 88' lang='lat' dir='ltr'>lignis</span> <span class='ocrx_word' id='word_1_377' title='bbox 2514 2971 2619 3018; x_wconf 88' lang='lat' dir='ltr'>visu</span> <span class='ocrx_word' id='word_1_378' title='bbox 2646 2980 2692 3017; x_wconf 84' lang='lat' dir='ltr'>et</span> 
     </span>
     <span class='ocr_line' id='line_1_34' title="bbox 559 3050 2694 3122; baseline -0.004 -16"><span class='ocrx_word' id='word_1_379' title='bbox 559 3069 697 3121; x_wconf 87' lang='lat' dir='ltr'>gustu</span> <span class='ocrx_word' id='word_1_380' title='bbox 729 3053 1117 3116; x_wconf 83' lang='lat' dir='ltr'>delectabilibus,</span> <span class='ocrx_word' id='word_1_381' title='bbox 1147 3057 1352 3104; x_wconf 87' lang='lat' dir='ltr'>maxime</span> <span class='ocrx_word' id='word_1_382' title='bbox 1378 3073 1529 3122; x_wconf 91' lang='lat' dir='ltr'>quum</span> <span class='ocrx_word' id='word_1_383' title='bbox 1551 3055 1613 3103; x_wconf 92' lang='lat' dir='ltr'>de</span> <span class='ocrx_word' id='word_1_384' title='bbox 1637 3055 1768 3120; x_wconf 88' lang='lat' dir='ltr'>ligno</span> <span class='ocrx_word' id='word_1_385' title='bbox 1792 3055 1841 3102; x_wconf 91' lang='lat' dir='ltr'>in</span> <span class='ocrx_word' id='word_1_386' title='bbox 1866 3072 1964 3119; x_wconf 90' lang='lat' dir='ltr'>quo</span> <span class='ocrx_word' id='word_1_387' title='bbox 1991 3053 2302 3118; x_wconf 87' lang='lat' dir='ltr'>transgressio</span> <span class='ocrx_word' id='word_1_388' title='bbox 2329 3052 2453 3100; x_wconf 88' lang='lat' dir='ltr'>facta</span> <span class='ocrx_word' id='word_1_389' title='bbox 2480 3060 2550 3098; x_wconf 89' lang='lat' dir='ltr'>est</span> <span class='ocrx_word' id='word_1_390' title='bbox 2580 3050 2694 3097; x_wconf 82' lang='lat' dir='ltr'>scri·-</span> 
     </span>
     <span class='ocr_line' id='line_1_35' title="bbox 559 3131 2693 3205; baseline -0.004 -18"><span class='ocrx_word' id='word_1_391' title='bbox 559 3151 696 3205; x_wconf 91' lang='lat' dir='ltr'>ptum</span> <span class='ocrx_word' id='word_1_392' title='bbox 718 3141 778 3187; x_wconf 92' lang='lat' dir='ltr'>sit</span> <span class='ocrx_word' id='word_1_393' title='bbox 804 3141 853 3187; x_wconf 92' lang='lat' dir='ltr'>in</span> <span class='ocrx_word' id='word_1_394' title='bbox 878 3138 1188 3204; x_wconf 90' lang='lat' dir='ltr'>sequentibus</span> <span class='ocrx_word' id='word_1_395' title='bbox 1204 3176 1215 3198; x_wconf 89' lang='lat'>,</span> <span class='ocrx_word' id='word_1_396' title='bbox 1243 3139 1356 3203; x_wconf 90' lang='lat' dir='ltr'>quia</span> <span class='ocrx_word' id='word_1_397' title='bbox 1379 3138 1501 3185; x_wconf 90' lang='lat' dir='ltr'>vidit</span> <span class='ocrx_word' id='word_1_398' title='bbox 1525 3137 1698 3184; x_wconf 89' lang='lat' dir='ltr'>mulier</span> <span class='ocrx_word' id='word_1_399' title='bbox 1715 3136 1849 3201; x_wconf 88' lang='lat' dir='ltr'>quod</span> <span class='ocrx_word' id='word_1_400' title='bbox 1875 3136 2063 3184; x_wconf 90' lang='lat' dir='ltr'>bonum</span> <span class='ocrx_word' id='word_1_401' title='bbox 2083 3144 2205 3183; x_wconf 89' lang='lat' dir='ltr'>esset</span> <span class='ocrx_word' id='word_1_402' title='bbox 2221 3134 2406 3199; x_wconf 89' lang='lat' dir='ltr'>lignum</span> <span class='ocrx_word' id='word_1_403' title='bbox 2422 3142 2470 3180; x_wconf 89' lang='lat' dir='ltr'>et</span> <span class='ocrx_word' id='word_1_404' title='bbox 2490 3131 2693 3179; x_wconf 88' lang='lat' dir='ltr'>delecta-</span> 
     </span>
     <span class='ocr_line' id='line_1_36' title="bbox 559 3211 2692 3286; baseline -0.003 -21"><span class='ocrx_word' id='word_1_405' title='bbox 559 3220 684 3267; x_wconf 79' lang='lat' dir='ltr'>bile?</span> <span class='ocrx_word' id='word_1_406' title='bbox 705 3221 797 3268; x_wconf 89' lang='lat' dir='ltr'>Sed</span> <span class='ocrx_word' id='word_1_407' title='bbox 820 3221 1038 3286; x_wconf 84' lang='lat' dir='ltr'>profecto</span> <span class='ocrx_word' id='word_1_408' title='bbox 1063 3237 1164 3267; x_wconf 92' lang='lat' dir='ltr'>non</span> <span class='ocrx_word' id='word_1_409' title='bbox 1194 3236 1283 3284; x_wconf 91' lang='lat' dir='ltr'>pro</span> <span class='ocrx_word' id='word_1_410' title='bbox 1317 3219 1590 3266; x_wconf 84' lang='lat' dir='ltr'>diversitate</span> <span class='ocrx_word' id='word_1_411' title='bbox 1617 3217 1860 3282; x_wconf 88' lang='lat' dir='ltr'>lignorum</span> <span class='ocrx_word' id='word_1_412' title='bbox 1888 3216 2073 3264; x_wconf 91' lang='lat' dir='ltr'>dictum</span> <span class='ocrx_word' id='word_1_413' title='bbox 2096 3225 2167 3263; x_wconf 89' lang='lat' dir='ltr'>est</span> <span class='ocrx_word' id='word_1_414' title='bbox 2193 3234 2217 3260; x_wconf 93' lang='lat'><strong><em>«</em></strong></span> <span class='ocrx_word' id='word_1_415' title='bbox 2237 3215 2407 3272; x_wconf 88' lang='lat' dir='ltr'>etiam,</span> <span class='ocrx_word' id='word_1_416' title='bbox 2431 3232 2455 3258; x_wconf 87' lang='lat'>»</span> <span class='ocrx_word' id='word_1_417' title='bbox 2484 3211 2566 3260; x_wconf 93' lang='lat' dir='ltr'>sed</span> <span class='ocrx_word' id='word_1_418' title='bbox 2602 3228 2692 3276; x_wconf 89' lang='lat' dir='ltr'>pro</span> 
     </span>
     <span class='ocr_line' id='line_1_37' title="bbox 561 3292 2694 3365; baseline -0.004 -17"><span class='ocrx_word' id='word_1_419' title='bbox 561 3302 834 3349; x_wconf 87' lang='lat' dir='ltr'>diversitate</span> <span class='ocrx_word' id='word_1_420' title='bbox 857 3303 950 3349; x_wconf 89' lang='lat' dir='ltr'>loci</span> <span class='ocrx_word' id='word_1_421' title='bbox 977 3292 1059 3349; x_wconf 90' lang='lat' dir='ltr'>ubi</span> <span class='ocrx_word' id='word_1_422' title='bbox 1084 3302 1184 3348; x_wconf 88' lang='lat' dir='ltr'>haec</span> <span class='ocrx_word' id='word_1_423' title='bbox 1209 3301 1308 3349; x_wconf 90' lang='lat' dir='ltr'>duo</span> <span class='ocrx_word' id='word_1_424' title='bbox 1333 3301 1462 3365; x_wconf 87' lang='lat' dir='ltr'>ligna</span> <span class='ocrx_word' id='word_1_425' title='bbox 1490 3300 1738 3348; x_wconf 84' lang='lat' dir='ltr'>constituit</span> <span class='ocrx_word' id='word_1_426' title='bbox 1763 3309 1810 3347; x_wconf 89' lang='lat' dir='ltr'>et</span> <span class='ocrx_word' id='word_1_427' title='bbox 1831 3298 1922 3347; x_wconf 91' lang='lat' dir='ltr'>sibi</span> <span class='ocrx_word' id='word_1_428' title='bbox 1948 3297 2226 3361; x_wconf 63' lang='lat' dir='ltr'>conjunxit„</span> <span class='ocrx_word' id='word_1_429' title='bbox 2253 3295 2302 3343; x_wconf 93' lang='lat' dir='ltr'>id</span> <span class='ocrx_word' id='word_1_430' title='bbox 2329 3305 2400 3342; x_wconf 90' lang='lat' dir='ltr'>est</span> <span class='ocrx_word' id='word_1_431' title='bbox 2428 3293 2589 3341; x_wconf 90' lang='lat' dir='ltr'>medio</span> <span class='ocrx_word' id='word_1_432' title='bbox 2612 3309 2694 3358; x_wconf 83' lang='lat' dir='ltr'>pa·</span> 
     </span>
     <span class='ocr_line' id='line_1_38' title="bbox 563 3375 2690 3443; baseline -0.005 -13"><span class='ocrx_word' id='word_1_433' title='bbox 563 3383 705 3431; x_wconf 90' lang='lat' dir='ltr'>radisi</span> <span class='ocrx_word' id='word_1_434' title='bbox 722 3422 732 3442; x_wconf 96' lang='lat'>,</span> <span class='ocrx_word' id='word_1_435' title='bbox 759 3401 857 3431; x_wconf 91' lang='lat' dir='ltr'>non</span> <span class='ocrx_word' id='word_1_436' title='bbox 891 3384 939 3430; x_wconf 91' lang='lat' dir='ltr'>in</span> <span class='ocrx_word' id='word_1_437' title='bbox 973 3383 1173 3430; x_wconf 88' lang='lat' dir='ltr'>circuitu</span> <span class='ocrx_word' id='word_1_438' title='bbox 1195 3383 1317 3430; x_wconf 89' lang='lat' dir='ltr'>sicut</span> <span class='ocrx_word' id='word_1_439' title='bbox 1342 3393 1527 3430; x_wconf 88' lang='lat' dir='ltr'>caetera.</span> <span class='ocrx_word' id='word_1_440' title='bbox 1555 3383 1718 3439; x_wconf 89' lang='lat' dir='ltr'>Quum</span> <span class='ocrx_word' id='word_1_441' title='bbox 1743 3381 1872 3428; x_wconf 82' lang='lat' dir='ltr'>enirn</span> <span class='ocrx_word' id='word_1_442' title='bbox 1903 3380 2097 3427; x_wconf 85' lang='lat' dir='ltr'>dixisset</span> <span class='ocrx_word' id='word_1_443' title='bbox 2128 3379 2240 3443; x_wconf 90' lang='lat' dir='ltr'>quia</span> <span class='ocrx_word' id='word_1_444' title='bbox 2264 3376 2463 3442; x_wconf 89' lang='lat' dir='ltr'>protulit</span> <span class='ocrx_word' id='word_1_445' title='bbox 2489 3385 2616 3422; x_wconf 88' lang='lat' dir='ltr'>terra</span> <span class='ocrx_word' id='word_1_446' title='bbox 2642 3375 2690 3420; x_wconf 91' lang='lat' dir='ltr'>in</span> 
     </span>
     <span class='ocr_line' id='line_1_39' title="bbox 564 3459 2689 3530; baseline -0.005 -18"><span class='ocrx_word' id='word_1_447' title='bbox 564 3464 786 3530; x_wconf 85' lang='lat' dir='ltr'>paradiso</span> <span class='ocrx_word' id='word_1_448' title='bbox 813 3465 939 3528; x_wconf 88' lang='lat' dir='ltr'>ligna</span> <span class='ocrx_word' id='word_1_449' title='bbox 967 3475 1134 3511; x_wconf 77' lang='lat' dir='ltr'>caetera</span> <span class='ocrx_word' id='word_1_450' title='bbox 1158 3465 1278 3511; x_wconf 90' lang='lat' dir='ltr'>sicut</span> <span class='ocrx_word' id='word_1_451' title='bbox 1311 3473 1357 3510; x_wconf 87' lang='lat' dir='ltr'>et</span> <span class='ocrx_word' id='word_1_452' title='bbox 1387 3465 1496 3522; x_wconf 86' lang='lat' dir='ltr'>ista,</span> <span class='ocrx_word' id='word_1_453' title='bbox 1520 3479 1826 3527; x_wconf 86' lang='lat' dir='ltr'>nequaquam</span> <span class='ocrx_word' id='word_1_454' title='bbox 1858 3460 2071 3509; x_wconf 82' lang='lat' dir='ltr'>distinxit</span> <span class='ocrx_word' id='word_1_455' title='bbox 2099 3459 2348 3523; x_wconf 90' lang='lat' dir='ltr'>quomodo</span> <span class='ocrx_word' id='word_1_456' title='bbox 2379 3466 2689 3523; x_wconf 86' lang='lat' dir='ltr'>ponerentur,</span> 
     </span>
    </p>
   </div>
  </div>
 </body>
</html>
