2970 4152
357 1597 379 1647 x

505 417 597 465 460
1077 415 1249 462 PETRI
1283 415 1606 468 ABAELARDt
1633 416 1707 463 ET
1740 417 2049 464 HELOlSSAE

495 528 711 559 exercere
735 510 1020 576 presbyteri,
1049 510 1088 556 si
1111 510 1413 575 episcopatus
1434 520 1481 558 te
1503 511 1578 559 vel
1602 528 1723 577 opus
1745 512 1821 560 vel
1845 529 1972 559 onus
2006 512 2125 560 forte
2158 513 2378 575 delectat,
2420 516 2524 564 vive
2562 519 2612 564 in

495 592 692 638 urbibus
728 601 774 638 et
800 589 1025 649 castellis,
1063 599 1110 637 et
1135 589 1341 638 aliorum
1385 590 1585 639 salutem
1624 592 1696 639 fac
1731 592 1923 639 lucrum
1948 592 2117 640 animae
2146 603 2252 641 tuae.
2285 595 2334 641 Si
2355 597 2490 662 cupis
2520 614 2619 644 esse

495 673 627 737 quod
651 672 846 731 diceris,
874 670 1167 729 monachuS‚
1194 670 1243 718 id
1267 682 1337 719 est
1358 671 1487 719 solus
1506 708 1518 732 ,
1551 672 1678 737 xquid
1709 673 1820 720 facis
1850 673 1900 719 in
1934 672 2134 720 urbibus
2150 709 2163 735 ,
2201 692 2306 739 quae
2332 677 2496 741 utique
2519 695 2618 725 non

494 764 603 799 sunt
643 752 858 800 solorum
898 751 1167 798 habitacula
1409 753 1619 800 ultorum
1634 752 1652 787 ἶ)
1690 752 1848 800 Habet
1893 754 2274 819 unumquodque
2318 757 2619 822 propositum

497 849 735 902 princlpes
759 848 907 879 suos..
942 834 1041 878 .Et
1030 752 1697 973 Ψῷνεηίεηωε,
1725 833 1937 907 episcopi
1968 844 2015 881 et
2041 834 2303 899 presbyteri
2325 835 2534 884 habeant
2557 837 2619 884 ad

495 902 780 978 exemplum
782 868 1055 977 apostolo?
1100 923 1147 960 et
1168 930 1261 979 apo
1357 930 1455 961 icos
1477 930 1604 961 vlros
1669 930 1875 978 quorum
1908 914 2147 962 honorem
2174 915 2501 995 possidentes,
2535 916 2621 964 hab

494 994 607 1041 bere
627 995 838 1041 nitantur
855 1003 900 1040 et
919 994 1158 1041 meritum.
1170 997 1279 1041 Nos
1297 1004 1456 1042 autem
1473 994 1734 1041 habeamus
1753 995 1988 1060 propositi
2007 997 2156 1044 nostri
2170 997 2408 1063 principes
2425 997 2614 1058 Paulos,

494 1075 724 1121 Antonios
740 1110 752 1134 ,
794 1073 1057 1121 Hilariones
1071 1110 1083 1134 ,
1130 1075 1374 1122 Macarios.
1424 1078 1479 1121 Et
1518 1084 1569 1121 ut
1607 1074 1667 1121 ad
1711 1075 2062 1140 Scripturarum
2105 1077 2353 1124 materiam
2387 1077 2580 1125 redeam
2600 1115 2612 1138 ,

493 1164 655 1201 noster
676 1156 898 1220 princeps
920 1154 1058 1219 Elyas
1076 1191 1088 1214 ,
1126 1165 1288 1202 noster
1313 1154 1502 1202 Elisaeus
1521 1191 1533 1215 ,
1568 1155 1720 1201 nostri
1748 1154 1893 1202 duces
1928 1165 1973 1203 et
1997 1155 2079 1202 filii
2112 1157 2457 1222 prophetarum
2479 1194 2490 1217 ,
2534 1159 2618 1222 qui

493 1235 771 1283 habitabant
794 1236 843 1283 in
872 1236 994 1300 agris
1025 1246 1072 1283 et
1102 1235 1358 1284 solitudine
1376 1272 1388 1296 ,
1425 1246 1472 1283 et
1493 1235 1755 1283 faciebant¹
1787 1235 1876 1283 sibi
1902 1235 2206 1284 tabernacula
2239 1249 2409 1303 praeter
2439 1239 2618 1286 fluenta

491 1318 726 1365 Jordanis.
755 1319 861 1364 De
849 1319 905 1365 iis
929 1328 1039 1365 sunt
1063 1329 1109 1365 et
1131 1318 1197 1365 illi
1219 1317 1303 1365 filii
1327 1318 1515 1365 Rechab
1538 1319 1621 1383 qui
1647 1318 1812 1365 vinum
1837 1328 1883 1364 et
1908 1318 2107 1366 siceram
2131 1336 2229 1366 non
2250 1319 2507 1380 bibebant,
2534 1321 2618 1384 qui

492 1398 836 1445 morabantur
825 1415 873 1445 1n
896 1399 1138 1459 tentoriis,
1171 1399 1253 1463 qui
1282 1398 1370 1445 Dei
1391 1415 1509 1446 voce
1532 1415 1618 1486 per
1634 1401 1647 1422 ²
1668 1398 1922 1445 Jeremiam
1951 1398 2224 1459 laudantur,
2251 1400 2384 1464 quod
2408 1416 2507 1447 non
2530 1400 2616 1447 de-

493 1479 618 1525 ficiat
641 1478 702 1525 de
724 1480 868 1544 stiipe
892 1495 1060 1526 eorum
1085 1480 1153 1525 vir
1172 1489 1299 1525 stans
1318 1495 1480 1526 coram
1498 1459 1775 1525 Domino.»
1805 1481 1862 1525 Et
1883 1494 1973 1525 nos
1996 1495 2135 1542 ergo,
2158 1489 2209 1526 ut
2225 1497 2390 1527 coram
2405 1480 2615 1527 Domino

490 1571 641 1620 stare,
678 1571 724 1608 et
746 1562 846 1625 ejus
869 1561 1099 1625 obsequio
1126 1562 1278 1625 parati
1300 1562 1449 1626 magis
1480 1561 1722 1608 valeamus
1748 1561 1996 1619 assistere,
2032 1560 2338 1609 tabernacula
2361 1562 2500 1609 nobis
2529 1563 2617 1610 eri-

492 1647 657 1705 gamus
680 1643 727 1687 in
752 1641 1007 1688 solitudine
1023 1677 1035 1701 ,
1065 1658 1126 1688 ne
1148 1641 1376 1688 lectulum
1399 1651 1569 1689 nostrae
1594 1641 1764 1706 quietis
1785 1640 2048 1705 frequentia
2070 1641 2324 1689 hominum
2342 1643 2612 1703 concutiat,

491 1724 699 1786 quietem
739 1722 923 1782 turbet,
965 1724 1147 1787 ingerat
1183 1724 1497 1782 tentationes,
1534 1732 1744 1770 mentem
1782 1739 1810 1769 a
1835 1732 1998 1769 sancto
2036 1722 2204 1770 evellat
2241 1726 2506 1789 proposito.
2547 1725 2615 1772 Ad

489 1819 633 1867 quam
656 1802 852 1867 quidem
874 1802 1071 1850 liberam
1101 1804 1206 1850 vitae
1229 1803 1615 1867 tranquillitatem
1645 1803 1839 1850 beatum
1866 1803 2115 1848 Arsenium
2138 1804 2348 1850 Domino
2384 1799 2618 1869 dirigente

487 1883 712 1930 omnibus
730 1885 779 1930 iu
801 1901 897 1931 uno
922 1884 1225 1931 manifestum
1243 1883 1410 1931 datum
1427 1895 1496 1931 est
1512 1884 1801 1949 exemplum.
1829 1881 1967 1929 Unde
1993 1893 2041 1930 et
2068 1884 2298 1949 scriptum
2318 1886 2412 1931 est³
2437 1905 2447 1931 :
2477 1904 2501 1929 α
2524 1885 2615 1932 Ab·

485 1965 569 2028 bas
581 1966 802 2013 Arsenius
817 1982 967 2029 quum
984 1964 1142 2011 adhuc
1155 1975 1278 2012 esset
1294 1965 1342 2011 in
1358 1965 1551 2030 palatio,
1575 1966 1729 2012 oravit
1747 1965 1808 2013 ad
1825 1966 2087 2013 Dominum
2102 2001 2115 2026 ,
2135 1964 2322 2012 dicens:
2347 1966 2613 2025 «Domine,

491 2066 512 2090 r<
537 2046 685 2110 dirige
704 2063 781 2093 me
797 2046 858 2093 ad
876 2046 1092 2094 salutem.
1105 2065 1127 2090 »
1142 2049 1200 2092 Et
1215 2047 1344 2093 venit
1359 2047 1402 2093 ei
1412 2063 1505 2093 vox
1521 2046 1684 2093 dicens
1700 2066 1712 2092 .·
1730 2047 1942 2107 «Arseni,
1960 2046 2069 2111 fuge
2084 2046 2322 2105 homines,
2340 2055 2387 2093 et
2408 2045 2616 2093 sanabe-

489 2145 511 2170 «
534 2128 613 2172 ris.
641 2146 663 2170 »
683 2126 816 2174 Idem
836 2128 937 2191 ipse
961 2126 1211 2174 discedens
1227 2126 1288 2173 ad
1300 2125 1634 2173 monachalem
1653 2127 1800 2173 vitam
1820 2143 2012 2173 rursum
2024 2127 2176 2173 oravit
2200 2126 2425 2173 eumdem
2438 2142 2615 2173 sermo·

480 2204 615 2266 nem,
643 2207 805 2254 dicens
827 2226 836 2254 :
866 2207 1126 2266 «Domine,
1147 2205 1296 2271 dirige
1314 2223 1391 2253 me
1416 2206 1477 2253 ad
1500 2206 1717 2253 salutem.
1737 2206 2022 2271 Audivitque
2044 2223 2213 2253 vocem
2230 2206 2468 2253 dicentem
2485 2205 2574 2253 sibi
2596 2225 2605 2252 :

486 2308 508 2331 «
538 2289 720 2348 Arseni,
749 2288 854 2352 fuge
870 2325 881 2347 ,
910 2299 1030 2347 tace,
1060 2289 1266 2352 quiesce.
1295 2291 1403 2335 Haec
1423 2287 1553 2334 enim
1578 2297 1689 2334 sunt
1718 2287 1898 2334 radices
1917 2304 2017 2335 non
2041 2287 2289 2352 peccandi.
2316 2306 2339 2331 »
2365 2286 2448 2333 Ille
2470 2287 2612 2351 igitur

481 2368 571 2415 hac
602 2386 698 2416 una
730 2369 880 2416 divini
901 2369 1124 2434 praecepti
1147 2368 1308 2433 regula
1330 2369 1614 2429 instructus,
1653 2385 1753 2415 non
1789 2368 1946 2415 solum
1970 2367 2192 2415 homines
2229 2367 2345 2432 fugit
2364 2404 2377 2427 ‚
2416 2367 2611 2415 sed‘eos

479 2450 624 2496 etiam
648 2466 675 2496 a
700 2466 749 2496 se
772 2449 965 2513 fugavit.
991 2448 1062 2495 Ad
1086 2466 1231 2513 quem
1255 2448 1617 2514 archiepiscopo
1637 2465 1725 2495 suo
1749 2465 1862 2495 cum
1884 2448 2098 2512 quodam
2115 2447 2277 2512 judice
2305 2447 2514 2512 quadam
2533 2447 2612 2494 die
2635 2460 2639 2464 ’

477 2530 776 2577 venientibus
793 2566 805 2589 ,
834 2539 882 2577 et
906 2529 1231 2578 aedificationis
1254 2546 1527 2577 sermonem
1550 2529 1610 2576 ab
1634 2546 1692 2576 eo
1712 2529 2063 2594 requirentibus
2083 2565 2096 2589 ,
2124 2529 2188 2576 ait
2217 2548 2226 2575 :
2263 2548 2286 2574 «
2308 2531 2365 2576 Et
2384 2530 2423 2575 si
2440 2528 2605 2576 dixero

483 2631 504 2654 «
533 2610 684 2670 vobis,
711 2611 987 2658 custodietis
1007 2610 1065 2656 P»
1091 2610 1163 2657 Illi
1185 2620 1345 2658 autem
1360 2610 1684 2675 promiserunt
1703 2627 1752 2658 se
1786 2609 2043 2657 custodire.
2071 2612 2129 2656 Et
2159 2608 2277 2656 dixit
2309 2610 2376 2657 eis
2408 2628 2417 2655 :
2449 2629 2471 2654 «
2493 2608 2607 2655 Ubi-

481 2711 502 2735 «
530 2709 721 2756 cunque
744 2692 986 2739 audieritis
1004 2675 1271 2751 Arsenium,
1295 2691 1628 2756 approximare
1652 2691 1819 2738 nolite.
1833 2710 1855 2735 »
1875 2691 1977 2737 Alia
1990 2691 2164 2738 iterum
2184 2690 2286 2737 vice
2298 2690 2611 2754 archiepisco-

476 2790 565 2836 pus
591 2788 702 2820 eum
721 2773 911 2820 visitans
932 2809 943 2832 ,
971 2773 1098 2819 misit
1119 2773 1278 2838 primo
1304 2772 1466 2819 videre
1489 2772 1529 2818 si
1551 2773 1770 2836 aperiret.
1802 2775 1859 2819 Et
1888 2771 2132 2818 mandavit
2159 2772 2229 2829 ei,
2265 2771 2428 2818 dicens
2457 2790 2466 2816 z
2512 2790 2534 2815 «
2559 2771 2607 2816 Si

478 2871 502 2895 «
530 2853 686 2911 venis,
712 2853 875 2916 aperio
896 2851 980 2899 tibi
998 2889 1009 2911 ,
1033 2851 1118 2899 sed
1140 2853 1179 2899 si
1202 2851 1286 2899 tibi
1308 2867 1565 2917 aperuero,
1595 2851 1821 2898 omnibus
1846 2852 2008 2916 aperio
2027 2887 2038 2911 ,
2067 2862 2114 2898 et
2135 2861 2250 2898 tunc
2265 2851 2367 2914 jam
2385 2850 2508 2898 ultra
2529 2849 2609 2896 hic

475 2953 496 2977 «
525 2950 624 2979 non
644 2933 806 2980 sedeo.
832 2952 854 2977 »
883 2936 992 2980 Haec
1009 2933 1209 2980 audiens
1228 2931 1631 2997 archiepiscopus,
1656 2931 1772 2978 dixit
1796 2949 1806 2983 ι,
1839 2951 1863 2975 «
1882 2931 1930 2977 Si
1956 2948 2067 2978 eum
2089 2920 2425 2996 persecuturus
2449 2929 2602 2989 vado,

474 3034 496 3056 «
524 3031 775 3078 nunquam
795 3014 969 3061 vadam
994 3013 1055 3061 ad
1084 3013 1332 3060 hominem
1357 3022 1590 3059 sanctum.
1620 3031 1643 3056 υ
1663 3012 1808 3076 Cujus
1833 3013 1977 3060 etiam
1995 3013 2293 3060 sanctitatem
2316 3011 2508 3058 cuidam
2529 3026 2608 3056 ro·

475 3110 629 3141 manae
654 3105 884 3142 matronae
909 3095 1142 3153 visitanti,
1175 3093 1294 3141 dixit
1359 3112 1383 3138 «
1402 3092 1663 3151 Quomodo
1686 3093 2026 3158 praesumpsisti
2051 3101 2231 3139 tantam
2253 3091 2606 3156 navigationem

478 3193 500 3217 «
527 3174 794 3220 assumere?
810 3174 970 3222 Nescis
985 3175 1097 3239 quia
1116 3173 1286 3221 mulier
1303 3189 1369 3233 es,
1391 3182 1438 3220 et
1451 3190 1551 3220 non
1565 3173 1712 3220 debes
1732 3173 1859 3220 exire
1877 3173 2155 3238 quoquam?
2174 3176 2265 3219 Aut
2288 3182 2337 3219 ut
2354 3171 2500 3219 vadas
2514 3173 2606 3219 Ro-

479 3273 500 3296 «
529 3270 675 3313 mam,
703 3265 750 3301 et
771 3255 900 3302 dicas
923 3256 1024 3302 aliis
1048 3254 1326 3302 mulieribus
1346 3272 1356 3301 ε
1381 3254 1503 3311 Quia
1519 3254 1617 3301 vidi
1637 3254 1910 3314 Arsenium3
1938 3263 1985 3301 et
2007 3254 2179 3301 faciant
2204 3269 2336 3299 mare
2351 3252 2477 3299 viam
2502 3268 2604 3298 mu-

484 3354 506 3377 «
534 3334 705 3381 lierum
732 3336 1026 3383 venientium
1049 3335 1111 3382 ad
1133 3351 1211 3382 me
1226 3334 1245 3379 ‘s’
1262 3354 1284 3379 »
1302 3334 1383 3382 llla
1400 3344 1560 3382 autem
1583 3333 1703 3381 dixit
1724 3353 1733 3380 :
1756 3334 1838 3380 «Si
1856 3333 2060 3381 voluerit
2080 3349 2156 3380 me
2174 3333 2410 3379 Dominus
2432 3332 2605 3379 reverti

519 3518 527 3534 ¹
555 3518 751 3551 struxerunt
769 3518 864 3552 RMS.
881 3536 921 3542 —-
938 3518 949 3534 ²
971 3518 1024 3551 Sic
1038 3518 1076 3551 B.
1090 3536 1112 3543 -
1125 3519 1184 3552 Dei
1203 3529 1262 3560 per
1277 3519 1448 3552 Jeremiam
1477 3528 1553 3553 voce
1573 3518 1658 3551 Edd.
1677 3537 1712 3542 --
1729 3518 1742 3535 ³
1761 3518 1799 3551 In
1820 3519 1898 3552 Vitis
1917 3519 2072 3558 Petrum,
2094 3516 2151 3550 lib.
2166 3516 2207 3557 V,
2226 3517 2267 3551 de
2285 3516 2408 3556 Quiete,
2433 3514 2497 3548 col.
2522 3514 2600 3546 563.
