2970 4152
773 383 830 429 IN
865 381 1044 429 FERIA
1079 380 1295 438 QUINTA
1330 380 1737 428 PENTECOSTES
1770 378 1987 426 SERMO.
2349 381 2440 428 503

322 489 391 524 est
413 478 659 543 apostolis,
684 494 789 542 quae
811 477 1037 524 omnibus
1059 493 1229 523 eorum
1250 476 1456 534 vicariis,
1479 476 1574 522 hoc
1596 486 1667 522 est
1687 475 1941 540 episcopis,
1958 473 2168 521 creditur
2190 490 2290 521 esse
2312 491 2443 521 com—

322 559 496 617 munis,
522 559 571 605 in
594 557 894 606 remittendis
915 557 1094 604 scilicet
1113 556 1189 603 vel
1211 556 1703 603 retinendisaliorum
1725 555 1949 620 peccatis.
1975 558 2084 602 Haec
2104 571 2221 602 vero
2242 556 2442 620 Spiritus

318 641 468 689 sancti
500 641 670 704 gratia,
698 656 803 703 quae
830 638 909 685 die
938 641 1242 685 Pentecostes
1275 636 1505 701 apostolis
1532 647 1604 683 est
1624 636 1803 695 infusa,
1828 645 2011 700 quanto
2030 635 2180 699 magis
2207 645 2280 682 est
2305 651 2411 683 rara
2428 675 2438 691 ,

318 732 454 770 tanto
472 721 675 785 amplius
696 720 922 785 pretiosa.
949 718 1077 776 Quid
1096 718 1225 764 enim
1247 717 1336 764 illae
1358 718 1506 780 igneae
1526 717 1699 780 linguae
1719 732 1863 781 super
1878 716 2122 781 apostolos
2139 724 2438 781 apparentes,

282 851 287 855 ,
320 803 409 850 nisi
436 817 674 850 summam
701 797 913 846 hominis
942 799 1215 863 exprimunt
1242 797 1589 862 perfectionem
1619 797 1668 843 in
1704 796 1857 843 tribus
1886 791 2255 843 consistentem?
2290 795 2442 843 tribus

318 882 409 942 his,
435 883 656 947 inquam,
680 896 786 944 quae
808 879 856 926 in
880 878 1107 926 omnibus
1127 877 1270 925 bonis
1290 877 1542 924 hominem
1564 886 1919 924 consummant.
1942 879 2052 923 Haec
2073 892 2188 923 vero
2210 876 2276 923 ita
2297 886 2409 923 sunt
2427 896 2436 922 ε

317 961 608 1008 llluminatio
637 959 834 1018 mentis,
866 975 928 1005 ne
957 957 1234 1022 simplicitas
1266 972 1436 1004 eorum
1468 956 1577 1003 ullis
1611 955 1838 1020 deinceps
1869 954 2116 1002 oberraret
2152 954 2441 1002 infidelitatis

315 1039 543 1098 tenebris,
569 1039 691 1086 sicut
711 1049 759 1085 et
780 1038 881 1103 ipse
904 1037 1140 1083 Dominus
1163 1037 1231 1084 eis
1252 1037 1562 1101 promittens,
1589 1035 1655 1082 ait
1669 1038 1681 1060 ¹
1708 1053 1718 1081 ε
1748 1054 1772 1079 «
1793 1037 1954 1092 Quum
1976 1045 2136 1081 autem
2157 1034 2342 1081 venerit
2363 1034 2440 1080 ille

314 1118 506 1184 spiritus
527 1118 762 1176 veritatis,
788 1115 983 1164 docebit
1003 1133 1091 1164 vos
1114 1133 1311 1163 omnem
1332 1116 1600 1163 veritatem.
1622 1133 1646 1158 »
1671 1114 1765 1162 Sed
1787 1114 1922 1178 quia,
1947 1124 2001 1160 ut
2027 1113 2195 1160 beatus
2223 1113 2439 1160 meminit

319 1202 523 1259 Petrus2,
563 1199 733 1247 melius
771 1208 843 1246 est
876 1214 978 1244 non
1013 1213 1156 1244 nosse
1186 1197 1314 1244 viam
1341 1197 1577 1255 veritatis,
1610 1212 1756 1260 quam
1784 1205 1894 1260 post
1932 1195 2141 1258 agnitam
2178 1203 2439 1240 retrorsum

314 1279 472 1340 abire,
509 1290 620 1346 post
657 1279 770 1326 fidei
807 1278 965 1325 lucem
995 1293 1189 1324 necesse
1223 1287 1295 1324 est
1328 1276 1518 1323 infundi
1553 1276 1796 1324 charitatis
1830 1275 2078 1333 ardorem,
2118 1285 2171 1322 ut
2207 1290 2312 1338 quae
2340 1274 2438 1337 jam

314 1360 496 1424 agenda
519 1377 620 1408 esse
641 1376 728 1425 per
749 1362 904 1406 Deum
927 1358 1174 1416 novimus,
1199 1374 1287 1423 per
1309 1357 1410 1421 ejus
1438 1372 1654 1404 amorem
1683 1356 1882 1421 implere
1911 1355 2209 1413 studeamus,
2235 1354 2317 1418 qui
2340 1355 2441 1419 Spi-

315 1441 430 1488 ritus
446 1433 636 1488 sanctus
650 1438 942 1503 intelligitur.
963 1437 1102 1486 Unde
1115 1448 1163 1486 et
1177 1437 1457 1503 Apostolus³
1475 1456 1484 1484 :
1506 1455 1530 1482 «
1547 1436 1781 1494 Charitas,
1796 1455 1819 1480 »
1842 1435 2014 1500 inquit,
2043 1435 2163 1482 «Dei
2185 1433 2357 1480 diffusa
2370 1444 2435 1480 est

314 1522 362 1568 in
386 1521 615 1570 cordibus
636 1521 814 1568 nostris
835 1536 923 1585 per
944 1520 1172 1584 Spiritum
1193 1529 1414 1566 sanctum
1427 1556 1439 1577 ‚
1465 1519 1549 1583 qui
1571 1517 1710 1566 datus
1733 1528 1804 1565 est
1826 1516 2017 1564 nobis.»
2034 1516 2159 1580 Ignis
2181 1515 2363 1579 itaque,
2390 1516 2436 1561 in

313 1618 411 1665 quo
447 1601 705 1666 dispertitae
732 1609 1056 1665 apparuerunt
1092 1598 1287 1663 linguae,
1318 1598 1433 1663 quia
1459 1615 1516 1645 ex
1543 1598 1740 1662 propria
1768 1607 1941 1644 natura
1974 1606 2075 1643 tam
2102 1595 2260 1642 lucem
2292 1594 2436 1641 habet

280 1670 284 1674 ’
312 1699 458 1747 quam
492 1683 729 1741 calorem,
763 1681 884 1728 duas
921 1680 1169 1752 praedictas
1214 1679 1520 1744 gratias-tam
1550 1678 1612 1726 de
1645 1678 1995 1725 illuminatione
2029 1675 2164 1735 fidei,
2202 1675 2278 1722 vel
2311 1674 2434 1721 salu-

311 1764 530 1811 berrimis
573 1763 898 1821 documentis,
930 1779 1076 1827 quam
1105 1761 1166 1808 de
1201 1761 1581 1808 inflammatione
1617 1759 1860 1807 charitatis
1900 1758 2152 1822 diligenter
2196 1757 2431 1820 exprimit.

312 1847 483 1891 Forma
503 1861 619 1891 vero
643 1843 938 1908 linguarum,
967 1859 1072 1907 quae
1094 1842 1350 1907 dispertitae
1372 1851 1719 1899 memorantur,
1745 1839 2019 1905 praedicatio
2042 1848 2113 1885 est
2135 1837 2309 1895 sutura,
2335 1853 2433 1883 non

310 1939 409 1970 uno
438 1939 610 1987 genere
637 1922 830 1986 linguae,
863 1938 962 1969 non
990 1922 1040 1969 in
1068 1938 1164 1968 una
1192 1931 1327 1986 parte
1354 1938 1441 1985 per
1468 1919 1711 1985 apostolos
1734 1917 2045 1984 proferenda,
2071 1926 2124 1964 ut
2146 1933 2247 1963 non
2278 1915 2433 1962 solum

309 2003 422 2064 sibi,
453 2003 537 2052 sed
570 2003 795 2051 omnibus
818 2003 999 2050 vivant.
1037 2006 1153 2049 Duae
1181 2003 1359 2067 quippe
1387 2003 1570 2066 priores
1600 2001 1759 2064 gratiae
1786 1999 2036 2046 hominem
2062 1998 2111 2044 in
2141 2014 2192 2044 se
2220 1996 2435 2043 moribus

308 2093 647 2130 consummant
661 2092 686 2141 ,‘
705 2093 752 2129 et
778 2081 1074 2129 beatitudine
1103 2081 1303 2144 dignum
1332 2080 1561 2127 efficiunt.
1594 2078 1687 2125 Sed
1718 2079 1831 2142 quia
1859 2077 2018 2124 adhuc
2047 2076 2304 2141 praedicare
2334 2092 2432 2122 non

307 2163 502 2222 sufficit,
534 2163 669 2228 quasi
699 2162 789 2209 sibi
818 2172 1006 2209 tantum
1028 2161 1089 2208 ad
1112 2161 1207 2207 hoc
1230 2160 1486 2225 proficiens
1509 2177 1608 2206 non
1634 2159 1735 2205 aliis
1756 2158 1890 2204 vivit.
1925 2158 2023 2203 Etsi
2047 2157 2174 2203 enim
2199 2166 2432 2220 praecepta

307 2244 394 2290 Dei
424 2243 524 2321 jam
560 2251 688 2290 tenet
723 2242 771 2289 in
810 2243 928 2301 vita,
960 2242 1073 2306 quia
1111 2251 1271 2301 tamem
1309 2240 1411 2287 aliis
1447 2238 1707 2305 praedicare
1736 2254 1835 2286 non
1871 2236 2045 2283 sufficit
2078 2236 2181 2294 illa,
2215 2236 2432 2283 nondum

307 2340 506 2388 magnus
538 2333 608 2370 est
635 2323 684 2369 in
713 2339 864 2386 regno
893 2321 1152 2380 coelorum,
1179 2321 1313 2384 juxta
1343 2320 1473 2367 illam
1501 2318 1696 2366 Domini
1726 2317 2039 2364 sententiam⁴
2067 2335 2076 2362 ε
2107 2336 2130 2361 «
2158 2317 2251 2374 Qui
2274 2326 2430 2362 autem

307 2403 469 2450 fecerit
496 2412 543 2449 et
571 2401 789 2448 docuerit
820 2402 886 2448 sic
919 2401 1170 2459 homines,
1211 2399 1290 2446 hic
1327 2416 1529 2462 maguus
1567 2397 1819 2446 vocabitur
1857 2397 1905 2443 in
1945 2412 2095 2459 regno
2131 2396 2380 2442 coelorum.
2405 2416 2426 2439 »

306 2483 469 2537 Nullus
490 2482 668 2547 quippe
691 2482 741 2528 in
764 2481 973 2528 Ecclesia
996 2481 1151 2544 major
1172 2490 1266 2539 est,
1299 2496 1445 2543 quam
1469 2479 1553 2543 qui
1581 2487 1818 2542 praecepta
1844 2477 1932 2523 Dei
1955 2475 2164 2522 vivendo
2196 2475 2426 2533 custodit,

306 2574 352 2612 et
376 2563 437 2611 ad
465 2563 783 2610 imitationem
805 2562 878 2608 sui
901 2561 1019 2608 alios
1041 2560 1348 2626 praedicando
1372 2559 1534 2606 trahit.
1568 2557 1696 2616 Quid
1719 2574 1833 2621 ergo
1857 2556 1917 2603 de
1941 2556 2169 2645 apostolis
2191 2557 2428 2602 aestiman-

304 2644 422 2690 dum
450 2653 544 2702 est,
575 2658 784 2706 quorum
811 2641 1150 2706 praedicatione
1173 2656 1273 2687 non
1297 2655 1406 2704 pars
1428 2655 1525 2686 una
1554 2648 1813 2696 terrarum,
1839 2636 1924 2683 sed
1947 2636 2197 2683 universus
2221 2634 2429 2681 mundus

303 2742 561 2772 conversus
583 2734 654 2771 est
670 2723 732 2771 ad
754 2723 936 2770 Deum?
958 2724 1075 2780 Quae
1097 2721 1270 2769 divinae
1292 2720 1424 2768 dona
1446 2720 1674 2784 largitatis
1697 2719 1826 2777 hnic,
1847 2734 1992 2783 quam
2016 2717 2237 2775 diximus,
2259 2733 2426 2762 eorum

303 2806 436 2852 trinae
458 2805 616 2869 gratiae
638 2804 815 2869 poterit
835 2803 1133 2868 comparari?
1163 2805 1321 2860 Quam
1342 2801 1540 2866 quidem
1562 2811 1615 2847 ut
1636 2799 1841 2865 apostoli
1867 2808 2165 2846 mererentur
2186 2797 2423 2860 accipere

302 2887 350 2933 in
374 2886 548 2934 coelum
571 2885 790 2951 primitus
812 2884 1076 2931 Dominum
1098 2882 1356 2948 oportebat
1377 2881 1652 2941 ascendere,
1672 2891 1720 2928 et
1741 2880 1808 2927 sic
1830 2880 1897 2927 eis
1920 2879 1987 2926 ibi
2009 2878 2170 2925 locum
2193 2876 2427 2942 quodam-

301 2966 448 3014 modo
471 2965 865 3023 conversationis,
883 2964 1004 3012 sicut
1024 2964 1126 3029 ipse
1146 2963 1448 3029 promiserat,
1476 2979 1661 3027 parare.
1686 2960 1823 3008 Unde
1841 2970 1888 3007 et
1910 2959 2132 3006 Paulus⁵z
2154 2961 2377 3015 «Nostra,
2400 2977 2421 3000 »

300 3048 472 3113 inquit,
502 3067 525 3093 «
542 3047 844 3095 conversatio
867 3046 916 3092 in
939 3045 1070 3093 coelis
1092 3055 1179 3093 est.
1201 3063 1224 3090 »
1251 3044 1366 3092 Illuc
1388 3061 1502 3108 ergo
1525 3043 1740 3091 Christus
1756 3040 2038 3089 conscendit
2059 3056 2222 3104 opere,
2241 3048 2293 3085 ut
2314 3055 2423 3084 eum

300 3127 503 3191 apostoli
523 3136 837 3192 sequerentur
859 3135 1037 3184 mente,
1063 3135 1112 3173 et
1132 3135 1268 3173 tanto
1291 3124 1535 3172 ardentius
1558 3131 1839 3189 appeterent
1859 3138 1978 3178 esse,
2005 3119 2137 3184 quod
2161 3118 2424 3164 Dominum

299 3225 438 3255 suum
468 3218 704 3256 noverant
735 3207 1041 3272 praecessisse.
1081 3206 1219 3253 Unde
1248 3216 1294 3254 et
1329 3206 1581 3271 praedictus
1609 3202 1853 3269 apostolus
1884 3218 1973 3248 nos
2002 3199 2264 3247 adhortans
2293 3199 2382 3245 ait³
2410 3218 2418 3242 :

343 3406 352 3422 ¹
368 3406 478 3446 ioan„
495 3416 568 3448 cap.
589 3418 661 3444 xv1‚
680 3417 709 3439 v.
729 3409 762 3439 7.
780 3425 817 3429 --
834 3405 846 3423 ⁵
862 3407 967 3448 Epist.
989 3406 1039 3444 11,
1055 3415 1130 3449 cap.
1151 3417 1189 3443 ιι,
1207 3416 1237 3439 v.
1257 3407 1310 3439 21.
1335 3424 1357 3429 -
1386 3405 1398 3422 ³
1412 3406 1520 3444 Rom„
1536 3414 1608 3447 cap.
1625 3413 1656 3443 v,
1674 3413 1706 3436 v.
1724 3403 1803 3436 5.—
1818 3402 1831 3419 ⁴
1848 3399 1977 3442 Matth„
1995 3409 2068 3443 cap.
2084 3410 2112 3439 v,
2135 3410 2165 3432 v.
2187 3399 2283 3430 19.-
2298 3395 2420 3433 ‘’Phil..

298 3474 371 3507 cap.
390 3475 442 3504 ιιι,
458 3475 490 3498 v.
509 3466 606 3499 20.-—
623 3465 636 3483 ⁶
651 3466 788 3503 Coloss„
803 3476 875 3508 cap.
894 3476 945 3501 ιιι,
963 3475 995 3497 ν.
1014 3467 1042 3495 1.
1098 3513 1106 3521 ·
