2970 4152
552 379 613 424 98
1131 378 1300 423 PETRI
1339 372 1650 424 ABAELARDI
1686 377 1760 424 ET
1794 378 2097 439 HELOISSAE

552 473 684 518 nium
716 472 800 518 tibi
831 471 1095 534 religionis,
1131 480 1183 516 ut
1212 470 1325 517 hinc
1362 470 1541 535 aliquid
1575 471 1857 519 extollentiae
1894 486 2052 518 sumas
2072 472 2100 516 ¹.
2139 473 2234 517 Nec
2266 470 2327 517 de
2360 468 2673 517 commenda-'

552 554 682 599 tione
695 554 709 575 ²
733 552 806 614 cuj
814 567 1012 614 usquam
1029 550 1189 597 amicis
1206 551 1502 598 credendum
1521 561 1617 612 est,
1641 552 1761 599 sicut
1779 568 1868 598 nec
1887 551 2087 598 inimicis
2106 550 2167 597 de
2182 551 2547 616 vituperatione.

615 635 837 696 Superest
872 630 1065 677 tandem
1102 639 1152 677 ut
1189 631 1250 678 ad
1286 631 1528 696 antiquam
1558 632 1712 691 illam,
1750 642 1801 679 ut
1825 631 2055 691 diximus,
2091 641 2138 678 et
2165 630 2408 678 assiduam*
2428 631 2665 694 querimo-

551 714 678 758 niam
705 722 833 757 tuam
858 711 1128 769 veniamus,
1158 712 1270 775 quia
1297 712 1512 759 videlicet
1531 712 1591 759 de
1618 723 1789 759 nostrae
1815 711 2138 759 conversionis
2157 710 2304 758 modo
2330 711 2486 757 Deum
2511 709 2669 775 potius

550 807 769 837 accusare
793 791 1060 855 praesumis,
1097 806 1241 859 quam
1275 792 1566 855 glorificare,
1606 802 1658 839 ut
1685 793 1867 855 justum
1900 801 1994 851 est,
2030 792 2162 840 velis.
2204 795 2337 845 Hanc
2361 792 2459 854 jam
2485 790 2669 850 dudum

549 871 913 917 amaritudinem
940 872 1116 918 animi³
1143 873 1212 918 tui
1244 882 1341 919 tam
1366 873 1614 920 manifesto
1647 873 1818 920 divinae
1843 872 2176 920 misericordiae
2200 872 2397 920 consilio
2425 871 2671 918 evanuisse

549 950 869 1010 credideram,
899 967 1004 1014 quae
1037 961 1218 1015 quanto
1255 951 1340 999 tibi
1371 952 1682 1017 periculosior
1708 962 1802 1011 est,
1832 968 2007 1017 corpus
2031 952 2168 1000 tuum
2190 952 2367 1017 pariter
2390 961 2437 998 et
2457 951 2665 998 animam

549 1039 820 1089 conterens,
847 1040 981 1077 tanto
1007 1031 1320 1079 miserabilior
1342 1042 1434 1091 est,
1456 1042 1502 1078 et
1522 1032 1638 1078 mihi
1664 1031 1922 1078 molestior.
1949 1034 2065 1089 Quae
2080 1013 2230 1096 quum
2256 1031 2372 1078 mihi
2396 1047 2483 1096 per
2505 1029 2666 1078 omnia

550 1110 758 1174 placere,
787 1111 907 1157 sicut
931 1111 1192 1175 profiteris,
1234 1113 1449 1171 studeas,
1490 1112 1585 1158 hoc
1622 1112 1787 1159 saltem
1820 1129 1916 1159 uno
1941 1121 1994 1158 ut
2019 1128 2096 1159 me
2120 1128 2220 1159 non
2248 1112 2454 1171 crucies,
2491 1111 2590 1157 imo
2617 1120 2668 1178 ut

550 1192 667 1237 mihi
694 1208 999 1256 summopere
1024 1192 1233 1256 placeas,
1271 1193 1396 1240 hanc
1420 1193 1633 1257 depone,
1663 1209 1774 1239 cum
1798 1208 1893 1257 qua
1918 1193 2035 1239 mihi
2060 1209 2159 1240 non
2185 1198 2323 1257 potes
2345 1190 2558 1258 placere,
2586 1205 2669 1237 ne-

550 1289 643 1335 que
678 1289 866 1319 mecum
897 1272 959 1319 ad
985 1273 1330 1319 beatitudinem
1362 1274 1625 1338 pervenire.
1669 1272 1929 1320 Sustinebis
1969 1273 2076 1320 illuc
2116 1289 2194 1319 me
2230 1273 2331 1319 sine
2362 1283 2409 1319 te
2437 1280 2663 1337 pergere,

550 1369 692 1416 quem
720 1354 862 1400 etiam
891 1354 950 1399 ad
974 1354 1190 1400 vulcania
1211 1354 1459 1419 'profiteris
1485 1364 1529 1400 te
1559 1355 1694 1418 sequi
1721 1354 1842 1401 velle
1860 1355 1902 1399 ΒΡ
1929 1356 2031 1401 Hoc
2065 1353 2229 1401 saltem
2263 1369 2360 1399 uno
2392 1352 2668 1416 religionem

550 1443 742 1499 appete,
775 1451 836 1480 ne
856 1451 881 1481 a
905 1451 982 1481 me
1010 1435 1070 1481 ad
1089 1437 1272 1494 Deum,
1308 1445 1361 1481 ut
1394 1435 1571 1494 credis,
1615 1445 1903 1499 properante
1938 1434 2184 1494 dividaris3
2214 1444 2259 1481 et
2283 1443 2414 1481 tanto
2447 1430 2669 1479 libentius

550 1524 730 1577 quanto
750 1531 848 1578 quo
876 1515 1166 1561 veniendum
1189 1515 1326 1562 nobis
1351 1525 1421 1562 est
1444 1515 1625 1562 beatius
1650 1525 1746 1573 est3
1774 1525 1826 1561 ut
1852 1523 1982 1561 tanto
2013 1515 2187 1562 scilicet
2211 1515 2410 1562 societas
2434 1523 2596 1559 nostra
2613 1511 2672 1558 sit

553 1594 750 1656 gratior,
777 1603 959 1657 quanto
985 1594 1179 1641 felicior.
1201 1598 1442 1641 Memento
1463 1611 1568 1658 quae
1587 1595 1786 1654 dixeris,
1816 1594 2067 1642 recordare
2087 1612 2191 1659 quae
2211 1594 2451 1659 scripseris
2465 1630 2477 1653 ,
2505 1593 2555 1640 in
2574 1589 2670 1639 hoc

550 1673 769 1720 videlicet
791 1684 964 1720 nostrae
990 1675 1315 1721 conversionis
1342 1675 1516 1734 mode,
1546 1691 1643 1738 quo
1670 1675 1788 1721 mihi
1810 1678 1938 1722 Deus
1964 1675 2167 1740 amplius
2183 1674 2424 1722 adversari
2443 1673 2668 1731 creditur,

550 1753 862 1817 propitiorem
899 1753 1036 1814 mihi,
1079 1754 1200 1800 sicut
1237 1754 1540 1801 manifestum
1571 1764 1664 1814 est,
1710 1756 1930 1802 extitisse.
1972 1759 2074 1802 Hoc
2107 1773 2204 1803 uno
2241 1755 2407 1802 saltem
2435 1754 2536 1801 haec
2571 1753 2672 1817 ejus

550 1832 798 1898 dispositio
829 1833 914 1879 tibi
943 1833 1153 1898 placeat,
1180 1833 1313 1897 quod
1346 1834 1462 1880 mihi
1486 1835 1544 1881 sit
1563 1834 1899 1895 saluberrima,
1933 1835 2031 1882 imo
2067 1835 2183 1881 mihi
2212 1835 2387 1900 pariter
2414 1844 2460 1881 et
2491 1833 2572 1881 tibi
2591 1869 2603 1893 ,
2632 1833 2671 1880 si

551 1914 786 1959 rationem
816 1914 886 1959 vis
911 1913 1090 1960 doloris
1107 1913 1338 1961 admittat.
1370 1917 1466 1962 Nec
1490 1923 1536 1962 te
1561 1915 1679 1962 tanti
1702 1915 1817 1962 boni
1837 1932 2029 1963 causam
2047 1932 2148 1963 esse
2168 1915 2330 1963 doleas
2344 1950 2356 1974 ,
2390 1914 2451 1961 ad
2470 1914 2603 1979 quod
2626 1924 2674 1961 te

553 2009 580 2039 a
598 1995 701 2040 Deo
726 1994 930 2040 maxime
949 2004 1157 2041 creatam
1177 2011 1278 2041 esse
1297 2011 1397 2041 non
1418 1995 1621 2042 dubites.
1647 1998 1742 2042 Nec
1762 1996 1872 2060 quia
1891 1996 1940 2042 id
1959 1996 2147 2043 tulerim
2165 1994 2384 2061 plangas,
2411 1995 2502 2041 nisi
2524 2000 2674 2059 quum

553 2083 816 2136 martyrum
845 2074 1147 2138 passionum,
1190 2075 1430 2139 ipsiusque
1456 2075 1709 2122 dominicae
1741 2077 1908 2123 mortis
1934 2076 2192 2124 commoda
2229 2086 2275 2123 te
2305 2074 2669 2123 contristabunt.

552 2155 590 2198 N
596 2152 779 2215 unquid
803 2153 842 2199 si
866 2154 915 2200 id
942 2153 1057 2199 mihi
1077 2154 1202 2216 juste
1221 2154 1489 2214 accidisset,
1523 2155 1814 2202 tolerabilius
1840 2157 2006 2216 ferres,
2043 2167 2088 2203 et
2115 2157 2271 2203 minus
2302 2166 2347 2203 te
2372 2153 2674 2202 offenderet?

554 2231 770 2278 Profecto
789 2233 828 2278 si
846 2233 912 2279 sic
935 2232 1094 2292 fieret,
1127 2250 1185 2280 eo
1206 2234 1353 2281 modo
1374 2235 1671 2299 contingeret
1694 2252 1792 2299 quo
1814 2236 1929 2282 mihi
1959 2246 2080 2283 esset
2097 2236 2482 2299 ignominiosius,
2512 2244 2558 2281 et
2581 2234 2675 2280 ini-

558 2312 691 2358 micis
727 2312 1032 2372 laudabilius,
1061 2330 1212 2376 quum
1247 2313 1336 2359 illis
1373 2313 1565 2360 laudem
1587 2315 1788 2376 justitia,
1823 2326 1870 2361 et
1901 2316 2018 2361 mihi
2053 2325 2383 2379 contemptum
2419 2316 2684 2378 acquireret

565 2391 731 2455 culpa,
774 2408 864 2438 nec
898 2392 996 2455 jam
1035 2394 1287 2456 quisquam
1316 2393 1450 2456 quod
1481 2403 1640 2440 actum
1671 2404 1740 2440 est
1777 2404 2045 2453 accusaret,
2086 2397 2194 2442 aut³
2223 2395 2555 2460 compassione
2591 2395 2685 2441 mei

561 2482 847 2518 moveretur.
887 2475 948 2519 Ut
974 2483 1133 2520 tamen
1165 2483 1212 2519 et
1236 2473 1330 2519 hoc
1355 2473 1503 2520 modo
1529 2473 1670 2536 hujus
1695 2475 2064 2522 amaritudinem
2089 2472 2270 2522 dolori's
2293 2475 2551 2534 leniamus,
2588 2483 2685 2522 tam

554 2551 679 2612 juste
709 2568 855 2614 quam
892 2551 1065 2598 utiliter
1098 2552 1146 2598 id
1183 2552 1556 2599 monstrabimus
1586 2552 1725 2600 nobis
1756 2554 2004 2614 accidisse,
2041 2565 2087 2602 et
2113 2556 2285 2603 rectius
2322 2556 2372 2601 in
2407 2555 2686 2619 conjugatos

562 2647 706 2694 quam
731 2631 780 2677 in
800 2631 1085 2679 fornicantes
1107 2632 1259 2679 ultum
1277 2635 1433 2680 Deum
1457 2633 1614 2680 fuisse.
1641 2635 1773 2680 Nosti
1792 2645 1901 2699 post
1920 2636 2070 2682 nostri
2095 2635 2550 2683 confoederationem
2570 2650 2685 2682 con—

563 2711 697 2774 jugii,
726 2728 877 2775 quum
898 2713 1167 2776 Argenteoli
1193 2730 1305 2760 cum
1324 2713 1763 2761 sanctimonialibus
1781 2715 1832 2761 in
1849 2715 2056 2762 claustro
2075 2715 2461 2762 <conversabaris⁶
2475 2751 2487 2775 ,
2515 2731 2594 2762 me
2613 2715 2689 2761 die

566 2791 774 2854 quadam
803 2779 1027 2856 privatim
1062 2792 1124 2839 ad
1159 2803 1204 2839 te
1240 2792 1524 2843 visitandam
1559 2794 1764 2853 venisse,
1810 2805 1856 2841 et
1896 2795 2013 2858 quid
2042 2795 2108 2841 ibi
2140 2805 2295 2841 tecum
2331 2809 2448 2842 meae
2481 2794 2690 2842 lihidinis

569 2874 715 2935 egerit
741 2874 1134 2937 intemperantia⁷
1153 2874 1202 2920 in
1227 2873 1436 2937 quadam
1462 2874 1602 2920 etiam
1627 2885 1762 2938 parte
1786 2875 1933 2939 ipsius
1958 2875 2216 2934 refectorii,
2246 2892 2396 2940 quum
2424 2892 2522 2940 quo
2550 2875 2692 2923 alias⁸

570 2951 930 3013 diverteremus,
959 2969 1060 3000 non
1084 2953 1387 3000 haberemus.
1421 2954 1575 3014 Nosti,
1612 2954 1831 3018 inquam,
1859 2956 1909 3002 id
1939 2956 2348 3021 impudentissime
2364 2957 2377 2982 ⁹
2393 2966 2508 3003 tunc
2532 2946 2708 3003 actum‘

574 3049 674 3078 esse
692 3033 740 3078 in
768 3043 863 3080 tam
881 3034 1144 3081 reverendo
1162 3034 1271 3081 loco
1289 3044 1336 3081 et
1353 3048 1549 3081 summae
1566 3035 1746 3099 Virgini
1772 3047 2065 3083 consecrato.
2090 3036 2257 3095 Quod,
2287 3035 2373 3083 etsi
2396 3035 2486 3082 alia
2509 3045 2692 3082 cessent

577 3112 775 3176 flagitia,
812 3113 963 3160 multo
990 3115 1205 3178 graviore
1223 3114 1423 3178 dignum
1447 3114 1505 3161 sit
1523 3114 1703 3162 ultione
1722 3118 1761 3161 ¹⁰.
1787 3117 1914 3174 Quid
1933 3118 2153 3182 pristinas
2175 3117 2510 3164 fornicationes
2535 3125 2582 3162 et
2604 3115 2692 3161 im-

625 3286 634 3303 ¹
656 3288 703 3319 De
719 3295 773 3320 tua
793 3291 901 3321 indole
918 3291 1083 3330 superbias
1097 3289 1192 3323 RMS.
1208 3308 1249 3314 —
1263 3289 1276 3307 ¹
1296 3291 1460 3323 Encomiis
1476 3290 1614 3323 RMS.--
1659 3295 1831 3325 versareris
1855 3328 1858 3330 a
1876 3316 1884 3324 .
1900 3280 1942 3316 3-
1956 3292 1967 3308 ⁷
1983 3293 2101 3338 Feruor
2116 3295 2348 3334 intempestivus
2361 3291 2455 3325 RMS.
2467 3309 2504 3314 —
2515 3291 2528 3308 ⁸
2542 3292 2695 3324 Videlc'cee

579 3359 622 3366 ——
636 3343 648 3359 ³
660 3346 773 3376 Acrem
793 3348 890 3378 animi
909 3347 1049 3378 dolorem
1067 3345 1162 3379 RMS.
1183 3365 1216 3370 —
1233 3346 1247 3363 ⁴
1265 3346 1420 3380 Inseritur
1438 3347 1504 3379 Heu
1519 3356 1615 3387 quam
1660 3351 1743 3381 alias
1765 3348 1805 3381 Α.
1824 3336 1855 3372 Ξῖ
1872 3331 2020 3382 ι”ἶ”ἱῖε’ὶῗῖ·ἶεε
2045 3349 2083 3381 D.
2098 3367 2142 3374 -—
2157 3348 2170 3366 ⁰
2196 3349 2327 3382 Summa
2345 3351 2506 3390 impietate
2532 3347 2625 3381 RMS.
2650 3362 2694 3372 —·

580 3403 663 3433 male
678 3405 834 3434 consentit
856 3409 1022 3443 utrumque
1040 3411 1180 3436 nostrum
1201 3411 1323 3437 astrum
1341 3414 1441 3437 musoe
1456 3407 1616 3437 venusinae
1662 3403 1691 3422 ⁴⁰
1713 3406 1860 3438 Vindicta
1875 3404 1969 3438 RMS.
2009 3400 2035 3511 N

581 3460 673 3499 longe
689 3461 848 3492 dissonum
863 3461 872 3492 .'
889 3459 1046 3493 RMS.—⁸
1060 3460 1114 3493 Sic
1134 3460 1270 3494 AD.-Ut
1286 3460 1346 3494 Ed.
1361 3459 1518 3494 Amh.—⁶
1532 3461 1616 3494 Gon-

2014 3513 2037 3541 .l
2065 3526 2076 3532 ν
