2970 4152
508 383 603 431 286
1201 380 1501 427 HELOISSAE
1524 380 1925 427 PROBLEMATA

507 477 643 523 tertio
670 491 840 538 negare
858 509 870 533 ,
903 484 1159 537 antequam
1193 474 1393 521 omnino
1425 474 1573 538 gallus
1605 484 1831 522 cantaret.
1862 473 2005 531 Quod
2036 475 2074 520 si
2105 475 2211 537 quis
2231 475 2351 522 forte
2381 476 2612 540 requirat,

507 573 591 602 cur
611 555 778 602 dixerit
801 554 1061 612 Dominus,
1091 563 1178 613 ter,
1213 563 1259 601 et
1282 570 1379 600 non
1401 565 1584 618 quater,
1606 554 1681 602 vel
1707 553 1934 619 ampliuS,
1965 554 2098 618 quod
2119 554 2333 602 similiter
2348 571 2412 602 ex
2432 557 2619 620 »magni-

507 635 671 681 tudine
690 633 955 680 formidinis
981 633 1133 681 facere
1149 643 1340 698 paratus
1357 644 1479 682 esset
1507 624 1726 682 &videtur
1752 634 1868 681 mihi
1892 633 2122 681 nonnulla
2136 635 2284 681 ‚etiam
2300 635 2429 682 ,ratio
2450 636 2619 683 ‹inuhoc

506 715 767 778 negationis
788 713 951 761 haberi
981 715 1205 774 ternario,
1233 731 1331 778 quo
1356 715 1703 780 comprehenso
1731 714 2016 778 intelligatur
2041 715 2198 761 omnis
2222 715 2426 779 negatio·
2451 716 2620 762 Omnis

504 796 682 859 quippe
702 793 937 841 Christum
962 808 1163 858 negans,
1188 794 1263 841 vel
1288 811 1374 859 per
1399 812 1612 842 errorem
1640 795 1690 841 id
1714 794 1844 853 facit,
1864 794 1942 841 vel
1964 795 2134 841 timore
2158 794 2345 859 aliquo,
2373 795 2620 859 sivos-cupi-

504 875 648 922 ditate
667 873 941 938 compulsus
959 874 1009 921 id
1026 875 1282 946 praesumit.
1312 878 1400 921 Ter
1424 875 1564 938 igitur
1583 884 1837 938 negaturus
1861 877 2024 921 Petrus
2049 891 2200 938 quum
2222 890 2251 921 a
2265 875 2477 922 Domino
2500 890 2618 939 prae-

507 956 695 1014 dicitur,
731 954 792 1002 ad
818 971 1013 1001 omnem
1046 965 1236 1019 paratus
1261 971 1362 1001 esse
1389 955 1692 1017 negationem
1727 955 2008 1001 insinuatur.
2045 957 2209 1018 Neque
2240 956 2369 1002 enim
2396 954 2622 1002 ¹dubium-

506 1035 640 1081 dum-
664 1044 735 1081 est
759 1051 814 1080 ex
852 1034 949 1093 his,
987 1050 1092 1097 quae
1117 1034 1215 1096 jam
1251 1035 1298 1080 in
1331 1034 1540 1079 Domino
1570 1044 1698 1096 gesta
1738 1044 2072 1098 conspexerat,
2116 1044 2373 1098 antequam
2410 1035 2617 1100 primum

506 1124 723 1178 negaret,
756 1115 803 1160 in
827 1113 1169 1178 desperationis
1201 1113 1475 1160 scandalum
1503 1130 1597 1159 una
1629 1130 1739 1159 cum
1764 1114 1941 1161 caeteris
1969 1115 2127 1179 ipsum
2154 1116 2388 1162 corruisse
2424 1134 2433 1161 z
2467 1131 2494 1162 a
2514 1130 2620 1179 quo

506 1194 817 1259 postmodum
834 1193 1076 1253 liberatus,
1097 1194 1306 1239 Domino
1332 1210 1442 1240 eum
1462 1194 1758 1258 respiciente,
1782 1210 1946 1241 amaro
1966 1195 2255 1259 poenitentiae
2280 1195 2391 1242 fletu
2418 1194 2616 1254 delevit,

504 1274 635 1337 quod
669 1273 918 1320 commisit.
956 1276 1050 1320 Nec
1077 1272 1200 1334 illud*
1230 1273 1435 1319 fortassis
1471 1272 1675 1319 absurde
1705 1272 1800 1320 dici
1829 1283 1986 1338 potest
2019 1274 2153 1338 quod
2187 1274 2266 1321 ille
2298 1275 2431 1338 prior
2456 1283 2622 1322 cantus

504 1354 629 1417 galli,
654 1363 763 1418 post
782 1354 986 1419 primam
1006 1353 1306 1417 negationem
1327 1354 1468 1412 Petri,
1498 1353 1724 1401 naturalis
1742 1370 1843 1400 non
1868 1354 1953 1401 fuit
1986 1372 1994 1400 :
2025 1355 2111 1401 sed
2135 1371 2193 1401 ex
2216 1354 2377 1418 aliquo
2402 1354 2617 1420 strepitu,

507 1435 579 1481 vel
615 1434 738 1481 Petri
775 1433 836 1480 de
884 1433 1003 1480 atrio
1049 1433 1171 1479 foras
1213 1434 1451 1492 exeuntis,
1490 1433 1566 1480 vel
1609 1449 2007 1498 quorumcunque
2048 1434 2143 1481 illic
2183 1433 2617 1492 deambulantium,

506 1506 654 1578 gallus
672 1514 839 1577 aliquis
857 1528 1008 1577 prope
1037 1513 1255 1559 assistens
1273 1549 1284 1571 ‚
1314 1514 1540 1560 excitatus
1571 1523 1679 1560 ante
1704 1513 1900 1569 horam,
1929 1514 2086 1578 primo
2119 1513 2409 1560 cantaverit:
2441 1523 2492 1560 ut
2521 1529 2620 1559 non

506 1604 626 1642 esset
644 1595 721 1642 ille
741 1595 872 1659 prior
890 1603 1055 1640 cantus
1081 1593 1356 1639 naturaliter
1371 1593 1518 1640 factus
1535 1629 1547 1652 ,
1577 1593 1661 1639 sed
1678 1594 1725 1640 vi
1744 1593 1952 1657 quadam
1971 1604 2198 1641 extortus.
2222 1596 2317 1640 Nec
2338 1603 2498 1639 tamen
2522 1592 2622 1639 sine

505 1675 688 1721 ratione
722 1674 771 1721 id
803 1674 1036 1720 Dominus
1062 1673 1324 1732 ordinavit,
1351 1683 1405 1719 ut
1434 1673 1496 1719 ad
1527 1674 1734 1738 primam
1758 1674 1915 1720 statim
1947 1673 2251 1738 negationem
2282 1673 2434 1731 Petri,
2466 1672 2622 1719 statim

501 1753 672 1816 gallus,
700 1754 833 1817 quasi
860 1757 1051 1800 Petrum
1076 1753 1345 1816 arguendo,
1375 1763 1603 1812 cantaret,
1634 1770 1721 1800 nec
1747 1754 1814 1800 sic
1842 1757 2007 1800 Petrus
2035 1752 2548 1817 negandodesisteret,
2571 1762 2623 1799 ut

505 1835 675 1880 veritas
700 1835 800 1899 ipsa
824 1843 1088 1898 appareret.
1111 1836 1271 1890 Quum
1291 1834 1451 1897 itaque
1469 1834 1703 1880 Dominus
1722 1833 1991 1898 praedixerit
2012 1837 2203 1881 Petrum
2226 1843 2295 1880 ter
2313 1842 2619 1897 negaturum,

505 1924 760 1977 antequam
797 1914 946 1978 gallus
985 1924 1225 1973 cantaret,
1269 1914 1440 1961 horam
1479 1914 1705 1961 naturalis
1741 1925 1908 1961 cantus
1946 1914 2055 1978 galli
2096 1914 2378 1961 intellexisse
2414 1912 2618 1960 videtur.

504 1996 687 2040 Marcus
707 2011 820 2041 vero
845 1995 927 2058 qui
944 1994 1080 2058 1solus
1106 1995 1326 2059 apposuit
1351 1995 1452 2053 bis,
1482 2005 1578 2041 tam
1603 1995 1869 2042 naturalem
1902 2012 2048 2059 quam
2068 1994 2408 2042 accidentalem
2428 1999 2623 2041 cantum

510 2073 619 2135 galli
641 2073 965 2121 indifferenter
985 2075 1178 2138 accepit.

1264 2211 1504 2240 PROBLEMA
1539 2211 1759 2241 HELOISSAE
1795 2212 1854 2240 XL
1860 2230 1869 2240 .

570 2309 698 2365 Quid
734 2319 804 2356 est
838 2309 970 2373 quod
993 2309 1103 2356 solae
1122 2309 1312 2369 bestiae,
1342 2310 1416 2357 vel
1441 2327 1550 2357 aves
1573 2320 2013 2358 commemorantur
2042 2310 2258 2357 adductae
2286 2326 2388 2357 esse
2415 2310 2464 2356 in
2489 2324 2625 2373 para·

511 2385 662 2434 disum
681 2388 742 2434 ad
769 2388 918 2434 Adam
934 2392 962 2447 ¹,
1001 2399 1053 2435 ut
1086 2389 1293 2449 videret,
1323 2389 1439 2454 quid
1464 2401 1655 2437 vocaret
1680 2407 1734 2437 ea
1758 2408 1767 2436 ε
1805 2401 1852 2437 et
1874 2407 1975 2437 non
2009 2390 2151 2436 etiam
2173 2389 2357 2454 reptilia
2376 2399 2512 2435 terrae
2531 2423 2544 2447 ,
2574 2397 2624 2433 ut

511 2462 772 2529 serpentes,
796 2468 869 2514 vel
895 2468 1077 2532 reptilia
1105 2486 1262 2532 aquae,
1290 2479 1341 2516 ut
1365 2470 1554 2534 pisces?

1326 2599 1505 2644 Solatl'o
1538 2599 1797 2645 Aboelardz‘.

574 2715 698 2758 Bene
732 2714 951 2779 quidem,
988 2725 1220 2778 quantum
1259 2715 1319 2760 ad
1358 2715 1665 2777 mysterium,
1707 2715 1802 2762 hoc
1835 2715 2072 2762 credimus
2111 2724 2284 2761 actum.
2321 2716 2374 2759 In
2417 2711 2623 2759 Ecclesia

513 2808 716 2855 namque
734 2792 978 2858 praesenti,
1008 2795 1306 2841 continentes
1335 2795 1417 2858 qui
1442 2811 1491 2841 se
1510 2795 1713 2841 maxime
1739 2811 1826 2860 per
1844 2794 2135 2842 desiderium
2160 2794 2222 2840 ad
2246 2780 2624 2840 coelestiasuble-

511 2882 648 2930 vant,
675 2883 721 2919 et
737 2874 869 2936 quasi
895 2874 1108 2921 volucres
1135 2874 1184 2919 in
1215 2874 1361 2921 altum
1381 2874 1570 2930 volant,
1599 2874 1764 2921 avibus
1788 2884 2159 2939 comparantur3
2187 2872 2305 2920 boni
2327 2889 2442 2919 vero
2461 2871 2624 2935 conju—

512 2951 603 3011 gati
631 2951 816 3012 bestiis,
847 2970 950 3017 quae
974 2963 1147 3000 terram
1173 2970 1230 3000 ex
1255 2942 1386 3017 parte
1420 2955 1703 3017 contingunt
1721 2989 1734 3010 ‚
1762 2954 1966 3018 pedibus
1989 2953 2231 3013 videlicet,
2255 2963 2301 3000 et
2325 2969 2382 2999 ex
2406 2961 2540 3016 parte
2564 2950 2624 2997 ab

513 3045 567 3075 ea
603 3044 902 3095 separantur,
942 3050 1052 3080 cum
1075 3050 1278 3098 corpore
1297 3034 1344 3079 in
1374 3049 1426 3080 ea
1452 3050 1552 3080 non
1585 3034 1872 3080 volutentur.
1897 3034 1991 3091 Qui
2020 3034 2146 3081 enim
2176 3032 2482 3080 matrimonio
2507 3047 2622 3077 con-

510 3107 699 3167 junctus
731 3121 817 3170 est,
847 3111 1024 3159 divisus
1048 3122 1149 3171 est3
1179 3113 1349 3176 partim
1367 3115 1469 3159 Deo
1496 3112 1730 3172 serviens,
1759 3114 1931 3177 partim
1964 3112 2136 3161 saeculo
2165 3113 2402 3169 intentus,
2428 3119 2626 3175 propter

516 3187 737 3235 instantes
759 3192 963 3256 conjugii
990 3193 1304 3239 necessitates.
1330 3192 1475 3249 Quasi
1500 3208 1612 3255 ergo
1635 3192 1838 3257 pedibus
1855 3229 1867 3252 ,
1895 3193 1989 3239 hoc
2025 3203 2095 3239 est
2112 3228 2124 3250 ,
2153 3191 2363 3238 inferiori
2386 3200 2520 3255 parte
2552 3189 2624 3235 sui

515 3275 685 3312 terram
710 3270 967 3332 contingit;
994 3272 1104 3334 quia
1128 3272 1324 3319 terrenis
1342 3271 1493 3331 curis,
1529 3282 1723 3336 propter
1751 3273 2113 3336 occupationem
2140 3269 2460 3325 matrimonii,
2492 3268 2624 3332 quod

560 3449 566 3464 ¹
596 3449 722 3489 Geues„
741 3460 815 3493 cap.
833 3462 871 3489 u,
891 3462 921 3483 v.
940 3453 994 3485 20.
