2970 4152
1236 352 1553 398 EPlSTOLAE.
2062 398 2065 403 ,
2395 353 2457 398 23

336 447 616 495 accusabam
627 450 656 505 ¹,
680 446 847 511 saepius
863 454 1081 510 repetens
1096 443 1226 492 illam
1242 444 1576 507 beatihAntonii
1595 446 1987 509 conquestionem
1999 447 2036 491 ²:
2057 465 2079 489 α
2095 448 2202 492 Jesu
2215 445 2360 504 bone,
2378 446 2457 492 ubi

335 527 491 574 eras³?
508 547 531 571 »
550 530 742 585 Quanto
755 535 916 573 autem
928 524 1096 573 dolore
1113 534 1378 584 aestuarem,
1394 535 1572 589 quanta
1588 525 1915 573 erubescentia
1932 524 2270 585 confunderer,
2283 535 2460 589 quanta

334 609 666 674 desperatione
689 606 1029 673 perturbarer⁸,
1068 606 1242 657 sentire
1274 616 1389 653 tunc
1415 607 1575 673 potui,
1606 607 1838 671 proferre⁵
1861 624 1960 654 non
1988 623 2203 673 possum.
2234 606 2458 654 Confere-

333 689 445 736 bam
473 706 585 736 cum
608 688 682 738 his
706 705 811 752 quae
835 688 884 734 in
910 704 1115 754 corpore
1136 703 1304 753 passus
1332 687 1450 735 olim
1474 687 1655 735 fueram
1671 723 1683 747 ,
1715 698 1893 751 quanta
1920 705 2050 735 nunc
2075 688 2382 747 sustinerem3
2414 698 2460 734 et

299 789 302 792 ·
334 769 553 816 omnium
576 767 831 817 hominum
862 783 940 814 me
972 766 1265 818 aestimabam
1290 767 1627 814 miserrimum.
1659 770 1858 814 Parvam
1886 767 2016 815 illam
2040 767 2276 815 ducebam
2299 767 2460 833 prodi-

333 850 514 896 tionem
544 848 594 894 in
622 848 981 913 comparatione
1005 848 1147 911 hujus
1171 847 1389 911 injuriae⁸,
1425 857 1473 895 et
1502 847 1644 912 longe
1673 848 1876 913 amplius
1907 848 2040 895 famae
2069 865 2211 912 quam
2244 849 2460 913 corporis

333 929 672 977 detrimentum
701 927 987 993 plangebam
1010 947 1019 975 ε
1050 945 1200 993 quum
1225 928 1288 976 ad
1313 927 1444 976 illam
1467 945 1524 975 ex
1553 928 1729 992 aliqua⁷
1747 928 1887 993 culpa
1913 928 2211 987 devenerim,
2245 928 2307 975 ad
2335 928 2461 976 hanc

332 1025 411 1056 me
428 1019 525 1056 tam
550 1019 793 1074 patentem
812 1009 1087 1058 violentiam
1116 1010 1302 1059 sincera
1318 1009 1522 1058 intentio
1541 1024 1774 1073 amorque
1799 1008 1912 1055 fidei
1936 1019 2111 1056 nostrae
2138 1008 2458 1067 induxissent,

331 1105 436 1152 quae
456 1105 533 1136 me
551 1088 613 1136 ad
638 1088 945 1136 scribendum
970 1088 1319 1153 compulerant.
1344 1091 1506 1147 Quum
1531 1099 1691 1136 autem
1708 1087 1804 1135 hoc
1822 1098 1920 1135 tam
1946 1087 2201 1136 crudeliter
2219 1097 2265 1134 et
2289 1088 2457 1134 incon-

333 1167 535 1215 siderate
567 1168 744 1217 factum
769 1184 939 1219 omnes
971 1167 1034 1215 ad
1065 1185 1188 1233 quos
1217 1169 1341 1216 fama
1365 1168 1578 1221 delatum
1602 1179 1672 1216 est
1695 1168 2005 1216 vehementer
2038 1177 2316 1232 arguerent,
2360 1169 2455 1214 sin-

332 1247 429 1311 guli
453 1249 537 1312 qui
564 1248 876 1296 interfuerant
900 1264 928 1295 a
954 1265 1008 1296 se
1029 1248 1220 1314 culpam
1248 1248 1531 1314 repellentes
1555 1250 1604 1296 in
1630 1248 1748 1296 alios
1771 1248 2186 1296 transfundebant⁸
2215 1266 2224 1294 :
2256 1247 2377 1295 adeo
2406 1259 2459 1295 ut

328 1327 418 1392 ipsi
451 1344 646 1394 quoque
688 1328 845 1376 aemuli
882 1329 1033 1376 nostri
1072 1329 1122 1376 id
1154 1329 1357 1376 consilio
1393 1346 1482 1376 suo
1518 1330 1695 1377 factum
1727 1346 1829 1377 esse
1866 1329 2179 1394 denegarent,
2208 1338 2255 1375 et
2278 1328 2457 1392 legatus

329 1423 492 1456 coram
517 1395 743 1457 omnibus
760 1409 991 1457 invidiam
1010 1413 1305 1458 Francorum
1321 1427 1466 1475 super
1488 1410 1585 1457 hoc
1604 1411 1810 1461 maxime
1834 1410 2283 1470 detestaretursQui
2301 1410 2457 1457 statim

325 1490 605 1553 poenitentia
624 1490 796 1539 ductus
815 1501 925 1557 post
943 1491 1129 1556 aliquos
1148 1491 1266 1549 dies,
1289 1508 1442 1555 quum
1460 1491 1520 1539 ad
1538 1502 1727 1557 tempus
1743 1501 1936 1539 coactus
1955 1489 2250 1538 satisfecisset
2265 1489 2456 1537 illorum

327 1569 539 1630 invidiae,
561 1587 639 1618 me
663 1571 725 1620 de
744 1571 902 1620 alieno
928 1572 1155 1620 eductum
1183 1572 1474 1620 monasterio
1503 1572 1565 1620 ad
1589 1573 1842 1638 proprium
1867 1572 2070 1631 remisit3
2091 1570 2173 1618 ubi
2198 1571 2294 1618 fere
2319 1580 2456 1635 quot-

329 1660 448 1713 quot
472 1661 607 1698 erant
640 1651 755 1698 olim
784 1651 911 1715 jam,
945 1661 998 1700 ut
1022 1668 1167 1717 supra
1190 1652 1414 1712 memini,
1455 1653 1648 1700 infestos
1672 1652 1934 1712 habebam;
1971 1668 2123 1716 quum
2158 1668 2327 1699 eorum
2351 1652 2456 1698 vitae

328 1730 575 1795 turpitudo
609 1740 655 1777 et
688 1731 944 1795 impudens
976 1732 1301 1779 conversatio’
1325 1749 1403 1780 me
1431 1742 1703 1798 suspectum
1729 1733 1919 1798 penitus
1949 1732 2182 1779 haberent
2196 1733 2237 1790 ¹⁰,
2271 1733 2455 1795 quem¹¹

326 1819 603 1874 arguentem
622 1811 828 1874 graviter
847 1811 1193 1859 sustinerent&
1206 1812 1372 1859 Paucis
1391 1822 1551 1859 autem
1577 1812 1747 1876 elapsis
1772 1811 2038 1871 mensibus,
2067 1811 2369 1859 occasionem
2388 1810 2455 1857 eis

270 1882 272 1884 ¹
325 1889 516 1957 fortuna
534 1889 731 1951 obtulit,
754 1907 849 1955 qua
867 1907 945 1938 me
961 1890 1164 1956 perdere
1188 1890 1487 1939 molirentur.
1512 1892 1763 1938 Fortuitu¹³
1781 1907 1990 1955 namque
2010 1891 2127 1938 mihi
2152 1890 2360 1954 quadam
2377 1890 2455 1936 die

326 1968 498 2034 legenti
528 1972 736 2021 occurrit
769 1971 987 2036 quaedam
1016 1971 1152 2019 Bedae
1179 1974 1413 2020 sententia
1441 1988 1538 2037 qua
1561 1973 1611 2019 in
1637 1971 1936 2038 expositione
1971 1976 2176 2018 Actuam
2209 1971 2454 2035 Apostolo-

329 2066 433 2095 rum
465 2052 631 2098 asserit
666 2051 951 2116 Dionysium
983 2052 1307 2116 areopagitam
1339 2051 1701 2100 Corinthiorum
1733 2052 1894 2118 potius
1918 2068 2064 2116 quam
2098 2050 2454 2098 Atheniensium

324 2129 466 2177 fuisse
495 2131 776 2197 episcopum
788 2133 829 2179 ¹⁴.
851 2132 997 2190 Quod
1022 2132 1160 2180 valde
1186 2133 1252 2180 eis
1270 2133 1565 2180 contrarium
1590 2132 1860 2192 videbatur,
1885 2132 1970 2196 qui
1997 2148 2139 2179 suum
2172 2131 2455 2195 Dionysium

324 2225 425 2256 esse
448 2209 583 2257 illum
608 2212 931 2277 areopagitam
944 2212 1184 2276 jactitant,
1214 2229 1360 2277 quem
1384 2213 1543 2277 ipsum
1558 2212 1887 2260 atheniensem
1903 2212 2184 2278 episcopum
2203 2221 2333 2275 gesta
2351 2211 2453 2273 ejus

324 2287 464 2337 fuisse
488 2290 823 2356 profitentur¹³.
846 2292 1159 2357 Quod‘quum
1179 2294 1459 2359 reperissem
1473 2329 1487 2353 ,
1515 2293 1805 2358 quibusdam
1822 2293 2231 2340 circumstantium
2257 2291 2452 2338 fratrum

324 2371 458 2433 quasi
478 2371 688 2434 jocando
715 2375 999 2433 monstravi,
1033 2375 1359 2422 testimonium
1394 2374 1570 2422 scilicet
1600 2374 1719 2423 illud
1745 2373 1903 2434 Bedae,
1932 2374 2066 2439 quod
2090 2372 2230 2420 nobis
2260 2371 2452 2436 objicie-

325 2448 479 2496 batur.
510 2451 580 2498 llli
596 2467 711 2499 vero
737 2452 876 2502 valde
901 2453 1152 2518 indignati,
1181 2454 1404 2502 dixerunt
1430 2454 1607 2503 Bedam
1635 2454 2054 2502 mendacissimum
2074 2453 2378 2518 scriptorem,
2409 2462 2454 2499 et

324 2546 373 2576 se
399 2530 714 2581 Hildonium¹³
728 2532 954 2581 abbatem
966 2551 1107 2582 suum
1126 2535 1362 2582 veriorem
1382 2534 1559 2582 habere
1579 2544 1772 2593 testem,
1795 2535 1880 2598 qui
1895 2550 1985 2598 pro
2012 2534 2105 2580 hoc
2122 2531 2451 2596 investigando

324 2611 552 2657 Graeciam
572 2611 655 2659 diu
678 2611 1006 2676 perlustravit,
1030 2623 1077 2661 et
1101 2614 1169 2661 rei
1190 2615 1384 2662 veritate
1409 2615 1585 2678 agnita,
1608 2614 1657 2661 in
1684 2614 1824 2678 gestis
1851 2613 1997 2673 illius,
2019 2630 2125 2678 quae
2149 2612 2448 2677 conscripsit,

324 2691 449 2739 hanc
468 2695 698 2741 veraciter
718 2693 1069 2743 dubitationem
1091 2696 1295 2743 removit
1308 2698 1346 2742 ¹⁷.
1365 2695 1503 2743 Unde
1520 2712 1673 2760 quum
1692 2712 1816 2742 unus
1832 2711 2001 2743 eorum
2021 2695 2294 2760 importuna
2312 2694 2455 2740 inter-

325 2774 571 2836 rogatione
590 2774 821 2839 pulsaret,
841 2775 959 2839 quid
985 2775 1102 2822 mihi
1126 2792 1269 2842 super
1294 2776 1383 2824 hac
1408 2777 1760 2835 controversia,
1793 2775 1927 2823 Bedae
1954 2774 2173 2822 videlicet
2191 2784 2332 2839 atque
2359 2773 2453 2820 Hil-

326 2851 485 2911 donii,
520 2853 786 2914 videretur,
810 2854 1064 2919 respondi,
1098 2856 1233 2903 ssedae
1258 2846 1612 2917 auctoritatem,
1648 2856 1782 2920 cujus
1812 2856 1985 2921 scripta
2013 2855 2242 2902 universae
2265 2855 2453 2901 Latino-

327 2948 433 2978 rum
453 2932 754 2997 frequentant
769 2934 1036 2996 Ecclesiae¹⁸,
1056 2936 1312 3000 gratiorem
1333 2935 1451 2983 mihi
1464 2936 1631 2984 videri.
1647 2939 1714 2984 Ex
1724 2953 1822 3001 quo
1840 2935 1905 2983 illi
1926 2935 2232 2982 vehementer
2249 2935 2451 2993 accensi,

375 3105 381 3121 ¹
410 3106 450 3138 Te
475 3108 671 3148 furibundas
702 3110 898 3142 accusabam
922 3108 1039 3142 desunt
1067 3109 1100 3142 iu
1124 3109 1239 3142 codice
1267 3109 1302 3141 B.
1331 3127 1364 3131 --
1410 3108 1423 3125 ⁸
1447 3109 1696 3152 Tramferebant
1719 3109 1812 3142 RMS.
1832 3126 1873 3132 —
1903 3107 1916 3126 ⁹
1937 3110 2048 3141 Prava
2077 3110 2271 3141 consuetudo
2298 3107 2391 3140 RMs.
2414 3125 2452 3131 --

328 3161 340 3177 '
365 3163 600 3202 Quertmoniam
627 3163 720 3197 RMS.
747 3182 787 3187 —
812 3164 824 3181 ³
850 3165 885 3197 ln
909 3164 982 3198 vna
1005 3165 1136 3198 Antonii
1165 3166 1249 3199 inter
1278 3166 1366 3198 Vitas
1412 3165 1440 3182 ¹⁰
1458 3167 1596 3198 Habere:
1614 3165 1650 3197 D.
1669 3184 1703 3189 —-
1722 3165 1749 3182 ¹¹
1772 3166 1864 3204 Quod
1878 3163 1942 3197 MS.
1961 3163 2055 3198 Amb.
2074 3182 2115 3188 —
2133 3163 2162 3181 ¹¹
2179 3164 2355 3197 Sustineret
2371 3163 2408 3195 D.
2425 3182 2451 3186 >-—

327 3219 477 3258 Patriam,
495 3230 595 3263 opera
610 3227 642 3253 et
653 3220 760 3254 studio
776 3220 936 3255 Hei-iberti
950 3221 1121 3266 Rosweydi
1135 3247 1143 3263 ,
1158 3221 1364 3265 Antwerpiae‚
1410 3222 1439 3239 ¹³
1457 3223 1553 3255 Forte
1565 3225 1646 3255 enim
1663 3221 1756 3254 RMS.
1770 3241 1801 3245 -
1817 3219 1847 3238 '⁴
1861 3220 1942 3254 Vide
1960 3228 2026 3254 not.
2044 3232 2165 3255 xxxvn.
2185 3238 2228 3246 —
2247 3220 2275 3238 ¹⁵
2296 3221 2453 3260 Confiten-

331 3276 427 3312 1628,
458 3275 587 3316 in-fol.,
616 3288 649 3320 p.
687 3278 727 3309 39
745 3292 790 3303 --
806 3276 820 3294 ⁴
844 3279 989 3318 Quantus
1013 3280 1111 3311 rubor
1122 3280 1245 3321 faciem
1265 3289 1364 3312 occu-
1408 3286 1459 3311 eur
1474 3279 1651 3313 RMS.—⁴⁰
1667 3279 1720 3311 Sic
1735 3289 1753 3310 e
1767 3277 1831 3311 fide
1847 3278 1992 3311 omnium
2006 3279 2075 3311 fere
2091 3278 2181 3311 istius
2197 3276 2298 3310 :etatis
2311 3276 2453 3318 scripto—

323 3334 432 3372 pavit!
459 3333 587 3372 Quanta
599 3334 666 3376 suit
685 3337 784 3368 animi
799 3336 1022 3376 perturbatio!
1050 3334 1144 3368 RMS.
1163 3353 1199 3359 —
1222 3335 1235 3351 ⁸
1259 3336 1368 3368 Verbis
1410 3347 1495 3368 rum.
1519 3335 1561 3367 At
1578 3335 1609 3367 in
1626 3334 1794 3368 codicibus
1813 3341 1846 3367 et
1866 3334 2082 3374 editionibus,
2100 3340 2218 3378 praeter
2234 3333 2426 3367 Orellianam
2444 3358 2452 3370 ,

327 3398 389 3419 non
406 3391 582 3429 exprimere
601 3389 696 3423 RMS.
713 3408 757 3416 —·
774 3390 787 3408 ⁶
805 3391 905 3424 Parvi
920 3394 1009 3424 illam
1029 3394 1185 3426 oeelimavi
1200 3393 1367 3433 perfidiam
1410 3392 1605 3425 Hutdonium
1629 3391 1759 3434 legitur.
1780 3409 1820 3415 —
1843 3390 1871 3407 ¹⁷
1893 3392 1962 3424 Hoc
1981 3393 2180 3424 veracissime
2207 3391 2339 3422 dubium
2362 3391 2453 3421 solvit

328 3443 391 3476 hac
404 3446 524 3486 injuria
539 3447 674 3488 infanda
693 3449 884 3481 collocatam
899 3447 992 3481 Rus.
1007 3465 1051 3474 --
1068 3448 1080 3465 ‘¹
1095 3451 1232 3490 Antiqua
1252 3447 1368 3480 MS.-
1411 3447 1504 3481 RMS.
1520 3466 1558 3472 —
1575 3447 1603 3466 ¹⁸
1624 3449 1776 3482 Universa
1793 3450 1868 3482 colit
1883 3447 2066 3481 Latinorum
2081 3447 2230 3480 Ecclesia
2246 3445 2344 3479 RMS«
