<?xml version="1.0" encoding="UTF-8"?>
<!DOCTYPE html PUBLIC "-//W3C//DTD XHTML 1.0 Transitional//EN"
    "http://www.w3.org/TR/xhtml1/DTD/xhtml1-transitional.dtd">
<html xmlns="http://www.w3.org/1999/xhtml" xml:lang="en" lang="en">
 <head>
  <title>
</title>
<meta http-equiv="Content-Type" content="text/html;charset=utf-8" />
  <meta name='ocr-system' content='tesseract 3.04.00' />
  <meta name='ocr-capabilities' content='ocr_page ocr_carea ocr_par ocr_line ocrx_word'/>
</head>
<body>
  <div class='ocr_page' id='page_1' title='image "./operahactenusseo01abeluoft_0413.png"; bbox 0 0 2970 4152; ppageno 0'>
   <div class='ocr_carea' id='block_1_1' title="bbox 991 361 2437 412">
    <p class='ocr_par' dir='ltr' id='par_1_1' title="bbox 991 361 2437 412">
     <span class='ocr_line' id='line_1_1' title="bbox 991 361 2437 412; baseline 0.002 -4"><span class='ocrx_word' id='word_1_1' title='bbox 991 363 1050 410; x_wconf 93' lang='lat' dir='ltr'><strong>IN</strong></span> <span class='ocrx_word' id='word_1_2' title='bbox 1083 361 1524 409; x_wconf 84' lang='lat' dir='ltr'><strong>SEPTUAGESIMA</strong></span> <span class='ocrx_word' id='word_1_3' title='bbox 1557 362 1774 410; x_wconf 88' lang='lat' dir='ltr'>SERMO.</span> <span class='ocrx_word' id='word_1_4' title='bbox 2342 365 2437 412; x_wconf 84' lang='lat'><strong>399</strong></span> 
     </span>
    </p>
   </div>
   <div class='ocr_carea' id='block_1_2' title="bbox 327 454 2451 3261">
    <p class='ocr_par' dir='ltr' id='par_1_2' title="bbox 327 454 2451 2849">
     <span class='ocr_line' id='line_1_2' title="bbox 329 454 2439 522; baseline 0.002 -19"><span class='ocrx_word' id='word_1_5' title='bbox 329 454 501 519; x_wconf 89' lang='lat' dir='ltr'><strong>gaudio</strong></span> <span class='ocrx_word' id='word_1_6' title='bbox 520 455 578 502; x_wconf 87' lang='lat' dir='ltr'><strong>sit</strong></span> <span class='ocrx_word' id='word_1_7' title='bbox 604 455 999 520; x_wconf 88' lang='lat' dir='ltr'><strong>comparandum.</strong></span> <span class='ocrx_word' id='word_1_8' title='bbox 1029 456 1173 514; x_wconf 91' lang='lat' dir='ltr'><strong>Quod</strong></span> <span class='ocrx_word' id='word_1_9' title='bbox 1198 456 1474 522; x_wconf 89' lang='lat' dir='ltr'>philosophi</span> <span class='ocrx_word' id='word_1_10' title='bbox 1504 457 1695 517; x_wconf 84' lang='lat' dir='ltr'><strong>mundi,</strong></span> <span class='ocrx_word' id='word_1_11' title='bbox 1727 455 1965 503; x_wconf 90' lang='lat' dir='ltr'><strong>mundum</strong></span> <span class='ocrx_word' id='word_1_12' title='bbox 1997 459 2200 504; x_wconf 80' lang='lat' dir='ltr'>maxime</span> <span class='ocrx_word' id='word_1_13' title='bbox 2229 469 2439 507; x_wconf 91' lang='lat' dir='ltr'><strong>contem-</strong></span> 
     </span>
     <span class='ocr_line' id='line_1_3' title="bbox 328 535 2441 601; baseline 0.001 -19"><span class='ocrx_word' id='word_1_14' title='bbox 328 546 518 596; x_wconf 85' lang='lat' dir='ltr'><strong>nentes,</strong></span> <span class='ocrx_word' id='word_1_15' title='bbox 541 535 661 584; x_wconf 88' lang='lat' dir='ltr'><strong>adeo</strong></span> <span class='ocrx_word' id='word_1_16' title='bbox 681 547 993 598; x_wconf 86' lang='lat' dir='ltr'><strong>censuerunt,</strong></span> <span class='ocrx_word' id='word_1_17' title='bbox 1015 547 1066 584; x_wconf 92' lang='lat' dir='ltr'><strong>ut</strong></span> <span class='ocrx_word' id='word_1_18' title='bbox 1083 554 1235 601; x_wconf 90' lang='lat' dir='ltr'><strong>quum</strong></span> <span class='ocrx_word' id='word_1_19' title='bbox 1262 553 1312 584; x_wconf 85' lang='lat' dir='ltr'><strong>se</strong></span> <span class='ocrx_word' id='word_1_20' title='bbox 1331 536 1644 594; x_wconf 24' lang='lat' dir='ltr'><strong>multiseannis</strong></span> <span class='ocrx_word' id='word_1_21' title='bbox 1658 538 1828 584; x_wconf 85' lang='lat' dir='ltr'><strong>vixisse</strong></span> <span class='ocrx_word' id='word_1_22' title='bbox 1850 548 2126 598; x_wconf 80' lang='lat' dir='ltr'><strong>cernerent,</strong></span> <span class='ocrx_word' id='word_1_23' title='bbox 2149 554 2231 585; x_wconf 91' lang='lat' dir='ltr'><strong>eos</strong></span> <span class='ocrx_word' id='word_1_24' title='bbox 2256 547 2441 586; x_wconf 90' lang='lat' dir='ltr'><strong>tantum</strong></span> 
     </span>
     <span class='ocr_line' id='line_1_4' title="bbox 329 615 2442 682; baseline 0.001 -20"><span class='ocrx_word' id='word_1_25' title='bbox 329 615 429 663; x_wconf 89' lang='lat' dir='ltr'><strong>dies</strong></span> <span class='ocrx_word' id='word_1_26' title='bbox 447 615 734 664; x_wconf 82' lang='lat' dir='ltr'><strong>ascriberent</strong></span> <span class='ocrx_word' id='word_1_27' title='bbox 756 618 862 664; x_wconf 82' lang='lat' dir='ltr'><strong>vitae</strong></span> <span class='ocrx_word' id='word_1_28' title='bbox 886 634 1005 678; x_wconf 87' lang='lat' dir='ltr'><strong>suae,</strong></span> <span class='ocrx_word' id='word_1_29' title='bbox 1026 633 1147 682; x_wconf 91' lang='lat' dir='ltr'><strong>quos</strong></span> <span class='ocrx_word' id='word_1_30' title='bbox 1167 616 1335 664; x_wconf 87' lang='lat' dir='ltr'><strong>sesine</strong></span> <span class='ocrx_word' id='word_1_31' title='bbox 1352 616 1567 663; x_wconf 89' lang='lat' dir='ltr'><strong>molestia</strong></span> <span class='ocrx_word' id='word_1_32' title='bbox 1584 616 1958 664; x_wconf 90' lang='lat' dir='ltr'><strong>recordabantur</strong></span> <span class='ocrx_word' id='word_1_33' title='bbox 1974 618 2120 682; x_wconf 86' lang='lat' dir='ltr'><strong>egisse</strong></span> <span class='ocrx_word' id='word_1_34' title='bbox 2143 636 2153 664; x_wconf 92' lang='lat'><strong>:</strong></span> <span class='ocrx_word' id='word_1_35' title='bbox 2173 618 2251 665; x_wconf 83' lang='lat' dir='ltr'><strong>vix</strong></span> <span class='ocrx_word' id='word_1_36' title='bbox 2266 618 2314 664; x_wconf 94' lang='lat' dir='ltr'><strong>in</strong></span> <span class='ocrx_word' id='word_1_37' title='bbox 2334 635 2442 665; x_wconf 91' lang='lat' dir='ltr'><strong>cen-</strong></span> 
     </span>
     <span class='ocr_line' id='line_1_5' title="bbox 329 696 2441 762; baseline 0 -18"><span class='ocrx_word' id='word_1_38' title='bbox 329 707 431 744; x_wconf 90' lang='lat' dir='ltr'><strong>tum</strong></span> <span class='ocrx_word' id='word_1_39' title='bbox 446 700 582 746; x_wconf 82' lang='lat' dir='ltr'><strong>annis</strong></span> <span class='ocrx_word' id='word_1_40' title='bbox 606 698 901 745; x_wconf 83' lang='lat' dir='ltr'><strong>invenientes</strong></span> <span class='ocrx_word' id='word_1_41' title='bbox 925 697 1048 745; x_wconf 90' lang='lat' dir='ltr'><strong>duos</strong></span> <span class='ocrx_word' id='word_1_42' title='bbox 1062 697 1187 758; x_wconf 81' lang='lat' dir='ltr'><strong>dies,</strong></span> <span class='ocrx_word' id='word_1_43' title='bbox 1208 713 1329 762; x_wconf 92' lang='lat' dir='ltr'><strong>quos</strong></span> <span class='ocrx_word' id='word_1_44' title='bbox 1347 697 1438 762; x_wconf 92' lang='lat' dir='ltr'><strong>ipsi</strong></span> <span class='ocrx_word' id='word_1_45' title='bbox 1458 697 1715 744; x_wconf 89' lang='lat' dir='ltr'><strong>morientes</strong></span> <span class='ocrx_word' id='word_1_46' title='bbox 1733 696 1983 762; x_wconf 85' lang='lat' dir='ltr'><strong>sepulturae</strong></span> <span class='ocrx_word' id='word_1_47' title='bbox 2005 715 2100 745; x_wconf 86' lang='lat' dir='ltr'><strong>suae</strong></span> <span class='ocrx_word' id='word_1_48' title='bbox 2115 698 2251 744; x_wconf 91' lang='lat' dir='ltr'><strong>titulo</strong></span> <span class='ocrx_word' id='word_1_49' title='bbox 2276 699 2441 745; x_wconf 86' lang='lat' dir='ltr'><strong>inscri-</strong></span> 
     </span>
     <span class='ocr_line' id='line_1_6' title="bbox 327 777 2444 844; baseline -0 -18"><span class='ocrx_word' id='word_1_50' title='bbox 327 777 513 839; x_wconf 82' lang='lat' dir='ltr'><strong>herent,</strong></span> <span class='ocrx_word' id='word_1_51' title='bbox 530 795 680 844; x_wconf 89' lang='lat' dir='ltr'><strong>quum</strong></span> <span class='ocrx_word' id='word_1_52' title='bbox 696 778 883 826; x_wconf 86' lang='lat' dir='ltr'><strong>dierum</strong></span> <span class='ocrx_word' id='word_1_53' title='bbox 895 779 1000 827; x_wconf 86' lang='lat' dir='ltr'><strong>vitae</strong></span> <span class='ocrx_word' id='word_1_54' title='bbox 1012 795 1267 826; x_wconf 83' lang='lat' dir='ltr'><strong>numerum</strong></span> <span class='ocrx_word' id='word_1_55' title='bbox 1284 779 1589 842; x_wconf 84' lang='lat' dir='ltr'><strong>assignarent.</strong></span> <span class='ocrx_word' id='word_1_56' title='bbox 1606 777 1752 824; x_wconf 81' lang='lat' dir='ltr'>Jacob</span> <span class='ocrx_word' id='word_1_57' title='bbox 1767 778 2052 843; x_wconf 84' lang='lat' dir='ltr'><strong>patriarcha,</strong></span> <span class='ocrx_word' id='word_1_58' title='bbox 2065 779 2222 826; x_wconf 76' lang='lat' dir='ltr'><strong>verior</strong></span> <span class='ocrx_word' id='word_1_59' title='bbox 2236 779 2323 826; x_wconf 92' lang='lat' dir='ltr'><strong>Dei</strong></span> <span class='ocrx_word' id='word_1_60' title='bbox 2339 778 2444 843; x_wconf 84' lang='lat' dir='ltr'><strong>phi-</strong></span> 
     </span>
     <span class='ocr_line' id='line_1_7' title="bbox 327 858 2442 924; baseline 0.001 -20"><span class='ocrx_word' id='word_1_61' title='bbox 327 858 558 924; x_wconf 90' lang='lat' dir='ltr'><strong>losophus</strong></span> <span class='ocrx_word' id='word_1_62' title='bbox 581 875 727 923; x_wconf 90' lang='lat' dir='ltr'><strong>quam</strong></span> <span class='ocrx_word' id='word_1_63' title='bbox 752 859 945 919; x_wconf 86' lang='lat' dir='ltr'><strong>mundi,</strong></span> <span class='ocrx_word' id='word_1_64' title='bbox 980 860 1295 924; x_wconf 87' lang='lat' dir='ltr'><strong>interrogatus</strong></span> <span class='ocrx_word' id='word_1_65' title='bbox 1322 875 1349 906; x_wconf 90' lang='lat' dir='ltr'><strong>a</strong></span> <span class='ocrx_word' id='word_1_66' title='bbox 1374 858 1621 906; x_wconf 86' lang='lat' dir='ltr'><strong>Pharaone</strong></span> <span class='ocrx_word' id='word_1_67' title='bbox 1646 869 1764 922; x_wconf 89' lang='lat' dir='ltr'><strong>quot</strong></span> <span class='ocrx_word' id='word_1_68' title='bbox 1789 859 1900 906; x_wconf 84' lang='lat' dir='ltr'><strong>vitae</strong></span> <span class='ocrx_word' id='word_1_69' title='bbox 1924 858 2024 906; x_wconf 88' lang='lat' dir='ltr'><strong>dies</strong></span> <span class='ocrx_word' id='word_1_70' title='bbox 2046 859 2265 919; x_wconf 83' lang='lat' dir='ltr'><strong>haberet,</strong></span> <span class='ocrx_word' id='word_1_71' title='bbox 2292 876 2442 924; x_wconf 87' lang='lat' dir='ltr'><strong>quum</strong></span> 
     </span>
     <span class='ocr_line' id='line_1_8' title="bbox 329 939 2442 1005; baseline 0 -18"><span class='ocrx_word' id='word_1_72' title='bbox 329 955 412 987; x_wconf 83' lang='lat' dir='ltr'><strong>rex</strong></span> <span class='ocrx_word' id='word_1_73' title='bbox 446 956 555 987; x_wconf 90' lang='lat' dir='ltr'><strong>eum</strong></span> <span class='ocrx_word' id='word_1_74' title='bbox 588 941 883 1004; x_wconf 86' lang='lat' dir='ltr'><strong>conspiceret</strong></span> <span class='ocrx_word' id='word_1_75' title='bbox 914 939 1211 1004; x_wconf 82' lang='lat' dir='ltr'><strong>longaevum,</strong></span> <span class='ocrx_word' id='word_1_76' title='bbox 1245 939 1549 1005; x_wconf 84' lang='lat' dir='ltr'><strong>respondit¹:</strong></span> <span class='ocrx_word' id='word_1_77' title='bbox 1588 959 1614 984; x_wconf 88' lang='lat'>«</span> <span class='ocrx_word' id='word_1_78' title='bbox 1634 940 1745 987; x_wconf 89' lang='lat' dir='ltr'><strong>Dies</strong></span> <span class='ocrx_word' id='word_1_79' title='bbox 1769 941 2158 1005; x_wconf 86' lang='lat' dir='ltr'><strong>peregrinationis</strong></span> <span class='ocrx_word' id='word_1_80' title='bbox 2186 942 2291 988; x_wconf 87' lang='lat' dir='ltr'><strong>vitae</strong></span> <span class='ocrx_word' id='word_1_81' title='bbox 2326 958 2442 988; x_wconf 86' lang='lat' dir='ltr'><strong>meae</strong></span> 
     </span>
     <span class='ocr_line' id='line_1_9' title="bbox 329 1021 2442 1088; baseline 0.001 -21"><span class='ocrx_word' id='word_1_82' title='bbox 329 1031 522 1068; x_wconf 86' lang='lat' dir='ltr'><strong>centum</strong></span> <span class='ocrx_word' id='word_1_83' title='bbox 542 1021 732 1085; x_wconf 89' lang='lat' dir='ltr'><strong>triginta</strong></span> <span class='ocrx_word' id='word_1_84' title='bbox 755 1037 994 1068; x_wconf 86' lang='lat' dir='ltr'><strong>annorum</strong></span> <span class='ocrx_word' id='word_1_85' title='bbox 1019 1031 1145 1069; x_wconf 90' lang='lat' dir='ltr'><strong>sunt.</strong></span> <span class='ocrx_word' id='word_1_86' title='bbox 1172 1041 1196 1066; x_wconf 91' lang='lat'>»</span> <span class='ocrx_word' id='word_1_87' title='bbox 1227 1025 1279 1069; x_wconf 83' lang='lat' dir='ltr'><strong>In</strong></span> <span class='ocrx_word' id='word_1_88' title='bbox 1305 1038 1400 1086; x_wconf 87' lang='lat' dir='ltr'><strong>qua</strong></span> <span class='ocrx_word' id='word_1_89' title='bbox 1418 1021 1615 1086; x_wconf 76' lang='lat' dir='ltr'><strong>quidem</strong></span> <span class='ocrx_word' id='word_1_90' title='bbox 1642 1022 2013 1086; x_wconf 86' lang='lat' dir='ltr'><strong>interrogatione</strong></span> <span class='ocrx_word' id='word_1_91' title='bbox 2030 1022 2106 1070; x_wconf 89' lang='lat' dir='ltr'><strong>vel</strong></span> <span class='ocrx_word' id='word_1_92' title='bbox 2131 1024 2442 1088; x_wconf 89' lang='lat' dir='ltr'><strong>responsione</strong></span> 
     </span>
     <span class='ocr_line' id='line_1_10' title="bbox 330 1099 2443 1168; baseline 0.001 -20"><span class='ocrx_word' id='word_1_93' title='bbox 330 1099 577 1165; x_wconf 86' lang='lat' dir='ltr'><strong>diligenter</strong></span> <span class='ocrx_word' id='word_1_94' title='bbox 599 1101 740 1148; x_wconf 89' lang='lat' dir='ltr'><strong>nobis</strong></span> <span class='ocrx_word' id='word_1_95' title='bbox 765 1101 1049 1149; x_wconf 89' lang='lat' dir='ltr'><strong>intuendum</strong></span> <span class='ocrx_word' id='word_1_96' title='bbox 1074 1112 1164 1161; x_wconf 87' lang='lat' dir='ltr'><strong>est,</strong></span> <span class='ocrx_word' id='word_1_97' title='bbox 1191 1102 1323 1166; x_wconf 93' lang='lat' dir='ltr'><strong>quod</strong></span> <span class='ocrx_word' id='word_1_98' title='bbox 1347 1119 1495 1166; x_wconf 91' lang='lat' dir='ltr'><strong>quum</strong></span> <span class='ocrx_word' id='word_1_99' title='bbox 1511 1102 1661 1149; x_wconf 91' lang='lat' dir='ltr'><strong>homo</strong></span> <span class='ocrx_word' id='word_1_100' title='bbox 1681 1102 1880 1166; x_wconf 90' lang='lat' dir='ltr'><strong>gentilis,</strong></span> <span class='ocrx_word' id='word_1_101' title='bbox 1901 1104 2035 1168; x_wconf 85' lang='lat' dir='ltr'><strong>quasi</strong></span> <span class='ocrx_word' id='word_1_102' title='bbox 2056 1120 2177 1151; x_wconf 84' lang='lat' dir='ltr'><strong>verae</strong></span> <span class='ocrx_word' id='word_1_103' title='bbox 2192 1105 2296 1151; x_wconf 78' lang='lat' dir='ltr'><strong>vitae</strong></span> <span class='ocrx_word' id='word_1_104' title='bbox 2315 1104 2443 1168; x_wconf 88' lang='lat' dir='ltr'><strong>igna-</strong></span> 
     </span>
     <span class='ocr_line' id='line_1_11' title="bbox 329 1181 2444 1249; baseline 0.002 -21"><span class='ocrx_word' id='word_1_105' title='bbox 329 1197 435 1241; x_wconf 84' lang='lat' dir='ltr'><strong>rus,</strong></span> <span class='ocrx_word' id='word_1_106' title='bbox 457 1181 518 1229; x_wconf 91' lang='lat' dir='ltr'><strong>de</strong></span> <span class='ocrx_word' id='word_1_107' title='bbox 535 1181 703 1229; x_wconf 90' lang='lat' dir='ltr'><strong>diebus</strong></span> <span class='ocrx_word' id='word_1_108' title='bbox 728 1182 834 1229; x_wconf 84' lang='lat' dir='ltr'><strong>vitae</strong></span> <span class='ocrx_word' id='word_1_109' title='bbox 858 1182 1144 1246; x_wconf 85' lang='lat' dir='ltr'><strong>requireret,</strong></span> <span class='ocrx_word' id='word_1_110' title='bbox 1172 1199 1476 1247; x_wconf 87' lang='lat' dir='ltr'><strong>nequaquam</strong></span> <span class='ocrx_word' id='word_1_111' title='bbox 1498 1183 1649 1230; x_wconf 89' lang='lat' dir='ltr'><strong>homo</strong></span> <span class='ocrx_word' id='word_1_112' title='bbox 1668 1192 1857 1230; x_wconf 90' lang='lat' dir='ltr'><strong>sanctus</strong></span> <span class='ocrx_word' id='word_1_113' title='bbox 1882 1183 2028 1230; x_wconf 89' lang='lat' dir='ltr'><strong>vitam</strong></span> <span class='ocrx_word' id='word_1_114' title='bbox 2053 1185 2190 1231; x_wconf 89' lang='lat' dir='ltr'><strong>istam</strong></span> <span class='ocrx_word' id='word_1_115' title='bbox 2220 1195 2444 1249; x_wconf 87' lang='lat' dir='ltr'><strong>reputans</strong></span> 
     </span>
     <span class='ocr_line' id='line_1_12' title="bbox 329 1261 2440 1330; baseline 0.002 -22"><span class='ocrx_word' id='word_1_116' title='bbox 329 1261 474 1308; x_wconf 84' lang='lat' dir='ltr'><strong>vitam</strong></span> <span class='ocrx_word' id='word_1_117' title='bbox 497 1278 654 1322; x_wconf 80' lang='lat' dir='ltr'><strong>suam,</strong></span> <span class='ocrx_word' id='word_1_118' title='bbox 678 1262 1108 1326; x_wconf 82' lang='lat' dir='ltr'><strong>peregrinationem</strong></span> <span class='ocrx_word' id='word_1_119' title='bbox 1129 1263 1236 1309; x_wconf 85' lang='lat' dir='ltr'><strong>vitae</strong></span> <span class='ocrx_word' id='word_1_120' title='bbox 1253 1263 1412 1328; x_wconf 89' lang='lat' dir='ltr'><strong>potius</strong></span> <span class='ocrx_word' id='word_1_121' title='bbox 1430 1279 1575 1328; x_wconf 90' lang='lat' dir='ltr'><strong>quam</strong></span> <span class='ocrx_word' id='word_1_122' title='bbox 1598 1264 1745 1311; x_wconf 87' lang='lat' dir='ltr'><strong>vitam</strong></span> <span class='ocrx_word' id='word_1_123' title='bbox 1762 1264 1945 1311; x_wconf 89' lang='lat' dir='ltr'><strong>censuit</strong></span> <span class='ocrx_word' id='word_1_124' title='bbox 1966 1264 2299 1330; x_wconf 90' lang='lat' dir='ltr'><strong>appellandam</strong></span> <span class='ocrx_word' id='word_1_125' title='bbox 2324 1282 2440 1312; x_wconf 90' lang='lat' dir='ltr'><strong>esse.</strong></span> 
     </span>
     <span class='ocr_line' id='line_1_13' title="bbox 331 1343 2447 1411; baseline 0.002 -23"><span class='ocrx_word' id='word_1_126' title='bbox 331 1345 392 1389; x_wconf 91' lang='lat' dir='ltr'><strong>Ut</strong></span> <span class='ocrx_word' id='word_1_127' title='bbox 416 1343 543 1389; x_wconf 89' lang='lat' dir='ltr'><strong>enim</strong></span> <span class='ocrx_word' id='word_1_128' title='bbox 566 1343 818 1408; x_wconf 87' lang='lat' dir='ltr'><strong>Apostolus</strong></span> <span class='ocrx_word' id='word_1_129' title='bbox 838 1344 924 1391; x_wconf 85' lang='lat' dir='ltr'><strong>ait²</strong></span> <span class='ocrx_word' id='word_1_130' title='bbox 944 1362 953 1389; x_wconf 95' lang='lat'><strong>:</strong></span> <span class='ocrx_word' id='word_1_131' title='bbox 982 1362 1005 1388; x_wconf 87' lang='lat'>«</span> <span class='ocrx_word' id='word_1_132' title='bbox 1024 1346 1151 1390; x_wconf 88' lang='lat' dir='ltr'><strong>Dum</strong></span> <span class='ocrx_word' id='word_1_133' title='bbox 1176 1359 1339 1390; x_wconf 90' lang='lat' dir='ltr'><strong>sumus</strong></span> <span class='ocrx_word' id='word_1_134' title='bbox 1355 1344 1403 1390; x_wconf 89' lang='lat' dir='ltr'><strong>in</strong></span> <span class='ocrx_word' id='word_1_135' title='bbox 1424 1361 1649 1409; x_wconf 87' lang='lat' dir='ltr'><strong>corpore,</strong></span> <span class='ocrx_word' id='word_1_136' title='bbox 1670 1346 2028 1409; x_wconf 86' lang='lat' dir='ltr'><strong>peregrinamur</strong></span> <span class='ocrx_word' id='word_1_137' title='bbox 2044 1363 2071 1393; x_wconf 92' lang='lat' dir='ltr'><strong>a</strong></span> <span class='ocrx_word' id='word_1_138' title='bbox 2088 1349 2190 1393; x_wconf 90' lang='lat' dir='ltr'><strong>Deo</strong></span> <span class='ocrx_word' id='word_1_139' title='bbox 2208 1382 2219 1406; x_wconf 83' lang='lat'><em>,</em></span> <span class='ocrx_word' id='word_1_140' title='bbox 2243 1365 2266 1391; x_wconf 74' lang='grc' dir='ltr'><strong>υ</strong></span> <span class='ocrx_word' id='word_1_141' title='bbox 2294 1356 2340 1393; x_wconf 92' lang='lat' dir='ltr'><strong>et</strong></span> <span class='ocrx_word' id='word_1_142' title='bbox 2362 1363 2447 1411; x_wconf 91' lang='lat' dir='ltr'><strong>per</strong></span> 
     </span>
     <span class='ocr_line' id='line_1_14' title="bbox 330 1420 2447 1489; baseline 0.002 -21"><span class='ocrx_word' id='word_1_143' title='bbox 330 1420 520 1468; x_wconf 84' lang='lat' dir='ltr'><strong>exilium</strong></span> <span class='ocrx_word' id='word_1_144' title='bbox 544 1439 857 1487; x_wconf 88' lang='lat' dir='ltr'><strong>properamus</strong></span> <span class='ocrx_word' id='word_1_145' title='bbox 875 1423 937 1470; x_wconf 89' lang='lat' dir='ltr'><strong>ad</strong></span> <span class='ocrx_word' id='word_1_146' title='bbox 957 1423 1183 1488; x_wconf 89' lang='lat' dir='ltr'><strong>patriam,</strong></span> <span class='ocrx_word' id='word_1_147' title='bbox 1211 1433 1256 1470; x_wconf 91' lang='lat' dir='ltr'><strong>et</strong></span> <span class='ocrx_word' id='word_1_148' title='bbox 1274 1424 1408 1488; x_wconf 89' lang='lat' dir='ltr'><strong>quasi</strong></span> <span class='ocrx_word' id='word_1_149' title='bbox 1430 1439 1516 1489; x_wconf 91' lang='lat' dir='ltr'><strong>per</strong></span> <span class='ocrx_word' id='word_1_150' title='bbox 1538 1434 1743 1471; x_wconf 89' lang='lat' dir='ltr'><strong>mortem</strong></span> <span class='ocrx_word' id='word_1_151' title='bbox 1766 1424 2038 1472; x_wconf 86' lang='lat' dir='ltr'><strong>festinamus</strong></span> <span class='ocrx_word' id='word_1_152' title='bbox 2062 1425 2123 1472; x_wconf 91' lang='lat' dir='ltr'><strong>ad</strong></span> <span class='ocrx_word' id='word_1_153' title='bbox 2145 1427 2307 1473; x_wconf 88' lang='lat' dir='ltr'><strong>vitam.</strong></span> <span class='ocrx_word' id='word_1_154' title='bbox 2335 1427 2447 1483; x_wconf 89' lang='lat' dir='ltr'><strong>Qui—</strong></span> 
     </span>
     <span class='ocr_line' id='line_1_15' title="bbox 330 1500 2446 1569; baseline 0.002 -22"><span class='ocrx_word' id='word_1_155' title='bbox 330 1500 419 1547; x_wconf 92' lang='lat' dir='ltr'><strong>bus</strong></span> <span class='ocrx_word' id='word_1_156' title='bbox 442 1501 573 1548; x_wconf 90' lang='lat' dir='ltr'><strong>idem</strong></span> <span class='ocrx_word' id='word_1_157' title='bbox 601 1501 712 1549; x_wconf 90' lang='lat' dir='ltr'><strong>alibi</strong></span> <span class='ocrx_word' id='word_1_158' title='bbox 729 1502 983 1567; x_wconf 89' lang='lat' dir='ltr'><strong>Apostolus</strong></span> <span class='ocrx_word' id='word_1_159' title='bbox 1007 1503 1099 1550; x_wconf 78' lang='lat' dir='ltr'><strong>ait³</strong></span> <span class='ocrx_word' id='word_1_160' title='bbox 1118 1521 1127 1548; x_wconf 93' lang='lat'>:</span> <span class='ocrx_word' id='word_1_161' title='bbox 1159 1521 1183 1547; x_wconf 92' lang='lat'>«</span> <span class='ocrx_word' id='word_1_162' title='bbox 1204 1503 1252 1549; x_wconf 90' lang='lat' dir='ltr'><strong>Si</strong></span> <span class='ocrx_word' id='word_1_163' title='bbox 1266 1504 1624 1551; x_wconf 86' lang='lat' dir='ltr'><strong>consurrexistis</strong></span> <span class='ocrx_word' id='word_1_164' title='bbox 1642 1521 1754 1551; x_wconf 91' lang='lat' dir='ltr'><strong>cum</strong></span> <span class='ocrx_word' id='word_1_165' title='bbox 1769 1504 1982 1565; x_wconf 87' lang='lat' dir='ltr'><strong>Christo,</strong></span> <span class='ocrx_word' id='word_1_166' title='bbox 2003 1522 2108 1569; x_wconf 85' lang='lat' dir='ltr'><strong>quae</strong></span> <span class='ocrx_word' id='word_1_167' title='bbox 2131 1521 2318 1552; x_wconf 89' lang='lat' dir='ltr'><strong>sursum</strong></span> <span class='ocrx_word' id='word_1_168' title='bbox 2336 1515 2446 1552; x_wconf 90' lang='lat' dir='ltr'><strong>sunt</strong></span> 
     </span>
     <span class='ocr_line' id='line_1_16' title="bbox 331 1581 2444 1649; baseline 0.002 -22"><span class='ocrx_word' id='word_1_169' title='bbox 331 1581 545 1644; x_wconf 81' lang='lat' dir='ltr'><strong>quaerite,</strong></span> <span class='ocrx_word' id='word_1_170' title='bbox 576 1581 659 1628; x_wconf 92' lang='lat' dir='ltr'><strong>ubi</strong></span> <span class='ocrx_word' id='word_1_171' title='bbox 682 1581 894 1629; x_wconf 89' lang='lat' dir='ltr'><strong>Christus</strong></span> <span class='ocrx_word' id='word_1_172' title='bbox 919 1592 989 1630; x_wconf 88' lang='lat' dir='ltr'><strong>est</strong></span> <span class='ocrx_word' id='word_1_173' title='bbox 1015 1582 1075 1630; x_wconf 86' lang='lat' dir='ltr'><strong>ad</strong></span> <span class='ocrx_word' id='word_1_174' title='bbox 1101 1582 1343 1630; x_wconf 83' lang='lat' dir='ltr'><strong>dexteram</strong></span> <span class='ocrx_word' id='word_1_175' title='bbox 1371 1584 1458 1630; x_wconf 92' lang='lat' dir='ltr'><strong>Dei</strong></span> <span class='ocrx_word' id='word_1_176' title='bbox 1476 1583 1672 1630; x_wconf 89' lang='lat' dir='ltr'><strong>sedens:</strong></span> <span class='ocrx_word' id='word_1_177' title='bbox 1694 1601 1798 1647; x_wconf 88' lang='lat' dir='ltr'><strong>quae</strong></span> <span class='ocrx_word' id='word_1_178' title='bbox 1822 1601 2011 1632; x_wconf 91' lang='lat' dir='ltr'><strong>sursum</strong></span> <span class='ocrx_word' id='word_1_179' title='bbox 2029 1595 2140 1631; x_wconf 92' lang='lat' dir='ltr'><strong>sunt</strong></span> <span class='ocrx_word' id='word_1_180' title='bbox 2155 1585 2324 1649; x_wconf 85' lang='lat' dir='ltr'><strong>sapite,</strong></span> <span class='ocrx_word' id='word_1_181' title='bbox 2345 1602 2444 1632; x_wconf 92' lang='lat' dir='ltr'><strong>non</strong></span> 
     </span>
     <span class='ocr_line' id='line_1_17' title="bbox 331 1663 2445 1728; baseline 0.002 -19"><span class='ocrx_word' id='word_1_182' title='bbox 331 1679 435 1726; x_wconf 87' lang='lat' dir='ltr'><strong>quae</strong></span> <span class='ocrx_word' id='word_1_183' title='bbox 447 1679 591 1728; x_wconf 90' lang='lat' dir='ltr'><strong>super</strong></span> <span class='ocrx_word' id='word_1_184' title='bbox 606 1673 797 1710; x_wconf 89' lang='lat' dir='ltr'><strong>terram.</strong></span> <span class='ocrx_word' id='word_1_185' title='bbox 821 1664 995 1711; x_wconf 87' lang='lat' dir='ltr'><strong>Mortui</strong></span> <span class='ocrx_word' id='word_1_186' title='bbox 1027 1664 1153 1710; x_wconf 88' lang='lat' dir='ltr'><strong>enim</strong></span> <span class='ocrx_word' id='word_1_187' title='bbox 1174 1664 1306 1723; x_wconf 86' lang='lat' dir='ltr'><strong>estis,</strong></span> <span class='ocrx_word' id='word_1_188' title='bbox 1328 1673 1375 1711; x_wconf 88' lang='lat' dir='ltr'><strong>et</strong></span> <span class='ocrx_word' id='word_1_189' title='bbox 1395 1664 1489 1710; x_wconf 86' lang='lat' dir='ltr'><strong>vita</strong></span> <span class='ocrx_word' id='word_1_190' title='bbox 1506 1674 1661 1711; x_wconf 85' lang='lat' dir='ltr'><strong>vestra</strong></span> <span class='ocrx_word' id='word_1_191' title='bbox 1677 1663 1955 1711; x_wconf 88' lang='lat' dir='ltr'><strong>abscondita</strong></span> <span class='ocrx_word' id='word_1_192' title='bbox 1970 1675 2039 1712; x_wconf 89' lang='lat' dir='ltr'><strong>est</strong></span> <span class='ocrx_word' id='word_1_193' title='bbox 2057 1681 2167 1712; x_wconf 91' lang='lat' dir='ltr'><strong>cum</strong></span> <span class='ocrx_word' id='word_1_194' title='bbox 2187 1665 2373 1713; x_wconf 86' lang='lat' dir='ltr'><strong>Christo</strong></span> <span class='ocrx_word' id='word_1_195' title='bbox 2396 1667 2445 1713; x_wconf 91' lang='lat' dir='ltr'><strong>in</strong></span> 
     </span>
     <span class='ocr_line' id='line_1_18' title="bbox 330 1742 2442 1810; baseline 0.002 -22"><span class='ocrx_word' id='word_1_196' title='bbox 330 1744 450 1789; x_wconf 90' lang='lat' dir='ltr'><strong>Deo.</strong></span> <span class='ocrx_word' id='word_1_197' title='bbox 481 1761 505 1786; x_wconf 76' lang='grc' dir='ltr'><strong>υ</strong></span> <span class='ocrx_word' id='word_1_198' title='bbox 533 1742 843 1803; x_wconf 87' lang='lat' dir='ltr'><strong>Abscondita,</strong></span> <span class='ocrx_word' id='word_1_199' title='bbox 871 1744 1050 1807; x_wconf 85' lang='lat' dir='ltr'><strong>inqu&#39;it,</strong></span> <span class='ocrx_word' id='word_1_200' title='bbox 1082 1753 1152 1791; x_wconf 90' lang='lat' dir='ltr'><strong>est</strong></span> <span class='ocrx_word' id='word_1_201' title='bbox 1179 1745 1273 1790; x_wconf 90' lang='lat' dir='ltr'><strong>vita</strong></span> <span class='ocrx_word' id='word_1_202' title='bbox 1302 1743 1540 1804; x_wconf 82' lang='lat' dir='ltr'><strong>fidelium,</strong></span> <span class='ocrx_word' id='word_1_203' title='bbox 1569 1744 1690 1791; x_wconf 88' lang='lat' dir='ltr'><strong>sicut</strong></span> <span class='ocrx_word' id='word_1_204' title='bbox 1713 1743 1959 1791; x_wconf 84' lang='lat' dir='ltr'><strong>manifesta</strong></span> <span class='ocrx_word' id='word_1_205' title='bbox 1982 1745 2077 1792; x_wconf 91' lang='lat' dir='ltr'><strong>vita</strong></span> <span class='ocrx_word' id='word_1_206' title='bbox 2100 1746 2442 1810; x_wconf 80' lang='lat' dir='ltr'><strong>reproborum,</strong></span> 
     </span>
     <span class='ocr_line' id='line_1_19' title="bbox 332 1820 2448 1890; baseline 0.002 -23"><span class='ocrx_word' id='word_1_207' title='bbox 332 1822 414 1884; x_wconf 93' lang='lat' dir='ltr'><strong>qui</strong></span> <span class='ocrx_word' id='word_1_208' title='bbox 434 1820 530 1868; x_wconf 91' lang='lat' dir='ltr'><strong>hoc</strong></span> <span class='ocrx_word' id='word_1_209' title='bbox 556 1821 751 1874; x_wconf 73' lang='lat' dir='ltr'><strong>exilium</strong></span> <span class='ocrx_word' id='word_1_210' title='bbox 775 1838 867 1886; x_wconf 91' lang='lat' dir='ltr'><strong>pro</strong></span> <span class='ocrx_word' id='word_1_211' title='bbox 895 1822 1047 1886; x_wconf 88' lang='lat' dir='ltr'><strong>patria</strong></span> <span class='ocrx_word' id='word_1_212' title='bbox 1072 1823 1279 1883; x_wconf 79' lang='lat' dir='ltr'><strong>ducunt,</strong></span> <span class='ocrx_word' id='word_1_213' title='bbox 1308 1833 1354 1869; x_wconf 90' lang='lat' dir='ltr'><strong>et</strong></span> <span class='ocrx_word' id='word_1_214' title='bbox 1377 1823 1513 1886; x_wconf 85' lang='lat' dir='ltr'><strong>quasi</strong></span> <span class='ocrx_word' id='word_1_215' title='bbox 1534 1824 1754 1869; x_wconf 88' lang='lat' dir='ltr'><strong>concives</strong></span> <span class='ocrx_word' id='word_1_216' title='bbox 1767 1823 2113 1885; x_wconf 81' lang='lat' dir='ltr'><strong>jumentorum,</strong></span> <span class='ocrx_word' id='word_1_217' title='bbox 2133 1834 2230 1871; x_wconf 87' lang='lat' dir='ltr'><strong>tam</strong></span> <span class='ocrx_word' id='word_1_218' title='bbox 2246 1841 2448 1890; x_wconf 91' lang='lat' dir='ltr'><strong>corpore</strong></span> 
     </span>
     <span class='ocr_line' id='line_1_20' title="bbox 332 1903 2449 1967; baseline 0.002 -18"><span class='ocrx_word' id='word_1_219' title='bbox 332 1919 477 1966; x_wconf 87' lang='lat' dir='ltr'><strong>quam</strong></span> <span class='ocrx_word' id='word_1_220' title='bbox 494 1911 654 1949; x_wconf 87' lang='lat' dir='ltr'><strong>mente</strong></span> <span class='ocrx_word' id='word_1_221' title='bbox 678 1903 727 1948; x_wconf 91' lang='lat' dir='ltr'><strong>in</strong></span> <span class='ocrx_word' id='word_1_222' title='bbox 745 1912 919 1949; x_wconf 88' lang='lat' dir='ltr'><strong>terram</strong></span> <span class='ocrx_word' id='word_1_223' title='bbox 934 1903 1101 1967; x_wconf 88' lang='lat' dir='ltr'><strong>proni,</strong></span> <span class='ocrx_word' id='word_1_224' title='bbox 1129 1918 1431 1967; x_wconf 86' lang='lat' dir='ltr'><strong>nequaquam</strong></span> <span class='ocrx_word' id='word_1_225' title='bbox 1457 1919 1562 1967; x_wconf 81' lang='lat' dir='ltr'><strong>quae</strong></span> <span class='ocrx_word' id='word_1_226' title='bbox 1585 1920 1774 1950; x_wconf 89' lang='lat' dir='ltr'><strong>sursum</strong></span> <span class='ocrx_word' id='word_1_227' title='bbox 1793 1914 1902 1950; x_wconf 90' lang='lat' dir='ltr'><strong>sunt</strong></span> <span class='ocrx_word' id='word_1_228' title='bbox 1920 1915 2158 1967; x_wconf 81' lang='lat' dir='ltr'><strong>quaerunt,</strong></span> <span class='ocrx_word' id='word_1_229' title='bbox 2186 1922 2275 1953; x_wconf 90' lang='lat' dir='ltr'><strong>nec</strong></span> <span class='ocrx_word' id='word_1_230' title='bbox 2291 1906 2449 1953; x_wconf 88' lang='lat' dir='ltr'><strong>conci-</strong></span> 
     </span>
     <span class='ocr_line' id='line_1_21' title="bbox 333 1981 2450 2050; baseline 0.002 -22"><span class='ocrx_word' id='word_1_231' title='bbox 333 1997 412 2028; x_wconf 89' lang='lat' dir='ltr'><strong>ves</strong></span> <span class='ocrx_word' id='word_1_232' title='bbox 436 1998 541 2029; x_wconf 89' lang='lat' dir='ltr'><strong>·esse</strong></span> <span class='ocrx_word' id='word_1_233' title='bbox 575 1990 791 2046; x_wconf 88' lang='lat' dir='ltr'><strong>satagunt</strong></span> <span class='ocrx_word' id='word_1_234' title='bbox 814 1981 1110 2045; x_wconf 85' lang='lat' dir='ltr'><strong>angelorum.</strong></span> <span class='ocrx_word' id='word_1_235' title='bbox 1139 1985 1278 2030; x_wconf 89' lang='lat' dir='ltr'><strong>Terra</strong></span> <span class='ocrx_word' id='word_1_236' title='bbox 1300 1983 1478 2048; x_wconf 92' lang='lat' dir='ltr'><strong>quippe</strong></span> <span class='ocrx_word' id='word_1_237' title='bbox 1502 1984 1589 2030; x_wconf 90' lang='lat' dir='ltr'><strong>ista</strong></span> <span class='ocrx_word' id='word_1_238' title='bbox 1614 1983 1765 2030; x_wconf 89' lang='lat' dir='ltr'><strong>brutis</strong></span> <span class='ocrx_word' id='word_1_239' title='bbox 1786 1983 2067 2031; x_wconf 83' lang='lat' dir='ltr'><strong>animalibus</strong></span> <span class='ocrx_word' id='word_1_240' title='bbox 2089 2002 2179 2050; x_wconf 89' lang='lat' dir='ltr'><strong>pro</strong></span> <span class='ocrx_word' id='word_1_241' title='bbox 2203 1986 2375 2050; x_wconf 84' lang='lat' dir='ltr'><strong>patria,</strong></span> <span class='ocrx_word' id='word_1_242' title='bbox 2405 1996 2450 2033; x_wconf 89' lang='lat' dir='ltr'><strong>et</strong></span> 
     </span>
     <span class='ocr_line' id='line_1_22' title="bbox 332 2063 2449 2130; baseline 0.002 -21"><span class='ocrx_word' id='word_1_243' title='bbox 332 2063 427 2110; x_wconf 88' lang='lat' dir='ltr'><strong>vita</strong></span> <span class='ocrx_word' id='word_1_244' title='bbox 441 2078 647 2128; x_wconf 83' lang='lat' dir='ltr'><strong>praesens</strong></span> <span class='ocrx_word' id='word_1_245' title='bbox 663 2079 831 2110; x_wconf 88' lang='lat' dir='ltr'><strong>eorum</strong></span> <span class='ocrx_word' id='word_1_246' title='bbox 847 2072 916 2110; x_wconf 91' lang='lat' dir='ltr'><strong>est</strong></span> <span class='ocrx_word' id='word_1_247' title='bbox 931 2064 1149 2128; x_wconf 88' lang='lat' dir='ltr'><strong>propria,</strong></span> <span class='ocrx_word' id='word_1_248' title='bbox 1171 2063 1233 2111; x_wconf 89' lang='lat' dir='ltr'><strong>ad</strong></span> <span class='ocrx_word' id='word_1_249' title='bbox 1249 2080 1394 2128; x_wconf 92' lang='lat' dir='ltr'><strong>quam</strong></span> <span class='ocrx_word' id='word_1_250' title='bbox 1419 2064 1570 2111; x_wconf 90' lang='lat' dir='ltr'><strong>solam</strong></span> <span class='ocrx_word' id='word_1_251' title='bbox 1591 2066 1693 2130; x_wconf 90' lang='lat' dir='ltr'><strong>ipsa</strong></span> <span class='ocrx_word' id='word_1_252' title='bbox 1718 2075 1902 2112; x_wconf 88' lang='lat' dir='ltr'><strong>constat</strong></span> <span class='ocrx_word' id='word_1_253' title='bbox 1920 2082 2020 2113; x_wconf 91' lang='lat' dir='ltr'><strong>esse</strong></span> <span class='ocrx_word' id='word_1_254' title='bbox 2044 2077 2199 2114; x_wconf 89' lang='lat' dir='ltr'><strong>creata</strong></span> <span class='ocrx_word' id='word_1_255' title='bbox 2224 2078 2320 2115; x_wconf 90' lang='lat' dir='ltr'><strong>tam</strong></span> <span class='ocrx_word' id='word_1_256' title='bbox 2346 2084 2449 2115; x_wconf 86' lang='lat' dir='ltr'><strong>cor-</strong></span> 
     </span>
     <span class='ocr_line' id='line_1_23' title="bbox 329 2141 2448 2213; baseline 0.002 -23"><span class='ocrx_word' id='word_1_257' title='bbox 329 2159 449 2208; x_wconf 88' lang='lat' dir='ltr'><strong>pore</strong></span> <span class='ocrx_word' id='word_1_258' title='bbox 476 2153 623 2207; x_wconf 88' lang='lat' dir='ltr'><strong>quam</strong></span> <span class='ocrx_word' id='word_1_259' title='bbox 654 2143 813 2189; x_wconf 89' lang='lat' dir='ltr'><strong>anima</strong></span> <span class='ocrx_word' id='word_1_260' title='bbox 842 2141 921 2189; x_wconf 91' lang='lat' dir='ltr'><strong>hic</strong></span> <span class='ocrx_word' id='word_1_261' title='bbox 944 2142 1167 2190; x_wconf 86' lang='lat' dir='ltr'><strong>desitura.</strong></span> <span class='ocrx_word' id='word_1_262' title='bbox 1198 2146 1381 2190; x_wconf 89' lang='lat' dir='ltr'><strong>Horum</strong></span> <span class='ocrx_word' id='word_1_263' title='bbox 1408 2143 1550 2208; x_wconf 85' lang='lat' dir='ltr'><strong>igitur</strong></span> <span class='ocrx_word' id='word_1_264' title='bbox 1572 2155 1700 2192; x_wconf 87' lang='lat' dir='ltr'><strong>recte</strong></span> <span class='ocrx_word' id='word_1_265' title='bbox 1732 2146 1953 2193; x_wconf 87' lang='lat' dir='ltr'><strong>concives</strong></span> <span class='ocrx_word' id='word_1_266' title='bbox 1983 2145 2174 2194; x_wconf 87' lang='lat' dir='ltr'><strong>dicendi</strong></span> <span class='ocrx_word' id='word_1_267' title='bbox 2198 2158 2328 2208; x_wconf 85' lang='lat' dir='ltr'><strong>sunt,</strong></span> <span class='ocrx_word' id='word_1_268' title='bbox 2367 2150 2448 2213; x_wconf 91' lang='lat' dir='ltr'><strong>qui</strong></span> 
     </span>
     <span class='ocr_line' id='line_1_24' title="bbox 331 2223 2444 2292; baseline 0.003 -22"><span class='ocrx_word' id='word_1_269' title='bbox 331 2223 545 2271; x_wconf 89' lang='lat' dir='ltr'><strong>sensibus</strong></span> <span class='ocrx_word' id='word_1_270' title='bbox 572 2223 720 2288; x_wconf 88' lang='lat' dir='ltr'><strong>magis</strong></span> <span class='ocrx_word' id='word_1_271' title='bbox 738 2238 883 2287; x_wconf 87' lang='lat' dir='ltr'><strong>quam</strong></span> <span class='ocrx_word' id='word_1_272' title='bbox 905 2224 1088 2271; x_wconf 91' lang='lat' dir='ltr'><strong>ratione</strong></span> <span class='ocrx_word' id='word_1_273' title='bbox 1114 2234 1341 2288; x_wconf 85' lang='lat' dir='ltr'><strong>reguntur</strong></span> <span class='ocrx_word' id='word_1_274' title='bbox 1356 2261 1368 2284; x_wconf 94' lang='lat'>‚</span> <span class='ocrx_word' id='word_1_275' title='bbox 1391 2234 1439 2272; x_wconf 86' lang='lat' dir='ltr'><strong>et</strong></span> <span class='ocrx_word' id='word_1_276' title='bbox 1458 2225 1718 2273; x_wconf 84' lang='lat' dir='ltr'><strong>coelestium</strong></span> <span class='ocrx_word' id='word_1_277' title='bbox 1736 2226 1872 2273; x_wconf 89' lang='lat' dir='ltr'><strong>obliti</strong></span> <span class='ocrx_word' id='word_1_278' title='bbox 1897 2226 1957 2274; x_wconf 90' lang='lat' dir='ltr'><strong>ad</strong></span> <span class='ocrx_word' id='word_1_279' title='bbox 1982 2244 2086 2292; x_wconf 87' lang='lat' dir='ltr'><strong>quae</strong></span> <span class='ocrx_word' id='word_1_280' title='bbox 2107 2238 2218 2275; x_wconf 88' lang='lat' dir='ltr'><strong>sunt</strong></span> <span class='ocrx_word' id='word_1_281' title='bbox 2242 2229 2444 2288; x_wconf 85' lang='lat' dir='ltr'><strong>conditi,</strong></span> 
     </span>
     <span class='ocr_line' id='line_1_25' title="bbox 333 2303 2449 2369; baseline 0.004 -20"><span class='ocrx_word' id='word_1_282' title='bbox 333 2303 443 2350; x_wconf 88' lang='lat' dir='ltr'><strong>solis</strong></span> <span class='ocrx_word' id='word_1_283' title='bbox 466 2303 652 2350; x_wconf 89' lang='lat' dir='ltr'><strong>inhiant</strong></span> <span class='ocrx_word' id='word_1_284' title='bbox 686 2303 906 2363; x_wconf 86' lang='lat' dir='ltr'><strong>terrenis,</strong></span> <span class='ocrx_word' id='word_1_285' title='bbox 934 2303 1143 2368; x_wconf 89' lang='lat' dir='ltr'><strong>pecudes</strong></span> <span class='ocrx_word' id='word_1_286' title='bbox 1166 2305 1313 2369; x_wconf 87' lang='lat' dir='ltr'><strong>magis</strong></span> <span class='ocrx_word' id='word_1_287' title='bbox 1337 2321 1482 2369; x_wconf 89' lang='lat' dir='ltr'><strong>quam</strong></span> <span class='ocrx_word' id='word_1_288' title='bbox 1506 2305 1726 2354; x_wconf 90' lang='lat' dir='ltr'><strong>homines</strong></span> <span class='ocrx_word' id='word_1_289' title='bbox 1750 2307 1970 2354; x_wconf 90' lang='lat' dir='ltr'><strong>vocandi.</strong></span> <span class='ocrx_word' id='word_1_290' title='bbox 2004 2309 2098 2366; x_wconf 90' lang='lat' dir='ltr'><strong>Qui</strong></span> <span class='ocrx_word' id='word_1_291' title='bbox 2124 2318 2255 2356; x_wconf 90' lang='lat' dir='ltr'><strong>tanto</strong></span> <span class='ocrx_word' id='word_1_292' title='bbox 2281 2309 2449 2357; x_wconf 87' lang='lat' dir='ltr'><strong>arden-</strong></span> 
     </span>
     <span class='ocr_line' id='line_1_26' title="bbox 332 2383 2451 2450; baseline 0.003 -20"><span class='ocrx_word' id='word_1_293' title='bbox 332 2384 423 2430; x_wconf 90' lang='lat' dir='ltr'><strong>tius</strong></span> <span class='ocrx_word' id='word_1_294' title='bbox 448 2384 551 2430; x_wconf 82' lang='lat' dir='ltr'><strong>vitae</strong></span> <span class='ocrx_word' id='word_1_295' title='bbox 574 2383 717 2446; x_wconf 88' lang='lat' dir='ltr'><strong>hujus</strong></span> <span class='ocrx_word' id='word_1_296' title='bbox 738 2383 1101 2431; x_wconf 80' lang='lat' dir='ltr'><strong>amaritudinem</strong></span> <span class='ocrx_word' id='word_1_297' title='bbox 1120 2395 1350 2450; x_wconf 86' lang='lat' dir='ltr'><strong>appetunt</strong></span> <span class='ocrx_word' id='word_1_298' title='bbox 1365 2421 1377 2444; x_wconf 94' lang='lat'>‚</span> <span class='ocrx_word' id='word_1_299' title='bbox 1404 2396 1584 2450; x_wconf 88' lang='lat' dir='ltr'><strong>quanto</strong></span> <span class='ocrx_word' id='word_1_300' title='bbox 1609 2387 1775 2434; x_wconf 81' lang='lat' dir='ltr'><strong>futurae</strong></span> <span class='ocrx_word' id='word_1_301' title='bbox 1798 2387 2102 2436; x_wconf 89' lang='lat' dir='ltr'><strong>dulcedinem</strong></span> <span class='ocrx_word' id='word_1_302' title='bbox 2117 2390 2275 2437; x_wconf 89' lang='lat' dir='ltr'><strong>minus</strong></span> <span class='ocrx_word' id='word_1_303' title='bbox 2290 2388 2451 2438; x_wconf 89' lang='lat' dir='ltr'><strong>adver-</strong></span> 
     </span>
     <span class='ocr_line' id='line_1_27' title="bbox 334 2463 2443 2533; baseline 0.004 -23"><span class='ocrx_word' id='word_1_304' title='bbox 334 2473 455 2511; x_wconf 88' lang='lat' dir='ltr'><strong>tunt.</strong></span> <span class='ocrx_word' id='word_1_305' title='bbox 490 2463 559 2510; x_wconf 86' lang='lat' dir='ltr'><strong>Ad</strong></span> <span class='ocrx_word' id='word_1_306' title='bbox 594 2480 739 2527; x_wconf 90' lang='lat' dir='ltr'><strong>quam</strong></span> <span class='ocrx_word' id='word_1_307' title='bbox 775 2463 853 2510; x_wconf 88' lang='lat' dir='ltr'><strong>ille</strong></span> <span class='ocrx_word' id='word_1_308' title='bbox 889 2463 1198 2511; x_wconf 89' lang='lat' dir='ltr'><strong>vehementer</strong></span> <span class='ocrx_word' id='word_1_309' title='bbox 1230 2465 1492 2530; x_wconf 87' lang='lat' dir='ltr'><strong>suspirabat</strong></span> <span class='ocrx_word' id='word_1_310' title='bbox 1522 2467 1645 2514; x_wconf 88' lang='lat' dir='ltr'><strong>inter</strong></span> <span class='ocrx_word' id='word_1_311' title='bbox 1674 2468 1823 2531; x_wconf 88' lang='lat' dir='ltr'><strong>regias</strong></span> <span class='ocrx_word' id='word_1_312' title='bbox 1858 2467 2047 2533; x_wconf 82' lang='lat' dir='ltr'><strong>epulaS,</strong></span> <span class='ocrx_word' id='word_1_313' title='bbox 2088 2469 2170 2533; x_wconf 93' lang='lat' dir='ltr'><strong>qui</strong></span> <span class='ocrx_word' id='word_1_314' title='bbox 2195 2469 2443 2521; x_wconf 75' lang='lat' dir='ltr'><strong>‚dicebat⁴:</strong></span> 
     </span>
     <span class='ocr_line' id='line_1_28' title="bbox 338 2542 2450 2611; baseline 0.004 -23"><span class='ocrx_word' id='word_1_315' title='bbox 338 2563 360 2587; x_wconf 88' lang='lat'>«</span> <span class='ocrx_word' id='word_1_316' title='bbox 380 2546 538 2602; x_wconf 84' lang='lat' dir='ltr'><strong>Quam</strong></span> <span class='ocrx_word' id='word_1_317' title='bbox 556 2558 728 2607; x_wconf 89' lang='lat' dir='ltr'><strong>magna</strong></span> <span class='ocrx_word' id='word_1_318' title='bbox 747 2542 1002 2590; x_wconf 82' lang='lat' dir='ltr'><strong>multitudo</strong></span> <span class='ocrx_word' id='word_1_319' title='bbox 1019 2543 1284 2591; x_wconf 89' lang='lat' dir='ltr'><strong>dulcedinis</strong></span> <span class='ocrx_word' id='word_1_320' title='bbox 1312 2554 1400 2592; x_wconf 86' lang='lat' dir='ltr'><strong>tuae</strong></span> <span class='ocrx_word' id='word_1_321' title='bbox 1413 2581 1425 2605; x_wconf 90' lang='lat'>,</span> <span class='ocrx_word' id='word_1_322' title='bbox 1445 2547 1651 2594; x_wconf 87' lang='lat' dir='ltr'><strong>Domine</strong></span> <span class='ocrx_word' id='word_1_323' title='bbox 1664 2583 1676 2606; x_wconf 86' lang='lat'>‚</span> <span class='ocrx_word' id='word_1_324' title='bbox 1696 2563 1841 2611; x_wconf 90' lang='lat' dir='ltr'><strong>quam</strong></span> <span class='ocrx_word' id='word_1_325' title='bbox 1864 2546 2153 2595; x_wconf 87' lang='lat' dir='ltr'><strong>abscondisti</strong></span> <span class='ocrx_word' id='word_1_326' title='bbox 2177 2549 2450 2597; x_wconf 89' lang='lat' dir='ltr'><strong>timentibus</strong></span> 
     </span>
     <span class='ocr_line' id='line_1_29' title="bbox 334 2622 2447 2696; baseline 0.004 -26"><span class='ocrx_word' id='word_1_327' title='bbox 334 2622 405 2670; x_wconf 88' lang='lat' dir='ltr'><strong>tel</strong></span> <span class='ocrx_word' id='word_1_328' title='bbox 430 2641 453 2667; x_wconf 77' lang='grc' dir='ltr'><strong>υ</strong></span> <span class='ocrx_word' id='word_1_329' title='bbox 484 2623 775 2670; x_wconf 88' lang='lat' dir='ltr'><strong>Timentibus</strong></span> <span class='ocrx_word' id='word_1_330' title='bbox 802 2626 955 2671; x_wconf 90' lang='lat' dir='ltr'><strong>Deum</strong></span> <span class='ocrx_word' id='word_1_331' title='bbox 979 2625 1137 2689; x_wconf 89' lang='lat' dir='ltr'><strong>potius</strong></span> <span class='ocrx_word' id='word_1_332' title='bbox 1165 2641 1309 2689; x_wconf 89' lang='lat' dir='ltr'><strong>quam</strong></span> <span class='ocrx_word' id='word_1_333' title='bbox 1339 2626 1575 2674; x_wconf 89' lang='lat' dir='ltr'><strong>mundum</strong></span> <span class='ocrx_word' id='word_1_334' title='bbox 1593 2664 1605 2687; x_wconf 92' lang='lat'>‚</span> <span class='ocrx_word' id='word_1_335' title='bbox 1628 2637 1675 2674; x_wconf 89' lang='lat' dir='ltr'><strong>et</strong></span> <span class='ocrx_word' id='word_1_336' title='bbox 1699 2628 1866 2674; x_wconf 83' lang='lat' dir='ltr'><strong>animae</strong></span> <span class='ocrx_word' id='word_1_337' title='bbox 1889 2629 2035 2693; x_wconf 87' lang='lat' dir='ltr'><strong>magis</strong></span> <span class='ocrx_word' id='word_1_338' title='bbox 2060 2646 2206 2694; x_wconf 91' lang='lat' dir='ltr'><strong>quam</strong></span> <span class='ocrx_word' id='word_1_339' title='bbox 2234 2632 2447 2696; x_wconf 90' lang='lat' dir='ltr'><strong>corporis</strong></span> 
     </span>
     <span class='ocr_line' id='line_1_30' title="bbox 335 2702 2448 2776; baseline 0.004 -27"><span class='ocrx_word' id='word_1_340' title='bbox 335 2702 580 2750; x_wconf 90' lang='lat' dir='ltr'><strong>damnum.</strong></span> <span class='ocrx_word' id='word_1_341' title='bbox 610 2705 717 2749; x_wconf 82' lang='lat' dir='ltr'><strong>Haec</strong></span> <span class='ocrx_word' id='word_1_342' title='bbox 736 2702 941 2751; x_wconf 88' lang='lat' dir='ltr'><strong>dulcedo</strong></span> <span class='ocrx_word' id='word_1_343' title='bbox 961 2703 1133 2751; x_wconf 88' lang='lat' dir='ltr'><strong>dicitur</strong></span> <span class='ocrx_word' id='word_1_344' title='bbox 1148 2703 1449 2767; x_wconf 88' lang='lat' dir='ltr'><strong>abscondita,</strong></span> <span class='ocrx_word' id='word_1_345' title='bbox 1478 2716 1705 2772; x_wconf 89' lang='lat' dir='ltr'><strong>tanquam</strong></span> <span class='ocrx_word' id='word_1_346' title='bbox 1723 2708 1789 2755; x_wconf 90' lang='lat' dir='ltr'><strong>eis</strong></span> <span class='ocrx_word' id='word_1_347' title='bbox 1808 2708 1919 2756; x_wconf 91' lang='lat' dir='ltr'><strong>solis</strong></span> <span class='ocrx_word' id='word_1_348' title='bbox 1942 2709 1993 2756; x_wconf 91' lang='lat' dir='ltr'><strong>in</strong></span> <span class='ocrx_word' id='word_1_349' title='bbox 2012 2709 2224 2757; x_wconf 85' lang='lat' dir='ltr'><strong>futurum</strong></span> <span class='ocrx_word' id='word_1_350' title='bbox 2242 2712 2448 2776; x_wconf 87' lang='lat' dir='ltr'><strong>reposita</strong></span> 
     </span>
     <span class='ocr_line' id='line_1_31' title="bbox 335 2783 1570 2849; baseline 0.003 -18"><span class='ocrx_word' id='word_1_351' title='bbox 335 2794 382 2832; x_wconf 92' lang='lat' dir='ltr'><strong>et</strong></span> <span class='ocrx_word' id='word_1_352' title='bbox 405 2793 641 2830; x_wconf 83' lang='lat' dir='ltr'><strong>reservata</strong></span> <span class='ocrx_word' id='word_1_353' title='bbox 658 2819 670 2843; x_wconf 93' lang='lat'><strong><em>,</em></strong></span> <span class='ocrx_word' id='word_1_354' title='bbox 692 2799 792 2830; x_wconf 75' lang='lat' dir='ltr'><strong>non</strong></span> <span class='ocrx_word' id='word_1_355' title='bbox 817 2801 906 2848; x_wconf 90' lang='lat' dir='ltr'><strong>pro</strong></span> <span class='ocrx_word' id='word_1_356' title='bbox 924 2783 1140 2849; x_wconf 83' lang='lat' dir='ltr'><strong>reprobis</strong></span> <span class='ocrx_word' id='word_1_357' title='bbox 1155 2787 1570 2835; x_wconf 89' lang='lat' dir='ltr'><strong>communicanda.</strong></span> 
     </span>
    </p>

    <p class='ocr_par' dir='ltr' id='par_1_3' title="bbox 334 2861 2448 3261">
     <span class='ocr_line' id='line_1_32' title="bbox 399 2861 2445 2934; baseline 0.006 -26"><span class='ocrx_word' id='word_1_358' title='bbox 399 2865 502 2909; x_wconf 91' lang='lat' dir='ltr'><strong>Hoc</strong></span> <span class='ocrx_word' id='word_1_359' title='bbox 522 2861 641 2909; x_wconf 89' lang='lat' dir='ltr'><strong>illud</strong></span> <span class='ocrx_word' id='word_1_360' title='bbox 665 2872 735 2910; x_wconf 86' lang='lat' dir='ltr'><strong>est</strong></span> <span class='ocrx_word' id='word_1_361' title='bbox 759 2879 934 2911; x_wconf 84' lang='lat' dir='ltr'><strong>manna</strong></span> <span class='ocrx_word' id='word_1_362' title='bbox 952 2864 1285 2912; x_wconf 84' lang='lat' dir='ltr'><strong>absconditum</strong></span> <span class='ocrx_word' id='word_1_363' title='bbox 1305 2866 1438 2931; x_wconf 90' lang='lat' dir='ltr'><strong>quod</strong></span> <span class='ocrx_word' id='word_1_364' title='bbox 1455 2867 1505 2914; x_wconf 91' lang='lat' dir='ltr'><strong>in</strong></span> <span class='ocrx_word' id='word_1_365' title='bbox 1521 2868 1813 2933; x_wconf 76' lang='lat' dir='ltr'><strong>Apocalypsi</strong></span> <span class='ocrx_word' id='word_1_366' title='bbox 1830 2869 2029 2934; x_wconf 88' lang='lat' dir='ltr'><strong>legimus</strong></span> <span class='ocrx_word' id='word_1_367' title='bbox 2054 2886 2080 2917; x_wconf 90' lang='lat' dir='ltr'><strong>a</strong></span> <span class='ocrx_word' id='word_1_368' title='bbox 2095 2872 2304 2919; x_wconf 91' lang='lat' dir='ltr'><strong>Domino</strong></span> <span class='ocrx_word' id='word_1_369' title='bbox 2327 2872 2445 2920; x_wconf 85' lang='lat' dir='ltr'><strong>fide-</strong></span> 
     </span>
     <span class='ocr_line' id='line_1_33' title="bbox 334 2944 2446 3013; baseline 0.005 -22"><span class='ocrx_word' id='word_1_370' title='bbox 334 2944 458 2992; x_wconf 91' lang='lat' dir='ltr'><strong>libus</strong></span> <span class='ocrx_word' id='word_1_371' title='bbox 473 2944 787 3010; x_wconf 68' lang='lat' dir='ltr'><strong>promissum‘</strong></span> <span class='ocrx_word' id='word_1_372' title='bbox 808 2962 821 2990; x_wconf 68' lang='grc' dir='ltr'><em>ε</em></span> <span class='ocrx_word' id='word_1_373' title='bbox 856 2964 878 2989; x_wconf 87' lang='lat'>«</span> <span class='ocrx_word' id='word_1_374' title='bbox 903 2946 1143 3006; x_wconf 85' lang='lat' dir='ltr'><strong>Vincenti,</strong></span> <span class='ocrx_word' id='word_1_375' title='bbox 1171 2966 1194 2990; x_wconf 86' lang='lat'>»</span> <span class='ocrx_word' id='word_1_376' title='bbox 1221 2947 1397 3012; x_wconf 90' lang='lat' dir='ltr'><strong>inquit,</strong></span> <span class='ocrx_word' id='word_1_377' title='bbox 1428 2967 1452 2993; x_wconf 88' lang='lat'><strong><em>«</em></strong></span> <span class='ocrx_word' id='word_1_378' title='bbox 1475 2948 1601 2996; x_wconf 88' lang='lat' dir='ltr'><strong>dabo</strong></span> <span class='ocrx_word' id='word_1_379' title='bbox 1624 2966 1800 2997; x_wconf 85' lang='lat' dir='ltr'><strong>manna</strong></span> <span class='ocrx_word' id='word_1_380' title='bbox 1824 2950 2182 3013; x_wconf 86' lang='lat' dir='ltr'><strong>absconditum,</strong></span> <span class='ocrx_word' id='word_1_381' title='bbox 2210 2972 2232 2996; x_wconf 78' lang='lat' dir='ltr'><strong>n</strong></span> <span class='ocrx_word' id='word_1_382' title='bbox 2260 2953 2355 3000; x_wconf 92' lang='lat' dir='ltr'><strong>hoc</strong></span> <span class='ocrx_word' id='word_1_383' title='bbox 2377 2963 2446 3001; x_wconf 90' lang='lat' dir='ltr'><strong>est</strong></span> 
     </span>
     <span class='ocr_line' id='line_1_34' title="bbox 337 3024 2447 3094; baseline 0.005 -23"><span class='ocrx_word' id='word_1_384' title='bbox 337 3024 535 3072; x_wconf 84' lang='lat' dir='ltr'><strong>coelestis</strong></span> <span class='ocrx_word' id='word_1_385' title='bbox 557 3025 693 3090; x_wconf 87' lang='lat' dir='ltr'><strong>panis</strong></span> <span class='ocrx_word' id='word_1_386' title='bbox 718 3024 1038 3073; x_wconf 86' lang='lat' dir='ltr'><strong>refectionem.</strong></span> <span class='ocrx_word' id='word_1_387' title='bbox 1066 3029 1119 3073; x_wconf 92' lang='lat' dir='ltr'><strong>In</strong></span> <span class='ocrx_word' id='word_1_388' title='bbox 1145 3028 1280 3091; x_wconf 86' lang='lat' dir='ltr'><strong>cujus</strong></span> <span class='ocrx_word' id='word_1_389' title='bbox 1299 3038 1465 3094; x_wconf 90' lang='lat' dir='ltr'><strong>typum</strong></span> <span class='ocrx_word' id='word_1_390' title='bbox 1488 3030 1736 3094; x_wconf 90' lang='lat' dir='ltr'><strong>corporale</strong></span> <span class='ocrx_word' id='word_1_391' title='bbox 1761 3048 1937 3078; x_wconf 88' lang='lat' dir='ltr'><strong>manna</strong></span> <span class='ocrx_word' id='word_1_392' title='bbox 1974 3032 2133 3080; x_wconf 89' lang='lat' dir='ltr'><strong>refecit</strong></span> <span class='ocrx_word' id='word_1_393' title='bbox 2170 3033 2220 3080; x_wconf 92' lang='lat' dir='ltr'><strong>in</strong></span> <span class='ocrx_word' id='word_1_394' title='bbox 2259 3033 2447 3082; x_wconf 87' lang='lat' dir='ltr'><strong>deserto</strong></span> 
     </span>
     <span class='ocr_line' id='line_1_35' title="bbox 336 3103 2446 3178; baseline 0.004 -26"><span class='ocrx_word' id='word_1_395' title='bbox 336 3103 594 3170; x_wconf 84' lang='lat' dir='ltr'><strong>populum,</strong></span> <span class='ocrx_word' id='word_1_396' title='bbox 622 3104 757 3168; x_wconf 88' lang='lat' dir='ltr'><strong>cujus</strong></span> <span class='ocrx_word' id='word_1_397' title='bbox 779 3105 1040 3153; x_wconf 86' lang='lat' dir='ltr'><strong>satietatem</strong></span> <span class='ocrx_word' id='word_1_398' title='bbox 1064 3107 1103 3153; x_wconf 90' lang='lat' dir='ltr'><strong>is</strong></span> <span class='ocrx_word' id='word_1_399' title='bbox 1125 3123 1317 3172; x_wconf 90' lang='lat' dir='ltr'><strong>quoque</strong></span> <span class='ocrx_word' id='word_1_400' title='bbox 1340 3119 1393 3156; x_wconf 91' lang='lat' dir='ltr'><strong>ut</strong></span> <span class='ocrx_word' id='word_1_401' title='bbox 1418 3109 1622 3157; x_wconf 82' lang='lat' dir='ltr'><strong>diximus</strong></span> <span class='ocrx_word' id='word_1_402' title='bbox 1652 3110 1950 3158; x_wconf 89' lang='lat' dir='ltr'><strong>confidenter</strong></span> <span class='ocrx_word' id='word_1_403' title='bbox 1985 3113 2263 3178; x_wconf 81' lang='lat' dir='ltr'><strong>expectabat</strong></span> <span class='ocrx_word' id='word_1_404' title='bbox 2296 3130 2446 3178; x_wconf 88' lang='lat' dir='ltr'><strong>quum</strong></span> 
     </span>
     <span class='ocr_line' id='line_1_36' title="bbox 337 3183 2448 3261; baseline 0.005 -31"><span class='ocrx_word' id='word_1_405' title='bbox 337 3183 539 3232; x_wconf 82' lang='lat' dir='ltr'><strong>diceret⁸</strong></span> <span class='ocrx_word' id='word_1_406' title='bbox 566 3203 576 3230; x_wconf 91' lang='lat'>:</span> <span class='ocrx_word' id='word_1_407' title='bbox 610 3204 632 3229; x_wconf 78' lang='grc' dir='ltr'><strong>ι(</strong></span> <span class='ocrx_word' id='word_1_408' title='bbox 650 3185 866 3232; x_wconf 81' lang='lat' dir='ltr'><strong>Satiabor</strong></span> <span class='ocrx_word' id='word_1_409' title='bbox 890 3202 1039 3250; x_wconf 90' lang='lat' dir='ltr'><strong>quum</strong></span> <span class='ocrx_word' id='word_1_410' title='bbox 1065 3189 1334 3253; x_wconf 85' lang='lat' dir='ltr'><strong>apparuerit</strong></span> <span class='ocrx_word' id='word_1_411' title='bbox 1360 3188 1507 3253; x_wconf 88' lang='lat' dir='ltr'><strong>gloria</strong></span> <span class='ocrx_word' id='word_1_412' title='bbox 1527 3200 1622 3238; x_wconf 87' lang='lat' dir='ltr'><strong>tua.</strong></span> <span class='ocrx_word' id='word_1_413' title='bbox 1648 3209 1671 3235; x_wconf 80' lang='lat' dir='ltr'><em>n</em></span> <span class='ocrx_word' id='word_1_414' title='bbox 1702 3190 1885 3248; x_wconf 91' lang='lat' dir='ltr'><strong>Quibus</strong></span> <span class='ocrx_word' id='word_1_415' title='bbox 1911 3192 2075 3256; x_wconf 90' lang='lat' dir='ltr'><strong>utique</strong></span> <span class='ocrx_word' id='word_1_416' title='bbox 2091 3192 2170 3241; x_wconf 88' lang='lat' dir='ltr'><strong>hic</strong></span> <span class='ocrx_word' id='word_1_417' title='bbox 2190 3211 2242 3242; x_wconf 93' lang='lat' dir='ltr'><strong>se</strong></span> <span class='ocrx_word' id='word_1_418' title='bbox 2260 3210 2448 3261; x_wconf 89' lang='lat' dir='ltr'><strong>semper</strong></span> 
     </span>
    </p>
   </div>
   <div class='ocr_carea' id='block_1_3' title="bbox 340 3389 2446 3493">
    <p class='ocr_par' dir='ltr' id='par_1_4' title="bbox 340 3389 2446 3493">
     <span class='ocr_line' id='line_1_37' title="bbox 383 3389 2446 3440; baseline 0.005 -19"><span class='ocrx_word' id='word_1_419' title='bbox 383 3389 393 3406; x_wconf 84' lang='lat'>¹</span> <span class='ocrx_word' id='word_1_420' title='bbox 419 3389 548 3428; x_wconf 67' lang='lat' dir='ltr'><strong>Genea„</strong></span> <span class='ocrx_word' id='word_1_421' title='bbox 565 3399 639 3434; x_wconf 84' lang='lat' dir='ltr'><strong>cap.</strong></span> <span class='ocrx_word' id='word_1_422' title='bbox 658 3401 763 3432; x_wconf 71' lang='lat' dir='ltr'><strong>nvn,</strong></span> <span class='ocrx_word' id='word_1_423' title='bbox 779 3402 811 3424; x_wconf 86' lang='lat' dir='ltr'><strong>v.</strong></span> <span class='ocrx_word' id='word_1_424' title='bbox 833 3393 865 3424; x_wconf 81' lang='lat'><strong>9.</strong></span> <span class='ocrx_word' id='word_1_425' title='bbox 878 3390 946 3415; x_wconf 81' lang='lat'><strong>-&#39;</strong></span> <span class='ocrx_word' id='word_1_426' title='bbox 965 3393 1108 3426; x_wconf 79' lang='lat' dir='ltr'><strong>Corinth.</strong></span> <span class='ocrx_word' id='word_1_427' title='bbox 1126 3393 1180 3433; x_wconf 90' lang='lat'><strong>11,</strong></span> <span class='ocrx_word' id='word_1_428' title='bbox 1198 3404 1274 3438; x_wconf 86' lang='lat' dir='ltr'><strong>cap.</strong></span> <span class='ocrx_word' id='word_1_429' title='bbox 1288 3405 1319 3436; x_wconf 83' lang='lat' dir='ltr'><strong>v,</strong></span> <span class='ocrx_word' id='word_1_430' title='bbox 1337 3405 1367 3428; x_wconf 84' lang='lat' dir='ltr'><strong>v.</strong></span> <span class='ocrx_word' id='word_1_431' title='bbox 1384 3397 1472 3428; x_wconf 83' lang='grc'><strong>6.-</strong></span> <span class='ocrx_word' id='word_1_432' title='bbox 1488 3395 1499 3413; x_wconf 86' lang='lat'><strong>³</strong></span> <span class='ocrx_word' id='word_1_433' title='bbox 1517 3396 1652 3437; x_wconf 58' lang='lat' dir='ltr'><strong>Coloss„</strong></span> <span class='ocrx_word' id='word_1_434' title='bbox 1678 3406 1750 3440; x_wconf 85' lang='lat' dir='ltr'><strong>cap.</strong></span> <span class='ocrx_word' id='word_1_435' title='bbox 1770 3408 1822 3438; x_wconf 82' lang='grc' dir='ltr'><strong>ιιι,</strong></span> <span class='ocrx_word' id='word_1_436' title='bbox 1851 3408 1880 3430; x_wconf 82' lang='lat' dir='ltr'><strong>v.</strong></span> <span class='ocrx_word' id='word_1_437' title='bbox 1913 3397 2020 3430; x_wconf 69' lang='grc'><strong>1,-*</strong></span> <span class='ocrx_word' id='word_1_438' title='bbox 2035 3398 2151 3432; x_wconf 83' lang='lat' dir='ltr'><strong>Psalm.</strong></span> <span class='ocrx_word' id='word_1_439' title='bbox 2179 3409 2245 3432; x_wconf 83' lang='lat' dir='ltr'><strong>xxx</strong></span> <span class='ocrx_word' id='word_1_440' title='bbox 2258 3424 2266 3439; x_wconf 94' lang='lat'><em>,</em></span> <span class='ocrx_word' id='word_1_441' title='bbox 2284 3409 2315 3431; x_wconf 88' lang='lat' dir='ltr'><strong>v.</strong></span> <span class='ocrx_word' id='word_1_442' title='bbox 2335 3401 2388 3435; x_wconf 86' lang='lat'><strong>20.</strong></span> <span class='ocrx_word' id='word_1_443' title='bbox 2407 3418 2446 3424; x_wconf 93' lang='lat'><strong>—</strong></span> 
     </span>
     <span class='ocr_line' id='line_1_38' title="bbox 340 3448 1185 3493; baseline 0.004 -13"><span class='ocrx_word' id='word_1_444' title='bbox 340 3448 352 3464; x_wconf 78' lang='lat'><strong>⁶</strong></span> <span class='ocrx_word' id='word_1_445' title='bbox 371 3449 487 3489; x_wconf 69' lang='lat' dir='ltr'><strong>Apoc„</strong></span> <span class='ocrx_word' id='word_1_446' title='bbox 503 3458 576 3491; x_wconf 80' lang='lat' dir='ltr'><strong>cap.</strong></span> <span class='ocrx_word' id='word_1_447' title='bbox 594 3459 635 3490; x_wconf 86' lang='lat' dir='ltr'><strong>n,</strong></span> <span class='ocrx_word' id='word_1_448' title='bbox 651 3451 809 3483; x_wconf 80' lang='lat' dir='ltr'><strong>v.l“1.-—</strong></span> <span class='ocrx_word' id='word_1_449' title='bbox 825 3450 968 3485; x_wconf 60' lang='lat' dir='ltr'><strong>‘psalm</strong></span> <span class='ocrx_word' id='word_1_450' title='bbox 987 3461 1059 3493; x_wconf 80' lang='lat' dir='ltr'><strong>xvi,</strong></span> <span class='ocrx_word' id='word_1_451' title='bbox 1078 3461 1111 3485; x_wconf 85' lang='lat' dir='ltr'><strong>v.</strong></span> <span class='ocrx_word' id='word_1_452' title='bbox 1135 3452 1185 3484; x_wconf 84' lang='lat'><strong>15.</strong></span> 
     </span>
    </p>
   </div>
  </div>
 </body>
</html>
