2840 4178
1341 384 1586 416 —1v—

409 491 702 556 devinctas3
743 502 1092 563 praeterquam
1131 490 1277 562 quod
1312 511 1422 544 non
1460 494 1530 546 ita
1566 493 1717 545 facile
1755 493 1820 545 sit
1857 492 1977 544 satis
2008 490 2263 542 affirmate
2296 500 2520 541 statuere

409 612 517 663 quo
545 606 780 664 tempore
808 611 968 663 opera
993 591 1234 663 quaedam
1259 596 1546 666 composita
1577 595 1793 647 fuerint.
1822 594 1922 645 Via
1946 593 2106 663 igitur
2136 591 2236 643 alia
2273 602 2324 642 et
2357 591 2521 642 tutior

409 692 724 763 inquirenda
755 703 881 744 erat.
917 691 1136 744 Dudum
1166 706 1340 746 autem
1380 694 1555 747 medio
1586 696 1643 746 in
1675 695 1855 746 labore
1882 694 1988 765 jam
2022 701 2348 745 succurrerat
2381 689 2519 741 bene

408 794 567 844 multa
617 794 807 863 scripta
853 793 1116 846 Abaelardi
1136 835 1148 858 ‚
1195 796 1409 848 materia
1449 808 1539 848 aut
1582 807 1819 867 tempore
1870 794 2219 866 discrepantia
2238 834 2250 858 ‚
2303 792 2395 844 illo
2423 802 2520 843 ta-

409 912 526 944 men
575 894 786 945 vinculo
837 895 1088 966 conjungi
1136 895 1283 967 quod
1333 895 1400 948 ad
1447 897 1734 949 Heloissam
1786 907 1973 948 cuncta
2022 895 2337 967 pertineant.
2389 891 2520 944 Inde

407 993 684 1063 peculiaris
735 992 975 1063 quaedam
1030 996 1187 1047 series
1240 1015 1491 1067 operum,
1549 996 1643 1049 ubi
1700 996 1927 1049 vicissim
1974 995 2195 1047 affectus
2243 1003 2521 1045 moventur

408 1111 564 1161 quam
615 1094 884 1145 tenerrimi
924 1106 975 1146 et
1015 1096 1331 1165 quaestiones
1380 1096 1687 1167 theologicae
1730 1106 2020 1148 tractantur
2062 1093 2238 1147 arduae
2289 1104 2360 1170 et·
2394 1091 2519 1143 sub-

407 1196 547 1260 tiles,
588 1207 641 1247 et
683 1195 1032 1249 diversissima
1079 1198 1192 1262 illa,
1244 1197 1430 1251 eodem
1472 1200 1724 1271 inscripta
1762 1200 2009 1264 nomine,
2044 1198 2118 1250 sic
2153 1198 2209 1249 in
2238 1193 2519 1267 quamdam

405 1296 659 1348 unitatem
690 1297 1005 1350 coalescunt.
1029 1299 1203 1365 Quem
1228 1299 1490 1365 ordinem,
1512 1320 1680 1372 quum
1704 1302 1817 1372 ipse
1838 1300 1968 1351 mihi
1995 1299 2144 1370 quasi
2169 1297 2379 1351 obviam
2399 1296 2517 1358 iret,

403 1414 512 1447 non
561 1396 952 1468 repudiandum
1001 1400 1180 1469 putavi
1208 1440 1220 1464 ‚
1264 1411 1316 1452 et
1358 1399 1655 1452 istiusmodi
1701 1400 1907 1471 scriptis
1942 1439 1953 1463 ‚
2006 1397 2352 1469 pauculisque
2404 1394 2519 1446 aliis

401 1498 694 1567 argumenti
727 1517 838 1550 non
865 1497 1156 1565 dissimilis,
1184 1501 1444 1571 complevi
1468 1501 1571 1554 hoc
1594 1502 1744 1572 prius
1765 1501 2031 1552 volumen.
2056 1497 2269 1564 Quibus
2301 1494 2519 1547 sublatis

401 1610 451 1648 et
490 1616 724 1649 seorsum
756 1599 970 1669 positis,
1001 1600 1108 1670 jam
1147 1619 1207 1652 ea
1240 1613 1444 1653 tantum
1479 1602 1535 1652 in
1573 1584 1816 1653 manibus
1846 1610 1995 1651 erant
2019 1616 2182 1669 opera
2223 1595 2519 1665 theologica

400 1717 516 1767 quae
536 1699 768 1768 primum
794 1700 852 1750 in
872 1699 1186 1765 Senonensi,
1216 1713 1397 1771 postea
1422 1702 1479 1752 in
1500 1701 1860 1755 Suessionensi
1888 1699 2114 1752 concilio
2140 1696 2486 1749 condemnata
2504 1736 2516 1758 ,

396 1810 447 1849 et
482 1799 797 1851 fulminibus
833 1799 941 1851 divi
977 1801 1238 1853 Bernardi.
1256 1803 1496 1872 perculsa
1522 1815 1573 1855 et
1598 1804 1748 1873 quasi
1785 1802 2004 1864 obruta,
2042 1800 2276 1852 restitere
2313 1783 2509 1862 tamen,

395 1912 445 1951 et
484 1902 713 1954 novitate
746 1900 982 1953 methodi
1025 1901 1349 1974 audaciaque
1387 1905 1760 1956 sententiarum
1800 1922 1910 1956 rem
1947 1901 2303 1955 scholasticam
2341 1916 2517 1950 move-

396 2010 521 2049 runt
555 2012 1070 2071 promoveruntque‚
1100 2013 1151 2053 et
1188 2002 1417 2074 proinde
1457 2004 1677 2055 omnino
1711 2001 1871 2073 digna
1905 2012 2027 2053 sunt
2059 2018 2177 2071 quae
2211 1997 2517 2070 philosophi

396 2101 548 2152 simul
599 2113 651 2152 et
702 2102 936 2154 historici
979 2115 1174 2156 attente
1223 2117 1639 2176 perscrutentur.
1690 2106 1764 2156 Ea
1812 2115 2014 2167 autem,
2067 2120 2177 2152 uno
2228 2111 2278 2152 et
2324 2096 2512 2151 eodem

397 2202 559 2253 tincta
608 2202 782 2254 colore
801 2243 813 2267 ‚
865 2202 933 2254 ad
980 2204 1200 2256 alterum
1238 2217 1289 2257 et
1322 2207 1583 2276 posterius
1619 2206 1869 2258 volumen
1901 2215 2043 2255 certo
2078 2202 2297 2253 fuerunt
2338 2198 2519 2250 remit-

396 2302 571 2354 tenda.
2240 2296 2245 2298 ’

467 2403 516 2453 N
518 2423 623 2454 unc
643 2422 797 2468 vere,
826 2405 868 2456 si
900 2409 1276 2460 accuratiorem
1305 2428 1335 2460 a
1362 2427 1446 2461 me
1473 2409 1647 2479 exiges
1671 2408 1830 2480 hujus
1849 2404 2097 2458 editionis
2119 2402 2376 2454 rationem
2398 2440 2409 2463 ‚
2437 2398 2518 2450 di-

403 2521 515 2553 cam
546 2522 665 2573 quae
700 2504 905 2573 singula
929 2504 1214 2558 ordinatim
1253 2509 1311 2559 in
1337 2508 1438 2560 hoc
1462 2509 1633 2580 priori
1673 2508 1943 2561 volumine
1974 2504 2275 2557 afferuntur
2304 2519 2314 2550 ε
2344 2497 2519 2569 primo
2593 2523 2596 2525 ·

401 2602 751 2655 celeberrimae
783 2603 883 2655 illae
903 2605 1188 2657 Abaelardt
1211 2618 1262 2658 et
1280 2608 1543 2660 Heloz‘ssoe
1572 2608 1872 2679 Epistolae;
1897 2602 2131 2659 secundo
2165 2597 2418 2671 Epistola
2447 2596 2524 2646 ad

408 2706 652 2776 Virgines
704 2706 1095 2760 Paraelitenses
1129 2709 1192 2759 de
1229 2710 1407 2761 stadio
1454 2711 1755 2762 litterarum
1771 2750 1783 2774 ‚
1827 2727 1946 2779 quae
1995 2704 2149 2758 simul
2192 2701 2377 2753 attinet
2405 2709 2518 2750 tum

401 2807 464 2860 ad
489 2807 724 2859 ultimam
744 2809 1098 2880 Epistolarum
1124 2809 1191 2862 ad
1210 2811 1518 2876 Heloissam,
1548 2823 1662 2863 tum
1687 2810 1754 2863 ad
1775 2829 1834 2862 ea
1853 2829 1971 2881 quae
1989 2816 2286 2877 sequuntur
2304 2801 2516 2874 proble-

405 2919 567 2971 mata;
602 2909 757 2960 tertio
783 2908 1126 2961 Problemata
1156 2911 1413 2964 Heloissae
1445 2932 1564 2964 cam
1596 2911 1947 2964 solutionibus
1980 2903 2295 2965 Abaelardt;
2328 2911 2518 2971 quarto

405 3008 613 3076 Hymni
643 3020 826 3078 rogatu
858 3009 1103 3062 Heloissae
1142 3022 1194 3062 et
1230 3011 1285 3062 in
1327 3031 1481 3064 usum
1517 3013 1799 3083 Virginum
1842 3005 2269 3062 Paraclitensium
2306 3018 2519 3072 compo—

406 3110 520 3172 siti3
560 3108 756 3179 quibus
792 3122 1146 3163 annectuntur
1184 3112 1470 3164 Aboelardi
1506 3113 1748 3165 carmina
1785 3110 2160 3179 undecumque
2195 3103 2438 3165 collecta,
2467 3111 2518 3152 et

408 3210 581 3261 Prosa
616 3208 700 3261 de·
723 3211 876 3263 Beata
917 3212 1137 3283 Virgine
1179 3213 1265 3266 hic
1307 3216 1541 3286 primum
1590 3210 1731 3287 typis
1770 3212 2042 3276 mandata;
2082 3209 2271 3280 quinto
2313 3202 2520 3255 Sermo-

404 3330 494 3362 nes
544 3311 828 3382 conscripti
881 3313 1035 3364 etiam
1083 3327 1300 3386 rogante
1345 3316 1579 3370 Heloissa
1625 3328 1677 3370 et
1721 3317 1776 3369 in
1825 3333 1981 3367 usum
2021 3305 2322 3363 monasterii
2369 3305 2519 3356 Para-

406 3413 659 3478 clitensiS‚
697 3425 857 3484 prout
887 3414 990 3467 fert
1019 3417 1284 3487 p'raefatiO,
1321 3418 1377 3472 id
1415 3432 1493 3475 est
1526 3419 1777 3493 Epistola
1806 3418 1881 3472 ad
1914 3415 2250 3474 Heloissam;
2280 3406 2517 3479 quamvis
