2970 4152
764 432 823 480 IN
856 429 1262 480 CONVERSIONE
1296 429 1501 478 SANCTI
1534 428 1706 482 PAULI
1739 427 1957 474 SERMO.
2330 428 2422 484 545

311 528 389 577 vel
419 535 715 593 quancunque
742 525 959 577 fidelium
992 524 1255 584 ministeria
1291 522 1549 580 ordinavit.
1586 523 1907 586 Hieronymus
1939 537 2056 581 vero
2090 520 2140 580 in
2177 518 2299 567 libro
2334 523 2426 578 He-

312 608 580 668 btaicarum
602 607 928 668 Quaestiozmm
943 607 955 630 ¹
979 605 1151 655 asserit
1172 603 1439 661 seeundum
1459 602 1708 663 Hebraeos,
1734 600 1868 667 quod
1893 601 2040 658 altare
2061 597 2111 647 in
2134 617 2232 664 quo
2255 600 2427 659 immo-

313 687 534 750 labantur
554 687 723 743 hostiae
737 696 784 733 et
803 679 1108 736 victimarum
1127 684 1320 748 sanguis
1332 682 1395 730 ad
1410 682 1565 737 hasim
1581 681 1705 728 illius
1723 681 2028 741 fundebatur,
2050 681 2100 728 in
2122 677 2257 746 parte
2278 680 2430 730 tribus

316 769 562 833 Beniamin
584 778 701 817 erat.
729 767 874 828 Quod
907 766 1104 831 quidem
1129 764 1475 819 muvenienter
1494 763 1583 823 iste
1605 763 1850 819 christiani
1877 763 2123 826 ,sanguinis
2151 762 2328 818 effusor
2357 763 2431 820 m·

316 849 503 914 telligit,
529 849 590 896 de
623 865 721 913 quo
743 849 976 913 scriptum
998 857 1068 894 est
1082 849 1097 872 ¹
1122 866 1133 894 z
1163 867 1186 892 «
1212 847 1407 912 Spirans
1441 845 1684 902 minarum
1717 854 1765 892 et
1798 835 1938 891 caedis
1966 844 2016 890 in
2050 843 2308 908 discipulos
2335 831 2433 891 Do-

318 929 437 987 mini
448 966 463 989 0
495 927 580 979 ubi
601 927 782 987 Christi
803 926 1024 975 membra
1042 936 1275 991 tanquam
1295 926 1435 991 lupus
1457 941 1571 973 oves
1592 924 1794 978 laniaret
1813 924 1863 971 in
1886 924 2039 970 terris.
2070 942 2093 967 »

383 1012 446 1070 Ut
470 1018 638 1069 {autem
671 1007 733 1056 de
765 1007 1048 1074 patriarchis
1081 1007 1142 1055 ad
1175 1006 1436 1073 prophetas
1467 1016 1765 1062 transeamus
1781 1042 1794 1066 ,
1823 1003 1943 1069 quid
1977 1003 2037 1051 de
2064 1003 2159 1061 hoc
2191 1005 2435 1068 Benjamin

320 1097 488 1141 nostro
525 1087 762 1138 maximus
797 1087 877 1135 ille
909 1104 1079 1151 regum
1116 1097 1164 1135 et
1192 1086 1552 1153 ,prophetarum
1591 1085 1747 1134 David
1788 1084 2079 1151 praedixerst,
2113 1085 2364 1134 audiamus
2384 1087 2398 1109 ³
2425 1105 2435 1132 ς

324 1188 348 1214 «
373 1171 710 1223 Pnoevenerunt
730 1169 970 1234 principes
993 1167 1237 1231 conjuncti
1260 1166 1572 1233 psallentibus
1585 1203 1597 1226 ,
1621 1167 1673 1221 in
1696 1165 1857 1217 medio
1875 1165 2241 1230 juvencularum
2261 1176 2441 1232 tympa-

321 1248 616 1298 nistriarum.
653 1251 708 1295 In
743 1248 951 1296 ecclesiis
978 1247 1247 1295 benedicite
1276 1250 1380 1296 Deo
1414 1248 1627 1299 Domino
1662 1246 1723 1294 de
1754 1245 1982 1315 fontibus.
1997 1246 2154 1303 Israel.
2181 1246 2252 1303 Ibi
2276 1246 2442 1309 Benja-

300 1328 424 1379 .mi.n
462 1328 846 1378 adolescentulus
879 1328 930 1375 in
963 1329 1137 1376 mentis
1172 1344 1382 1376 excessu.
1418 1347 1442 1372 »
1483 1331 1537 1375 In
1566 1328 1709 1376 initio
1738 1327 1917 1392 quippe
1947 1327 2184 1382 nascentis
2226 1326 2444 1383 Ecclesiae

323 1408 531 1475 apostoli
545 1409 788 1475 principes
803 1410 908 1473 ejus
929 1409 980 1459 in
999 1409 1232 1459 electione
1254 1418 1615 1474 praecesserunt,
1631 1409 1744 1473 quia
1753 1409 1886 1474 ,prius
1909 1425 1938 1456 a
1959 1407 2148 1464 Christo
2163 1407 2442 1466 suntelecti,

324 1506 410 1555 per
431 1507 556 1556 qms
578 1500 974 1542 converterentur
995 1491 1168 1539 caeteri.
1196 1491 1290 1549 Qui
1312 1491 1352 1539 si
1379 1507 1480 1538 non
1508 1499 1650 1538 tantae
1672 1490 1976 1556 perfectionis
2005 1490 2198 1545 suerunt
2223 1500 2278 1546 ut
2298 1489 2446 1541 verbo

326 1570 678 1636 praedicationis
696 1571 819 1621 alios
836 1588 1067 1636 ¹generare
1086 1581 1307 1637 possent,
1332 1571 1586 1637 psallentes
1609 1581 1795 1632 tamen,
1819 1571 1872 1626 id
1895 1581 1965 1626 est
1987 1570 2226 1636 psalmum
2247 1572 2297 1626 in
2320 1570 2446 1624 bona

325 1651 607 1716 operatione
621 1649 857 1702 hahentes
865 1652 1116 1700 dicuntur.
1142 1651 1353 1701 Psalmus
1375 1651 1572 1717 quippe,
1588 1650 1639 1699 id
1651 1660 1722 1699 est
1746 1650 1953 1706 melodia
1969 1651 2296 1710 instrumenti,
2317 1649 2448 1714 quod

325 1728 603 1795 psalterium
632 1730 824 1792 dicitur,
859 1731 1147 1796 impulsione
1181 1748 1414 1781 manuum
1448 1732 1498 1778 in
1532 1730 1691 1779 cordis
1726 1731 1952 1784 affectum
1984 1730 2125 1779 honae
2162 1731 2452 1796 operationis

325 1810 539 1864 actiones
562 1809 814 1875 significat.
841 1811 1061 1859 Manibus
1086 1812 1264 1877 quippe
1294 1811 1355 1860 ad
1387 1811 1689 1877 operandum
1717 1812 1866 1875 magis
1890 1827 2041 1878 quam
2069 1812 2247 1866 caeteris
2269 1811 2454 1868 ¹utimur

327 1883 587 1943 memhris(
612 1890 823 1957 Ideoque
858 1907 944 1956 per
972 1900 1143 1940 manus
1172 1908 1320 1957 opera
1346 1891 1690 1956 significantur.
1722 1892 1963 1956 Principes
1990 1893 2152 1956 itaque
2175 1892 2223 1940 in
2247 1890 2455 1946 Ecclesia

329 1970 576 2035 conjuncti
609 1980 724 2018 sunt
757 1971 1094 2036 psallentibus,
1112 1973 1234 2036 quia
1261 1972 1345 2036 qui
1378 1973 1528 2020 verbo
1561 1972 1912 2037 praedicationis
1947 1973 2193 2031 insistunt,
2236 1972 2457 2036 subjectis

328 2048 550 2115 plebibus
564 2086 576 2109 ‚
603 2067 709 2115 quae
728 2050 797 2098 ad
818 2050 914 2098 hoc
930 2068 1037 2100 *non
1059 2050 1327 2111 sufficiunt,
1353 2050 1438 2100 sed
1461 2061 1622 2102 tamen
1643 2051 1777 2100 bona
1808 2062 2069 2117 operantur
2103 2069 2209 2116 quae
2231 2062 2454 2117 possunt,

330 2132 379 2181 in
406 2130 622 2183 unafide
644 2132 907 2181 sociantur.
930 2132 1135 2181 Praelatis
1158 2142 1319 2180 autem
1342 2142 1390 2179 et
1409 2133 1637 2196 subjectis
1661 2132 1881 2198 plebibus
1896 2170 1908 2192 ‚
1934 2133 2313 2190 adolescentulas
2335 2144 2458 2198 tym-

331 2210 583 2277 panistrias
617 2211 889 2276 conjungit,
922 2212 972 2261 id
1001 2222 1071 2260 est
1092 2213 1647 2274 vitamcontinentium,
1674 2213 1757 2277 qui
1779 2229 1964 2277 magnoe
1988 2223 2273 2279 tympanum
2302 2215 2459 2269 morti-

331 2289 568 2341 ficationis
590 2300 804 2355 gestant,
836 2301 885 2339 et
917 2301 1053 2340 tanto
1087 2292 1151 2340 ad
1185 2292 1450 2341 novitatem
1482 2292 1657 2340 Christi
1688 2292 1892 2358 amplius
1927 2293 2184 2353 accedunt,
2223 2304 2404 2358 quanto
2428 2310 2458 2340 a

332 2380 566 2422 vetustate
582 2371 731 2436 primi
757 2370 976 2421 hominis
1009 2373 1200 2437 longius
1235 2372 1485 2421 recedunt.
1527 2374 1674 2431 Quasi
1709 2391 1823 2438 ergo
1860 2375 1908 2421 in
1946 2374 2107 2422 medio
2142 2376 2339 2430 istarum
2354 2375 2456 2427 duo

335 2449 564 2514 praemissi
585 2449 779 2501 ordines
801 2452 1092 2512 consistunt,
1114 2453 1228 2516 quia
1243 2453 1340 2501 vita
1358 2453 1710 2503 continentium
1734 2456 1831 2517 quo
1846 2454 2049 2517 majoris
2071 2463 2142 2502 est
2164 2455 2319 2502 meriti
2332 2493 2343 2515 ,
2361 2471 2459 2502 am-

335 2529 459 2596 plius
486 2540 735 2581 rectorum
758 2541 806 2579 et
833 2531 1394 2598 subjectorumplebium
1422 2533 1774 2598 ordinesquasi
1800 2534 2060 2583 ambiendo
2080 2535 2180 2585 suis
2209 2535 2459 2590 virtutibus

338 2610 516 2668 munit,
542 2610 911 2665 etorationibus
932 2613 1155 2677 protegit.
1181 2612 1276 2659 Sed
1298 2613 1411 2677 quia
1439 2623 1539 2662 tam
1561 2614 1862 2661 continentes
1891 2630 2038 2678 quam
2068 2614 2269 2664 subditae
2298 2614 2459 2680 plebes

337 2689 399 2737 de
426 2689 647 2740 doctrina
666 2691 1013 2756 ‚praedictorum
1031 2693 1336 2758 principum,
1361 2694 1499 2758 quasi
1520 2683 1581 2740 de
1609 2693 1783 2741 haustu
1800 2694 2123 2758 quorumdam
2152 2695 2356 2749 sontium
2378 2696 2462 2748 im-

338 2768 575 2831 buuntur,
601 2769 823 2820 hortatur
851 2781 904 2819 ut
935 2772 996 2819 de
1024 2771 1099 2821 his
1122 2772 1335 2820 fontibus
1358 2776 1513 2821 Deum
1535 2773 1740 2823 maxime
1762 2773 2082 2838 glorificemus
2096 2811 2109 2835 ,
2135 2775 2216 2840 qui
2240 2774 2354 2823 tales
2376 2777 2461 2829 Ec-

339 2847 491 2897 clesioe
527 2867 622 2899 suae
650 2867 850 2916 praeesse
884 2851 1134 2918 disposuit.
1175 2855 1395 2911 Quorum
1423 2853 1500 2900 ille
1534 2854 1780 2918 Benjamin
1819 2865 1999 2915 noster,
2036 2872 2134 2920 quo
2169 2855 2460 2921 perfectionis

342 2927 573 2983 doctrinae
592 2945 720 2994 aqua
739 2930 913 2980 imbuit
932 2932 1083 2981 corda
1104 2932 1342 2993 fidelium,
1366 2943 1503 2981 tanto
1532 2935 1706 2982 rectius
1734 2950 1763 2983 a
1784 2936 1997 2983 Domino
2019 2952 2102 2983 vas
2123 2935 2390 2994 electionis,
2415 2943 2462 2989 et

340 3016 495 3056 crater
515 3008 741 3073 praeclare
764 3022 1086 3077 nuncupatur.
1113 3014 1184 3060 De
1208 3012 1343 3077 cujus
1365 3012 1824 3067 excellentiastatim
1847 3014 2143 3063 adnectitur:
2174 3013 2302 3074 «Ibi,
2324 3033 2346 3058 »
2361 3013 2462 3071 ,hoc

343 3098 415 3136 est
432 3089 557 3136 inter
580 3089 688 3138 illos
711 3090 890 3154 fontes,
909 3093 1046 3157 quasi
1067 3110 1192 3142 unus
1214 3110 1271 3141 ex
1286 3094 1400 3159 ipsis
1421 3105 1493 3142 est
1507 3095 1754 3159 Benjamin
1776 3112 1863 3160 per
1885 3095 2190 3155 electionem,
2212 3106 2266 3153 ut
2283 3094 2463 3154 dictum

345 3178 418 3216 est
432 3205 444 3228 ‚
471 3169 782 3230 novissimus,
809 3171 893 3219 sed
916 3188 1002 3238 per
1024 3172 1305 3237 dignitatem
1327 3174 1527 3240 primus.
1553 3177 1624 3222 De
1659 3175 1793 3239 cujus
1824 3175 2099 3227 excellentia
2127 3186 2174 3224 et
2202 3177 2351 3241 gratia
2375 3177 2467 3229 sin·

349 3246 499 3311 gulari
523 3249 566 3295 ei
589 3248 762 3298 collata
783 3251 944 3298 statim
965 3251 1209 3299 subditur:
1241 3272 1264 3298 «
1289 3256 1343 3300 In
1362 3254 1534 3301 mentis
1556 3270 1765 3314 excessu,
1796 3273 1820 3299 »
1846 3255 1941 3302 hoc
1964 3266 2034 3303 est
2055 3257 2104 3303 in
2128 3257 2273 3305 extasi
2294 3257 2467 3304 mentis

349 3328 502 3377 sactus
519 3366 530 3388 ,
558 3340 606 3377 et
633 3340 766 3379 tanta
784 3332 1201 3399 contemplatione
1231 3350 1383 3399 usque
1413 3335 1474 3382 ad
1501 3336 1694 3383 tertium
1729 3335 1902 3384 coelum
1924 3347 2216 3404 assumptus,
2248 3343 2295 3386 et
2324 3356 2467 3404 supra

397 3505 406 3522 ⁴
438 3507 518 3549 Opp.
542 3515 565 3540 t.
582 3509 632 3550 11,
646 3509 711 3542 col.
729 3511 803 3544 548.
823 3529 864 3536 -—
882 3511 895 3529 ²
910 3513 981 3545 Act.
1000 3513 1125 3554 Αροειυ
1143 3522 1216 3556 cap.
1236 3523 1268 3546 tx
1281 3538 1290 3553 ,
1311 3525 1340 3547 v.
1363 3517 1388 3547 1.
1407 3530 1443 3540 «-
1463 3513 1477 3531 ⁸
1491 3514 1607 3548 Psalm.
1625 3525 1730 3555 van,
1743 3525 1773 3548 v.
1789 3515 1844 3548 26.
