2970 4152
1226 380 1556 428 SERMONES.
2392 377 2487 424 359

1039 591 1159 699 1N³·
1183 583 1463 696 NATALI
1511 637 1813 704 DOMINI,

1133 773 1202 816 AD
1230 772 1439 831 EASDEM
1467 771 1723 815 VIRGINES.

1307 942 1456 973 SERMO
1490 943 1524 972 11
1530 961 1540 972 .

425 1060 661 1105 Laetentur
684 1057 816 1117 coeli,
844 1066 891 1104 et
905 1057 1084 1105 exultet
1107 1068 1255 1118 terra3
1270 1057 1511 1122 ‘quoniam
1528 1056 1675 1104 hodie
1701 1072 1782 1103 rex
1806 1054 2039 1102 coelorum
2067 1063 2200 1101 ortus
2228 1054 2298 1100 sui
2324 1053 2493 1117 gloria²

357 1137 564 1202 singulas
592 1149 739 1187 terras
767 1139 1030 1204 insignivit,
1066 1148 1119 1185 ut
1148 1139 1261 1187 hinc
1297 1138 1510 1187 coelestes
1546 1138 1671 1186 cives
1708 1137 1984 1201 colligeret³,
2019 1153 2106 1202 per
2133 1151 2255 1200 quos
2288 1134 2492 1191 coelestia

358 1227 642 1267 restauraret
666 1219 858 1267 damna.
890 1219 1030 1267 Unde
1055 1229 1102 1267 et
1125 1219 1281 1284 angeli
1313 1219 1373 1268 de
1400 1219 1699 1285 reparatione
1731 1219 1803 1265 sui
1835 1217 1994 1282 lapsus
2021 1226 2067 1263 et
2085 1225 2252 1263 nostro
2278 1214 2491 1279 profectu

360 1297 646 1359 exultantes,
677 1299 726 1346 in
749 1300 854 1365 ipso
886 1300 1043 1347 statim
1069 1299 1211 1364 hujus
1235 1300 1492 1347 nativitatis
1523 1299 1624 1358 die,
1651 1307 1750 1345 tam
1771 1314 1911 1344 suum
1936 1313 2081 1362 quam
2111 1305 2331 1342 nostrum
2357 1311 2493 1341 com-

360 1397 508 1428 mune
536 1380 763 1445 gaudium
789 1382 1095 1440 nuntiarunt,
1122 1381 1389 1429 dicentes‘:
1423 1402 1446 1426 «
1473 1380 1635 1427 Gloria
1653 1380 1703 1426 in
1723 1378 1958 1426 altissimis
1977 1380 2105 1437 Deo,
2132 1386 2179 1424 et
2196 1377 2245 1423 in
2264 1385 2388 1423 terra
2403 1392 2494 1441 pax

359 1461 637 1509 hominibus
652 1461 792 1509 bonae
811 1462 1084 1510 voluntatis.
1113 1481 1135 1506 υ
1161 1465 1223 1510 Ac
1240 1463 1278 1509 si
1296 1472 1458 1527 aperte
1476 1461 1709 1509 fateantur
1731 1479 1742 1505 ε
1763 1463 1908 1506 Natus
1926 1468 1997 1506 est
2012 1457 2183 1516 hodie,
2205 1456 2266 1504 de
2281 1473 2380 1521 quo
2404 1457 2494 1520 spi·

360 1541 611 1590 ritualiter⁸
629 1559 656 1589 a
685 1543 901 1608 supernis
920 1542 1163 1609 spiritibus
1185 1543 1243 1590 sit
1268 1543 1563 1602 laudandus,
1587 1552 1633 1589 et
1650 1558 1737 1607 per
1760 1557 1907 1606 quem
1932 1540 2041 1587 forti
2061 1548 2245 1586 armato
2274 1537 2462 1602 alligato
2478 1575 2489 1597 ,

360 1623 510 1670 immo
526 1633 787 1688 prostrato,
817 1624 1066 1672 credentes
1092 1624 1140 1671 in
1165 1641 1276 1672 eum
1302 1634 1347 1671 et
1372 1633 1613 1690 sperantes
1638 1639 1798 1670 veram
1825 1638 1993 1688 pacem
2015 1620 2374 1686 adipiscantur-⁶.
2407 1622 2494 1666 Na-

360 1712 436 1750 tus
455 1713 525 1751 est
546 1703 691 1751 hodie
710 1706 839 1751 Deus
858 1705 906 1751 in
927 1705 1088 1764 terris,
1123 1715 1172 1751 ut
1192 1705 1413 1752 homines
1436 1714 1741 1752 namerentur
1763 1704 1812 1750 in
1836 1702 1982 1750 coelis·
2008 1705 2152 1749 Natus
2170 1711 2240 1748 est
2262 1700 2408 1747 hodie
2434 1699 2494 1746 de

360 1783 551 1847 Virgine
577 1794 727 1831 matre
741 1821 753 1844 ,
777 1786 860 1849 qui
878 1794 988 1832 aute
1007 1795 1225 1848 tempora
1248 1786 1433 1849 genitus
1451 1795 1521 1832 est
1539 1802 1595 1832 ex
1618 1787 1720 1831 Deo
1739 1794 1890 1849 patre.
1919 1783 2039 1829 Hinc
2055 1783 2184 1829 enim
2201 1781 2263 1829 ad
2281 1787 2392 1828 eum
2413 1784 2495 1827 Pa-

359 1874 430 1912 ter
447 1864 821 1930 ipse⁷loquitur⁸
849 1883 859 1911 z
893 1885 917 1911 «
947 1869 1014 1913 Ex
1044 1876 1182 1913 utero
1208 1876 1318 1913 ante
1347 1867 1613 1913 Luciferum
1640 1865 1783 1929 genui
1809 1875 1853 1911 te
1873 1901 1884 1923 ,
1920 1883 1942 1908 »
1964 1864 2061 1911 hoc
2078 1874 2173 1923 est,
2197 1880 2253 1910 ex
2272 1863 2371 1929 ipsa
2390 1879 2494 1909 mea

356 1942 658 2004 substantia⁹‚
688 1954 944 2009 antequam
970 1945 1155 1991 Lucifer
1176 1953 1431 2004 crearetur,
1461 1962 1512 1992 es
1531 1944 1731 2008 genitus.
1756 1946 1965 2007 Utraque
1986 1942 2201 1989 nativitas
2229 1941 2330 2005 ejus
2358 1943 2496 1989 mira-

358 2022 488 2083 bilis,
506 2035 706 2089 utraque
718 2025 866 2090 ipsius
886 2024 1128 2089 generatio
1143 2024 1391 2071 ineffabilis
1408 2043 1418 2071 ι
1438 2035 1489 2072 ut
1511 2034 1762 2088 utramque
1775 2024 1967 2088 pariter,
1988 2032 2085 2070 tam
2098 2021 2160 2069 ad
2185 2022 2495 2087 temporalem

359 2104 576 2153 videlicet
593 2122 648 2153 ex
668 2115 845 2165 matre,
868 2121 1014 2170 quam
1037 2105 1098 2153 ad
1116 2115 1342 2152 aeternam
1362 2106 1716 2170 generationem
1734 2104 1834 2168 ejus
1853 2120 1910 2151 ex
1928 2113 2063 2169 patre
2076 2139 2089 2164 ,
2116 2102 2234 2150 illud
2254 2104 2380 2150 lsaiae
2397 2120 2495 2150 non

358 2186 619 2251 incongrue
641 2187 931 2234 referatur¹⁰:
959 2207 982 2231 «
998 2187 1369 2234 Generationem
1390 2186 1491 2251 eju's
1509 2187 1615 2252 quis
1634 2185 1903 2234 enarrabit?
1922 2205 1945 2230 »
1966 2188 2018 2233 ln
2037 2185 2178 2250 hujus
2202 2185 2362 2249 itaque
2382 2195 2494 2250 typo

359 2265 436 2314 ille
446 2268 683 2332 praecessit
695 2285 776 2315 rex
791 2278 838 2315 et
851 2267 1074 2315 sacerdos
1083 2267 1451 2327 Melchisedech,
1464 2285 1608 2333 quem
1625 2278 1721 2315 tam
1741 2267 1843 2315 sine
1861 2276 1994 2332 patre
2007 2283 2154 2332 quam
2173 2267 2275 2313 sine
2289 2276 2438 2313 matre
2452 2269 2492 2324 ¹¹,

359 2346 454 2393 hoc
479 2357 549 2394 est
570 2348 671 2396 sine
699 2348 996 2413 genealogia,
1027 2359 1376 2397 commemorat
1395 2350 1649 2415 Apostolus
1666 2350 1884 2396 extitisse.
1909 2351 2014 2396 Non
2044 2348 2178 2413 quod
2199 2348 2277 2395 ille
2302 2348 2495 2412 quidem

359 2437 494 2492 patre
513 2428 588 2475 vel
606 2439 758 2477 matre
776 2430 1002 2490 caruerit;
1024 2429 1108 2477 sed
1129 2431 1262 2494 quod
1282 2431 1382 2495 ejus
1402 2431 1724 2495 genealogiam
1741 2430 1982 2495 Scriptura
2000 2446 2097 2476 non
2119 2429 2289 2476 doceat
2301 2430 2341 2488 ¹²,
2364 2445 2391 2476 a
2407 2445 2495 2475 no-

302 2534 307 2539 ’
359 2506 433 2555 bis
462 2510 832 2557 commemorari
863 2519 1021 2574 queat.
1057 2510 1132 2556 Sic
1157 2521 1204 2557 et
1227 2510 1437 2558 Christus
1461 2527 1544 2558 rex
1568 2511 1898 2557 universorum
1927 2526 2013 2575 per
2046 2509 2301 2557 divinitatis
2324 2518 2495 2574 poten-

359 2589 496 2650 tiam,
525 2590 747 2637 sacerdos
771 2590 1025 2637 hominum
1052 2591 1199 2637 factus
1222 2608 1307 2656 per
1331 2601 1582 2657 assumptae
1603 2591 1949 2638 humanitatis¹⁸
1971 2590 2205 2650 hostiam,
2234 2590 2336 2637 sine
2363 2599 2495 2654 patre

359 2669 433 2717 vel
463 2681 611 2718 matre
639 2671 811 2718 dicitur
832 2687 960 2730 esse,
986 2687 1084 2718 non
1110 2671 1244 2736 quod
1268 2682 1523 2737 utrumque
1542 2689 1639 2719 non
1664 2671 1838 2719 habeat
1854 2708 1866 2731 ,
1889 2670 1972 2718 sed
1992 2670 2124 2735 quod
2143 2680 2365 2718 neutrum
2390 2670 2495 2733 quis

358 2751 608 2814 quomodo
629 2753 687 2799 sit
702 2752 884 2821 discere
896 2753 922 2778 ¹⁴
934 2762 1093 2817 queat,
1111 2762 1164 2800 ut
1179 2754 1299 2800 sicut
1315 2753 1381 2800 ibi
1397 2754 1648 2819 Scripturae
1667 2753 2009 2812 testimonium,
2028 2752 2090 2799 ita
2108 2751 2189 2799 hic
2206 2751 2402 2799 rationis
2414 2749 2498 2796 hu-

362 2846 512 2878 manae.
533 2831 721 2879 deficiat
738 2833 1008 2897 ingenium;
1032 2842 1078 2879 et
1095 2842 1227 2880 tanto
1248 2834 1348 2897 ejus
1367 2843 1566 2898 utraque
1588 2834 1804 2881 nativitas
1820 2834 1879 2880 sit
1891 2830 2168 2892 mirabilior,
2185 2841 2365 2896 quanto
2382 2830 2497 2877 inef-

360 2911 575 2960 fabilior:
600 2931 750 2978 quum
781 2914 859 2961 illa
883 2914 1102 2962 videlicet
1124 2931 1180 2962 ex
1206 2925 1339 2980 patre
1358 2916 1416 2962 sit
1442 2916 1542 2963 sine
1568 2925 1741 2975 matre,
1770 2916 1857 2962 ista
1881 2931 1939 2962 ex
1966 2923 2116 2963 matre
2140 2914 2198 2960 sit
2220 2913 2322 2959 sine
2341 2922 2488 2977 patre.

426 2996 497 3042 De
523 2994 664 3058 hujus
692 3011 887 3060 quoque
922 2996 1163 3043 nativitate
1174 2998 1198 3021 ¹⁸
1216 2996 1420 3043 mirabili
1444 3013 1590 3061 quam
1613 2996 1757 3044 habet
1780 3013 1837 3043 ex
1868 3005 2045 3055 matre,
2082 2994 2311 3059 scriptum
2336 3003 2405 3040 est
2423 2996 2495 3040 Je-

288 3114 293 3119 .
361 3077 508 3123 remia
527 3076 845 3143 prophetante
857 3080 881 3103 ¹⁶
905 3097 913 3124 :
949 3098 974 3123 «
992 3079 1178 3126 Creavit
1193 3080 1427 3127 Dominus
1451 3096 1633 3127 novum
1651 3096 1794 3144 super
1819 3089 1993 3125 terram
2009 3115 2020 3136 ‚
2042 3076 2217 3124 femina
2236 3075 2497 3123 circumda-

406 3245 415 3262 ¹
442 3232 489 3278 De
507 3248 611 3279 natali
629 3243 695 3280 MS.
715 3247 805 3280 Eine.
826 3265 865 3271 -
879 3247 891 3264 ²
913 3248 965 3282 Sic
982 3249 1048 3281 MS.
1076 3249 1164 3283 Eins.
1182 3250 1273 3283 -Sui
1295 3251 1397 3292 ylario
1453 3260 1523 3282 mea
1540 3249 1607 3282 MS.
1630 3249 1717 3282 Eius.
1738 3267 1776 3272 --
1795 3248 1823 3266 ¹⁰
1841 3248 1932 3281 lsaiae
1947 3258 2022 3291 cap.
2044 3257 2117 3288 un,
2135 3257 2165 3279 v.
2185 3246 2216 3277 8.
2232 3263 2271 3269 -
2286 3245 2313 3263 “
2333 3245 2400 3279 Sic.
2425 3246 2493 3279 MS.

359 3302 478 3336 desunt
496 3303 528 3335 in
552 3303 631 3336 edit.
651 3303 745 3338 Amb.
761 3322 801 3329 —-
819 3305 832 3322 ³
851 3306 1020 3350 Colligeret
1044 3309 1127 3340 cives
1152 3306 1218 3340 MS.
1250 3306 1339 3341 Eine.
1354 3321 1399 3333 -
1453 3305 1542 3338 Eius.
1562 3323 1584 3329 -
1608 3306 1743 3338 Tamum
1771 3308 1840 3338 sine
1869 3312 1965 3346 patre
1999 3306 2047 3338 vel
2077 3311 2180 3336 matre
2212 3301 2300 3335 Edit.
2328 3301 2425 3335 Amb.
2451 3320 2493 3326 -

361 3358 375 3376 ‘
391 3358 486 3399 Luc.‚
505 3370 578 3403 cap.
600 3371 622 3393 n
635 3387 644 3402 ,
663 3371 695 3394 v·
724 3363 775 3395 14.
796 3379 840 3386 —
856 3361 869 3379 ⁸
884 3362 987 3396 Aliter
1011 3353 1207 3405 specialiter.
1223 3382 1262 3388 —
1277 3363 1290 3381 ⁶
1309 3364 1397 3397 Unde
1454 3361 1484 3380 ¹⁹
1502 3364 1595 3403 Quod
1607 3362 1675 3396 MS.
1692 3362 1782 3395 Eius.
1800 3378 1844 3388 —-
1859 3361 1888 3379 ¹⁸
1904 3362 2015 3396 Carnis
2032 3361 2100 3394 MS.
2116 3359 2209 3394 Eine.
2225 3377 2266 3384 —-
2282 3358 2312 3376 ⁴⁴
2333 3358 2494 3393 Disserere

360 3423 391 3448 et
410 3418 519 3458 angeli
537 3419 759 3458 adipiscamur
786 3418 903 3452 desunt
927 3419 995 3452 MS.
1015 3419 1106 3452 Eine.
1119 3437 1163 3445 —
1176 3420 1188 3439 '¹
1208 3421 1277 3463 Ipse
1296 3422 1398 3453 Pater
1453 3419 1521 3453 MS.
1540 3420 1628 3452 Eius.
1644 3436 1684 3442 —
1705 3418 1735 3437 ¹⁸
1749 3419 1803 3452 Sic
1822 3419 1891 3452 MS.
1914 3418 2004 3452 Eius.
2016 3436 2038 3443 -
2052 3419 2200 3452 Novitaee
2225 3416 2311 3450 Edit.
2338 3416 2430 3449 Amb.
2450 3433 2492 3441 —-

361 3471 428 3504 MS.
455 3472 546 3505 Eine.
565 3491 600 3497 -—
615 3473 628 3491 ⁸
643 3474 763 3508 Psalm.
789 3486 861 3517 cix,
881 3487 912 3509 v.
929 3477 959 3510 3.
974 3476 1044 3504 -⁰
1059 3478 1115 3511 Ex
1129 3480 1199 3519 ipsa
1218 3480 1397 3511 substancia
1459 3478 1488 3496 ¹⁶
1502 3478 1639 3519 Jerem.,
1654 3488 1728 3522 cap.
1748 3489 1824 3511 xxxi
1838 3504 1847 3519 ,
1866 3488 1899 3510 v.
1920 3478 1976 3510 22.
