2970 4152
1369 445 1855 525 MAGISTRI

790 659 1341 800 PETRI
1456 592 2435 803 ABAELARDI

945 936 1308 1004 EPISTOLA
1359 943 1487 1027 An
1515 916 1764 1006 DIVUM‘
1809 944 2274 1011 BERNARDUM

1263 1103 1697 1142 CLARAEVALLENSEM
1721 1103 1947 1142 ABBATEM.

603 1503 706 1544 lllud
726 1512 811 1546 erat
837 1502 1038 1545 Abaelardi
1062 1504 1297 1558 ingenium,
1324 1510 1369 1546 ut
1389 1505 1432 1546 in
1456 1504 1651 1546 maximis
1676 1505 1941 1559 minimisque
1971 1517 2171 1546 novarum
2199 1517 2332 1547 rerum
2353 1506 2491 1548 studio
2509 1520 2670 1563 semper

548 1572 790 1626 indulgeret.
810 1574 862 1615 Ut
879 1585 1003 1627 supra
1019 1573 1196 1615 vidimus
1208 1574 1224 1597 ²
1235 1606 1245 1624 ,
1261 1573 1309 1614 vin
1327 1572 1546 1625 dominicae
1565 1573 1770 1627 orationis:
1784 1573 2042 1628 expositione
2060 1586 2151 1628 quae
2168 1573 2211 1615 in
2224 1573 2376 1616 *diebus
2395 1576 2668 1629 Rogationum

548 1646 631 1692 est,
649 1653 774 1695 quum
795 1648 935 1696 posset
951 1641 1003 1683 iis
1021 1641 1159 1683 verbis
1178 1648 1287 1684 stare
1304 1655 1395 1696 quae
1414 1641 1605 1683 Ecclesiae
1621 1641 1875 1683 consuetudo
1897 1641 2177 1695 consecravit,
2189 1654 2338 1696 panem
2365 1647 2669 1698 nosmmquo-

551 1712 777 1761 tidianum,
799 1725 874 1766 pro
886 1712 969 1754 illis
978 1725 1128 1766 panem
1139 1713 1574 1767 supersubstantialem
1591 1711 1884 1765 substituebat,
1897 1712 2027 1754 [retus
2040 1712 2204 1767 quidem
2223 1713 2423 1767 evangelii
2442 1713 2670 1756 secundum

548 1779 687 1822 divum
705 1781 938 1823 Matthaeum
956 1782 1210 1823 auctoritate.
1232 1781 1345 1823 Illius
1358 1813 1369 1833 ‚
1390 1787 1435 1822 ut
1453 1781 1615 1822 videtur
1628 1814 1638 1832 ‚
1659 1782 1847 1836 exemplo
1860 1814 1871 1832 ,
1896 1781 2187 1841 paraclitenses
2203 1782 2588 1836 Wrgines.a,verbis
2603 1794 2670 1824 so-

547 1848 752 1890 lemnibus
769 1849 1019 1902 discessere,
1046 1856 1091 1891 ut
1109 1850 1161 1892 iis
1180 1855 1391 1891 uterentur
1408 1862 1498 1905 quae
1522 1848 1759 1891 Abaelardus
1780 1850 1988 1904 graviora,
2018 1862 2150 1905 neque
2176 1851 2307 1904 magis
2325 1863 2350 1891 a
2368 1850 2450 1891 fide
2468 1850 2670 1892 catholica

548 1915 806 1959 abhorrentia
824 1917 1098 1960 existimabat.
1119 1917 1239 1959 Levis
1257 1916 1425 1972 quidem
1445 1918 1733 1967 commutatio;
1758 1918 1831 1959 sed
1851 1931 1898 1959 ea
1917 1917 2046 1959 divini
2057 1918 2253 1959 Bernardi
2271 1917 2497 1959 commovit
2513 1917 2671 1959 severi·-

548 1991 670 2027 tatem
682 2017 692 2037 ‚
713 1987 784 2041 qui
796 1987 863 2028 >rei
881 1988 1143 2029 insolentiam
1161 1987 1418 2043 vituperavit.
1428 1988 1607 2042 Scripsit
1619 1987 1751 2041 igitur
1765 1986 2000 2029 Abaelardus
2019 1988 2072 2029 ad
2091 1987 2232 2029 divum
2250 1986 2499 2028 Ber-nardum
2513 1987 2670 2029 litteras

548 2054 592 2094 in
616 2055 766 2109 quibus
778 2068 869 2097 *non
896 2056 986 2097 sine
1003 2056 1139 2110 aliqua
1156 2054 1377 2097 acerbitate
1394 2055 1438 2097 in
1459 2061 1648 2097 sanctum
1671 2056 1805 2097 virum
1823 2056 2028 2097 invehitur
2043 2088 2054 2106 ,
2073 2062 2268 2110 tanquam
2283 2055 2368 2109 Jam
2392 2054 2671 2109 praesensisflm

548 2133 644 2163 mox
671 2122 788 2164 illum
814 2124 857 2163 in
874 2123 1056 2177 graviori
1074 2123 1197 2164 causa
1210 2153 1221 2175 ,
1248 2136 1387 2164 coram
1415 2124 1591 2164 concilio
1618 2124 1838 2165 senonensi
1853 2154 1865 2172 .
1885 2123 1993 2165 inter
2009 2123 2198 2165 inimicos
2216 2123 2517 2165 dimicaturum.
2540 2124 2669 2172 Quam

549 2189 603 2230 ob
621 2202 785 2232 causam
805 2191 916 2232 hunc
938 2191 1074 2232 locum
1095 2190 1155 2231 illi
1169 2191 1350 2244 epistolae
1372 2189 1696 2243 assignavimus,
1711 2203 1838 2245 quum
1856 2190 2183 2232 etresParacleti
2206 2196 2248 2231 et
2258 2203 2382 2233 unam
2400 2202 2454 2231 ex
2469 2189 2670 2233 Abaelardi

550 2258 805 2300 orationibus
821 2264 989 2314 spectet.
1020 2258 1186 2301 Nullum
1208 2258 1442 2300 invenimus
1465 2258 1650 2300 codicem
1662 2290 1673 2310 ,
1697 2258 1815 2314 cujus
1832 2258 1884 2300 ad
1903 2258 2028 2301 fidem
2040 2258 2180 2300 datum
2194 2258 2247 2299 ab
2259 2258 2478 2302 Amboesio
2489 2259 2504 2282 ²
2518 2264 2671 2300 textum

551 2339 950 2380 recognosceremus.

1520 2549 1700 2561 ——u-ae—

586 2725 629 2767 V
627 2719 857 2768 enerabili
881 2732 1022 2786 atque
1045 2723 1096 2768 z‘n
1123 2720 1306 2769 Chrllrto
1329 2720 1628 2769 dilectissimo
1645 2721 1809 2785 fiatri
1835 2721 2088 2770 Bernardo·
2108 2720 2467 2769 Claroevallensi
2487 2720 2643 2767 abbati

1335 2805 1508 2849 Petras
1529 2802 1886 2867 compresbyter.

615 2953 777 3008 Quum
805 2966 960 3015 nuper
990 2949 1286 2997 Paracletum
1312 2950 1550 2998 venissem
1567 2988 1579 3010 ,
1605 2951 1895 3014 quibusdam
1919 2950 2200 3016 compulsus
2219 2949 2420 3014 negotiis
2449 2948 2517 2996 ibi
2538 2961 2693 3013 pera-·

552 3029 716 3091 gendis
731 3067 742 3088 ‚
769 3028 865 3076 fllia
886 3038 1043 3076 vestra
1065 3029 1116 3076 in
1139 3028 1330 3076 Christo
1353 3039 1401 3076 et
1423 3045 1561 3077 soror
1583 3039 1772 3090 nostra,
1798 3047 1904 3095 quae
1924 3030 2048 3078 illius
2075 3030 2171 3078 loci
2206 3029 2446 3078 abbatissa
2478 3026 2669 3085 dicitur,

551 3125 662 3156 cum
684 3126 871 3158 summa
893 3110 1182 3157 exultatione
1216 3109 1336 3157 mihi
1363 3110 1525 3157 retulit
1548 3127 1634 3158 vos
1656 3110 1768 3158 illuc
1793 3111 1877 3158 diu
1895 3111 2223 3159 desideratum
2244 3125 2387 3157 causa
2416 3116 2589 3155 sanctae
2610 3107 2676 3153 vi-

551 3190 783 3237 sitationis
816 3191 1091 3251 advenisse,
1117 3201 1165 3239 et
1192 3207 1293 3239 non
1323 3200 1556 3256 tanquam
1587 3189 1861 3251 hominem,
1888 3192 1973 3240 sed
2007 3192 2142 3257 quasi
2175 3190 2398 3255 angelum
2432 3198 2532 3236 tam
2567 3203 2675 3234 eam

553 3285 698 3333 quam
719 3286 907 3318 sorores
929 3287 1037 3320 suas
1060 3271 1207 3319 sacris
1229 3270 1643 3319 exhortationibus
1670 3271 2027 3319 corroborasse.
2053 3273 2246 3319 Secreto
2270 3285 2387 3317 vero
2415 3267 2534 3315 mihi
2566 3267 2675 3314 inti-

602 3421 613 3438 ‘
631 3421 715 3456 Vide
729 3433 764 3466 p.
782 3423 846 3455 465
859 3430 892 3457 et
905 3434 953 3467 sq.
971 3423 1105 3467 hujusce
1123 3423 1308 3460 voluminis.
1319 3423 1387 3451 -·—¹
1402 3423 1485 3460 vide
1502 3435 1538 3469 p.
1557 3425 1703 3459 att-251
1727 3425 1878 3460 editionis
1893 3424 2135 3459 Amboesianae.
