2970 4152
540 344 591 388 64
605 345 636 389 2
1334 339 1506 387 PETRI
1541 340 1853 390 ABAELARDI

607 451 630 481 c<
651 435 927 483 Crucifixus.
952 453 972 478 »
999 437 1160 480 Genus
1183 451 1377 499 quoque
1399 435 1601 500 patibuli
1629 437 1916 484 determinat
1934 474 1945 495 ,
1973 435 2105 500 quod
2134 437 2497 500 ignominiosius
2520 448 2621 485 erat
2636 473 2649 498 ,

537 518 658 564 sicut
686 527 732 564 et
766 516 1045 581 praedictum
1068 515 1220 563 fuerat
1253 535 1263 562 :
1310 535 1333 562 «
1366 518 1519 564 Morte
1553 518 1826 583 turpissima
1855 517 2234 564 condemnemus
2270 519 2423 564 eum¹.
2449 537 2471 562 υ
2511 520 2569 565 Et
2590 519 2657 566 ita

541 618 563 643 «
586 608 802 645 mortuus
826 607 872 643 et
899 615 922 640 »
948 596 1144 661 insuper
1170 615 1193 641 «
1220 597 1454 662 sepultus,
1488 618 1511 643 »
1533 591 1587 645 ut
1609 600 1658 645 in
1675 598 1899 646 omnibus
1914 598 2224 644 humanitatis
2246 598 2422 645 veritas
2435 586 2667 663 compro?

538 678 694 737 betur7
721 688 768 724 et
789 686 924 724 tanto
948 676 1152 741 amplius
1175 677 1400 741 diligatur
1422 695 1450 726 a
1471 678 1639 739 nobis,
1667 688 1849 744 quanto
1873 678 2095 742 graviora
2121 678 2198 725 vel
2220 678 2494 742 indigniora
2516 675 2674 726 susti?

538 759 642 804 nuit
664 775 754 822 pro
778 756 938 803 nobis.

605 857 626 881 κ
654 837 911 910 Descendit
939 837 1001 884 ad
1032 837 1227 886 inferos.
1258 857 1282 884 »
1308 840 1403 896 Qui
1424 850 1643 887 mortuus
1667 839 1842 886 dicitur
1867 850 1914 887 et
1936 839 2148 905 sepultus
2166 877 2178 899 ,
2204 840 2305 904 ipse
2329 840 2474 887 etiam
2497 839 2558 886 ad
2581 840 2655 886 in·

537 917 660 964 feros
698 918 999 966 descendisse
1036 920 1259 967 asseritur
1286 939 1297 967 :
1331 938 1481 985 quum
1505 921 1622 967 illud
1644 931 1834 968 tantum
1858 921 2123 968 secundum
2145 937 2321 985 corpus
2340 958 2351 980 ,
2377 920 2473 967 hoc
2488 936 2657 967 secun-

534 998 651 1045 dum
682 1000 892 1047 animam
929 1000 1231 1064 intelligatur.
1267 1004 1374 1066 Ipsa
1405 1019 1599 1066 quoque
1631 1002 1814 1060 anima,
1850 1019 1956 1066 quae
1989 1002 2038 1048 in
2058 1018 2203 1049 carne
2228 1017 2367 1066 passa
2390 1001 2567 1060 fuerat,
2593 990 2655 1047 ad

534 1078 710 1126 inferos
733 1080 906 1126 dicitur
930 1079 1256 1141 descendisse3
1284 1078 1397 1145 quia
1419 1081 1653 1145 passionis
1676 1080 1800 1127 illius
1825 1081 2089 1127 efficaciam
2112 1081 2228 1144 justi
2256 1089 2507 1127 senserunt
2531 1081 2657 1127 anti-

534 1159 643 1221 qui,
674 1176 760 1223 per
784 1175 891 1206 eam
914 1176 941 1206 a
963 1160 1117 1223 poenis
1139 1159 1342 1206 liberati.
1374 1162 1495 1206 Non
1507 1160 1636 1206 enim
1662 1161 1846 1219 anima,
1871 1159 1949 1207 vel
1978 1160 2172 1225 spiritus
2198 1159 2390 1223 aliquis,
2417 1153 2470 1205 iit
2492 1158 2660 1206 beatus

534 1240 754 1287 meminit
784 1241 1096 1304 Augustinus,
1131 1240 1239 1288 loco
1263 1250 1501 1299 movetur,
1534 1241 1619 1287 sed
1651 1241 1959 1288 solummodo
1984 1258 2176 1306 corpus.
2205 1240 2335 1286 Sicut
2359 1256 2472 1303 ergo
2503 1242 2657 1298 Deus,

533 1320 615 1383 qui
649 1319 828 1384 ubique
858 1330 951 1380 est,
983 1320 1275 1367 descendere
1303 1337 1497 1385 quoque
1522 1320 1696 1367 dicitur
1725 1321 1992 1368 secundum
2017 1320 2224 1385 aliquem
2247 1336 2341 1366 suae
2367 1319 2661 1384 operationis

532 1399 778 1459 effectum,
804 1401 870 1448 ita
885 1411 932 1447 et
954 1401 1112 1448 anima
1136 1401 1215 1448 illa
1237 1401 1504 1448 seeundum
1527 1400 1789 1448 efficaciam
1812 1401 2018 1466 propriae
2041 1401 2299 1466 passionis,
2330 1415 2476 1464 quam
2493 1399 2662 1448 habuit

533 1482 579 1526 in
611 1481 796 1541 electis,
832 1482 1133 1529 descendisse
1169 1482 1420 1529 liberando
1457 1482 1646 1529 dicitur.
1681 1482 1836 1529 Solius
1865 1483 2045 1547 quippe
2077 1482 2247 1529 animae
2279 1480 2356 1528 vel
2385 1481 2561 1527 sentire
2584 1480 2662 1528 vel

531 1562 630 1625 pati
653 1571 750 1620 est,
778 1563 865 1609 etsi
889 1563 931 1608 ei
954 1562 1050 1609 boc
1073 1579 1130 1609 ex
1151 1579 1295 1610 carne
1312 1563 1497 1610 accidat
1511 1600 1522 1619 ‚
1549 1573 1781 1626 tanquam
1798 1562 2013 1627 quodam
2035 1562 2202 1609 talium
2218 1562 2556 1608 instrumento.
2581 1553 2660 1607 Inss

532 1640 656 1687 feros
691 1641 851 1705 itaque
880 1641 995 1688 dicit
1024 1641 1234 1706 poenales
1262 1641 1365 1688 illas
1399 1641 1645 1701 tenebras,
1679 1658 1797 1706 quas
1822 1641 1938 1705 justi
1966 1641 2111 1688 etiam
2146 1639 2469 1699 sustinebant,
2502 1639 2662 1708 adhue

531 1732 660 1769 extra
689 1718 861 1769 divinae
885 1722 1044 1785 gloriae
1067 1733 1382 1788 conspectum
1399 1723 1671 1781 constituti,
1699 1723 1761 1770 ad
1784 1739 1931 1787 quam
1953 1723 2066 1769 totis
2083 1721 2331 1769 desideriis
2351 1719 2657 1768 anhelabant.

532 1804 675 1867 Cujus
701 1805 898 1869 quidem
922 1804 1081 1868 gloriae
1103 1805 1227 1852 visio
1252 1821 1441 1852 summa
1463 1815 1534 1852 est
1555 1804 1635 1852 illa
1652 1804 1850 1852 felicitas
1874 1804 1935 1852 ab
1958 1804 2093 1851 omni
2115 1820 2259 1869 poena
2279 1803 2470 1868 penitus
2486 1803 2660 1849 immu-

531 1884 627 1943 nis,
655 1901 802 1948 quam
827 1884 1006 1932 latroni
1028 1883 1265 1932 Dominus
1294 1885 1395 1950 ipse
1418 1885 1655 1950 promittit
1678 1883 1870 1932 dicens'
1896 1903 1907 1930 :
1947 1904 1970 1929 «
1998 1883 2153 1931 Hodie
2177 1899 2368 1930 mecum
2391 1882 2484 1928 eris
2503 1881 2553 1928 in
2575 1897 2662 1946 pa-

531 1965 708 2016 radiso.
735 1986 758 2011 >2

600 2065 623 2090 α
651 2048 806 2094 Tertia
830 2047 907 2094 die
932 2049 1189 2095 resurrexit
1213 2066 1240 2096 a
1265 2049 1483 2096 mortuis.
1516 2065 1540 2091 η
1567 2052 1670 2097 Hoc
1695 2060 1790 2108 est,
1817 2050 1878 2096 de
1901 2050 2026 2096 inter
2049 2057 2294 2106 mortuos,
2321 2056 2555 2110 tanquam
2576 2059 2659 2091 ve-

532 2126 702 2172 raciter
725 2144 928 2192 corpore
951 2128 1205 2176 defunctus
1228 2130 1424 2193 propria
1447 2129 1718 2188 voluntate,
1740 2147 1841 2176 non
1866 2129 2044 2188 aliena,
2073 2138 2144 2175 est
2167 2127 2436 2174 suscitatus,
2463 2125 2593 2171 Sicut
2617 2134 2664 2170 et
2720 2117 2723 2121 ¹

532 2205 733 2269 ipsemet
770 2207 889 2254 ait·⁰’:
920 2226 943 2252 «
969 2211 1259 2273 Potestatem
1280 2209 1440 2255 habeo
1463 2209 1681 2273 ponendi
1713 2210 1925 2256 animam
1957 2225 2138 2266 meam,
2175 2217 2221 2253 et
2245 2208 2419 2253 iterum
2441 2203 2663 2251 sumendi

533 2301 655 2332 eam.
682 2304 704 2328 »
731 2288 853 2333 Nota
876 2287 1121 2347 ordinem,
1149 2289 1283 2353 quod
1306 2290 1587 2353 priusquam
1611 2290 1837 2347 surrexit,
1875 2288 1937 2335 ad
1972 2288 2151 2334 inferos
2175 2286 2475 2333 descendens
2491 2323 2502 2343 ,
2538 2283 2663 2355 salu-

532 2376 630 2411 tem
644 2376 817 2413 nostrae
830 2367 1147 2427 liberationis,
1175 2379 1435 2432 antequam
1454 2369 1653 2431 gloriam
1677 2386 1772 2415 suae
1788 2368 2151 2415 resurrectionis
2175 2377 2245 2413 est
2268 2375 2492 2431 operatus
2515 2383 2526 2411 ε
2553 2361 2667 2428 quia

532 2462 632 2498 non
656 2456 755 2493 tam
777 2464 862 2494 sua
883 2464 1030 2512 quam
1058 2458 1223 2495 nostra
1245 2449 1294 2494 in
1325 2449 1400 2495 his
1423 2449 1649 2495 omnibus
1672 2448 1962 2514 requirebat.
1990 2452 2099 2513 Ipso
2132 2449 2293 2511 itaque
2318 2446 2396 2493 die
2427 2445 2665 2510 passionis

534 2543 644 2585 suae,
671 2537 929 2591 antequam
951 2539 1240 2592 resurgeret,
1266 2528 1342 2575 vel
1366 2528 1512 2575 coelos
1529 2529 1825 2589 ascenderet,
1845 2539 1946 2576 tam
1965 2528 2248 2594 praedictum
2264 2526 2502 2574 latronem
2519 2540 2666 2589 quam

535 2609 756 2672 antiquos
778 2609 907 2656 viros
930 2610 979 2655 in
1003 2609 1279 2674 paradisum
1302 2610 1567 2657 introduxit
1596 2629 1606 2657 ε
1635 2611 1748 2675 quia
1771 2611 1837 2657 eis
1862 2627 1957 2657 suae
1985 2609 2247 2656 divinitatis
2273 2608 2512 2654 visionem
2537 2597 2667 2652 exbi-

536 2689 678 2749 bens,
699 2707 810 2737 vera
829 2692 931 2753 jam
953 2690 1272 2750 beatitudine,
1299 2708 1446 2756 quam
1468 2691 1744 2757 paradisum
1761 2692 2039 2750 nominant,
2061 2676 2244 2738 animas
2266 2684 2435 2735 eorum
2458 2686 2660 2734 satiavit.

538 2772 608 2815 De
631 2787 724 2834 qua
748 2770 945 2834 quidem
969 2772 1183 2818 satietate
1211 2772 1449 2836 propheta
1473 2772 1675 2819 dixerat⁴
1696 2791 1707 2819 ε
1738 2791 1761 2817 «
1789 2771 2009 2819 Satiabor
2031 2788 2183 2836 quum
2212 2768 2486 2834 apparuerit
2517 2766 2668 2834 gloria

538 2861 635 2897 tua.
675 2871 696 2895 »
728 2855 871 2899 Extra
905 2867 1052 2916 quam
1087 2852 1284 2916 quidem
1318 2853 1555 2900 visionem
1588 2853 1747 2917 gloriae
1782 2853 2019 2918 quidquid
2054 2862 2148 2911 est,
2175 2851 2275 2914 ejus
2304 2849 2666 2914 comparatione

541 2929 800 2977 dicendum
829 2941 900 2978 est
921 2931 1130 2979 tenebrae
1154 2951 1163 2978 ε
1191 2948 1281 2978 nec
1312 2941 1382 2979 est
1418 2950 1613 2996 prorsus
1637 2933 1845 2981 alienum
1881 2949 1908 2980 a
1941 2948 2108 2998 poena,
2147 2929 2547 2995 quantacunque³
2570 2926 2666 2973 sint

543 3010 712 3072 quietis
734 3011 963 3059 remedia.
1515 3020 1517 3025 '

613 3090 873 3137 «Ascendit
895 3091 957 3138 ad
979 3091 1174 3139 coelos.»
1192 3092 1322 3139 Sicut
1339 3108 1543 3157 corpore
1559 3094 1760 3140 surrexit
1775 3093 1835 3140 de
1855 3092 2093 3158 sepulcro,
2120 3091 2186 3137 ita
2208 3098 2254 3136 et
2276 3103 2481 3153 corpore
2501 3101 2665 3133 ascen-

543 3170 613 3216 dit
635 3171 696 3217 ad
724 3172 890 3231 coelos,
918 3183 964 3220 et
992 3183 1251 3238 utrumque
1282 3174 1330 3220 in
1360 3174 1556 3239 propria
1577 3184 1835 3239 potestate,
1862 3185 1916 3222 ut
1938 3191 2038 3221 non
2061 3169 2238 3220 tractus
2261 3185 2385 3227 esse,
2412 3167 2496 3215 sed
2517 3166 2667 3229 magis

593 3375 602 3392 ¹
627 3374 723 3415 Sap„
739 3384 812 3417 cap.
827 3385 867 3414 n,
884 3385 914 3407 v.
931 3376 984 3407 ⁶20.
998 3391 1042 3402 --
1054 3375 1067 3392 ¹
1085 3376 1180 3419 Luc„
1196 3388 1269 3422 cap.
1283 3389 1363 3412 xxm
1377 3403 1386 3420 ‚
1404 3389 1433 3412 v.
1451 3377 1504 3412 ⁴3.
1522 3395 1563 3402 —
1577 3378 1590 3396 ³
1602 3379 1713 3419 Joan.‚
1729 3389 1803 3422 cap.
1818 3390 1839 3412 x
1852 3404 1861 3420 ,
1876 3389 1907 3412 v.
1926 3380 1977 3412 18.
1995 3395 2031 3402 —
2052 3376 2066 3394 ⁴
2079 3376 2197 3410 Psalm.
2214 3384 2267 3408 xvi
2283 3398 2290 3414 ,
2308 3384 2337 3405 v.
2364 3373 2413 3404 15.
2430 3388 2472 3395 -·
2486 3370 2499 3387 ⁵
2513 3369 2567 3402 Sic
2584 3367 2665 3401 Cod-

545 3433 627 3466 vict.
651 3432 727 3465 397.
740 3449 762 3456 -
783 3433 1044 3475 Quandocunque
1059 3434 1154 3469 Amb.
