2970 4152
548 401 640 448 ⁴70
1131 399 1302 445 PETRI
1339 399 1653 447 ABAELARDI
1690 401 1762 447 ET
1795 401 2098 450 HELOlSSAE

545 494 688 540 sumit
712 493 980 550 honorem,
1019 491 1103 539 sed
1133 492 1217 556 qui
1240 502 1440 539 vocatur
1467 510 1495 540 a
1518 496 1621 541 Deo
1657 504 1884 560 tanquam
1910 499 2083 542 Aaron.
2110 514 2134 539 »
2176 497 2352 543 Vocata
2385 496 2541 561 lugeat
2573 508 2671 545 tan-

544 590 690 638 quam
715 572 775 620 ad
800 581 1005 619 mortem
1023 571 1227 619 deducta
1247 608 1258 632 ,
1290 572 1476 638 repulsa
1496 575 1700 638 gaudeat
1727 586 1955 639 tanquam
1974 592 2001 622 a
2019 585 2173 622 morte
2191 570 2402 623 liberata.
2427 577 2671 625 Erubesci-

544 671 651 702 mus
684 654 746 700 ad
779 652 923 700 verba
952 670 1058 717 quae
1091 653 1294 700 dicimus
1329 655 1506 702 caeteris
1532 655 1782 723 meliores3
1810 672 1962 720 quum
1993 666 2153 703 autem
2179 657 2228 702 in
2254 656 2484 704 electione
2509 668 2671 705 nostra

544 734 685 781 rebus
711 734 824 799 ipsis
848 733 943 780 hoc
969 733 1218 781 exhibetur
1240 771 1252 793 ‚
1283 735 1588 800 impudenter
1615 737 1716 783 sine
1744 736 1931 801 pudore
1957 753 2137 783 sumus.
2176 737 2294 794 Quis
2329 738 2458 784 enim
2494 738 2673 785 nesciat

543 813 762 860 meliores
787 814 964 860 caeteris
990 814 1350 879 praeferendos?
1379 816 1516 863 Unde
1541 816 1624 863 lib.
1656 817 1915 863 Moralium
1940 820 2088 864 XXIV
2106 820 2118 843 ¹
2142 836 2153 864 ι
2181 837 2205 862 «
2225 821 2330 864 Non
2351 818 2494 866 debet
2512 829 2671 867 autem

542 893 796 941 hominum
829 894 1056 941 ducatum
1082 895 1350 961 suscipere,
1379 898 1462 961 qui
1487 898 1637 944 nescit
1660 897 1883 944 homines
1914 897 2038 944 bene
2065 897 2374 945 admonendo
2406 899 2667 964 increpare.

542 975 636 1033 Qui
662 975 723 1022 ad
745 975 840 1022 hoc
865 975 1051 1040 eligitur
1076 986 1129 1023 ut
1155 976 1358 1023 aliorum
1383 977 1547 1042 culpas
1571 979 1806 1042 corrigat,
1834 978 1966 1042 quod
1988 979 2189 1025 resecari
2213 978 2378 1026 debuit
2412 980 2512 1045 ipse
2536 995 2671 1026 com-

543 1056 712 1102 mittat.
741 1074 763 1100 »
793 1059 847 1102 In
872 1073 968 1120 qua
996 1067 1155 1104 tamen
1183 1057 1414 1104 electione
1439 1059 1478 1104 si
1506 1058 1627 1105 forte
1657 1058 1784 1105 hanc
1809 1058 2156 1123 impudentiam
2180 1059 2438 1124 aliquando
2457 1059 2548 1106 levi
2572 1076 2675 1107 ver-

542 1136 716 1184 borum
739 1137 926 1202 repulsa
943 1174 955 1198 ,
984 1148 1143 1186 tamen
1169 1156 1256 1204 per
1278 1155 1415 1185 aures
1441 1138 1651 1185 oblatam
1676 1156 1950 1187 recusamus
1976 1139 2251 1204 dignitatem
2266 1176 2278 1199 ,
2309 1138 2434 1186 hanc
2458 1139 2673 1205 profecto

543 1218 593 1264 in
625 1234 714 1265 nos
745 1219 1096 1266 accusationem
1121 1219 1434 1284 proferimus,
1476 1237 1573 1283 quo
1598 1220 1822 1283 justiores
1848 1230 1894 1267 et
1919 1220 2160 1284 digniores
2189 1220 2453 1267 videamur.
2489 1222 2532 1267 O
2556 1230 2675 1285 quot

543 1299 592 1344 in
631 1298 861 1346 electione
895 1316 979 1346 sua
1006 1299 1119 1347 flere
1153 1300 1360 1347 vidimus
1391 1316 1596 1366 corpore
1626 1311 1674 1348 et
1713 1301 1869 1348 ridere
1894 1299 2072 1348 corde!
2117 1317 2338 1349 accusare
2363 1318 2413 1348 se
2446 1311 2674 1365 tanquam

544 1379 794 1443 indignos,
838 1390 885 1426 et
917 1397 1004 1445 per
1033 1380 1127 1427 hoc
1154 1380 1350 1444 gratiam
1385 1380 1474 1427 sibi
1504 1391 1551 1428 et
1575 1381 1787 1428 favorem
1819 1381 2088 1428 humanum
2113 1382 2261 1445 magis
2290 1379 2483 1428 venari!
2526 1390 2675 1429 atten-

546 1460 712 1508 dentes
739 1460 872 1524 quod
896 1461 1125 1526 scriptum
1150 1471 1220 1508 est
1240 1463 1253 1484 ²
1274 1479 1283 1508 :
1312 1481 1334 1506 «
1356 1464 1378 1507 J
1384 1471 1512 1508 ustus
1528 1462 1661 1526 prior
1680 1471 1928 1508 accusator
1946 1471 2015 1508 est
2032 1461 2120 1507 sui.
2143 1480 2167 1505 »
2189 1464 2322 1518 Quos
2341 1471 2507 1525 postea
2524 1477 2674 1525 quum

546 1542 757 1588 accusari
782 1542 1079 1605 contingeret
1098 1578 1110 1600 ,
1147 1551 1192 1588 et
1217 1559 1267 1588 se
1297 1542 1362 1588 eis
1388 1542 1575 1588 occasio
1610 1541 1814 1588 cedendi
1839 1542 2057 1601 offerret,
2086 1541 2493 1606 importunissime
2519 1551 2566 1588 et
2588 1541 2676 1588 im·

548 1621 890 1684 pudentissime
914 1638 1048 1668 suam
1074 1621 1162 1668 sibi
1189 1621 1514 1686 praelationem
1538 1621 1795 1668 defendere
1820 1622 2067 1681 nituntur,
2097 1638 2243 1685 quam
2261 1638 2310 1668 se
2329 1621 2503 1667 invitos
2520 1636 2676 1669 susce-

545 1702 670 1765 pisse
703 1701 824 1749 fictis
855 1702 1074 1765 lacrymis
1114 1712 1160 1749 et
1185 1703 1308 1749 veris
1334 1701 1715 1749 accusationibus
1745 1703 1818 1749 sui
1848 1712 2249 1750 monstraverant.
2281 1704 2412 1759 Quot
2438 1702 2488 1748 in
2525 1700 2676 1749 eccle·
2724 1761 2730 1765 .

548 1783 626 1829 siis
652 1782 857 1829 vidimus
882 1784 1139 1830 canonicos
1165 1783 1399 1848 episcopis
1424 1784 1519 1830 suis
1545 1783 1858 1843 reluctantes,
1888 1800 2037 1848 quum
2059 1783 2120 1830 ab
2138 1784 2205 1831 eis
2224 1783 2285 1830 ad
2304 1800 2463 1830 sacros
2483 1782 2677 1830 ordines

549 1874 861 1928 cogerentur,
904 1874 950 1911 et
993 1881 1042 1911 se
1084 1863 1307 1928 indignos
1348 1865 1490 1911 tantis
1532 1864 1802 1911 ministeriis
1837 1863 2145 1930 profitentes,
2192 1880 2282 1910 nec
2315 1864 2516 1910 omnino
2557 1863 2677 1912 velle

549 1945 846 2009 acquiescere
862 1945 881 1990 Ξ)
895 1961 1017 2009 quos
1030 1962 1181 2009 quum
1197 1945 1317 1991 forte
1337 1944 1490 1991 clerus
1509 1944 1570 1991 ad
1590 1945 1916 2010 episcopatum
1929 1944 2243 2010 postmodum
2262 1943 2473 2008 eligeret,
2495 1943 2676 1991 nullam

550 2023 630 2074 aut
655 2026 809 2073 levem
836 2043 1088 2091 perpessus
1114 2035 1184 2072 est
1211 2025 1466 2090 repulsam.
1500 2028 1555 2071 Et
1580 2026 1661 2089 qui
1686 2025 1822 2084 heri,
1853 2026 1975 2072 sicut
2003 2025 2218 2084 aiebant,
2248 2026 2416 2072 animae
2441 2041 2535 2071 suae
2559 2024 2679 2089 peri-

551 2107 714 2155 culum
753 2107 984 2165 vitantes,
1014 2106 1320 2152 diaconatum
1346 2105 1670 2169 refugiebant,
1708 2106 1808 2169 jam
1836 2107 1970 2170 quasi
2007 2122 2103 2152 una
2133 2115 2274 2152 nocte
2305 2103 2578 2168 justificati,
2615 2103 2677 2151 de

549 2187 715 2234 altiore
750 2186 898 2250 gradu
933 2186 1243 2251 praecipitium
1280 2201 1380 2231 non
1406 2195 1645 2232 verentur.
1675 2189 1746 2232 De
1772 2185 1992 2249 qualibus
2018 2185 2213 2250 quidem
2238 2186 2286 2232 in
2312 2185 2425 2249 ipsis
2447 2185 2677 2249 scriptum
2730 2184 2732 2186 ’

550 2277 620 2315 est
631 2265 894 2313 Proverbiis
907 2268 921 2290 ³
939 2283 949 2311 :
974 2286 996 2311 «
1014 2269 1172 2312 Homo
1192 2265 1360 2311 stultus
1376 2264 1574 2330 plaudet
1589 2265 1827 2324 manibus,
1852 2282 2002 2329 quum
2019 2264 2334 2330 spoponderit
2352 2281 2440 2329 pro
2460 2265 2631 2311 amico.
2652 2283 2675 2308 n

549 2350 680 2395 Tunc
699 2347 828 2394 enim
853 2346 996 2394 miser
1021 2346 1196 2410 gaudet
1220 2345 1350 2392 unde
1373 2345 1534 2410 potius
1558 2345 1603 2392 ei
1625 2345 1889 2409 lugendum
1913 2355 2056 2405 esset,
2080 2362 2231 2409 quum
2250 2344 2312 2391 ad
2330 2345 2540 2408 regimen
2559 2344 2677 2392 alio·

550 2445 658 2475 rum
681 2427 877 2475 veniens
902 2427 951 2473 in
980 2443 1094 2473 cura
1119 2426 1442 2489 subjectorum
1471 2425 1665 2490 propria
1696 2425 1991 2490 professione
2023 2421 2194 2489 ligatur
2213 2461 2225 2484 ,
2267 2441 2294 2470 a
2325 2423 2498 2488 quibus
2531 2413 2679 2489 magis

549 2508 697 2554 amari
732 2523 878 2571 quam
916 2507 1073 2554 timeri
1102 2506 1260 2554 debet.
1291 2506 1377 2553 Cui
1413 2505 1628 2571 profecto
1653 2505 1930 2571 pestilentiae
1963 2515 2197 2569 quantum
2231 2521 2487 2569 possumus
2520 2506 2681 2570 provi-

550 2587 717 2635 dentes
755 2588 957 2635 omnino
1004 2587 1333 2634 interdicimus
1353 2622 1366 2646 ,
1410 2603 1472 2633 ne
1513 2585 1758 2634 delicatius
1797 2596 1879 2633 aut
1917 2586 2108 2633 mollius
2144 2587 2271 2633 vivat
2312 2585 2503 2650 praelata
2534 2602 2680 2651 quam

549 2668 760 2732 subjecta
792 2687 801 2714 :
839 2685 900 2715 ne
938 2668 1150 2733 privatos
1185 2667 1360 2714 habeat
1383 2683 1594 2714 secessus
1624 2667 1687 2714 ad
1715 2666 2069 2714 comedendum
2096 2666 2170 2713 vel
2195 2666 2535 2713 dormiendum
2553 2703 2565 2726 ‚
2595 2667 2679 2715 sed

548 2766 659 2796 cum
685 2749 773 2795 sibi
797 2749 1055 2796 commisso
1075 2765 1215 2812 grege
1231 2757 1403 2794 cuncta
1421 2757 1643 2812 peragat,
1667 2757 1713 2794 et
1731 2757 1863 2794 tanto
1890 2748 1957 2794 eis
1981 2747 2184 2811 amplius
2205 2746 2476 2812 provideat,
2499 2757 2679 2811 quanto

550 2830 615 2877 eis
635 2830 838 2895 amplius
865 2846 1071 2895 praesens
1100 2829 1296 2876 assistet.
1330 2828 1516 2875 Scimus
1546 2827 1742 2892 quidem
1760 2828 1953 2874 beatum
1980 2827 2290 2875 Benedictum
2308 2828 2321 2851 ⁴
2338 2826 2400 2874 de
2418 2828 2680 2892 peregrinis

551 2921 598 2958 et
618 2911 886 2976 hospitibus
913 2911 1118 2957 maxime
1143 2910 1422 2969 sollicitum,
1456 2926 1672 2957 mensam
1691 2909 1875 2957 abbatis
1888 2926 1999 2956 cum
2021 2909 2110 2956 illis
2129 2926 2344 2956 seorsum
2361 2896 2674 2959 constituisse.

552 2992 696 3049 Quod
721 2992 831 3039 licet
864 3002 978 3039 tunc
1011 2992 1089 3057 pie
1125 2992 1184 3038 sit
1219 2991 1560 3051 constitutum,
1604 3001 1771 3055 postea
1803 3001 1962 3038 tamen
1998 2991 2244 3038 utilissima
2281 2991 2680 3050 monasteriorum

554 3071 908 3136 dispensatione
936 3073 1001 3119 ita
1031 3082 1102 3119 est
1128 3072 1465 3131 immutatum,
1491 3081 1543 3118 ut
1570 3070 1716 3118 abbas
1742 3087 1769 3117 a
1793 3082 2035 3119 conventu
2057 3088 2156 3118 non
2181 3070 2372 3118 recedat
2391 3107 2403 3130 ,
2425 3081 2472 3117 et
2490 3069 2681 3118 fidelem

555 3152 930 3218 dispensatorem
969 3154 1230 3219 peregrinis
1268 3152 1534 3218 provideat.
1564 3153 1728 3200 Facilis
1759 3153 1939 3218 quippe
1965 3163 2036 3199 est
2064 3153 2187 3200 inter
2222 3151 2385 3217 epulas
2415 3151 2601 3217 lapsus,
2635 3162 2682 3199 et

603 3332 612 3349 ⁴
639 3332 744 3365 Locus
761 3338 949 3375 corruptus,
968 3332 1014 3364 sic
1030 3332 1247 3365 restituendus
1265 3346 1273 3365 z
1293 3346 1307 3362 α
1324 3332 1393 3365 Non
1415 3339 1520 3365 autem
1537 3331 1598 3364 de·
1643 3333 1678 3365 S.
1700 3332 1846 3374 Gregorii
1876 3333 2008 3367 Moe-al..
2040 3330 2094 3362 lib.
2122 3330 2235 3369 xxw,
2264 3340 2337 3372 cap.
2369 3342 2447 3369 xxv,
2482 3331 2563 3371 Opp.
2593 3338 2604 3363 t
2646 3331 2679 3370 l.

558 3390 613 3421 bet
628 3389 794 3421 hominum
809 3389 961 3421 ducatum
976 3389 1156 3432 suscipere,
1168 3391 1220 3433 qui
1238 3390 1342 3422 nescit
1353 3390 1500 3422 homines
1515 3388 1598 3422 bene
1644 3389 1708 3422 col.
1722 3387 1862 3421 786.—¹
1878 3390 1991 3422 Prov..
2010 3398 2083 3429 cap.
2099 3397 2173 3418 xviii
2187 3412 2194 3424 ,
2209 3398 2238 3418 v.
2260 3385 2370 3418 17.—³
2386 3387 2501 3425 Prov..
2513 3397 2585 3430 cap.
2601 3397 2679 3425 xvn.

560 3446 696 3478 vivendo
722 3446 838 3487 praeire
854 3459 861 3477 :
878 3456 919 3477 nc
939 3445 991 3489 qui
1012 3446 1054 3477 ad
1078 3446 1140 3478 hoc
1161 3447 1305 3489 eligitur,
1322 3454 1356 3479 ut
1372 3447 1509 3479 aliorum
1529 3446 1600 3478 cul·
1644 3457 1676 3478 v.
1697 3448 1746 3479 18.
1767 3464 1806 3469 —
1824 3445 1836 3461 ⁴
1855 3445 1980 3487 chul.‚
1998 3454 2071 3484 cap.
2091 3454 2150 3474 tw.

562 3512 618 3543 pas
647 3503 807 3544 corrigat,
831 3501 918 3545 quod
945 3512 1094 3535 resecare
1123 3502 1255 3543 debuit,
1280 3503 1349 3545 ipse
1375 3502 1564 3536 committat.
1585 3516 1599 3530 ι
