2970 4152
538 423 634 470 372
1341 423 1511 471 PETRI
1546 425 1859 473 ABAELARDI

537 518 658 564 Hinc
674 517 802 565 enim
814 518 1043 582 scriptum
1062 527 1154 577 est,
1178 519 1388 566 Domino
1406 519 1466 566 ad
1484 519 1721 567 Abraham
1738 519 1950 566 dicente¹
1973 536 1982 563 ε
2011 536 2033 561 «
2055 518 2266 564 Statuam
2282 528 2475 583 pactum
2494 532 2655 567 meum

536 597 658 645 inter
683 614 783 657 me,
814 607 932 657 etc.,
962 607 1009 645 et
1032 597 1155 645 inter
1179 615 1341 646 semen
1369 609 1504 647 tuum
1527 610 1636 665 post
1663 610 1709 647 te
1736 600 1785 646 in
1813 596 2198 663 generationibus
2216 598 2312 645 suis
2332 599 2507 647 foedere
2531 616 2654 647 sem—

535 677 749 741 piterno;
781 687 831 723 ut
854 677 943 724 sim
969 680 1096 725 Deus
1122 688 1254 739 tuuS,
1283 688 1329 726 et
1354 680 1546 727 seminis
1574 680 1643 727 tui
1671 689 1780 744 post
1813 689 1874 725 te.
1915 677 2148 742 Daboque
2173 676 2258 724 tibi
2292 688 2339 724 et
2371 679 2540 725 semini
2571 689 2654 726 tuo

535 767 708 804 terram
726 759 1116 823 peregrinationis
1136 769 1243 806 tuae.
1272 779 1295 804 »
1329 763 1388 807 Et
1415 763 1600 807 rursus2
1623 780 1632 805 ε
1662 779 1686 805 «
1706 762 1765 805 Et
1790 769 1838 806 tu
1863 775 1974 822 ergo
2001 758 2454 823 custodies-pactum
2474 752 2662 819 meum,¹

536 847 581 883 et
606 854 768 885 semen
800 847 934 885 tuum
958 849 1066 904 post
1087 850 1131 886 te
1152 839 1201 886 in
1222 840 1606 904 generationibus
1631 840 1742 886 suis.
1782 842 1885 886 Hoe
1909 848 2010 899 est,
2039 838 2171 903 quod
2199 838 2510 887 observabitis
2535 840 2656 887 inter

536 934 611 964 me
628 929 673 965 et
691 935 798 979 vos,
819 929 865 966 et
883 936 1044 966 semen
1066 930 1202 967 tuum
1220 932 1328 987 post
1346 931 1407 969 te.
1438 920 1815 968 Circumcidetur
1834 937 1890 966 ex
1910 919 2046 966 vobis
2072 936 2216 966 omne
2246 920 2585 980 masculinum,
2609 931 2656 968 et

532 998 877 1046 circumcidetis
901 1017 1093 1047 carnem
1115 1003 1331 1067 praeputii
1351 1003 1493 1050 vestri
1517 1021 1525 1048 :
1555 1012 1607 1048 ut
1636 1001 1694 1048 sit
1723 1002 1771 1047 in
1798 1001 1987 1065 signum
2011 1000 2199 1047 foederis
2222 1000 2346 1053 inter
2370 1017 2447 1047 me
2475 1010 2522 1048 et
2546 1016 2649 1047 vos.

531 1078 688 1127 Infans
713 1091 823 1127 octo
843 1081 1029 1128 dierum
1048 1082 1417 1130 circumcidetur
1432 1084 1479 1129 in
1501 1082 1638 1129 vobis
1652 1118 1664 1142 ,
1688 1098 1832 1129 omne
1852 1081 2241 1128 masculinumin
2268 1080 2654 1144 generationibus

531 1160 710 1206 vestris.
740 1164 854 1207 Tam
880 1162 1159 1209 vernaculus
1184 1180 1330 1227 quam
1357 1163 1598 1228 emptitius
1623 1161 2015 1226 circumcidetur,
2040 1171 2086 1208 et
2104 1161 2378 1225 quicunque
2396 1177 2494 1207 non
2516 1161 2655 1208 fuerit

530 1239 591 1286 de
610 1240 754 1305 stirpe
779 1251 932 1288 vestra
955 1261 964 1288 z
988 1243 1170 1307 eritque
1189 1253 1383 1308 pactum
1407 1259 1568 1290 meum
1585 1243 1633 1288 in
1654 1258 1795 1288 carne
1819 1258 1926 1287 mea
1945 1242 1994 1287 in
2015 1240 2168 1287 foedus
2192 1250 2439 1287 aeternum.
2474 1243 2655 1288 Mascu-

529 1319 619 1380 lus,
647 1321 782 1384 cujus
806 1323 1023 1388 praeputii
1050 1339 1161 1369 caro
1187 1324 1465 1370 circumcisa
1485 1339 1582 1369 non
1609 1322 1772 1380 fuerit,
1795 1321 1969 1386 peribit
1988 1321 2195 1368 animam
2222 1321 2350 1367 illam
2379 1320 2439 1367 de
2470 1321 2654 1387 populo
2724 1368 2727 1370 .

529 1416 643 1460 suo,
673 1402 784 1464 quia
806 1412 999 1466 pactum
1019 1419 1180 1451 meum
1199 1403 1384 1450 irritum
1401 1403 1524 1451 fecit.
1553 1421 1576 1446 »
1599 1406 1665 1449 -Et
1685 1412 1796 1468 post
1820 1402 2002 1466 aliqua³
2026 1419 2036 1447 ε
2068 1420 2092 1447 «
2114 1403 2227 1448 Sara
2253 1417 2372 1448 uxor
2397 1411 2478 1448 tua
2502 1402 2654 1467 pariet

529 1479 615 1526 tibi
634 1480 806 1541 filium,
827 1481 1114 1546 vocabisque
1134 1499 1312 1530 nomen
1332 1483 1432 1546 ejus
1450 1486 1594 1529 Isaac.
1626 1485 1683 1529 Et
1709 1482 1995 1529 constituam
2013 1490 2207 1546 pactum
2227 1497 2388 1527 meum
2408 1480 2475 1527 illi
2500 1481 2550 1527 in
2578 1481 2657 1529 foe-

528 1559 617 1607 dus
635 1562 1001 1626 sempiternum,
1027 1574 1071 1610 et
1090 1563 1252 1610 femini
1269 1563 1369 1627 ejus
1388 1573 1497 1627 post
1513 1580 1640 1610 eum.
1660 1564 1812 1627 Super
1828 1561 1998 1608 Ismael
2014 1577 2209 1625 quoque
2226 1561 2445 1608 exaudivi
2461 1571 2523 1620 te,
2546 1577 2655 1608 ecce

525 1641 806 1688 benedicam
835 1642 903 1702 ei,
932 1653 978 1690 et
1005 1643 1332 1708 multiplicabo
1361 1660 1471 1690 eum
1501 1642 1654 1689 valde.
1683 1645 1880 1689 Pactum
1898 1657 2013 1688 vero
2036 1657 2197 1688 meum
2225 1651 2426 1688 statuam
2455 1644 2600 1698 lsaac.
2630 1661 2652 1685 υ

527 1723 680 1778 Quem
706 1722 902 1786 quidem
929 1726 1055 1770 Isaac
1074 1723 1230 1770 solum
1266 1723 1327 1770 ad
1359 1740 1522 1770 semen
1553 1721 1751 1769 Abrahae
1774 1721 2040 1787 pertinere,
2075 1720 2386 1786 postmodum
2420 1721 2656 1768 Dominus

523 1812 739 1866 patenter
761 1804 1010 1865 indicavit,
1035 1803 1200 1851 dicens
1218 1807 1231 1829 ⁴
1260 1823 1270 1851 :
1307 1824 1328 1849 «
1351 1805 1474 1862 Quia
1493 1804 1541 1850 in
1563 1807 1691 1851 Isaac
1723 1802 1972 1850 vocabitur
1998 1801 2084 1849 tibi
2111 1818 2300 1850 semen.v
2317 1820 2340 1846 >›
2368 1805 2504 1849 Juxta
2524 1802 2656 1866 quod

526 1884 666 1930 etiam
684 1873 839 1950 ipsum
867 1888 995 1933 Isaac
1019 1895 1159 1933 vocat
1183 1885 1482 1950 unigenitum
1508 1884 1729 1944 Abrahae,
1769 1883 1958 1932 dicens*⁵
1980 1902 1990 1930 ε
2023 1902 2047 1928 <‹
2067 1883 2189 1941 Quia
2209 1882 2358 1929 fecisti
2378 1899 2479 1930 rem
2501 1882 2651 1942 hanc,

528 1974 573 2010 et
599 1981 697 2011 non
729 1966 982 2031 pepercisti
1009 1965 1104 2013 filio
1126 1976 1210 2013 tuo
1242 1966 1514 2030 unigenito,
1545 1975 1634 2012 etc.
1665 1983 1687 2009 »
1726 1967 1923 2011 Constat
1946 1964 2105 2029 itaque
2130 1964 2373 2010 neminem
2399 1963 2656 2010 circumci-

528 2045 671 2091 sionis
695 2056 933 2112 praecepto
953 2047 1238 2111 constringi,
1267 2047 1357 2094 nisi
1385 2045 1623 2093 Abraham
1640 2062 1749 2093 cum
1771 2046 1952 2093 semine
1972 2062 2083 2106 suo,
2107 2055 2154 2092 et
2177 2044 2251 2091 his
2270 2045 2352 2109 qui
2372 2044 2434 2091 ad
2454 2043 2656 2091 domum

526 2125 599 2171 vel
627 2127 974 2190 possessionem
1000 2144 1169 2175 eorum
1199 2128 1454 2193 pertinent.
1491 2127 1636 2191 Cujus
1663 2126 1860 2192 quidem
1881 2126 2253 2174 circumcisionis
2277 2142 2468 2173 causam
2487 2125 2655 2172 Domi—

525 2222 616 2253 nus
633 2223 825 2272 quoque
844 2209 1155 2270 interserens,
1183 2210 1246 2256 ait
1261 2211 1274 2234 ⁶
1297 2228 1305 2256 :
1331 2213 1432 2256 «Ut
1456 2209 1516 2256 sit
1539 2209 1588 2255 in
1615 2209 1803 2273 signum
1828 2207 2016 2255 foederis
2039 2208 2163 2255 inter
2187 2224 2264 2255 me
2289 2217 2337 2254 et
2361 2224 2506 2255 vos.»
2530 2210 2595 2254 Ac
2613 2207 2654 2254 si

526 2296 686 2350 aperte
716 2288 870 2335 dicat:
896 2292 1002 2336 Non
1022 2300 1076 2336 ut
1093 2307 1178 2337 vos
1198 2290 1316 2336 mihi
1341 2289 1538 2341 foederet
1565 2300 1707 2354 atque
1733 2290 1926 2354 jungat,
1956 2288 2039 2336 sed
2060 2298 2111 2336 ut
2129 2288 2384 2336 foederatos
2413 2287 2649 2336 ostendat.

527 2367 721 2414 Rufinus
742 2386 934 2434 quoque
948 2406 960 2430 ,
974 2370 1109 2434 juxta
1128 2372 1385 2435 Origenem
1402 2370 1652 2436 epistolam
1671 2370 1805 2417 Pauli
1821 2370 1888 2417 acl
1900 2374 2138 2417 Romanos
2156 2385 2419 2434 exponens,
2440 2369 2653 2416 occasio-

523 2464 635 2495 nem
655 2449 795 2512 hujus
814 2452 1036 2516 praecepti
1062 2452 1122 2498 de
1145 2452 1504 2499 circumcisione
1530 2452 1638 2499 facti
1663 2462 1758 2499 tam
1778 2453 1825 2498 in
1846 2452 1940 2499 hoc
1965 2467 2111 2516 quam
2134 2451 2183 2497 in
2207 2451 2374 2498 ceteris
2399 2449 2650 2514 diligenter

520 2531 724 2595 assignat
752 2549 807 2579 ex
833 2532 1160 2599 verbis‘ipsius
1194 2534 1332 2599 legis,
1364 2552 1468 2599 quae
1497 2544 1731 2599 praecepta
1770 2534 1871 2598 ejus
1919 2533 1982 2580 ad
2019 2532 2147 2580 solos
2188 2532 2397 2591 Judaeos,
2439 2549 2545 2596 quae
2584 2531 2653 2579 ad»

519 2629 688 2660 omnes
708 2614 986 2677 generaliter
1003 2614 1224 2663 homines
1243 2616 1528 2681 pertineant.
1551 2636 1574 2660 «
1588 2616 1926 2675 Discutiamus,
1941 2615 2133 2679 inquit⁷,
2159 2623 2320 2660 utrum
2336 2612 2431 2660 hoc
2450 2612 2651 2660 manda-

524 2702 623 2739 tum
641 2694 783 2740 etiam
802 2710 900 2754 eos,
924 2696 1007 2760 qui
1027 2712 1080 2742 ex
1105 2695 1321 2760 gentibus
1339 2695 1658 2756 crediderant,
1678 2696 1985 2760 constringat..
2008 2697 2263 2759 Nunquam
2281 2693 2388 2740 fecit
2404 2692 2644 2758 proselyti,

520 2774 570 2821 id
586 2784 655 2822 est
672 2775 866 2823 advenae
887 2778 1183 2825 mentionem
1205 2797 1214 2824 :
1236 2778 1321 2825 sed
1341 2777 1651 2825 vernaculum
1667 2794 1859 2825 servum
1875 2776 1951 2824 vel
1967 2776 2121 2841 pretio
2143 2784 2358 2839 emptum
2376 2771 2654 2820 circumcidi

514 2855 675 2918 jubet,
710 2871 808 2902 non
840 2856 1060 2905 liberum.
1099 2862 1455 2905 Perscrutemur
1486 2875 1599 2922 ergo
1633 2859 1823 2904 Levitici
1847 2857 2058 2922 legem⁸z
2092 2874 2114 2900 «
2138 2858 2378 2919 Loquere,
2402 2873 2425 2898 »
2472 2853 2647 2918 inquit,

524 2959 546 2983 «
571 2938 676 2985 filiis
707 2939 870 3000 lsrael,
900 2950 947 2987 et
965 2940 1094 2987 dices
1113 2939 1174 2987 ad
1190 2956 1300 2987 eos:
1330 2939 1497 2986 Mulier
1523 2939 1561 2986 si
1585 2939 1770 3004 peperit
1794 2938 2083 2997 masculum,
2113 2945 2277 2984 octava
2305 2935 2383 2982 die
2401 2935 2646 2982 circumci-

524 3040 545 3064 «
570 3020 733 3080 detur,
761 3030 851 3067 etc.
877 3040 899 3064 υ
926 3023 1200 3068 Intueamur
1219 3019 1387 3079 ethic,
1417 3018 1828 3084 quemadmodum
1848 3018 1909 3065 de
1928 3018 2030 3083 lege
2056 3016 2427 3064 circumcisionis
2458 3025 2643 3063 tantum

522 3101 582 3147 ad
607 3101 728 3148 filios
748 3102 888 3150 Israel
907 3105 1077 3149 Mo'ises
1095 3100 1457 3166 loquijubetur,
1486 3110 1532 3148 et
1553 3100 1925 3165 alienigenarum
1955 3100 2084 3147 nulla
2107 3099 2166 3146 sit
2188 3098 2369 3145 mentio
2391 3119 2401 3145 2
2428 3115 2578 3162 quum
2600 3097 2649 3143 in

522 3181 806 3243 quibusdam
830 3183 1064 3230 mandatis
1089 3199 1190 3229 non
1216 3181 1371 3229 solum
1391 3181 1497 3229 filiis
1514 3181 1657 3230 Israel
1673 3217 1685 3240 ,
1709 3181 1793 3228 sed
1811 3191 1857 3229 et
1872 3181 2144 3247 proselytis,
2168 3180 2218 3227 id
2241 3190 2311 3227 est
2335 3179 2531 3227 advenis
2545 3214 2559 3239 ,
2581 3177 2650 3224 lo·

524 3273 716 3324 quatur,
751 3265 1016 3311 necessario
1036 3265 1200 3329 utique
1220 3263 1518 3312 observanda
1535 3263 1774 3311 distinctio
1793 3273 1886 3324 est,
1917 3264 2028 3328 quia
2051 3264 2171 3311 sicut
2187 3261 2440 3309 ibidicitur
2468 3280 2476 3305 :
2511 3281 2533 3306 «
2557 3263 2649 3306 Lo-

568 3465 577 3481 ¹
606 3466 733 3504 Genes„
760 3476 833 3508 cap.
857 3478 921 3500 xvn
936 3492 945 3507 ‚
964 3478 993 3501 v„
1015 3469 1046 3499 7.
1063 3486 1103 3491 —
1121 3467 1133 3485 ²
1152 3468 1248 3507 lbid.,
1268 3480 1297 3502 v.
1321 3470 1351 3501 9.
1369 3487 1408 3492 -
1424 3468 1436 3485 ³
1455 3468 1554 3509 lbid.,
1609 3478 1641 3500 v.
1673 3468 1723 3500 12.
1741 3484 1785 3492 —
1802 3466 1815 3484 ⁰
1833 3467 1961 3506 Genes..
1987 3476 2060 3509 cap.
2091 3475 2179 3505 xvu,
2210 3474 2240 3496 v.
2275 3466 2326 3496 11.
2347 3480 2391 3489 --
2407 3463 2417 3481 ⁷
2438 3464 2517 3507 Opp.
2541 3469 2564 3496 t.
2592 3462 2646 3503 tv,

522 3534 551 3555 v.
574 3523 676 3554 ¹9.-
692 3521 705 3538 ⁴
722 3521 848 3561 Genes.,
868 3533 942 3567 cap.
957 3535 1032 3564 xxi,
1051 3534 1081 3557 v.
1100 3526 1149 3557 12.
1163 3525 1225 3549 —n
1238 3526 1364 3563 Genes„
1382 3536 1456 3569 cap.
1471 3535 1554 3567 xxn,
1608 3535 1640 3569 p.
1661 3525 1722 3556 491
1744 3530 1776 3557 et
1792 3533 1844 3567 sq.
1861 3541 1903 3548 —-
1920 3521 1933 3540 ⁸
1950 3523 2064 3562 Levia,
2079 3531 2153 3564 cap.
2169 3531 2235 3561 xn,
2249 3531 2281 3554 v.
2304 3521 2356 3553 1⁶2.
