2970 4152
456 462 552 509 204
1040 456 1210 502 PETRI
1246 454 1560 503 ABAELARDI
1596 455 1669 502 ET
1701 453 2003 501 HELOISSAE

458 573 544 622 per
578 571 628 602 se
648 590 659 614 ,
703 569 802 600 non
837 569 862 599 a
897 542 1000 598 Deo
1040 551 1169 598 missi
1189 587 1201 610 ,
1247 550 1323 597 vel
1366 560 1667 616 expectantes
1704 560 1757 596 ut
1801 565 1888 613 pro
1938 548 2005 595 eis
2052 544 2321 594 mandetur.
2368 548 2575 596 Joannes

461 634 663 700 Baptista
689 634 910 698 princeps
943 641 1131 691 noster,
1161 630 1239 678 cui
1271 629 1574 696 pontificatus
1605 628 1876 677 haereditate
1909 626 2110 674 cedebat
2129 662 2141 686 ,
2179 626 2326 674 semel
2361 627 2422 674 ab
2458 627 2576 674 urbe

458 715 647 762 recessit
673 712 732 759 ad
761 712 1064 771 heremum¹,
1097 709 1427 777 pontificatum
1449 711 1625 758 scilicet
1651 727 1740 776 pro
1765 708 2052 756 monachatu
2071 744 2083 768 ,
2110 707 2320 755 civitates
2353 725 2443 774 pro
2469 708 2578 756 soli·

458 795 623 842 tudine
659 793 899 841 deserens.
933 795 987 840 Et
1013 792 1075 839 ad
1107 808 1218 839 eum
1257 792 1465 858 populus
1494 791 1677 850 exibat,
1711 807 1800 838 nec
1836 791 1938 855 ipse
1969 788 2032 836 ad
2063 788 2299 855 populum
2331 788 2573 837 introibat.

458 877 550 934 Qui
577 893 727 940 quum
752 886 910 923 tantus
935 884 1056 922 esset
1081 884 1132 921 ut
1154 874 1365 921 Christus
1397 874 1697 932 crederetur,
1730 882 1776 920 et
1805 872 1948 919 nulla.
1966 872 2015 919 in
2041 871 2309 918 civitatibus
2344 872 2580 935 corrigere

457 967 615 1021 posset
638 975 647 1003 :
670 957 718 1003 in
739 956 820 1003 illo
840 956 940 1020 jam
964 965 1064 1003 erat
1082 955 1256 1003 lectulo
1274 991 1286 1015 ,
1317 955 1446 1002 unde
1462 955 1670 1020 pulsanti
1699 953 1873 1001 dilecto
1893 952 2186 1018 respondere
2204 962 2397 1016 paratus
2412 961 2513 999 erat
2529 954 2543 977 ²
2565 971 2575 998 :

460 1059 483 1083 «
505 1038 749 1104 Expoliavi
774 1055 851 1085 me
872 1038 1031 1085 tunica
1054 1054 1160 1085 mea
1177 1074 1189 1098 ,
1217 1037 1465 1102 quomodo
1490 1037 1663 1085 induar
1686 1036 1800 1084 illa?
1831 1036 1943 1083 Lavi
1969 1035 2116 1101 pedes
2142 1052 2301 1095 meos,
2331 1033 2581 1099 quomodo

457 1117 720 1183 inquinabo
745 1117 887 1165 illos?
909 1137 932 1162 »
962 1118 1186 1182 Quisquis
1211 1118 1370 1182 itaque
1394 1118 1566 1182 quietis
1588 1117 1861 1164 monasticae
1888 1126 2123 1163 secretum
2147 1114 2402 1174 desiderat,
2431 1114 2584 1162 lectu-

457 1198 557 1246 lum
582 1199 730 1263 magis
755 1215 899 1263 quam
925 1198 1101 1245 lectum
1121 1215 1171 1245 se
1194 1197 1371 1245 habere
1388 1197 1606 1262 gaudeat.
1640 1216 1663 1242 «
1684 1200 1754 1244 De
1773 1196 1896 1244 lecto
1918 1215 1941 1240 ι)
1970 1196 2148 1261 quippe
2165 1232 2177 1255 ,
2206 1204 2259 1242 ut
2273 1195 2457 1242 Veritas
2472 1195 2536 1241 ait
2549 1196 2578 1253 ³,

462 1299 482 1324 α
509 1297 631 1327 unus
655 1289 946 1339 assumetur,
977 1289 1023 1326 et
1047 1279 1165 1326 alter
1198 1278 1509 1343 relinquetur.
1538 1297 1560 1322 »
1599 1277 1846 1325 Lectulum
1872 1293 1986 1325 vero
2016 1293 2202 1341 sponsae
2227 1293 2326 1323 esse
2347 1275 2548 1339 legimus
2567 1311 2579 1334 ,

458 1360 508 1407 id
534 1371 604 1408 est
632 1362 800 1408 animae
837 1360 1215 1426 contemplativae
1239 1361 1427 1407 Christo
1465 1360 1639 1407 arctius
1664 1359 1924 1424 copulatae,
1963 1368 2011 1406 et
2040 1374 2230 1405 summo
2263 1357 2311 1407 ei
2346 1355 2583 1404 desiderio

457 1441 755 1489 adhaerentis.
799 1445 957 1500 Quem
994 1442 1267 1506 quicunque
1301 1441 1574 1499 intraverit,
1612 1440 1856 1486 neminem
1894 1455 1995 1486 esse
2020 1438 2237 1486 relictum
2261 1437 2476 1501 legimus.
2512 1439 2584 1484 De

458 1538 555 1586 quo
582 1532 628 1569 et
658 1523 860 1588 ipsamet
895 1522 1137 1586 loquitur'·
1173 1539 1183 1567 :
1228 1540 1252 1565 «
1276 1523 1330 1566 In
1366 1520 1540 1573 lectulo
1579 1536 1688 1566 meo
1717 1528 2005 1584 pernoctans
2035 1518 2229 1581 quaesivi
2257 1532 2402 1580 quem
2437 1515 2586 1580 diligit

457 1603 615 1650 anima
637 1619 760 1650 mea.
789 1621 809 1646 υ
840 1606 877 1648 Α
899 1619 996 1666 quo
1030 1602 1173 1648 etiam
1197 1600 1372 1647 lectulo
1398 1600 1501 1664 ipsa
1525 1615 1716 1662 surgere
1742 1597 2007 1661 dedignans
2024 1634 2036 1657 ,
2062 1597 2139 1644 vel
2161 1596 2423 1643 formidans
2442 1632 2455 1655 ,
2481 1595 2586 1661 pul·

457 1683 578 1729 santi
594 1682 767 1745 dilecto
784 1682 916 1746 quod
930 1698 1072 1746 supra
1086 1680 1391 1727 meminimus
1408 1679 1683 1743 respondet.
1705 1681 1811 1725 Non
1829 1678 1957 1724 enim
1974 1677 2138 1724 sordes
2154 1677 2244 1723 nisi
2261 1687 2391 1724 extra
2409 1675 2585 1724 lectum

457 1779 596 1809 suum
619 1779 720 1810 esse
746 1762 922 1822 credit,
951 1761 1124 1826 quibus
1150 1760 1390 1824 inquinari
1411 1759 1558 1825 pedes
1586 1760 1771 1807 metuit.
1802 1761 2000 1823 Egressa
2025 1768 2095 1805 est
2113 1758 2263 1818 Dina,
2289 1768 2342 1804 ut
2365 1757 2587 1822 alienige-

456 1859 540 1890 nas
565 1843 775 1903 videret,
805 1852 851 1890 et
875 1852 1099 1907 corrupta
1132 1851 1217 1888 est.
1251 1843 1309 1887 Et
1334 1841 1454 1887 sicut
1477 1840 1663 1887 Malcho
1684 1839 1751 1886 illi
1775 1840 1964 1904 captivo
1987 1854 2193 1885 monaco
2220 1837 2281 1885 ab
2306 1837 2476 1885 abbate
2498 1855 2586 1885 suo

456 1915 736 1987 praedictum
772 1933 871 1982 est,
901 1933 948 1970 et
981 1923 1080 1988 ipse
1116 1921 1430 1987 postmodum
1458 1930 1528 1967 est
1554 1930 1804 1985 expertus;
1839 1920 1940 1967 ovis
1969 1936 2075 1984 quae
2098 1918 2158 1965 de
2188 1919 2300 1966 ovili
2325 1918 2582 1983 egreditur,

459 2003 550 2049 cito
583 2003 682 2069 lupi
707 2003 945 2050 morsibus
971 2012 1116 2068 patet.
1147 2005 1216 2049 Ne
1245 2002 1385 2065 igitur
1410 2000 1768 2048 multitudinem
1799 2016 2168 2064 congregemus,
2209 2015 2298 2064 pro
2326 2015 2419 2063 qua
2459 2015 2588 2063 egre-

463 2083 626 2130 diendi
651 2085 953 2131 occasionem
979 2099 1274 2147 quaeramus,
1301 2083 1398 2129 imo
1425 2091 1472 2128 et
1500 2081 1660 2146 egredi
1687 2080 2032 2147 compellamur
2048 2116 2060 2140 ,
2092 2090 2139 2127 et
2163 2097 2274 2127 cum
2299 2080 2586 2128 detrimento

461 2165 608 2211 nostri
632 2164 819 2211 lucrum
844 2164 1070 2211 faciamus
1094 2163 1297 2210 aliorum
1330 2181 1340 2208 :
1379 2162 1441 2209 ad
1465 2162 1669 2209 modum
1699 2161 1919 2209 videlicet
1941 2160 2156 2226 plumbi,
2188 2160 2322 2225 quod
2349 2170 2399 2207 ut
2423 2177 2588 2224 argen-

460 2254 561 2291 tum
591 2255 803 2293 servetur
820 2245 869 2291 in
888 2244 1097 2305 fornace,
1125 2244 1438 2291 consumitur.
1456 2242 1735 2290 Verendum
1758 2243 1920 2308 potius
1949 2252 2020 2289 est
2043 2258 2104 2288 ne
2131 2251 2178 2288 et
2197 2240 2451 2306 plumbum
2469 2241 2590 2307 pari-

462 2334 532 2371 ter
546 2334 593 2371 et
613 2335 862 2389 argentum
880 2325 1047 2372 fornax
1065 2324 1325 2371 vehemens
1344 2333 1596 2371 consumat
1611 2324 1947 2370 tentationum.
1973 2323 2171 2381 VeritaS,
2196 2322 2434 2386 inquiunt,
2459 2323 2523 2369 ait
2536 2324 2550 2347 ⁸
2572 2341 2581 2368 ε

465 2424 487 2448 α
510 2407 566 2452 Et
591 2422 702 2452 eum
721 2407 804 2470 qui
823 2406 952 2453 venit
975 2405 1036 2452 ad
1061 2422 1138 2452 me
1160 2421 1260 2453 non
1280 2404 1466 2468 ejiciam
1490 2404 1630 2451 foras.
1661 2422 1684 2448 υ
1714 2406 1811 2451 Nec
1834 2420 1925 2451 nos
1950 2403 2055 2468 ejici
2079 2413 2325 2468 susceptos
2344 2403 2583 2463 volumus,

463 2485 546 2532 sed
568 2486 628 2533 de
653 2486 964 2552 suscipiendis
981 2486 1235 2552 providere
1258 2504 1269 2533 t
1298 2502 1361 2533 ne
1385 2502 1535 2550 quum
1553 2502 1636 2533 eos
1655 2485 1784 2532 intus
1804 2485 2151 2551 susceperimus
2169 2521 2181 2545 ,
2205 2501 2294 2532 nos
2312 2485 2441 2550 ipsos
2460 2495 2589 2532 extra

462 2583 551 2632 pro
577 2568 643 2614 eis
666 2567 921 2631 ejiciamuS.
955 2571 1074 2614 Nam
1099 2577 1145 2615 et
1169 2568 1326 2632 ipsum
1345 2567 1609 2614 Dominum
1628 2583 1729 2613 non
1750 2576 2025 2631 susceptum
2048 2566 2237 2629 ejecisse
2261 2565 2482 2630 legimus,
2506 2566 2590 2613 sed

464 2646 742 2694 offerentem
767 2664 816 2694 se
840 2648 1092 2712 respuisse.
1123 2648 1210 2694 Cui
1233 2647 1428 2711 quidem
1454 2647 1658 2694 dicenti⁶
1680 2666 1690 2694 :
1718 2666 1740 2692 «
1762 2647 2002 2711 Magister,
2030 2663 2203 2710 sequar
2227 2656 2273 2693 te
2298 2663 2589 2711 quocunque

465 2726 601 2786 ieris;
630 2746 653 2771 »
681 2727 930 2792 respondit
961 2746 970 2773 ε
1006 2746 1030 2772 «
1049 2727 1227 2792 Vulpes
1252 2728 1411 2775 foveas
1434 2727 1613 2775 habent
1631 2763 1643 2787 ,
1673 2737 1762 2774 etc.
1789 2746 1813 2771 »
1843 2727 1938 2785 Qui
1964 2727 2106 2774 etiam
2132 2725 2193 2772 de
2214 2725 2482 2790 sumptibus
2500 2742 2590 2772 nos

464 2817 571 2853 ante
597 2807 851 2872 providere
871 2843 882 2863 ‚
917 2824 1068 2872 quum
1094 2807 1273 2872 aliquid
1305 2808 1460 2855 facere
1487 2808 1806 2867 meditamur,
1836 2807 1914 2854 cui
1938 2807 2032 2853 sint
2056 2807 2147 2870 ipsi
2172 2806 2451 2866 necessarii,
2483 2805 2589 2852 dili-

466 2897 628 2949 genter
653 2888 882 2935 admonet
899 2925 910 2947 ,
946 2888 1109 2935 dicens
1126 2891 1140 2913 '¹
1161 2906 1170 2934 ε
1204 2907 1228 2933 «
1252 2888 1369 2946 Quis
1387 2898 1596 2935 vestrum
1616 2887 1781 2934 volens
1800 2887 1969 2934 turrim
1987 2886 2221 2934 aedificare
2237 2922 2249 2945 ,
2277 2903 2440 2933 nonne
2457 2886 2590 2951 prius

466 2967 634 3014 sedens
673 2979 920 3034 computat
958 2978 1176 3034 sumptus
1212 2969 1294 3033 qui
1322 2969 1574 3015 necessarii
1598 2978 1741 3027 sunt,
1778 2968 1817 3014 si
1840 2967 1987 3015 habet
2012 2967 2074 3014 ad
2110 2966 2493 3034 perficiendum?
2522 2969 2589 3013 Ne

466 3058 629 3109 postea
657 3066 800 3112 quam
833 3051 1045 3115 posuerit
1069 3049 1435 3097 fundamentum
1453 3085 1465 3108 ,
1492 3059 1539 3096 et
1562 3065 1662 3095 non
1688 3049 1897 3114 potuerit
1919 3047 2179 3114 perficere,
2215 3064 2384 3094 omnes
2411 3047 2494 3111 qui
2521 3047 2588 3092 vi-

468 3126 623 3174 derint
648 3130 875 3195 incipiant
894 3130 1093 3178 illudere
1119 3132 1162 3178 ei
1182 3167 1194 3190 ,
1223 3130 1436 3177 dicentes
1457 3148 1467 3176 :
1498 3149 1521 3175 «
1545 3130 1669 3187 Quia
1692 3129 1770 3176 hic
1797 3128 1947 3176 homo
1971 3129 2114 3193 coepit
2134 3127 2393 3193 aedificare,
2423 3136 2469 3174 et
2488 3143 2587 3174 non

472 3225 494 3249 «
522 3208 678 3270 potuit
711 3226 1059 3257 consummare.
1088 3230 1111 3255 »
1156 3213 1380 3274 Magnum
1407 3220 1475 3256 est
1509 3210 1547 3256 si
1577 3209 1652 3256 vel
1680 3226 1730 3256 se
1756 3223 1908 3256 unum
1936 3210 2043 3274 quis
2067 3209 2247 3256 salvare
2277 3206 2477 3255 sufficiat
2495 3241 2508 3263 ,
2542 3217 2590 3254 et

468 3287 787 3351 periculosum
814 3300 884 3336 est
911 3290 1070 3337 multis
1095 3308 1206 3338 eum
1231 3289 1483 3356 providere
1506 3291 1585 3354 qui
1613 3290 1690 3336 vix
1714 3290 1774 3336 ad
1794 3290 2061 3337 custodiam
2085 3289 2157 3336 sui
2186 3286 2359 3335 sufficit
2376 3287 2582 3351 vigilare.

515 3495 524 3510 ⁴
551 3495 665 3535 Marc„
684 3506 755 3538 cap.
781 3508 801 3529 ι.
817 3515 859 3521 -
875 3498 885 3514 ²
909 3500 1046 3537 Camic„
1065 3511 1139 3543 cap.
1162 3512 1195 3540 v,
1218 3512 1249 3533 v.
1274 3503 1307 3532 3.
1324 3501 1393 3523 —³
1410 3502 1502 3540 Luc,
1549 3510 1623 3541 cap.
1650 3511 1721 3537 νιιι,
1749 3510 1779 3532 v.
1807 3501 1859 3531 37.
1878 3516 1917 3522 -—·
1933 3498 2087 3537 ‘Matth..
2113 3508 2187 3542 cap.
2210 3509 2285 3538 vm,
2313 3510 2341 3530 v.
2367 3500 2406 3530 19
2423 3505 2454 3529 et
2474 3499 2529 3528 20.
2556 3514 2580 3518 κ

472 3561 544 3594 cap.
563 3563 626 3583 xvn
641 3578 648 3592 ,
670 3564 700 3585 v.
723 3555 775 3585 34.
792 3570 833 3577 ·—-
853 3554 865 3569 ⁴
885 3557 1023 3594 Carme„
1042 3567 1115 3599 cap.
1136 3569 1167 3589 ιιι
1183 3582 1191 3596 ,
1207 3568 1237 3589 v.
1260 3562 1287 3589 1.
1310 3576 1342 3581 -
1359 3557 1372 3572 ⁵
1393 3558 1501 3595 Joan..
1551 3556 1561 3572 '
1579 3558 1669 3590 Luc..
1693 3568 1766 3600 cap.
1788 3567 1854 3596 xlv,
1877 3567 1906 3587 v.
1923 3558 1963 3587 ⁶28
1985 3563 2016 3588 et
2035 3566 2084 3599 sq.
