2970 4152
526 364 586 408 88
1111 363 1280 409 PETRI
1318 363 1631 410 ABAELARDI
1669 365 1741 410 ΕΤ
1775 366 2076 412 HELOISSAE

521 458 708 504 sceleris
726 473 865 504 causa
882 455 1203 521 progenitam!
1223 459 1265 503 Ο
1284 473 1519 505 summam
1539 459 1588 505 in
1605 460 1733 506 viros
1759 476 1972 507 summos
1988 471 2035 507 et
2049 471 2326 508 consuetam
2352 462 2633 510 feminarum

519 537 802 601 perniciem!
828 537 948 583 Hinc
959 537 1018 584 de
1033 537 1230 584 muliere
1248 539 1457 586 cavenda
1479 540 1705 605 scriptum
1726 551 1795 588 est
1814 542 1861 587 in
1878 541 2183 587 Proverbiffl:
2210 560 2232 585 «
2254 545 2389 589 Nunc
2398 559 2529 607 ergo,
2544 544 2628 604 fili,

520 619 629 664 audi
648 635 724 665 me
737 654 748 676 ‚
769 628 816 664 et
831 617 1022 664 attende
1042 617 1195 665 verbis
1214 619 1310 665 oris
1327 620 1437 667 mei.
1461 624 1528 668 Ne
1548 621 1847 668 abstrahatur
1873 623 1919 667 in
1941 622 2027 668 viis
2043 621 2168 668 illius
2186 638 2321 669 mens
2344 632 2448 682 tua,
2478 640 2635 689 neque

519 699 766 762 decipiaris
776 698 953 744 semitis
966 698 1005 760 ej
1013 714 1083 744 us.
1098 698 1272 746 Multos
1285 701 1412 746 enim
1421 701 1694 748 vulneratos
1704 701 1890 764 dejecit,
1903 711 1949 748 et
1963 701 2204 748 fortissimi
2217 702 2395 766 quique
2404 703 2634 751 interfecti

519 789 627 823 sunt
637 778 697 823 ab
708 794 779 824 ea.
795 778 887 824 Viae
898 777 1034 824 inferi
1044 778 1218 826 domus
1229 780 1269 842 ej
1277 797 1329 826 us
1346 791 1646 845 penetrantes
1658 782 1704 827 in
1719 782 1942 828 interiora
1951 783 2133 829 mortis.
2145 801 2167 826 »
2186 785 2242 829 Et
2251 783 2300 828 in
2311 785 2354 828 E
2354 783 2629 830 eclesiastet:

522 878 543 900 ι(
558 858 765 904 Lustravi
779 858 997 905 universa
1012 859 1174 906 animo
1188 876 1314 919 meo,
1333 871 1380 907 et
1398 862 1558 908 inveni
1572 862 1856 908 amariorem
1877 872 2030 909 morte
2043 862 2309 923 mulierem,
2323 879 2428 927 quae
2439 862 2635 927 laqueus

519 948 798 984 venatorum
823 948 915 997 est,
953 949 999 985 et
1034 956 1203 1003 sagena
1235 956 1318 986 cor
1347 941 1462 1003 ejus.
1494 941 1689 987 Vincula
1715 942 1843 987 enim
1876 951 2182 988 sunt'manus
2207 942 2323 1005 ejus.
2356 944 2451 999 Qui
2482 942 2635 1007 placet

519 1021 642 1076 Deo,
666 1018 856 1082 effugiet
881 1035 1002 1065 eam.
1033 1020 1127 1076 Qui
1151 1030 1310 1067 autem
1335 1031 1558 1085 peccator
1582 1031 1675 1080 est,
1701 1022 1916 1086 capietur
1934 1021 1994 1068 ab
2012 1021 2106 1068 illa.
2131 1040 2153 1065 »
2177 1022 2332 1068 Prima
2357 1023 2513 1069 statim
2532 1038 2635 1077 rnu-

520 1098 602 1143 lier
627 1098 687 1144 de
714 1099 935 1163 paradiso
951 1101 964 1124 ³
990 1100 1142 1146 virum
1174 1101 1427 1165 captivavit
1442 1102 1470 1159 ¹⁴,
1501 1111 1547 1147 et
1571 1118 1675 1164 quae
1699 1102 1741 1147 ei
1767 1117 1794 1147 a
1819 1101 2028 1148 Domino
2058 1111 2214 1148 creata
2246 1101 2394 1148 fuerat
2425 1100 2474 1148 in
2506 1103 2635 1155 auxi-

518 1178 631 1224 lium
655 1215 666 1236 ,
720 1180 767 1225 in
813 1196 1054 1226 summum
1098 1181 1141 1228 ei
1180 1197 1409 1227 conversa
1451 1191 1521 1227 est
1561 1181 1769 1243 exitium.
1812 1181 2138 1228 Fortissimum
2188 1181 2320 1228 illum
2364 1178 2634 1228 Nazaraeum

518 1260 709 1305 Domini
735 1270 781 1306 et
808 1259 977 1323 angelo
1004 1261 1253 1307 nuntiante
1284 1271 1573 1325 conceptum
1599 1261 1749 1307 Dalila
1774 1261 1875 1308 sola
1905 1262 2196 1326 superavit⁸,
2226 1271 2272 1309 et
2300 1278 2410 1309 eum
2433 1262 2635 1309 inimicis

517 1339 761 1402 proditum
788 1350 833 1386 et
858 1340 1007 1386 oculis
1031 1341 1270 1403 privatum
1295 1340 1356 1387 ad
1381 1340 1475 1387 hoc
1500 1341 1697 1387 tandem
1721 1341 1861 1388 dolor
1885 1341 2114 1406 compulit
2134 1377 2146 1400 ‚
2176 1352 2228 1388 ut
2252 1358 2302 1389 se
2326 1342 2501 1406 pariter
2524 1358 2634 1389 cum

517 1421 651 1465 ruina
670 1420 881 1465 hostium
906 1421 1213 1484 opprimeret.
1243 1421 1650 1484 Sapientissimum
1671 1422 1890 1467 omnium
1909 1421 2213 1468 Salomonem
2247 1422 2347 1468 sola
2372 1437 2517 1485 quam
2546 1422 2634 1468 sibi

516 1499 819 1563 copulaverat
849 1499 1020 1546 mulier
1050 1501 1345 1559 infatuavit⁶,
1378 1511 1424 1547 et
1450 1501 1499 1546 in
1527 1511 1709 1547 tantam
1738 1501 1971 1565 compulit
1997 1502 2254 1558 insaniam,
2284 1512 2330 1548 et
2354 1518 2466 1548 eum
2490 1518 2635 1565 quem

516 1578 575 1622 ad
601 1577 934 1624 aedificandum
967 1575 1053 1624 sibi
1080 1580 1315 1625 Dominus
1346 1580 1577 1644 templum
1613 1580 1843 1643 elegerat,
1878 1590 2012 1644 patre
2036 1581 2135 1643 ejus
2167 1581 2345 1641 David,
2374 1583 2457 1645 qui
2483 1583 2635 1644 justus

516 1658 681 1715 fuerat,
706 1659 753 1704 in
775 1658 869 1704 hoc
888 1658 1162 1722 reprobato,
1181 1659 1243 1705 ad
1261 1659 1579 1705 idololatriam
1600 1660 1701 1723 ipsa
1722 1661 1936 1723 usquein
1956 1659 2103 1707 finem
2121 1662 2223 1707 vitae
2243 1661 2489 1724 dejiceret,
2510 1663 2630 1727 ipso,

515 1754 659 1799 quem
680 1747 774 1783 tam
795 1737 952 1783 verbis
970 1754 1113 1801 quam
1134 1739 1319 1802 scriptis
1337 1739 1624 1803 praedicabat
1642 1750 1784 1804 atque
1803 1740 2032 1800 docebat,
2056 1741 2220 1788 divino
2240 1742 2367 1789 cultu
2388 1743 2629 1790 derelicto.

515 1816 603 1862 Jol)
630 1818 979 1863 sanctissimus⁷
1003 1818 1052 1864 in
1083 1834 1230 1865 uxore
1264 1820 1569 1866 novissimam
1606 1830 1747 1883 atque
1783 1821 2107 1884 gravissimam
2138 1822 2359 1869 sustinuit
2391 1840 2629 1888 pugnam,

515 1914 618 1958 qua>
650 1914 759 1943 eum
787 1898 848 1943 ad
883 1898 1266 1945 maledicendum
1309 1902 1412 1945 Deo
1461 1899 1748 1946 stimulabat.
1798 1903 1854 1947 Et
1898 1901 2226 1949 callidissimus
2276 1905 2509 1949 tentator-¹³
2541 1904 2635 1950 hoc

515 1978 695 2040 optime
715 1987 934 2036 noverat,
955 1977 1088 2041 quod
1114 1979 1282 2042 saepius
1308 1988 1530 2042 expertus
1555 1979 1728 2038 fuerat,
1760 1980 1971 2026 virorum
1998 1981 2216 2029 videlicet
2235 1982 2421 2028 ruinam
2443 1983 2492 2028 in
2518 1999 2636 2029 uxo-

514 2057 645 2102 ribus
679 2074 780 2103 esse
809 2057 1095 2104 facillimam.
1126 2059 1219 2115 Qui
1249 2058 1458 2122 denique
1492 2060 1632 2106 etiam
1671 2077 1820 2124 usque
1849 2060 1911 2107 ad
1948 2077 2038 2107 nos
2072 2071 2350 2109 consuetam
2376 2063 2634 2110 extendens

518 2137 765 2195 malitiam,
797 2149 941 2201 que'm
967 2137 1027 2184 de
1053 2138 1365 2185 fornicatione
1404 2149 1614 2186 sternere
1654 2156 1751 2186 non
1778 2141 1960 2204 potuit,
1990 2141 2051 2187 de
2076 2142 2300 2206 conjugio
2327 2144 2548 2202 tentavit;
2567 2172 2569 2175 .
2587 2153 2635 2190 et

517 2218 647 2263 bono
675 2218 796 2264 male
821 2228 890 2264 est
924 2235 1059 2276 usus,
1095 2220 1176 2282 qui
1210 2219 1335 2265 malo
1367 2219 1489 2265 male
1522 2220 1588 2266 uti
1622 2236 1720 2266 non
1753 2230 1822 2266 est
1856 2221 2127 2284 permissus.
2159 2224 2262 2268 Deo
2297 2221 2462 2268 saltem
2492 2239 2636 2287 super

516 2298 608 2343 hoc
634 2300 829 2361 gratias„
856 2299 987 2362 quod
1015 2315 1092 2345 me
1114 2299 1191 2345 ille
1221 2309 1272 2345 ut
1297 2316 1439 2364 supra
1460 2300 1638 2364 positas
1662 2301 1860 2347 feminas
1888 2301 1936 2346 in
1963 2300 2153 2366 culpam
2184 2318 2239 2348 ex
2270 2295 2507 2349 consensu
2534 2319 2632 2349 non

516 2380 677 2437 traxit,
701 2395 844 2442 quam
865 2389 1024 2426 tamen
1051 2380 1099 2425 in
1125 2396 1316 2426 causam
1336 2381 1601 2427 commissae
1626 2380 1813 2428 malitiae
1843 2398 1900 2428 ex
1935 2382 2106 2428 affectu
2132 2383 2380 2429 convertit.
2411 2383 2504 2430 Sed
2523 2393 2570 2429 et
2597 2384 2634 2430 si

514 2469 683 2521 purget
701 2460 913 2504 animum
931 2476 1093 2506 meum
1110 2461 1410 2518 innocentia,
1436 2477 1526 2507 nec
1543 2460 1685 2523 hujus
1706 2471 1890 2507 reatum
1914 2461 2102 2508 sceleris
2120 2478 2382 2510 consensus
2402 2456 2631 2523 incurrat3

514 2550 706 2602 peccata
734 2551 890 2586 tamen
928 2540 1075 2586 multa
1098 2552 1468 2606 praecesserunt,
1498 2559 1602 2606 quae
1629 2559 1705 2589 me
1731 2544 1921 2607 penitus
1945 2544 2209 2590 immunem
2245 2544 2306 2590 ab
2336 2544 2477 2607 hujus
2501 2556 2635 2593 reatu

512 2621 707 2666 sceleris·
725 2637 825 2667 esse
851 2637 951 2666 non
976 2622 1152 2668 sinunt.
1188 2621 1332 2678 Quod
1360 2622 1579 2669 videlicet
1603 2623 1684 2669 diu
1709 2634 1818 2670 ante
1844 2623 2107 2670 carnalium
2126 2626 2155 2682 ⁹,
2185 2624 2515 2671 illecebrarum
2549 2642 2633 2672 vo-

514 2699 769 2763 luptatibus
795 2700 1024 2758 serviens,
1048 2701 1148 2765 ipsa
1170 2710 1283 2747 tunc
1303 2702 1457 2747 merui
1477 2701 1607 2765 quod
1631 2718 1761 2748 nunc
1784 2702 1983 2766 plector,
2012 2714 2058 2749 et
2083 2703 2450 2768 praecedentium
2476 2705 2523 2750 in
2556 2722 2634 2752 me

512 2790 817 2842 peccatorum
843 2780 1088 2843 sequentia
1114 2782 1284 2827 merito
1308 2781 1429 2827 facta
1447 2791 1558 2827 sunt
1581 2798 1739 2846 poena.
1772 2782 1923 2828 Etiam
1953 2782 2088 2828 malis
2116 2783 2257 2829 initiis
2282 2800 2530 2848 perversus
2548 2785 2635 2831 im-

515 2861 753 2922 putandus
768 2871 837 2907 est
855 2861 1021 2906 exitus.
1047 2864 1198 2924 Atque
1217 2861 1397 2907 utinam
1415 2861 1556 2923 hujus
1576 2862 1811 2926 praecipue
1826 2863 2071 2909 'commissi
2087 2863 2278 2926 dignam
2296 2880 2434 2927 agere
2454 2864 2633 2911 valeam

515 2942 865 3003 poenitentiam,
892 2951 942 2986 ut
965 2957 1117 3005 poenae
1145 2941 1212 2987 illi
1237 2951 1328 2987 tuae
1354 2941 1561 2988 vulneris
1594 2941 1710 2988 illati
1735 2958 1791 2988 ex
1830 2942 1970 3006 longa
2001 2943 2167 2990 saltem
2199 2944 2485 3008 poenitentiae
2521 2959 2635 2991 con-

515 3020 703 3066 tritione
730 3022 880 3067 vicem
910 3038 1108 3085 quoquo
1143 3021 1292 3067 modo
1326 3037 1692 3085 recompensare
1709 3024 1733 3046 ¹⁰
1757 3037 1957 3085 queam;
1980 3033 2027 3070 et
2052 3024 2183 3087 quod
2211 3034 2260 3070 tu
2291 3024 2352 3070 ad
2383 3022 2553 3069 horam
2585 3025 2632 3070 in

513 3116 715 3163 corpore
741 3101 998 3163 pertulisti,
1023 3118 1111 3165 ego
1139 3101 1186 3147 in
1211 3101 1344 3147 omni
1365 3101 1484 3160 vita,
1509 3111 1559 3147 ut
1573 3102 1755 3164 justum
1783 3113 1879 3160 est,
1910 3104 1957 3149 in
1978 3105 2265 3150 contritione
2292 3104 2463 3150 mentis
2487 3105 2634 3150 susci-

512 3181 666 3242 piam,
699 3191 741 3226 et
762 3181 855 3227 hoc
875 3182 959 3227 tibi
977 3182 1140 3228 saltem
1163 3181 1334 3240 modo,
1364 3182 1402 3228 si
1427 3198 1525 3228 non
1550 3184 1677 3240 Deo,
1708 3183 2003 3230 satisfaciam.
2028 3185 2073 3230 Si
2101 3185 2228 3230 enim
2255 3199 2363 3230 vere
2383 3183 2633 3230 miserrimi

560 3318 566 3332 ¹
596 3319 709 3356 Proin,
731 3331 802 3362 cap.
824 3330 884 3358 vn,
904 3331 934 3351 v.
953 3322 990 3351 24
1017 3327 1049 3352 et
1065 3332 1114 3363 sq.
1134 3338 1176 3344 —
1192 3321 1202 3336 '³
1227 3322 1366 3356 Eccles„
1387 3331 1462 3365 cap.
1483 3333 1547 3362 vu,
1593 3334 1666 3366 cap.
1699 3335 1732 3356 ιι.
1756 3342 1783 3346 -
1812 3323 1821 3339 ⁷
1845 3323 1934 3361 Job„
1962 3335 2036 3367 cap.
2065 3335 2105 3364 ιι,
2133 3335 2164 3356 v.
2192 3325 2211 3355 9
2239 3330 2270 3355 et
2300 3334 2407 3367 sq.—-
2423 3322 2435 3339 ⁸
2452 3325 2631 3365 Inferorum

515 3386 544 3405 ν.
571 3378 610 3406 ⁴2¹5
637 3384 668 3408 et
690 3388 738 3420 sq.
752 3394 796 3399 —
811 3376 823 3392 ³
843 3377 971 3414 Genes„
999 3387 1073 3420 cap.
1101 3388 1153 3416 ιιι,
1172 3388 1202 3409 v.
1219 3380 1252 3409 (ἰ.
1272 3396 1310 3401 -
1328 3377 1342 3394 ⁴
1361 3378 1548 3420 illaqueavit
1591 3383 1737 3421 princeps
1750 3379 1844 3413 RMS.
1857 3399 1896 3404 --
1909 3380 1921 3397 ⁹
1938 3381 2124 3413 Illicitarum
2139 3379 2286 3413 RMS.-
2299 3379 2326 3396 '⁰
2340 3380 2524 3420 Repende-re
2535 3381 2629 3413 RMS.

513 3434 605 3467 RMS.
622 3451 663 3456 —
680 3433 692 3447 ⁶
708 3434 832 3472 Jndie„
861 3443 933 3476 cap.
962 3445 1032 3471 xvi,
1056 3445 1085 3465 v.
1114 3435 1126 3463 4
1159 3442 1191 3467 et
1220 3445 1269 3477 sq.
1290 3434 1358 3457 -θ
1377 3435 1457 3477 Req.
1484 3435 1548 3471 ῙΙῙ,
2572 3442 2576 3444 ’
