2970 4152
555 369 650 417 432
1355 369 1525 416 PETR1
1559 370 1873 422 ABAELARDI

553 462 853 523 exhibentur,
881 480 979 510 non
1011 462 1187 511 exultat
1214 461 1458 523 laudibus,
1485 480 1591 514 non
1615 464 1885 531 congaudet
1908 467 2224 532 gaudentibus
2254 486 2264 514 :
2293 469 2377 516 sed
2407 470 2672 518 condolens

553 544 797 607 perituris,
824 560 946 608 quos
970 559 997 590 a
1017 553 1170 590 morte
1198 559 1422 591 revocare
1443 559 1543 592 non
1566 545 1713 607 valet,
1731 547 1830 611 jam
1855 548 1990 612 quasi
2021 557 2236 595 mortuos
2261 548 2420 596 deflet.
2444 550 2671 615 Deplorat

554 640 722 670 eorum
743 634 944 671 mortem
966 634 1016 671 ut
1032 624 1337 688 resipiscant,
1360 623 1567 672 deterret
1582 633 1644 674 ne
1663 638 1876 692 pereant.
1907 631 2117 675 Ventura
2141 628 2390 677 denuntiat
2411 631 2558 690 mala,
2587 648 2672 696 per

553 704 685 768 quod
711 704 798 751 sibi
822 705 1076 770 providere
1102 715 1296 770 possent
1323 722 1351 752 a
1377 722 1535 771 poena.
1568 707 1709 754 Dolet
1735 708 1868 772 quod
1888 724 1986 754 non
2021 708 2284 770 exauditur,
2310 709 2453 758 deflet
2480 711 2669 758 illorum

552 801 731 846 casum,
754 803 852 833 non
870 796 1201 852 contemptum
1223 803 1362 834 suum
1381 824 1393 846 ,
1416 787 1499 851 qui
1519 787 1698 835 salvare
1723 798 1943 848 venerat,
1964 805 2062 835 non
2082 789 2301 855 perdere.
2325 790 2463 838 Unde
2478 801 2524 839 et
2539 794 2672 839 Jesus

551 868 748 932 proprio
767 868 962 916 nomine
979 878 1049 916 est
1064 877 1275 915 vocatus.
1294 867 1523 933 Deplorat
1545 885 1818 933 supremam
1836 879 1883 915 et
1897 869 2254 935 irreparabilem
2273 872 2424 935 gentis
2447 871 2570 932 illius
2594 888 2672 918 ex-

550 950 933 997 terminationem
952 967 1038 1016 per
1055 966 1281 997 romanos
1296 950 1551 1014 principes,
1574 951 1730 996 Titum
1751 949 1967 998 videlicet
1988 967 2043 998 ac
2061 952 2420 1017 Vespasianum,
2440 952 2664 999 futuram.

551 1030 609 1076 Hi
629 1040 740 1077 sunt
758 1030 855 1078 duo
877 1032 994 1091 ursi,
1012 1031 1096 1096 qui
1115 1031 1175 1078 de
1192 1030 1311 1077 saltu
1331 1030 1646 1096 prodeuntes,
1668 1030 1979 1095 quadraginta
1995 1030 2118 1078 duos
2140 1048 2316 1096 pueros
2337 1032 2668 1097 perdiderunt,

552 1112 634 1175 qui
662 1111 814 1159 Eliseo
844 1112 903 1159 de
934 1112 1149 1173 Jericho,
1184 1111 1266 1159 ubi
1294 1121 1539 1158 sanaverat
1570 1127 1739 1175 aquas,
1774 1112 2048 1159 ascendenti
2079 1111 2243 1159 Bethel
2272 1111 2561 1171 illudebant,
2597 1111 2669 1158 di·

552 1197 735 1241 centes¹
755 1215 764 1241 ε
789 1215 812 1239 «
837 1194 1065 1255 Ascende,
1087 1194 1219 1242 calve
1234 1231 1245 1253 ,
1267 1193 1486 1252 ascende,
1510 1193 1691 1241 calve.»
1715 1195 1821 1241 Ursi
1835 1194 2013 1259 quippe
2034 1193 2283 1253 silvestres,
2305 1194 2544 1258 principes
2558 1203 2671 1240 sunt

552 1276 747 1339 gentiles
773 1293 799 1323 a
822 1275 1069 1342 disciplina
1094 1276 1207 1340 legis
1227 1275 1389 1334 alieni,
1418 1284 1463 1321 et
1488 1291 1513 1321 a
1539 1275 1726 1322 civitate
1746 1276 1834 1323 Dei
1857 1276 2051 1334 remoti,
2080 1284 2126 1321 et
2146 1291 2280 1321 more
2302 1273 2508 1321 ferarum
2533 1273 2671 1320 indo·

551 1357 669 1402 miti.
696 1360 793 1404 Hos
818 1374 967 1420 quum
1000 1356 1232 1421 gentilitas
1265 1355 1432 1414 mittit,
1462 1355 1596 1418 quasi
1632 1354 1693 1401 de
1719 1355 1900 1401 inculto
1928 1354 2049 1400 saltu
2073 1353 2342 1418 prodeunt,
2371 1353 2483 1418 quia
2503 1353 2564 1399 de
2587 1351 2669 1399 illo

552 1436 791 1499 prodeunt
825 1437 1006 1502 populo
1035 1438 1117 1502 qui
1147 1436 1328 1483 nullam
1357 1436 1526 1482 divinae
1551 1434 1781 1482 doctrinae
1807 1435 2040 1482 culturam
2070 1444 2284 1482 noverat.
2317 1436 2411 1492 Qui
2440 1434 2558 1481 dum
2582 1434 2671 1480 im-

551 1515 757 1563 bellione
784 1516 961 1579 judaici
986 1517 1152 1582 populi
1180 1533 1315 1563 suam
1337 1515 1560 1578 injuriam
1577 1514 1880 1561 intenderent
1906 1514 2171 1573 vindicare,
2199 1514 2360 1560 divina
2391 1513 2485 1560 hoc
2510 1523 2669 1560 actum

551 1606 620 1642 est
639 1596 1012 1662 dispensatione,
1042 1607 1095 1643 ut
1119 1596 1290 1643 Christi
1309 1595 1456 1659 magis
1472 1595 1693 1657 injuriam
1716 1595 1943 1660 punirent
1961 1595 2111 1659 ignari
2135 1611 2278 1658 quam
2305 1594 2566 1659 propriam.
2594 1593 2670 1640 Sic

549 1678 727 1742 quippe
752 1678 812 1742 de
832 1680 974 1724 Assur
996 1677 1231 1724 Dominus
1252 1676 1341 1723 ait²
1362 1694 1372 1722 z
1403 1695 1426 1720 «
1451 1678 1592 1722 Assur
1610 1676 1737 1739 virga
1754 1676 1925 1722 furoris
1946 1676 2065 1731 mei,
2093 1676 2192 1741 ipse
2213 1685 2372 1723 autem
2392 1693 2491 1722 non
2511 1676 2578 1722 sic
2601 1691 2671 1722 ar·

548 1757 824 1804 bitrabatur.
846 1777 870 1802 »
900 1761 1060 1815 Quum
1084 1757 1211 1803 enim
1230 1773 1317 1821 per
1334 1755 1570 1820 populum
1597 1758 1738 1802 Assur
1756 1756 1992 1803 Dominus
2022 1756 2070 1802 in
2090 1755 2272 1820 populo
2298 1773 2385 1802 suo
2410 1754 2668 1804 vindictam

549 1850 758 1899 exercet,
788 1841 888 1905 ipse
913 1844 1056 1887 Assur
1089 1838 1224 1903 quasi
1251 1838 1382 1903 virga
1415 1847 1486 1887 est
1519 1837 1598 1885 irae
1622 1837 1731 1898 Dei,
1760 1836 1856 1886 hoc
1884 1847 1953 1885 est
1978 1836 2216 1902 flagellum
2249 1836 2467 1884 vindictae
2500 1839 2662 1903 ipsius.

549 1919 692 1976 Quod
710 1930 868 1968 tamen
883 1920 979 1967 hoc
998 1920 1158 1967 divina
1177 1919 1530 1985 dispensatione
1553 1930 1742 1984 geratur
1766 1920 1974 1984 ignorat,
1991 1920 2102 1984 quia
2121 1918 2214 1966 hoc
2234 1928 2386 1966 totum
2408 1919 2541 1983 quod
2556 1936 2669 1986 prae·

548 1999 670 2046 valet
686 2017 785 2047 non
803 2000 974 2047 divinae
990 1999 1299 2059 ordinationi,
1317 1999 1401 2046 sed
1417 2000 1622 2064 propriis
1637 1999 1888 2055 virtutibus
1907 1999 2145 2047 adscribit.
2168 1998 2278 2046 Tale
2297 1999 2411 2063 quid
2430 2009 2475 2046 et
2494 1998 2555 2046 de
2570 2000 2669 2047 istis

548 2082 758 2128 romanis
783 2080 1077 2146 principibus
1108 2079 1352 2127 Psalmista
1376 2080 1642 2144 praevidens
1659 2117 1671 2141 ,
1701 2081 2143 2128 exterminationem
2164 2097 2259 2127 suae
2277 2081 2428 2144 gentis
2447 2080 2667 2145 deplora-

549 2159 629 2206 bat
647 2196 657 2220 ,
688 2161 754 2207 sic
779 2161 842 2208 ad
865 2177 974 2208 eum
996 2177 1295 2224 conquerens
1309 2162 1322 2184 ³
1345 2178 1354 2205 ε
1387 2179 1410 2204 «
1432 2162 1621 2217 Quanta
1642 2159 1926 2224 malignatus
1944 2170 2015 2207 est
2031 2160 2252 2206 inimicus
2271 2160 2319 2205 in
2341 2170 2504 2206 sancto
2522 2159 2532 2206 l
2556 2179 2579 2204 υ
2604 2163 2669 2207 Ac

550 2241 587 2285 si
614 2240 790 2289 diceret
814 2260 823 2287 ε
854 2244 896 2288 O
924 2250 1124 2305 quantas
1151 2240 1351 2287 malitias
1375 2250 1422 2287 et
1445 2240 1828 2287 abominationes
1852 2240 1929 2287 ille
1951 2242 2276 2287 Romanorum
2302 2240 2509 2305 populus
2537 2257 2671 2288 exer·

551 2323 646 2368 cuit
674 2323 722 2368 in
752 2323 854 2387 ipso
882 2323 1021 2369 etiam
1052 2321 1232 2386 templo
1259 2332 1305 2369 et
1330 2322 1599 2369 sanctuario
1626 2320 1815 2368 divino!
1850 2325 1907 2368 Et
1932 2321 2117 2386 gloriati
2142 2331 2252 2368 sunt
2278 2322 2362 2385 qui
2386 2321 2592 2369 oderunt
2622 2332 2668 2369 te

550 2420 713 2450 verum
737 2406 915 2463 Deum,
943 2413 1171 2467 tanquam
1205 2402 1434 2450 idolatriae
1470 2402 1705 2462 cultores,
1734 2403 1844 2467 quia
1881 2402 2140 2449 daemones.
2176 2401 2400 2460 Gloriati,
2440 2403 2662 2466 inquam,

549 2484 597 2529 in
616 2483 773 2530 medio
794 2483 1104 2531 solemnitatis
1122 2493 1237 2542 tuae,
1257 2482 1353 2529 hoc
1372 2492 1442 2529 est
1460 2483 1583 2529 inter
1602 2482 1703 2529 dies
1725 2482 1995 2548 paschales,
2017 2498 2139 2546 quos
2158 2492 2210 2528 tu
2229 2482 2330 2547 ipse
2346 2481 2408 2528 ad
2430 2481 2666 2529 honorem

549 2564 615 2610 tui
635 2565 871 2612 solemnes
891 2565 1173 2612 institueras.
1195 2567 1381 2611 Justum
1399 2564 1576 2629 quippe
1602 2563 1688 2610 fuit
1704 2574 1757 2610 ut
1775 2563 1920 2610 Judaei
1933 2600 1944 2622 ,
1974 2563 2057 2627 qui
2079 2563 2128 2609 in
2146 2562 2444 2609 solemnitate
2457 2561 2667 2627 paschali

548 2644 785 2692 Christum
814 2645 1109 2702 occiderant,
1140 2645 1301 2692 locum
1331 2654 1377 2691 et
1402 2654 1591 2708 gentem
1615 2660 1702 2709 per
1726 2660 1836 2690 eum
1868 2645 2082 2690 amittere
2110 2653 2398 2709 metuentes,
2426 2643 2476 2690 in
2499 2642 2666 2690 eadem

548 2725 844 2773 solemnitate
873 2727 1024 2792 capti,
1050 2742 1135 2791 per
1159 2726 1274 2772 istos
1298 2726 1347 2771 in
1373 2735 1660 2790 perpetuum
1690 2725 2134 2783 exterminarentur,
2163 2722 2239 2770 vel
2272 2723 2472 2770 omnino
2506 2722 2669 2788 perde-

549 2817 733 2866 rentur3
752 2824 837 2872 per
854 2807 986 2867 istos,
1005 2808 1220 2871 inquam,
1237 2806 1582 2871 Vespasianum
1600 2804 1775 2852 scilicet
1793 2815 1995 2870 patrem,
2017 2814 2061 2851 et
2079 2805 2251 2863 Titum,
2274 2803 2374 2867 ejus
2390 2802 2557 2861 fllium,
2580 2820 2668 2868 pu·

548 2887 762 2934 nirentur
781 2887 870 2948 illi,
899 2888 982 2952 qui
1007 2888 1055 2933 in
1081 2889 1238 2933 Deum
1261 2889 1449 2933 Patrem
1476 2895 1522 2932 et
1547 2887 1646 2949 ejus
1669 2885 1840 2932 Filium
1865 2896 1961 2932 tam
1988 2886 2190 2949 graviter
2212 2883 2530 2948 deliquerunt.
2551 2883 2666 2930 Glo-

548 2968 651 3015 riati
675 2980 785 3016 sunt
804 2969 863 3017 de
892 2969 1090 3016 victoria
1119 2985 1265 3032 quam
1297 2967 1633 3027 obtinuerunt,
1662 2967 1925 3014 nescientes
1954 2966 2086 3031 quod
2112 2975 2310 3032 propter
2327 2975 2521 3031 peccata
2546 2965 2670 3012 illius

546 3049 712 3112 populi
727 3049 827 3096 haec
852 3052 980 3096 Deus
1005 3048 1274 3114 permiserit
1307 3047 1425 3094 fieri.
1457 3047 1595 3094 Unde
1627 3057 1674 3094 et
1698 3048 1968 3112 sequitur⁴t
2001 3067 2023 3092 «
2043 3050 2311 3093 Posuerunt
2345 3046 2475 3109 signa
2500 3061 2609 3103 sua,
2642 3064 2666 3088 »

546 3126 639 3173 hoc
657 3138 727 3176 est
743 3129 911 3176 vexilla
929 3138 1204 3188 erexerunt,
1222 3138 1451 3192 tanquam
1466 3127 1672 3174 victoriae
1691 3128 1839 3191 signa.
1862 3147 1885 3172 (ι
1905 3128 2036 3174 Sicut
2056 3127 2105 3173 in
2120 3127 2270 3186 exitu,
2290 3145 2313 3170 υ
2335 3125 2429 3172 hoc
2445 3134 2514 3172 est
2532 3141 2668 3172 more

547 3207 965 3272 triumphantium,
1005 3210 1087 3274 qui
1120 3210 1169 3256 in
1199 3210 1349 3274 portis
1379 3217 1625 3273 captarum
1661 3208 1904 3255 civitatum
1940 3207 2127 3272 erigunt
2161 3223 2245 3253 sua
2281 3205 2492 3270 trophaea
2524 3222 2668 3270 super

547 3303 808 3346 summum,
845 3288 940 3336 hoc
965 3300 1035 3337 est
1061 3291 1111 3337 in
1145 3289 1311 3337 altiore
1343 3288 1451 3335 loco
1489 3288 1711 3349 civitatis,
1746 3287 1874 3335 unde
1906 3288 2054 3351 magis
2094 3286 2154 3333 ab
2201 3285 2551 3333 introeuntibus
2590 3285 2666 3332 vel

594 3471 601 3488 ¹
629 3472 707 3512 Req.
730 3472 787 3510 IV,
808 3482 880 3515 cap.
898 3484 938 3512 u,
954 3484 985 3506 v.
1004 3475 1114 3507 23.—
1127 3473 1141 3492 ⁸
1155 3475 1242 3508 Isaiae
1259 3485 1331 3518 cap.
1349 3486 1368 3507 x
1383 3500 1392 3516 ,
1408 3485 1439 3507 v.
1455 3474 1487 3507 5.
1503 3491 1542 3497 -
1561 3472 1576 3490 ⁸
1593 3473 1714 3506 psalm.
1731 3483 1848 3513 lxxiii,
1871 3483 1898 3504 v.
1918 3472 1951 3504 3.
1966 3489 2000 3496 υ-
2018 3470 2030 3488 ⁴
2045 3470 2143 3510 lbid.,
2159 3482 2188 3503 v.
2207 3471 2238 3502 4.
