2970 4152
538 415 631 460 422
1335 410 1505 458 PETRI
1542 411 1854 459 ABAELARDI

536 506 757 573 gradibus
781 522 886 552 eam
905 506 1229 570 interpositam
1249 506 1467 553 inseruit.
1494 508 1603 553 Tres
1618 508 1796 572 quippe
1814 516 1923 555 sunt
1948 505 2119 570 gradus
2134 539 2146 563 ,
2168 490 2341 568 quibus
2357 504 2418 551 ad
2436 521 2651 570 supernae

536 589 704 653 quietis
728 586 1076 633 reclinatorium
1099 586 1461 634 conscenditur:
1485 585 1604 645 fides
1622 587 1857 645 videlicet,
1879 587 2063 644 caritas,
2083 595 2128 632 et
2148 601 2271 649 spes.
2291 586 2475 632 Primus
2493 587 2651 651 itaque

536 669 707 732 gradus
732 666 849 713 fides
874 676 968 723 est,
995 667 1440 725 secunduscaritas,
1464 668 1627 715 tertius
1642 684 1749 731 spes
1764 666 1982 714 habetur.
2006 669 2110 712 Non
2127 666 2258 712 ‘enim
2272 675 2400 713 recte
2419 668 2652 731 speranda

536 758 604 794 est
629 746 705 792 illa
724 745 917 792 felicitas
931 781 943 804 ,
972 761 1060 792 nec
1079 746 1138 793 de
1159 762 1214 793 ea
1230 745 1572 794 confidendum
1586 782 1598 805 ,
1622 746 1711 793 nisi
1733 762 1883 810 quum
1903 762 2008 792 eam
2026 762 2089 811 ex.
2098 745 2288 792 caritate
2309 747 2648 793 meruerimus:

535 844 623 874 nec
647 826 815 873 caritas
836 825 998 873 haberi
1024 836 1201 890 potest,
1230 827 1321 874 nisi
1341 826 1434 874 fide
1451 837 1691 891 praeeunte
1705 863 1717 884 ,
1745 836 1973 890 tanquam
1993 825 2211 871 omnium
2227 824 2655 873 bonorumvfunda-

534 916 713 953 mento.
744 906 918 952 Caritas
946 922 1058 970 ergo
1082 906 1155 953 his
1179 906 1369 954 duobus
1394 907 1614 953 extremis
1631 906 1853 970 gradibus
1873 896 2007 969 quasi
2026 904 2182 952 media
2197 905 2436 959 inseritur,
2459 906 2570 970 quia
2592 905 2654 953 de

533 988 627 1034 fide
655 987 716 1034 ad
741 987 984 1033 caritatem
1004 1023 1016 1046 ,
1050 988 1110 1035 de
1137 989 1329 1035 caritate
1359 987 1420 1034 ad
1451 1004 1612 1051 spem,
1646 997 1699 1033 ut
1727 986 1966 1045 diximus,
1993 996 2063 1033 est
2097 986 2476 1051 procedendum.
2511 985 2655 1043 Quod

534 1066 728 1130 quidem
754 1076 822 1113 est
847 1082 1095 1113 ascensum
1120 1066 1253 1114 illum
1278 1082 1573 1132 purpureum
1603 1065 1759 1112 media
1787 1066 1978 1112 caritate
2005 1066 2262 1113 consterni.

599 1148 680 1193 His
701 1148 842 1210 igitur
866 1147 1114 1211 praemissis
1141 1147 1202 1194 de
1226 1147 1306 1194 illo
1327 1146 1687 1194 sanctoferculo
1707 1146 1974 1193 Salomonis
1992 1182 2003 1204 ,
2033 1155 2080 1193 et
2098 1145 2398 1192 reclinatorio
2418 1160 2562 1191 aureo
2577 1179 2590 1203 ,
2609 1154 2656 1191 et

533 1243 729 1272 ascensu
755 1242 1024 1291 purpureo,
1053 1225 1239 1272 filiabus
1263 1225 1521 1273 Jerusalem
1545 1211 1631 1290 per
1661 1226 1902 1272 Christum
1923 1234 2225 1290 praeparatO,
2261 1225 2372 1289 i-psae
2407 1222 2511 1270 filiae
2543 1239 2658 1269 con-

533 1315 786 1369 sequenter
806 1306 1061 1352 invitantur
1079 1306 1247 1369 egredi
1279 1305 1340 1352 ad
1369 1304 1631 1352 videndum
1660 1305 1816 1370 ipsum
1848 1305 2152 1352 Salomonem
2183 1305 2233 1351 in
2259 1302 2526 1350 diademate
2547 1317 2651 1348 suo.

535 1386 610 1431 Sic
631 1385 808 1450 quippe
833 1384 1120 1432 subinfertur
1135 1388 1146 1409 ¹
1171 1403 1180 1431 :
1210 1405 1233 1429 ιι
1255 1385 1566 1449 Egredimini,
1591 1384 1696 1431 filiae
1708 1385 1820 1431 Sion
1833 1421 1844 1443 ,
1865 1394 1953 1431 etc.
1975 1387 2074 1430 »Ut
2089 1383 2283 1431 enimin
2302 1398 2455 1446 agone
2470 1381 2660 1446 passio-

537 1483 653 1512 num
673 1464 864 1512 viriliter
892 1482 979 1529 pro
997 1465 1183 1512 Christo
1213 1465 1541 1529 persistamus,
1569 1465 1670 1529 ipse
1695 1481 1883 1529 semper
1906 1480 2002 1528 prae
2027 1463 2270 1509 oculisest
2299 1461 2575 1520 habendus,
2613 1471 2660 1508 et

537 1547 636 1609 ejus
660 1546 816 1610 passio
843 1546 981 1592 nobis
1008 1562 1196 1610 semper
1215 1562 1316 1592 esse
1341 1545 1483 1592 debet
1500 1546 1550 1591 in
1577 1544 1795 1609 exemplo
1819 1561 1881 1590 ne
1905 1528 2194 1590 deficiamus.
2219 1545 2273 1589 In
2291 1541 2425 1605 cujus
2443 1540 2662 1588 videlicet

538 1627 768 1692 passionis
806 1626 1135 1672 recordatione
1153 1662 1164 1684 ,
1200 1627 1299 1689 ipse
1336 1625 1550 1689 corporis
1584 1635 1629 1672 et
1665 1625 1904 1688 sanguinis
1937 1625 2010 1671 sui
2045 1632 2338 1671 sacramenta
2376 1621 2662 1685 frequentari

539 1709 760 1772 praecepit
777 1708 826 1753 in
847 1706 1070 1765 Ecclesia,
1091 1707 1219 1753 unde
1239 1716 1286 1752 et
1305 1706 1583 1771 Apostolus²
1603 1724 1612 1752 :
1641 1725 1664 1750 «
1683 1707 1919 1752 Dominus
1933 1742 1944 1764 ,
1963 1724 1985 1750 υ
2008 1706 2186 1769 inquit,
2215 1723 2238 1747 «
2257 1706 2390 1750 Jesus
2407 1718 2501 1766 qua
2521 1711 2662 1749 nocte

540 1785 814 1833 tradebatur
828 1786 1009 1851 accepit
1030 1802 1221 1851 panem,
1245 1796 1291 1833 et
1310 1786 1478 1848 gratias
1494 1802 1636 1850 agens
1653 1786 1812 1849 fregit,
1836 1795 1882 1832 et
1901 1784 2017 1831 dixit
2038 1803 2048 1829 :
2068 1786 2205 1830 «Hoc
2223 1793 2294 1830 est
2309 1798 2483 1846 corpus
2500 1792 2662 1828 meum

545 1886 568 1909 «
588 1866 720 1929 quod
740 1882 827 1930 pro
847 1865 982 1912 vobis
1001 1865 1228 1913 tradetur.
1247 1869 1353 1912 Hoc
1372 1864 1513 1913 vfacite
1537 1866 1586 1911 in
1608 1881 1767 1911 meam
1792 1864 2313 1911 commemorationem.
2339 1878 2360 1903 n
2383 1859 2604 1906 Similiter
2615 1868 2664 1905 et

544 1946 764 1993 calicem:
793 1965 816 1989 «
839 1947 1227 2010 Quotiescunque
1253 1946 1598 1993 manducabitis
1624 1962 1798 2010 panem
1823 1945 1954 1992 hunc
1969 1981 1981 2005 ,
2011 1955 2056 1991 et
2083 1943 2278 1993 calicem
2303 1943 2498 2000 bibetis,
2527 1956 2665 1988 mor-

550 2046 572 2069 «
590 2038 685 2073 tem
703 2028 897 2073 Domini
913 2027 1251 2074 annuntiabitis
1265 2027 1420 2073 donec
1434 2026 1642 2073 veniat.»
1664 2024 1758 2072 Sed
1773 2024 1889 2089 quid
1906 2024 2101 2089 prodest
2117 2023 2256 2070 nobis
2274 2024 2432 2070 hocin
2452 2027 2675 2068 nostram'

545 2106 772 2153 reducere
788 2107 861 2153 vel
879 2107 1083 2153 aliorum
1103 2107 1384 2153 memoriam
1398 2142 1410 2165 ,
1434 2107 1524 2152 nisi
1543 2107 1609 2152 sic
1625 2107 1668 2152 ei
1686 2106 2049 2170 compatiamur,
2068 2105 2191 2152 <sicut
2206 2103 2336 2150 idem
2352 2103 2465 2149 dicit
2480 2111 2668 2166 aposto-

547 2185 663 2244 lus³,
689 2197 738 2231 ut
763 2196 808 2232 et
833 2186 1179 2249 conglorificari
1198 2185 1492 2249 resurgendo
1509 2185 1806 2232 mereamur?
1827 2185 2046 2248 Alioquin
2072 2184 2189 2231 illud
2210 2182 2416 2230 terribile
2431 2181 2667 2245 judicium

549 2266 861 2321 incurremus,
886 2265 1019 2329 quod
1037 2266 1137 2331 ipse
1156 2275 1503 2328 consequenter
1520 2265 1762 2322 adnexuit,
1783 2264 1971 2311 dicens*
1993 2283 2002 2310 :
2032 2282 2055 2308 «
2072 2267 2235 2327 ltaque
2254 2263 2335 2326 qui
2352 2261 2667 2308 manducave-

551 2348 609 2393 rit
632 2346 707 2393 vel
738 2346 910 2393 biberit
941 2346 1135 2393 calicem
1165 2347 1359 2393 Domini
1382 2346 1605 2409 indigne,
1633 2362 1743 2392 reus
1768 2346 1856 2392 erit
1880 2345 2094 2409 corporis
2119 2355 2166 2390 et
2190 2344 2430 2407 sanguinis
2453 2343 2662 2390 Domini.

554 2427 647 2484 Qui
669 2426 796 2472 enim
822 2425 1078 2472 manducat
1103 2435 1150 2472 et
1172 2425 1291 2471 bibit
1314 2424 1507 2488 indigne
1522 2461 1533 2483 ,
1556 2425 1790 2488 judicium
1813 2424 1902 2470 sibi
1920 2423 2176 2471 manducat
2201 2433 2247 2470 et
2263 2423 2383 2470 bibit
2397 2460 2409 2482 ,
2429 2440 2528 2470 non
2550 2422 2670 2485 diju-

553 2506 714 2553 dicans
737 2523 910 2571 corpus
933 2506 1143 2552 Domini.
1161 2525 1185 2549 υ
1211 2509 1299 2552 Per
1317 2522 1564 2552 ascensum
1578 2541 1590 2563 ‚
1613 2515 1665 2552 ut
1683 2505 1864 2552 dictum
1881 2514 1950 2551 est
1967 2510 2262 2570 purpureum
2284 2503 2670 2552 condescenden-

554 2586 670 2634 dum
708 2585 846 2632 nobis
882 2596 951 2632 est
987 2585 1048 2632 ad
1091 2585 1444 2632 reclinatorium
1483 2601 1710 2643 aureum;
1745 2585 1856 2648 quia
1891 2585 1979 2631 nisi
2021 2585 2429 2631 communicemus
2463 2581 2670 2646 passioni

553 2667 746 2722 Christi,
772 2666 1023 2731 participes
1042 2682 1140 2713 non
1159 2668 1334 2713 erimus
1359 2683 1453 2713 suae
1477 2666 1849 2713 resurrectionis.
1871 2665 2016 2723 Quod
2035 2675 2086 2712 ut
2107 2682 2165 2712 eo
2181 2665 2397 2712 trahente
2415 2663 2666 2730 possimne,

554 2748 653 2811 ipse
679 2764 872 2794 manum
899 2747 1132 2811 porrigat,
1163 2748 1245 2811 qui
1277 2758 1329 2794 ut
1356 2740 1738 2794 conscendamus
1758 2746 1938 2793 invitat.
1970 2750 2136 2793 Amen.

602 2906 610 2921 ⁴
639 2907 778 2944 Cautio„
806 2916 878 2949 cap.
902 2917 955 2946 ιιι,
982 2916 1015 2939 v.
1042 2909 1151 2938 11.-
1168 2903 1340 2939 ”Οονι”ηιὴ.
1357 2906 1392 2944 Ι,
1416 2916 1488 2949 cap.
1519 2916 1572 2943 xi,
1600 2916 1630 2938 v.
1656 2905 1700 2938 2³
1727 2912 1761 2938 et·
1784 2916 1835 2949 sq.
1852 2924 1894 2929 --
1908 2904 1922 2921 ⁸
1937 2904 2050 2943 Rom„
2069 2914 2143 2947 cap.
2161 2914 2237 2945 vm,
2252 2914 2286 2936 π.
2311 2905 2363 2936 17.
2379 2921 2418 2927 --
2432 2902 2446 2920 ⁴
2464 2903 2601 2936 Corinth.
2630 2902 2670 2940 1,

559 2975 632 3008 cap.
652 2977 705 3007 ιι,
721 2976 750 2998 ν.
773 2967 826 2998 27.
