2970 4152
862 439 920 488 IN
953 438 1163 487 NATALI
1195 436 1399 485 SANCTI
1432 435 1719 485 STEPHANI
1751 436 1968 483 SERMO.
2377 440 2469 486 555

356 540 449 580 stat
469 549 570 581 esse
589 544 820 599 tanquam
841 534 1050 600 propriis
1066 532 1285 599 partibus
1306 531 1535 578 libidinis.
1561 531 1706 588 Quod
1727 531 1979 594 diligenter
2001 530 2326 578 maximusille
2345 531 2472 578 chri-

352 614 619 661 stianorum
652 614 970 680 philosophus
999 615 1230 678 Origenes
1256 612 1530 670 attendens,
1562 612 1802 676 corporali
1823 629 2017 676 quoque
2045 611 2203 676 gladio
2225 614 2275 659 in
2298 625 2471 661 semet-

353 694 458 760 ipso
486 713 615 755 usus,
640 714 811 744 manus
839 697 930 745 sibi
950 697 1125 744 inferre
1144 695 1385 754 sustinuit,
1410 711 1508 758 quo
1531 694 1633 740 sine
1654 694 1925 759 suspicione
1947 694 2152 742 infamiae
2168 695 2229 743 ad
2251 696 2472 744 mulieres

269 771 273 774 ’
353 791 548 840 quoque
575 777 878 824 instruendas
912 777 1117 824 liberum
1144 791 1387 823 accessum
1408 783 1571 839 posset
1594 773 1790 820 habere.
1815 763 1884 820 Ex
1905 774 2063 839 primo
2086 791 2280 839 quoque
2301 776 2474 823 Dialo-

349 872 518 920 gorum
539 857 667 905 beati
688 859 905 922 Gregorii
930 858 1077 905 libro²
1101 857 1357 904 didicimus
1378 854 1701 903 venerabilem
1727 855 1972 919 Equitium
1993 854 2240 916 abbatem,
2266 867 2319 904 ut
2341 857 2474 905 femi-

354 952 525 984 narum
547 954 741 1002 quoque
762 938 1063 985 monasteriis
1083 953 1284 1002 praeesse
1305 935 1525 993 deberet,
1555 934 1616 982 ab
1637 934 1808 997 angelo
1831 951 1918 999 per
1938 935 2094 982 visum
2115 936 2181 983 ita
2201 937 2472 1001 spiritaliter

352 1016 719 1064 eunuchisatum
741 1034 842 1065 esse
859 1055 870 1077 ,
904 1028 958 1064 ut
978 1018 1218 1065 incentiva
1237 1017 1395 1064 carnis
1416 1015 1591 1081 quibus
1619 1015 1778 1080 primo
1801 1015 2006 1078 graviter
2032 1017 2377 1077 incestabatur,
2404 1019 2471 1065 sic

352 1097 402 1144 in
424 1114 484 1144 eo
506 1099 697 1164 penitus
719 1100 1108 1163 extinguerentur
1129 1115 1184 1146 ac
1205 1099 1245 1146 si
1267 1099 1468 1146 omnino
1491 1097 1717 1163 deinceps
1738 1097 1919 1144 viveret
1949 1097 2052 1144 sine
2073 1114 2204 1145 sexu.

416 1180 537 1226 Sunt
570 1179 654 1244 qui
684 1196 829 1245 super
870 1180 1026 1226 femur
1053 1180 1263 1227 alienum
1290 1179 1451 1245 potius
1481 1194 1628 1243 quam
1660 1193 1805 1242 super
1840 1193 1982 1223 suum
2016 1177 2228 1240 gladium
2259 1177 2441 1225 habent
2459 1217 2470 1237 ,

350 1274 503 1323 quum
536 1259 681 1324 aliqui
713 1276 813 1307 non
850 1269 948 1307 tam
981 1259 1106 1307 bene
1139 1261 1353 1307 viventes
1380 1275 1528 1324 quam
1554 1258 1889 1323 praedicantes,
1915 1257 2119 1304 aliorum
2154 1258 2475 1305 incestuosam

351 1338 499 1386 vitam
529 1332 680 1403 magis
707 1340 953 1404 corrigunt
983 1357 1130 1404 quam
1170 1340 1435 1406 propriam.
1466 1340 1679 1386 Timores
1714 1338 1939 1385 nocturni
1981 1347 2094 1385 sunt
2131 1337 2474 1386 sollicitudines

349 1427 626 1466 sanctorum
654 1419 716 1467 de
743 1419 1035 1484 quibuslibet
1068 1420 1248 1468 diaboli
1282 1419 1489 1467 vitandis
1518 1419 1718 1466 insidiis.
1750 1422 1999 1483 Tanquam
2026 1418 2157 1465 enim
2184 1419 2233 1465 in
2266 1417 2475 1466 tenebris

350 1500 508 1546 omnis
530 1500 760 1548 insidians
776 1501 906 1560 latet,
926 1511 974 1549 et
988 1501 1185 1566 perfecti
1203 1501 1421 1566 quilibet,
1440 1502 1524 1566 qui
1537 1501 1639 1565 jam
1659 1500 1910 1548 manifesta
1925 1500 2142 1547 vicerunt
2159 1509 2471 1558 tentamenta,

350 1578 412 1626 de
439 1579 513 1626 his
549 1591 766 1646 superest
797 1591 851 1628 ut
878 1582 1090 1645 cogitent
1117 1599 1222 1646 quae
1250 1582 1400 1646 magis
1427 1591 1540 1628 sunt
1568 1581 1778 1640 occulta,
1819 1591 1866 1628 et
1903 1580 2142 1628 difficilius
2178 1581 2475 1646 deprehendi

348 1670 567 1723 possunt.
596 1661 735 1710 Unde
770 1671 818 1709 et
851 1662 1117 1710 secundum
1150 1672 1361 1710 veterem
1390 1662 1648 1710 Ezechielis
1676 1661 2063 1721 translationem,
2089 1671 2142 1708 ut
2174 1661 2344 1709 beatus
2371 1679 2473 1710 me-

305 1736 325 1754 ‘
348 1740 488 1787 minit
508 1742 787 1805 Gregorius,
812 1753 976 1791 sancta
997 1743 1078 1791 illa
1103 1753 1311 1808 quatuor
1332 1743 1556 1791 animalia
1576 1742 1743 1790 oculos
1773 1742 1823 1789 in
1846 1741 1992 1789 dorso
2019 1741 2199 1789 habere
2228 1742 2471 1791 dicuntur.

348 1821 493 1880 Quod
517 1821 618 1886 ipse
640 1822 890 1887 diligenter
915 1841 1160 1889 exponens
1177 1862 1188 1884 ,
1215 1825 1281 1872 ait
1295 1827 1309 1849 ²
1333 1843 1343 1871 :
1369 1844 1392 1869 «
1414 1828 1473 1871 Et
1493 1824 1594 1871 haec
1616 1823 1814 1888 quidem
1831 1823 1946 1871 vitia
1966 1840 2072 1887 quae
2093 1823 2348 1871 virtutibus
2372 1823 2477 1871 fini-

347 1900 465 1948 tima
487 1912 621 1962 sunt,
648 1903 819 1967 majori
842 1904 1163 1952 sollicitudine
1187 1904 1540 1952 consideranda
1562 1914 1697 1964 sunt,
1723 1922 1785 1951 ne
1806 1921 1892 1970 per
1912 1905 2121 1969 speciem
2152 1903 2333 1952 fallant.
2363 1923 2387 1949 »
2418 1907 2475 1952 Et

347 1992 458 2047 post
485 1983 645 2049 aliqua
667 2003 676 2031 :
708 2003 734 2030 c<
752 1989 820 2033 Ea
841 1987 971 2034 enim
1001 2004 1106 2051 quae
1130 1988 1180 2034 in
1204 1986 1321 2034 facie
1343 1996 1478 2046 sunt,
1512 2003 1635 2052 saepe
1665 1986 1810 2033 etiam
1830 1994 2107 2051 peccatores
2130 1985 2380 2032 custodire
2393 2002 2472 2033 so-

347 2061 463 2110 lent.
491 2065 610 2112 Justi
641 2075 803 2113 autem
831 2067 944 2131 quia
965 2084 1015 2115 se
1038 2077 1086 2115 et
1107 2068 1156 2114 in
1182 2068 1249 2115 eis
1270 2067 1549 2115 custodiunt
1566 2104 1577 2126 ,
1605 2083 1710 2131 quae
1740 2067 1788 2113 in
1825 2076 2054 2132 promptu
2076 2075 2123 2112 et
2150 2066 2200 2111 in
2224 2065 2341 2112 facie
2370 2083 2469 2114 non

346 2143 589 2204 videntur,
615 2146 663 2191 in
696 2146 851 2193 dorsis
878 2146 1046 2194 oculos
1072 2147 1281 2205 habent3
1307 2149 1421 2212 quia
1441 2157 1489 2195 et
1513 2164 1569 2195 ea
1593 2163 1699 2211 quae
1720 2147 1769 2193 in
1793 2145 1945 2193 oculis
1970 2155 2083 2193 sunt
2109 2144 2371 2193 discutiunt
2388 2183 2399 2204 ,
2427 2156 2475 2193 et

347 2223 408 2271 ab
430 2223 505 2272 his
533 2242 583 2273 se
610 2226 890 2273 custodiunt
916 2244 1022 2292 quae
1052 2228 1218 2275 latent.
1247 2247 1271 2273 »
1302 2231 1499 2275 Pensate
1533 2228 1717 2291 itaque,
1748 2226 2063 2274 dilectissimae
2085 2242 2300 2285 sorores,
2326 2243 2474 2291 quam

347 2304 565 2370 obsequii
585 2306 740 2353 vicem
761 2305 836 2353 his
857 2317 957 2354 tam
981 2308 1179 2371 egregiis
1202 2307 1430 2355 ministris
1451 2307 1627 2354 referre
1648 2306 1863 2354 debeatis
1877 2343 1888 2365 ,
1909 2316 1956 2353 et
1977 2316 2112 2353 tanto
2136 2306 2306 2370 majori
2329 2307 2474 2354 devo-

347 2384 479 2433 tione
497 2386 710 2433 natalitia
730 2387 946 2451 ipsorum
967 2387 1228 2447 celebrate,
1253 2398 1436 2452 quanto
1458 2386 1680 2435 fidelihus
1701 2387 1775 2434 his
1800 2387 1915 2434 viris
1937 2386 2347 2451 dispensatoribus
2365 2404 2468 2434 am-

348 2465 472 2530 plius
494 2466 604 2513 estis
625 2465 862 2513 obnoxiae.
884 2467 1169 2532 Perpendite
1190 2477 1237 2514 et
1258 2478 1440 2532 quanto
1455 2484 1543 2515 vos
1563 2467 1752 2514 honore
1775 2466 1939 2514 divina
1961 2467 2110 2530 gratia
2124 2465 2468 2527 sublimaverit,

349 2545 433 2610 qui
457 2561 544 2593 vos
565 2546 776 2610 primum
803 2563 911 2594 suas
934 2557 982 2594 et
1003 2547 1317 2611 postmodum
1338 2547 1671 2612 apostolorum
1691 2546 1860 2594 habuit
1883 2546 2112 2594 diaconas
2129 2583 2141 2605 ,
2181 2563 2333 2610 quum
2366 2557 2465 2595 tam

348 2626 439 2673 illis
464 2642 611 2691 quam
639 2627 740 2674 istis
772 2628 946 2675 sanctis
974 2628 1132 2675 viduis
1154 2628 1215 2675 de
1248 2628 1345 2676 suis
1373 2627 1676 2676 facultatibus
1705 2637 1893 2674 constet
1919 2627 2227 2675 ministrasse.
2261 2626 2400 2674 Unde
2425 2638 2472 2675 et

346 2709 473 2773 ipsas
491 2718 591 2757 tam
608 2709 837 2757 diaconas
852 2726 999 2774 quam
1016 2710 1308 2758 diaconissas
1325 2710 1585 2775 antiquitus
1602 2708 1842 2775 appellare
1857 2707 2081 2756 doctores
2101 2708 2254 2755 sancti
2275 2725 2473 2778 consue-

346 2804 476 2837 vere.
503 2793 574 2837 De
608 2806 814 2855 quarum
835 2791 979 2838 etiam
1001 2791 1177 2838 mensis
1204 2791 1327 2838 ordo
1357 2791 1638 2838 diaconatus
1660 2791 1709 2837 in
1733 2789 1968 2855 praedictis
1988 2789 2101 2836 viris
2123 2789 2376 2853 incoeptus,
2407 2789 2469 2836 ad

348 2868 643 2918 dominicam
664 2870 823 2918 altaris
851 2887 1067 2919 mensam
1091 2871 1407 2936 postmodum
1429 2880 1500 2918 est
1519 2869 1799 2930 translatus3
1823 2879 1878 2916 ut
1904 2868 1988 2934 qui
2018 2868 2333 2932 diaconarum
2366 2867 2468 2916 fue·

347 2958 456 2996 rant
477 2949 699 3010 diaconi,
725 2967 856 2998 nunc
876 2949 1029 2998 levitae
1050 2950 1318 2999 efficiantur
1338 2950 1530 2998 Christi.
1562 2950 1748 3009 Quibus
1780 2950 1957 3015 pariter
1986 2959 2035 2996 et
2069 2948 2267 2995 feminas
2299 2948 2350 2994 in
2371 2947 2469 2996 hoc

347 3027 628 3077 diaconatus
652 3030 823 3078 ordine
846 3030 908 3078 ab
939 3030 1159 3096 apostolo
1187 3031 1468 3095 conjunctas
1489 3046 1613 3090 esse,
1639 3030 1861 3078 doctores
1882 3029 2034 3077 sancti
2050 3027 2212 3075 multis
2232 3027 2467 3093 profiten-

346 3118 426 3157 tur
463 3111 513 3158 in
545 3110 680 3158 locis.
715 3112 810 3169 Qui
846 3110 909 3159 ad
946 3114 1189 3160 Romanos
1222 3111 1475 3178 epistolam
1510 3110 1723 3159 scribens
1742 3112 1757 3136 ⁸
1782 3129 1792 3157 ε
1822 3129 1846 3156 «
1872 3108 2198 3167 Commendo,
2230 3126 2252 3152 υ
2283 3108 2462 3173 inquit,

351 3209 375 3235 α
390 3190 529 3239 vobis
549 3191 760 3240 Phoeben
777 3208 994 3239 sororem
1008 3202 1246 3253 nostram,
1271 3210 1377 3257 quae
1395 3193 1531 3240 estin
1554 3191 1818 3239 ministerio
1837 3189 2044 3238 ecclesiae
2056 3226 2069 3248 ,
2090 3204 2196 3253 quae
2213 3197 2284 3235 est
2304 3187 2465 3235 Chen-

347 3271 456 3319 cris.
493 3291 516 3317 n
555 3275 712 3331 Quem
739 3272 936 3338 quidem
958 3272 1121 3320 locum
1150 3273 1461 3321 Cassiodorus
1487 3273 1537 3319 in
1567 3272 1709 3335 hujus
1741 3270 1952 3336 epistolae
1978 3268 2334 3317 commentariis
2368 3269 2465 3316 suis

347 3366 614 3416 exponens:
635 3352 932 3417 «Significat,
947 3371 969 3397 »
986 3353 1158 3417 inquit,
1184 3353 1537 3401 «diaconissam
1551 3351 1691 3398 fuisse
1706 3350 1869 3399 matris
1888 3348 2112 3410 ecclesiae,
2128 3347 2261 3413 quod
2278 3348 2328 3394 in
2344 3363 2456 3413 par-

395 3533 404 3551 ·
431 3533 515 3578 Cap.
530 3545 573 3576 w,
593 3535 674 3577 opp.
695 3542 719 3570 t.
737 3535 786 3577 11,
802 3536 865 3569 col.
891 3536 963 3570 164.
977 3534 1047 3561 -·
1060 3531 1180 3570 florfiil.
1197 3535 1254 3571 vn
1267 3562 1276 3578 ‚
1298 3540 1331 3570 in
1350 3536 1549 3570 Ezechielem
1561 3560 1574 3576 ,
1592 3534 1674 3576 opp.
1688 3539 1712 3567 t.
1729 3534 1762 3574 1,
1779 3533 1844 3567 col.
1868 3533 2016 3566 12²⁵.—·
2029 3531 2042 3549 ⁸
2055 3532 2163 3570 Rom„
2184 3541 2258 3573 cap.
2274 3540 2327 3563 xv:
2339 3554 2347 3570 ‚
2369 3539 2399 3562 v.
2423 3529 2454 3561 1.
