2970 4152
1214 440 1533 489 EPISTOLAE.
2340 445 2435 492 203

314 534 646 599 praedicatores
663 534 1018 596 conducamus;
1041 544 1088 583 et
1105 534 1536 600 pseudoapostolos
1557 535 1809 583 nobiscum
1827 536 2252 598 circumducendo,
2275 555 2440 586 cruces

318 626 364 663 et
387 615 662 681 philacteria
687 616 992 680 reliquiarum
1019 625 1255 680 gestemus
1271 652 1290 675 „
1315 625 1369 663 ut
1392 626 1491 663 tam
1514 615 1615 663 haec
1642 633 1787 681 quam
1813 616 2014 664 verbum
2038 617 2155 676 Dei,
2184 633 2267 664 seu
2301 618 2441 664 etiam

319 694 545 761 figmenta
570 696 749 744 diaboli
773 696 1068 762 simplicibus
1091 705 1138 743 et
1162 695 1321 759 idiotis
1344 688 1610 743 vendamus
1633 696 1899 744 christianis
1915 733 1933 757 ,
1954 707 2000 744 et
2023 698 2089 744 eis
2111 697 2445 762 promittamus

318 794 614 843 quaecunque
650 778 713 825 ad
746 777 1101 842 extorquendos
1128 794 1351 825 nummos
1376 777 1609 843 proficere
1634 777 1888 825 credimus.
1925 781 1994 824 Ex
2018 795 2112 843 qua
2139 778 2337 843 quidem
2359 779 2445 825 im-

316 859 517 922 pudenti
538 859 822 925 cupiditate,
846 876 959 923 quae,
972 875 1057 906 sua
1071 869 1203 919 sunt,
1223 875 1322 906 non
1349 876 1454 924 quae
1477 862 1587 906 Jesu
1610 859 1783 906 Christi
1801 869 2042 924 quaerente
2059 896 2071 920 ,
2101 871 2335 924 quantum
2346 860 2446 924 jam

319 939 441 986 ordo
464 950 625 987 noster
652 950 697 987 et
725 940 826 1004 ipsa
865 939 1014 987 divini
1041 940 1312 1005 praedicatio
1350 939 1484 987 verbi
1509 939 1726 1000 viluerit,
1760 941 2003 987 neminem
2023 941 2124 1004 jam
2147 941 2292 988 latere
2321 939 2445 988 arbi-

321 1029 436 1067 tror.
467 1020 589 1069 Hinc
622 1030 669 1067 et
693 1020 781 1085 ipsi
815 1019 1010 1068 abbates
1033 1020 1110 1067 vel
1136 1021 1219 1084 qui
1243 1021 1448 1084 majores
1476 1021 1526 1067 in
1560 1021 1860 1068 monasteriis
1883 1020 2133 1078 videntur,
2173 1021 2446 1086 potentibus

319 1101 464 1148 seculi
497 1112 544 1148 et
581 1101 840 1149 mundanis
870 1101 1012 1149 curiis
1039 1118 1140 1151 sese
1167 1103 1442 1167 importune
1479 1103 1773 1166 ingerentes,
1798 1102 1898 1165 jam
1931 1103 2078 1166 magis
2105 1102 2316 1150 carnales
2348 1119 2447 1151 esse

318 1201 465 1248 quam
497 1183 746 1232 coenobitae
786 1183 1083 1243 didicerunt;
1111 1194 1158 1231 et
1194 1183 1406 1231 favorem
1443 1184 1698 1231 hominum
1731 1201 2017 1249 quacunque
2047 1195 2146 1231 arte
2186 1194 2413 1232 venantes
2433 1221 2444 1243 ,

318 1265 530 1313 crebrius
555 1283 666 1314 cum
697 1264 982 1313 hominibus.
1010 1264 1237 1324 fabulari,
1275 1281 1420 1329 quam
1448 1282 1560 1312 cum
1588 1268 1692 1313 Deo
1732 1265 1894 1330 loqui,
1929 1276 2281 1313 consueverunt
2302 1283 2311 1310 :
2332 1264 2450 1312 illud

319 1362 443 1410 saepe
479 1345 650 1393 frustra
682 1346 893 1410 legentes
913 1382 925 1405 ,
967 1355 1108 1410 atque
1147 1345 1467 1409 negligentes,
1502 1345 1576 1392 vel
1602 1345 1847 1393 audientes
1867 1383 1884 1405 ,,
1911 1346 1997 1393 sed
2021 1363 2120 1393 non
2147 1345 2452 1393 exaudientes

318 1425 451 1490 quod
480 1425 649 1474 beatus
676 1427 909 1474 Antonius
937 1426 1196 1486 admonet,
1227 1426 1393 1474 dicens
1410 1429 1422 1452 ¹
1451 1445 1460 1473 :
1493 1447 1515 1472 «
1541 1428 1670 1474 Sicut
1699 1428 1851 1492 pisces
1876 1428 1915 1474 si
1937 1427 2228 1475 tardaverint
2254 1428 2302 1474 in
2327 1428 2452 1475 sicco

319 1507 590 1553 moriuntur
614 1525 623 1551 :
653 1507 717 1554 ita
743 1516 791 1553 et
817 1507 1043 1554 monachi
1069 1507 1309 1554 tardantes
1337 1516 1468 1553 extra
1496 1506 1744 1566 cellulam,
1777 1518 1858 1555 aut
1882 1525 1993 1555 cum
2024 1507 2134 1554 viris
2165 1507 2454 1555 secularibus

320 1586 660 1646 immorantes,
697 1603 724 1633 a
760 1587 931 1651 quietis
965 1587 1213 1651 proposito
1240 1586 1561 1634 resolvuntur.
1603 1605 1626 1630 »
1671 1589 1874 1652 Oportet
1899 1605 2013 1652 ergo
2043 1588 2163 1634 sicut
2189 1589 2367 1653 piscem
2405 1588 2451 1642 in

321 1667 442 1714 mari
464 1704 475 1726 ,
506 1668 569 1714 ita
604 1677 649 1714 et
677 1684 766 1714 nos
790 1667 853 1714 ad
877 1667 1045 1714 cellam
1074 1683 1347 1724 recurrere,
1381 1684 1441 1714 ne
1467 1667 1587 1714 forte
1610 1667 1723 1714 foris
1751 1667 1991 1715 tardantes
2017 1668 2354 1716 obliviscamur
2378 1669 2454 1715 in-

322 1748 508 1797 terioris
532 1747 774 1795 custodiae.
804 1747 948 1806 Quod
972 1748 1073 1813 ipse
1104 1764 1298 1812 quoque
1324 1748 1600 1795 monasticae
1627 1748 1830 1813 scriptor
1856 1747 2027 1812 regulae
2044 1785 2057 1807 ,
2086 1748 2262 1796 scilicet
2290 1749 2454 1796 beatus

320 1828 627 1889 Benedictus,
648 1829 897 1893 diligenter
912 1828 1187 1888 attendens,
1207 1845 1353 1893 quam
1372 1829 1419 1875 in
1437 1829 1737 1876 monasteriis
1754 1828 1968 1876 assiduos
1988 1829 2101 1877 velit
2120 1846 2222 1877 esse
2238 1829 2450 1889 abbateS,

321 1920 368 1960 et
392 1927 536 1975 super
559 1910 827 1958 custodiam
850 1910 922 1957 sui
946 1910 1096 1974 gregis
1116 1909 1320 1956 sollicite
1337 1919 1462 1957 stare
1479 1946 1491 1970 ,
1513 1919 1612 1957 tam
1638 1910 1857 1976 exemplo
1880 1927 2025 1975 quam
2043 1911 2219 1975 scripto
2239 1921 2456 1976 patenter

321 1983 529 2039 edocuit.
560 1992 646 2038 Hic
670 1992 798 2039 enim
823 2008 973 2056 quum
999 2007 1026 2038 a
1053 1990 1272 2038 fratribus
1302 1990 1364 2038 ad
1386 1992 1745 2039 sacratissimam
1775 2008 1992 2040 sororem
2011 2008 2147 2043 suam
2171 1991 2453 2041 visitandam

269 2091 271 2093 ·
320 2072 587 2138 profectus,
628 2089 779 2137 quum
816 2072 918 2138 ipsa
954 2089 1065 2119 eum
1095 2089 1183 2138 pro
1212 2071 1525 2123 aedificatione
1556 2072 1721 2120 saltem
1751 2082 1892 2120 nocte
1928 2089 2024 2119 una
2046 2071 2186 2120 vellet
2217 2073 2419 2120 retinere
2439 2109 2450 2131 ‚

321 2155 483 2218 a'perte
507 2153 746 2220 professus
770 2164 840 2202 est
865 2170 1058 2202 manere
1083 2164 1214 2201 extra
1236 2153 1404 2201 cellam
1433 2153 1704 2201 nullatenus
1732 2171 1782 2201 se
1814 2170 1970 2219 posse.
1998 2157 2094 2201 Nec
2124 2154 2188 2201 ait
2221 2154 2414 2219 quidem
2437 2190 2449 2213 ‚

326 2254 349 2278 α
371 2251 470 2282 non
489 2252 744 2300 possumus
761 2272 773 2294 ‚
800 2254 823 2280 »
856 2235 966 2295 sed,
1002 2254 1027 2280 α
1046 2252 1145 2283 non
1174 2252 1370 2300 possum
1387 2237 1423 2294 ⁸,
1450 2254 1474 2280 »
1506 2236 1619 2300 quia
1642 2235 1736 2284 hoc
1760 2253 1846 2301 per
1870 2252 1981 2284 eum
2010 2235 2200 2296 fratres,
2234 2252 2333 2283 non
2356 2236 2455 2301 ipse
2500 2263 2503 2266 v

323 2326 512 2382 posset,
541 2317 631 2363 nisi
657 2317 752 2365 hoc
779 2327 827 2365 et
852 2333 879 2364 a
908 2317 1119 2365 Domino
1136 2352 1150 2377 ,
1180 2317 1300 2364 sicut
1325 2317 1638 2382 postmodum
1661 2327 1822 2364 actum
1842 2327 1943 2377 est,
1973 2316 2229 2381 revelante.
2253 2316 2392 2364 Unde
2412 2327 2457 2363 et

324 2413 474 2461 quum
500 2397 712 2462 regulam
737 2397 992 2458 scriberet,
1022 2415 1260 2462 nusquam
1287 2397 1348 2445 de
1373 2397 1584 2457 abbatis,
1606 2398 1690 2446 sed
1715 2397 2023 2445 solummodo
2050 2398 2246 2445 fratrum
2266 2415 2454 2463 egressu

325 2478 625 2539 meminerit;
651 2477 713 2527 de
739 2479 873 2542 cujus
899 2479 1040 2526 etiam
1064 2479 1337 2527 assiduitate
1366 2480 1430 2526 ita
1455 2489 1592 2526 caute
1619 2479 1857 2544 providit³
1873 2516 1885 2540 ,
1912 2489 1965 2526 ut
1989 2479 2040 2526 in
2064 2478 2229 2543 vigiliis
2248 2479 2454 2526 domini-

326 2575 496 2606 corum
520 2569 566 2607 et
592 2559 820 2607 festorum
847 2559 1033 2625 dierum
1068 2559 1389 2624 evangelicam
1420 2560 1677 2608 lectionem
1697 2596 1709 2618 ‚
1741 2570 1788 2606 et
1816 2576 1921 2624 quae
1949 2559 2015 2605 illi
2052 2559 2275 2622 adjuncta
2309 2569 2449 2618 sunt,

326 2656 425 2687 non
450 2640 543 2693 nisi
565 2640 631 2688 ab.
651 2640 824 2691 abbate
846 2642 1088 2707 pioecipiat
1110 2641 1220 2689 dici.
1254 2643 1348 2700 Qui
1373 2642 1516 2689 etiam
1547 2642 1797 2689 instituens
1815 2642 1851 2699 ⁴,
1880 2650 1933 2687 ut
1961 2657 2124 2688 mensa
2145 2640 2327 2693 abbatis
2344 2657 2453 2688 cum

325 2722 584 2786 peregrinis
610 2732 656 2770 et
682 2721 948 2787 hospitibus
973 2723 1030 2769 sit
1059 2739 1248 2787 semper
1264 2759 1276 2783 ,
1318 2733 1364 2770 et
1401 2723 1623 2787 quotiens
1662 2722 1819 2768 minus
1844 2731 1953 2768 sunt
1980 2721 2192 2786 hospites
2219 2738 2333 2769 cum
2360 2738 2417 2768 eo
2438 2758 2449 2780 ‚

325 2819 446 2867 quos
489 2803 690 2851 voluerit
727 2803 789 2851 de
828 2803 1050 2854 fratribus
1087 2821 1287 2863 vocare,
1331 2804 1521 2851 seniore
1550 2820 1647 2850 uno
1675 2812 1860 2849 tantum
1903 2812 1984 2849 aut
2027 2801 2222 2853 duobus,
2252 2801 2455 2848 dimissis

324 2899 437 2930 cum
461 2883 707 2943 fratribus3
748 2894 968 2949 patenter
996 2885 1203 2933 insinuat
1231 2900 1481 2949 nunquam
1508 2884 1557 2930 in
1587 2893 1805 2949 tempore
1826 2899 2000 2930 mensae
2035 2881 2259 2930 abbatem
2294 2898 2456 2933 mona-

327 2963 469 3011 sterio
493 2963 669 3012 debere
692 2964 856 3015 deesse
877 3001 888 3024 ,
933 2975 980 3012 et
1008 2975 1060 3013 ut
1086 2964 1300 3013 delicatis
1323 2965 1597 3030 principum
1621 2963 1808 3013 ferculis
1823 2963 1924 3027 jam
1952 2973 2165 3010 assuetus
2181 2998 2194 3023 ,
2224 2962 2454 3013 cibarium

325 3059 500 3109 panem
530 3045 806 3092 monasterii
835 3045 1059 3109 subjectis
1096 3045 1412 3110 derelinquat.
1446 3048 1516 3094 De
1553 3043 1777 3109 qualibus,
1805 3043 2001 3108 quidem
2039 3044 2220 3096 Veritas
2251 3061 2260 3089 z
2302 3062 2325 3087 «
2350 3042 2455 3090 Alli-

325 3134 460 3189 gant,
495 3145 520 3171 »
561 3127 744 3191 inquit⁵
776 3162 788 3186 ,
837 3146 861 3171 α
891 3141 1041 3175 onera
1080 3128 1271 3191 gravia,
1311 3137 1358 3175 et
1391 3125 1741 3192 importabilia,
1775 3134 1821 3171 et
1850 3125 2108 3190 imponunt
2143 3125 2191 3171 in
2226 3124 2455 3171 humeros

323 3204 578 3254 hominum
607 3225 617 3254 ε
650 3206 798 3272 digito
827 3217 987 3255 autem
1018 3224 1106 3260 suo
1141 3207 1313 3255 nolunt
1342 3224 1398 3255 ea
1425 3223 1636 3254 movere.
1663 3225 1685 3250 »
1716 3208 1772 3251 Et
1798 3204 1910 3252 alibi
1934 3205 1994 3252 de
2019 3204 2143 3253 falsis
2171 3204 2455 3270 praedicato-

327 3286 484 3334 ribus‘
509 3306 519 3334 ι
555 3307 579 3333 «
603 3287 841 3336 Attendite
866 3304 893 3334 a
924 3287 1048 3335 falsis
1074 3288 1323 3353 prophetis
1347 3289 1431 3353 qui
1462 3288 1662 3335 veniunt
1688 3287 1750 3334 ad
1780 3303 1882 3335 vos.
1922 3305 1944 3330 »
1991 3286 2228 3344 Veniunt,
2274 3285 2451 3349 inquit,

370 3494 382 3511 0
415 3495 476 3528 Vn.
504 3496 661 3536 Patr-um,
694 3504 778 3540 part.
814 3498 858 3531 11.
889 3516 919 3521 -κ
954 3496 966 3513 ¹
984 3497 1019 3530 S.
1051 3496 1198 3540 Gregorii
1221 3497 1369 3540 Diatoq„
1413 3507 1487 3540 cap.
1504 3506 1550 3529 xi.
1563 3513 1600 3518 —
1618 3494 1630 3512 ⁸
1645 3495 1777 3539 Regni„
1792 3506 1865 3539 cap·
1882 3506 1993 3529 nvn—
2009 3494 2021 3512 ¹
2035 3495 2164 3534 Matth„
2179 3505 2251 3538 cap.
2268 3505 2363 3536 xxxin,
2379 3503 2409 3525 v.
2423 3494 2454 3524 4.

328 3549 384 3584 lib.
406 3551 453 3591 ll,
483 3562 556 3595 cap.
586 3564 709 3591 xxxin,
743 3554 823 3594 Opp.
851 3559 875 3586 t.
905 3554 952 3593 ΙΙ,
973 3554 1038 3593 col.
1057 3554 1134 3586 268.
1152 3571 1190 3576 —-
1210 3553 1223 3571 ³
1238 3553 1370 3597 Regul.,
1413 3571 1458 3578 —
1473 3553 1486 3571 ⁸
1501 3552 1598 3593 thid„
1619 3563 1694 3599 cap.
1717 3563 1757 3585 vu
1773 3578 1781 3592 ,
1801 3563 1833 3585 v.
1859 3553 1910 3585 15.
