2970 4152
978 411 1036 458 IN
1069 411 1281 459 NATALI
1316 410 1526 459 DOMINI
1562 408 1778 457 SERMO.
2341 407 2427 454 384

310 515 363 552 ut
392 506 456 552 ait
482 504 759 570 Apostolus,
791 505 853 552 ad
870 505 1133 571 perfectum
1160 505 1372 553 adduxit.
1404 505 1698 571 Impossibile
1727 503 1855 550 enim
1883 512 1973 561 est,
1998 501 2176 565 inquit,
2207 502 2435 565 sanguine

310 586 557 634 hircorum
573 596 654 634 aut
676 596 922 634 taurorum
942 586 1125 634 auferre
1139 596 1349 651 peccata.
1372 584 1512 633 Unde
1525 586 1676 649 Moysi
1692 588 1833 632 Josue
1850 582 2104 630 succedere
2121 597 2312 628 necesse
2329 581 2431 641 fuit,

312 667 423 730 quia
455 666 627 713 frustra
663 667 970 732 processisset
994 665 1256 731 legislator,
1286 666 1376 712 nisi
1401 675 1679 730 sequeretur
1706 663 1926 710 salvator.
1962 662 2056 719 Qui
2083 660 2295 726 profecto
2328 672 2437 726 post

314 746 564 793 transitum
589 745 807 793 Jordanis
834 746 1133 793 introductos
1161 747 1210 792 in
1233 730 1408 793 terram
1437 745 1767 811 promissionis
1800 760 1909 790 cum
1944 752 2078 806 petra
2107 742 2429 798 circumcidit,

316 825 432 873 dum
456 825 674 874 videlicet
696 843 786 874 nos
813 827 863 873 in
886 826 1126 892 baptismo
1154 837 1454 891 regeneratos
1469 863 1481 886 ,
1508 836 1651 890 atque
1675 824 1737 872 ad
1762 839 1976 890 supernae
1999 822 2263 869 vocationis
2289 822 2435 869 haere-

316 905 509 953 ditatem
532 905 815 972 perductos,
843 923 1005 954 veram
1039 906 1128 953 sibi
1158 907 1300 955 nobis
1331 907 1743 955 circumcisionem
1767 921 1854 969 per
1877 904 2183 968 semetipsum
2216 903 2266 950 in
2302 913 2436 968 petra

316 985 570 1050 figuratum
596 985 784 1047 tribuit,
814 987 891 1034 cui
920 997 988 1034 est
1012 1004 1123 1034 cum
1147 990 1285 1036 Patre
1317 997 1365 1035 et
1394 988 1570 1053 Spiritu
1597 996 1762 1034 sancto
1787 984 1978 1050 aequalis
1998 983 2173 1048 gloria,
2203 993 2435 1031 coaeterna

315 1066 557 1130 majestas,
581 1084 668 1133 per
689 1066 874 1115 infinita
899 1066 1170 1115 seculorum
1189 1068 1363 1116 secula.
1390 1072 1556 1115 Amen.

931 1570 1009 1631 IN
1056 1567 1483 1629 EPIPHANIA
1530 1567 1827 1627 DOMINI.

1251 1761 1399 1791 SERMO
1432 1761 1480 1790 lv
1488 1780 1498 1790 .

383 1878 658 1944 Epiphaniae
676 1893 881 1944 praesens
902 1876 1177 1924 solemnitas
1199 1877 1419 1924 vocabuli
1439 1879 1511 1923 sui
1528 1877 1869 1941 proprietatem
1887 1875 2046 1922 multis
2062 1884 2108 1923 et
2122 1875 2261 1922 variis
2278 1889 2437 1921 rerum

316 1957 563 2006 eventibus
587 1957 773 2004 mundo
793 1955 1020 2004 exhibuit.
1048 1955 1193 2014 Quod
1213 1956 1339 2003 enim
1359 1955 1667 2020 Theophania
1691 1955 1767 2002 vel
1787 1953 2050 2019 Epiphania
2070 1970 2218 2018 graece
2240 1953 2433 2010 dicitur,

315 2034 366 2083 id
395 2036 539 2085 latine
567 2037 655 2084 Dei
684 2037 940 2103 apparitio,
967 2035 1045 2083 vel
1068 2035 1468 2101 super-apparitio
1493 2044 1815 2099 nuncupatur.
1844 2033 2059 2081 Salvator
2092 2034 2232 2098 igitur
2250 2032 2435 2092 mundi,

315 2127 424 2182 post
448 2117 576 2165 illam
607 2116 881 2183 temporalis
917 2117 991 2164 sui
1025 2126 1156 2163 ortus
1180 2115 1552 2181 apparitionem,
1583 2130 1679 2179 qua
1710 2113 1776 2160 de
1809 2123 1944 2160 utero
1978 2113 2204 2178 prodiens
2237 2113 2438 2177 Virginis

315 2195 456 2246 carne
481 2215 531 2246 se
554 2198 787 2252 visibilem
816 2197 1001 2245 mundo
1021 2196 1243 2262 praebuit‚
1274 2196 1383 2243 etin
1400 2195 1631 2260 praesepio
1660 2193 1930 2259 pastoribus
1949 2194 2173 2253 innotuit,
2201 2210 2295 2240 una
2311 2204 2440 2258 post—

315 2279 516 2327 modum
534 2297 621 2345 per
638 2279 985 2327 revolutionem
1009 2288 1283 2343 temporum
1302 2276 1398 2337 die,
1419 2277 1562 2341 signis
1580 2274 1874 2322 mirabilibus
1899 2292 1999 2323 sese
2018 2274 2223 2339 amplius
2249 2274 2443 2322 manife-

316 2369 437 2407 stare
461 2359 670 2407 decrevit
692 2378 702 2406 :
734 2369 786 2406 ut
803 2359 886 2424 qui
905 2375 1016 2406 eum
1035 2375 1093 2406 ex
1111 2359 1351 2423 Scriptura
1369 2374 1470 2404 non
1490 2366 1856 2421 cognoscerent,
1879 2373 2039 2403 rerum
2059 2355 2222 2403 saltem
2240 2355 2443 2402 admira—

315 2439 445 2486 tione
473 2439 774 2487 traherentur
805 2438 867 2487 ad
897 2437 1058 2486 fidem.
1091 2442 1279 2485 Novum
1301 2438 1480 2502 quippe
1506 2437 1708 2484 coelestis
1732 2437 1853 2501 regis
1878 2447 2038 2484 ortum
2066 2437 2113 2482 in
2147 2437 2282 2483 terris
2314 2452 2440 2481 nova

315 2518 447 2566 stella
467 2519 615 2583 magis
640 2518 885 2577 revelavit,
915 2528 962 2564 et
979 2534 1122 2582 super
1144 2517 1435 2582 baptizatum
1461 2517 1747 2575 Dominum,
1771 2516 1900 2563 coelis
1919 2516 2113 2581 apertis,
2143 2526 2191 2562 et
2217 2515 2440 2562 columba

315 2597 364 2643 in
401 2613 513 2644 eum
543 2596 885 2654 descendente,
916 2606 962 2643 et
997 2606 1194 2662 paterna
1222 2612 1340 2643 voce
1369 2595 1430 2642 de
1463 2595 1580 2642 Filio
1609 2594 1911 2654 testificante,
1941 2611 2041 2643 non
2071 2594 2226 2642 solum
2258 2595 2437 2659 populo

317 2679 661 2739 circumstanti,
680 2694 848 2726 verum
870 2678 1013 2725 etiam
1028 2677 1118 2742 ipsi
1137 2677 1353 2742 Baptistae
1369 2677 1539 2724 Joanni
1559 2676 1787 2742 plenarie,
1811 2686 2017 2740 quantus
2042 2686 2179 2734 esset,
2203 2676 2433 2734 innotuit,

315 2759 435 2805 sicut
472 2769 518 2806 et
554 2759 653 2824 ipse
691 2761 898 2805 Joannes
933 2756 1186 2823 profitetur
1225 2756 1447 2803 dicens¹:
1489 2757 1658 2815 «Quia
1684 2755 1779 2803 vidi
1805 2756 2031 2822 Spiritum
2067 2754 2437 2802 descendentem

315 2840 449 2904 quasi
474 2838 749 2886 columbam
774 2838 835 2886 de
859 2838 1007 2898 coelo,
1037 2847 1083 2885 et
1105 2837 1277 2884 mansit
1311 2854 1453 2902 super
1486 2854 1612 2884 eum.
1657 2839 1714 2884 Et
1745 2853 1834 2901 ego
1868 2836 2139 2884 nesciebam
2173 2852 2300 2882 eum.
2345 2835 2437 2881 Sed

317 2921 398 2984 qui
423 2920 550 2967 misit
573 2936 650 2967 me
674 2919 912 2985 baptizare
935 2919 983 2965 in
1009 2935 1132 2983 aqua
1148 2954 1160 2976 ,
1189 2917 1267 2965 ille
1295 2918 1413 2964 mihi
1437 2918 1554 2965 dixit
1576 2937 1586 2964 :
1615 2937 1638 2962 «
1660 2919 1813 2983 Super
1834 2934 1980 2982 quem
2007 2916 2181 2964 videris
2209 2916 2435 2981 Spiritum

321 3019 342 3044 α
360 2999 730 3047 descendentem
744 3009 792 3046 et
802 3009 1075 3046 manentem
1088 3015 1231 3064 super
1246 3014 1374 3057 eum,
1389 2997 1467 3045 hic
1486 3008 1556 3045 est
1571 2999 1653 3063 qui
1665 2998 1874 3063 baptizat
1890 2998 1938 3044 in
1956 2997 2131 3062 Spiritu
2150 3005 2331 3044 sancto.
2345 3014 2365 3039 η
2381 2998 2439 3041 Et

315 3096 403 3144 ego
432 3079 552 3138 vidi,
580 3090 626 3127 et
647 3079 973 3127 testimonium
1004 3078 1249 3143 perhibui,
1283 3079 1395 3143 quia
1419 3078 1498 3125 hic
1528 3088 1599 3125 est
1630 3077 1754 3125 filius
1784 3078 1888 3125 Dei.
1912 3096 1935 3121 »
1959 3077 2177 3141 Denique
2205 3075 2435 3123 miraculo

316 3176 449 3224 aquae
485 3161 534 3207 in
566 3161 733 3207 vinum
766 3175 1007 3207 conversae
1031 3158 1289 3207 divinitatis
1315 3158 1417 3223 ejus
1446 3159 1660 3224 potentia
1687 3157 1974 3216 declaratur,
2006 3157 2126 3205 sicut
2152 3155 2436 3220 evangelista

317 3251 665 3288 commemorat
697 3240 915 3288 dicens’:
951 3242 1098 3287 «Hoc
1122 3239 1231 3287 fecit
1263 3239 1452 3287 initium
1490 3240 1735 3303 signorum
1764 3241 1872 3285 Jesu
1899 3238 1948 3284 in
1975 3240 2103 3285 Cana
2132 3236 2356 3294 Galilaeae,
2392 3246 2437 3283 et

318 3321 632 3369 manifestavit
656 3320 855 3386 gloriam
881 3336 1030 3368 suam.
1055 3322 1112 3367 Et
1131 3319 1434 3368 crediderunt
1462 3320 1511 3367 in
1543 3336 1654 3366 eum
1688 3318 1907 3383 discipuli
1932 3318 2047 3381 ejus.
2076 3337 2099 3363 »
2133 3321 2269 3365 Nunc
2298 3318 2438 3381 igitur

365 3501 373 3518 ¹
400 3501 509 3543 Joan.‚
528 3511 600 3546 cap.
622 3513 652 3542 1,
673 3512 704 3534 v.
724 3504 778 3535 32.
795 3519 833 3526 -
851 3501 864 3519 ¹
882 3500 982 3545 Ibid.,
999 3511 1073 3546 cap.
1093 3512 1133 3542 u,
1150 3511 1182 3534 v.
1205 3503 1257 3534 11.
