2970 4152
530 417 628 464 374
999 435 1006 442 ·
1232 383 1235 385 ’
1336 414 1506 463 ΡΕΤιὶι
1543 411 1855 465 ABAELARm

600 511 784 557 Primus
809 508 1043 555 Abraham
1067 508 1126 555 de
1153 519 1276 556 terra
1301 509 1631 558 Chaldaeorum
1659 522 1706 559 et
1733 512 2017 575 cognatione
2039 527 2123 557 sua
2151 509 2316 557 divino
2340 509 2538 558 eductus
2558 512 2651 559 im-

534 592 690 655 perio,
730 589 933 654 propriae
963 599 1097 636 terrae
1128 591 1498 654 promissionem
1531 590 1619 663 sibi
1650 602 1696 639 et
1729 592 1895 639 semini
1928 607 2014 638 suo
2048 576 2254 655 suscepit
2280 592 2307 638 a
2335 592 2575 639 Domino:
2601 593 2652 640 in

532 688 627 735 qua
655 670 871 732 videlicet
906 679 1027 716 terra
1062 671 1269 736 populus
1304 673 1393 719 Dei
1428 689 1456 719 a
1482 672 1907 737 gentibuslviveret
1943 682 2211 737 separatus,
2250 681 2298 719 et
2327 671 2488 719 divino
2522 672 2651 721 cultu

533 752 728 799 serviret
753 736 1000 815 expeditus
1013 787 1026 812 ,
1050 768 1201 816 quum
1223 762 1364 818 *antea
1387 752 1551 800 fideles
1571 752 1745 818 passim
1770 770 1880 799 cum
1905 752 2122 816 gentibus
2143 751 2358 799 habitare
2380 762 2425 800 ct
2446 752 2654 801 victitare

531 832 902 879 consuevissent.
939 835 992 878 In
1024 832 1114 879 hac
1141 833 1283 897 igitur
1315 843 1442 881 terra
1465 842 1692 898 tanquam
1720 834 1769 879 in
1798 834 1983 880 civitate
2013 832 2219 897 quadam
2250 831 2484 899 populum
2514 849 2654 880 suum

528 913 763 959 Dominus
796 923 1188 978 congregaturuS,
1222 924 1268 961 et
1297 931 1323 962 a
1349 914 1566 979 gentibus
1594 931 1705 961 eum
1736 924 1834 961 tam
1866 913 1974 961 1000
2002 915 2266 978 quam-vita
2295 923 2620 978 segregaturus
2637 949 2650 974 ,

525 993 737 1042 decrevit
756 995 799 1041 ei
825 993 978 1059 legem
1000 995 1267 1054 instituere,
1294 1012 1321 1043 a
1337 996 1696 1044 circumcisione
1717 995 1967 1063 inchoans.
1993 995 2160 1055 Unde,
2193 1005 2245 1042 ut
2269 1011 2412 1060 supra
2439 994 2656 1042 memini·

526 1091 656 1136 mus,
688 1076 808 1122 facta
830 1077 1148 1141 promissione
1177 1086 1335 1138 terrae,
1365 1094 1458 1142 qua
1487 1077 1695 1142 populus
1719 1077 1807 1124 Dei
1834 1076 1894 1123 ab
1920 1075 2191 1124 infidelibus
2216 1076 2580 1141 disjungeretur,
2609 1085 2656 1123 et

527 1157 738 1203 Domino
764 1155 947 1204 firmius
970 1158 1340 1221 conjungeretur
1361 1175 1417 1204 ac
1442 1157 1767 1217 foederaretur,
1797 1157 1952 1204 statim
1976 1156 2351 1236 circumcisionis
2366 1165 2655 1222 praeceptum

526 1237 784 1298 inducitur,
810 1238 944 1302 quod
975 1239 1035 1285 sit
1059 1238 1279 1286 videlicet
1308 1239 1357 1285 in
1383 1238 1525 1300 hujus
1555 1238 1744 1284 foederis
1769 1239 1973 1301 signum.
1998 1241 2064 1284 Ex
2092 1238 2282 1302 genitali
2303 1239 2482 1303 quippe
2505 1255 2657 1284 mem—

526 1317 616 1364 bro
649 1318 872 1366 humanae
906 1319 1223 1382 generationis
1258 1328 1326 1364 est
1359 1317 1656 1382 propagatio.
1703 1320 1806 1363 Hoc
1845 1317 1987 1380 igitur
2020 1317 2292 1364 membrum
2325 1318 2658 1364 circumcisum

530 1398 765 1445 Abraham
792 1409 838 1445 et
869 1415 981 1445 suos
1006 1415 1033 1445 a
1057 1399 1147 1444 ritu
1175 1407 1222 1444 et
1245 1396 1461 1444 moribus
1484 1396 1680 1460 originis
1705 1413 1822 1454 suae,
1845 1396 1896 1443 id
1917 1407 1988 1443 est
2006 1396 2272 1444 infidelium
2301 1397 2655 1458 Chaldaeorum,

526 1489 793 1543 segregatos
816 1495 917 1525 esse
938 1478 1169 1545 ostendit,
1193 1487 1240 1525 et
1254 1477 1345 1525 hac
1362 1478 1515 1524 carnis
1539 1476 1880 1542 exspoliatione
1900 1476 2000 1540 jam
2026 1494 2108 1529 eos
2132 1487 2340 1525 veterem
2359 1487 2406 1525 et
2422 1478 2658 1525 carnalem

531 1560 713 1607 exuisse
738 1559 1008 1618 hominem,
1044 1569 1091 1605 et
1113 1574 1295 1604 novum
1322 1574 1376 1604 30
1405 1557 1665 1622 spiritalem
1688 1557 1922 1617 induisse,
1952 1557 2035 1621 qui
2060 1557 2326 1604 secundum
2347 1561 2504 1604 Deum
2529 1574 2660 1605 crea·

529 1650 606 1686 tur
628 1650 674 1687 et
698 1650 956 1687 renovatur
975 1639 1035 1686 de
1061 1639 1138 1686 die
1161 1639 1209 1685 in
1234 1638 1389 1698 diem;
1414 1638 1475 1685 ad
1501 1638 1634 1702 quod
1660 1638 1804 1685 etiam
1829 1637 1972 1701 hujus
1997 1637 2114 1702 signi
2140 1637 2522 1685 consideratione
2546 1654 2663 1703 proe·

531 1721 669 1786 cipue
705 1720 1097 1767 admonerentur.
1142 1720 1286 1783 Cujus
1326 1721 1520 1785 insuper
1560 1719 1705 1784 signi,
1746 1719 1880 1783 quasi
1914 1718 2062 1765 divini
2099 1718 2347 1782 cujusdam
2379 1719 2429 1766 in
2465 1718 2663 1766 homine

530 1800 782 1865 signaculi,
811 1818 912 1847 non
939 1800 1182 1848 mediocre
1207 1800 1522 1847 commodum
1547 1799 1783 1846 Dominus
1815 1798 2105 1864 praevidebat
2132 1799 2193 1845 ad
2223 1797 2437 1845 fidelium
2463 1797 2662 1845 salutem

532 1884 678 1930 tutius
710 1882 1045 1943 muniendam,
1082 1892 1129 1929 et
1160 1899 1242 1930 eos
1279 1881 1339 1928 ab
1373 1880 1647 1928 infidelibus
1678 1881 1884 1928 maxime
1917 1879 2218 1927 dividendos.
2257 1882 2453 1926 Constat
2485 1879 2665 1943 quippe

534 1973 685 2011 tantas
708 1981 807 2010 esse
833 1963 1036 2011 carnalis
1063 1963 1319 2029 voluptatis
1347 1962 1614 2022 illecebraS,
1642 1973 1694 2009 ut
1719 1962 1852 2009 facile
1880 1961 2102 2008 homines
2119 1960 2180 2008 ad
2206 1959 2524 2007 idololatriam
2542 1976 2664 2024 quo·

535 2060 627 2108 que
651 2044 790 2091 istam
817 2044 1204 2109 concupiscentia
1227 2043 1448 2103 inclinet,
1477 2044 1598 2090 sicut
1626 2042 1686 2090 de
1719 2059 1907 2090 summo
1938 2043 2150 2108 sapiente
2177 2050 2337 2088 actum
2366 2051 2451 2088 est.
2486 2043 2555 2087 Ne
2579 2040 2665 2104 igi-
2705 2041 2709 2045 ’

536 2134 612 2171 tur
643 2123 806 2172 fideles
839 2123 1111 2171 infidelibus
1143 2124 1329 2175 feminis
1362 2123 1598 2189 copulati,
1635 2125 1684 2170 in
1717 2124 1811 2170 ritu
1837 2140 2001 2170 earum
2029 2122 2306 2180 transirent,
2337 2131 2384 2167 et
2407 2137 2434 2166 a
2455 2121 2666 2167 Domino

536 2206 837 2266 recederent,
869 2206 1005 2270 quasi
1026 2205 1233 2270 quadam
1262 2206 1468 2253 maceria
1491 2206 1793 2271 interposita,
1828 2205 1923 2252 hoc
1953 2205 2089 2268 signo
2118 2203 2346 2262 maxime,
2382 2202 2547 2249 talium
2578 2217 2667 2248 co—

537 2287 757 2352 pularum
781 2288 1143 2336 familiaritatem
1173 2288 1400 2335 abscidit:
1424 2298 1477 2335 ut
1504 2289 1542 2335 si
1564 2287 1786 2335 videlicet
1816 2304 2006 2334 rursum
2034 2285 2118 2332 filii
2147 2285 2235 2332 Dei
2265 2283 2383 2331 filias
2412 2283 2668 2331 hominum

537 2370 952 2435 concupiscerent,
985 2369 1073 2417 illae
1102 2380 1260 2418 tamen
1287 2386 1456 2417 eorum
1484 2369 1708 2435 copulam
1737 2378 2038 2435 spernerent,
2067 2367 2209 2430 hujus
2238 2365 2442 2412 membri
2471 2364 2668 2412 detrun·

539 2452 777 2499 cationem
812 2461 1040 2516 tanquam
1074 2452 1395 2516 turpissimam
1427 2451 1737 2498 abhorrentes
1765 2469 1774 2497 :
1815 2460 1862 2497 et
1892 2450 1957 2496 illi
1990 2458 2156 2495 contra
2189 2447 2285 2493 hoc
2315 2446 2450 2510 signo
2481 2444 2669 2491 foederis

536 2533 625 2580 Dei
648 2531 864 2579 membra
889 2530 1176 2578 sanctificata
1202 2548 1230 2579 a
1253 2531 1548 2597 turpitudine
1571 2530 1837 2578 infidelium
1862 2538 2105 2577 servarent
2126 2528 2317 2574 intacta.
2348 2525 2488 2572 Unde
2513 2534 2561 2572 et
2582 2539 2671 2590 po-

536 2613 678 2678 pulus
703 2613 846 2662 Israel
871 2631 929 2661 eo
960 2623 1201 2679 tempore,
1233 2629 1329 2677 quo
1354 2613 1404 2659 in
1427 2613 1616 2660 deserto
1641 2622 1908 2676 segregatus
1934 2628 1961 2658 a
1985 2608 2203 2674 gentibus
2229 2608 2336 2667 fuit,
2367 2619 2671 2670 nequaquam

538 2696 813 2743 circumcidi
836 2695 1110 2762 compulsus
1137 2706 1221 2743 est.
1244 2699 1376 2742 Tunc
1394 2713 1508 2743 vero
1540 2696 1746 2743 maxime
1772 2694 1898 2741 hanc
1923 2693 2178 2740 maceriam
2207 2688 2450 2755 interponi
2480 2703 2672 2735 necesse
2698 2742 2701 2744 q

537 2778 647 2838 fuit,
687 2795 838 2842 quum
871 2778 919 2824 in
952 2777 1191 2824 Abraham
1225 2776 1440 2825 fidelium
1474 2777 1791 2843 peregrinatio
1817 2777 1941 2822 inter
1966 2772 2183 2821 infideles
2212 2771 2429 2836 coeperit,
2466 2778 2512 2816 et
2538 2769 2589 2816 in
2617 2783 2673 2814 ea

539 2858 673 2922 cujus
694 2859 791 2923 jam
819 2868 1064 2923 acceperat
1093 2859 1460 2924 promissionem
1483 2869 1623 2905 terra.
1655 2857 1808 2904 Facile
1833 2872 2042 2920 namque
2069 2850 2424 2921 peregrinantes
2450 2849 2513 2902 ab
2537 2850 2664 2896 inco-

538 2940 594 2987 lis
622 2957 717 3005 qua
738 2950 940 3006 possunt
970 2941 1222 2987 occasione
1250 2940 1613 2987 familiaritatem
1632 2949 1845 3004 captant,
1869 2955 2016 3003 quam
2044 2954 2102 2984 ex
2130 2933 2443 2983 matrimoniis
2466 2930 2673 2978 maxime

542 3020 758 3067 contrahi
791 3030 992 3067 constat.
1033 3024 1142 3079 Quo
1171 3020 1367 3085 quidem
1401 3030 1626 3068 contactu
1657 3020 1696 3066 si
1727 3019 1933 3084 populus
1963 3018 2051 3064 Dei
2081 3015 2265 3082 populo
2293 3013 2671 3061 Chananaeorum

543 3103 815 3162 vinciretur,
838 3102 1028 3151 difficile
1055 3103 1189 3150 illum
1219 3103 1400 3163 delere,
1426 3102 1503 3149 vel
1521 3118 1548 3149 a
1568 3112 1693 3149 terra
1719 3101 1953 3166 expellere
1982 3099 2291 3155 sustinerent,
2314 3095 2433 3141 sicut
2458 3101 2672 3157 postmo-

546 3181 661 3228 dum
687 3183 850 3229 divino
877 3194 1035 3230 actum
1061 3194 1132 3231 est
1156 3183 1373 3230 consilio.
1408 3182 1538 3230 Solet
1562 3182 1703 3229 etiam
1731 3181 2012 3228 communio
2042 3194 2220 3225 mensae
2249 3174 2509 3222 maximum
2538 3171 2671 3217 fami-

545 3261 755 3308 liaritatis
787 3263 1031 3310 vinculum
1066 3281 1181 3311 esse.
1224 3263 1363 3310 Unde
1398 3272 1444 3310 et
1479 3262 1555 3310 lex
1586 3262 1898 3326 postmodum
1931 3260 2158 3307 delicatos
2190 3254 2477 3302 interdicens
2510 3249 2669 3310 cibos,

545 3341 670 3388 hanc
692 3360 884 3407 quoque
910 3344 1232 3392 familiaritatis
1260 3344 1451 3392 abstulit
1482 3344 1801 3391 occasionem.
1837 3346 1896 3389 Et
1923 3358 2020 3406 quo
2047 3335 2391 3386 difficilioribus
2415 3332 2672 3380 observan-

548 3421 623 3467 tiis
656 3421 843 3468 Judaeos
866 3423 1119 3488 implicuit,
1148 3434 1283 3471 tanto
1314 3423 1518 3490 amplius
1542 3423 1602 3470 ab
1628 3423 1694 3470 eis
1720 3432 1882 3487 gentes
1913 3420 2138 3478 removit,
2170 3427 2218 3465 et
2240 3416 2446 3479 majores
2475 3410 2686 3458 inimici--

548 3501 634 3548 tias
663 3501 753 3548 hac
782 3502 1058 3567 interposita
1088 3505 1293 3552 maceria
1323 3504 1523 3570 peperit.
1561 3502 1705 3561 Quod
1730 3502 1926 3566 quidem
1959 3511 2072 3548 tunc
2098 3498 2200 3546 fieri
2228 3512 2350 3563 opus
2380 3493 2488 3552 fuit,
2522 3506 2673 3556 quum
