2970 4152
1257 364 1574 412 APPENDIX.
2384 364 2438 410 74
2449 364 2478 410 9

1327 614 1496 674 VIII.

868 770 1428 843 EPITAPHIUM
1472 766 1954 837 HELOISSAE.

594 913 685 964 [Ap.
706 915 953 959 Amboesium,
971 915 1009 950 in
1026 915 1166 960 Praesat.
1187 910 1607 962 Apolog.Cf.111·se.1m.
1627 908 1668 944 de
1688 909 1721 942 za
1741 912 1886 950 rrum-e,
1907 916 1932 972 ‘7
1952 908 2046 952 xm,
2067 920 2105 956 p.
2124 887 2236 957 646]

805 1238 885 1274 noc
900 1238 1044 1274 tumulo
1056 1236 1347 1284 abbatissajacet
1364 1233 1529 1283 prudens
1546 1230 1727 1269 Heloissa.

804 1298 1026 1334 paraclitum
1048 1297 1189 1342 statuit,
1208 1309 1293 1332 cum
1313 1294 1497 1331 paraclito
1518 1291 1730 1342 requiescit.

800 1357 950 1394 Gaudia
965 1364 1177 1394 sanctorum
1195 1369 1261 1392 sua
1279 1361 1366 1391 sunt
1383 1366 1495 1403 super
1508 1353 1579 1390 alta
1598 1351 1783 1401 polorum.

800 1419 831 1454 N
836 1431 876 1455 os
895 1419 1037 1455 inei-itis
1054 1417 1302 1467 precibusque
1318 1415 1394 1452 suis
1410 1414 1545 1451 exaltet
1559 1413 1605 1449 ab
1623 1412 1719 1448 imis.

1301 1608 1516 1616 *-

1357 1794 1452 1851 ΙΧ.

1162 1950 1641 2035 LITTERAE,

578 2104 716 2156 SEU
768 2102 1204 2155 DIPLOMATA
1254 2098 1671 2153 SUMMORUM
1724 2098 2214 2154 PONTIFICUM:

834 2233 907 2278 AD
938 2230 1246 2278 HELOISSAM
1277 2229 1567 2276 PARACLITI
1598 2227 1956 2274 ABBATISSAM.

698 2348 773 2399 [Ex
791 2349 1006 2386 chartulario
1024 2349 1267 2386 paraclitensis
1283 2347 1450 2384 coenobii.
1470 2346 1556 2382 Vid.
1577 2346 1804 2381 Amboesium
1816 2372 1827 2393 ,
1845 2358 1883 2393 p.
1903 2346 2092 2396 346-356.]

1372 2676 1410 2719 I.

392 2795 683 2842 Innocentius
711 2796 967 2859 episcopus,
996 2812 1148 2842 servus
1170 2811 1402 2841 servorum
1425 2794 1538 2852 Dei,
1563 2792 1737 2840 dilectis
1760 2793 1808 2838 in
1836 2793 2018 2839 Christo
2046 2791 2222 2839 filiabus
2243 2793 2457 2842 Heloissae

326 2875 567 2937 priorissae,
587 2876 845 2938 caeterisque
859 2874 1091 2921 sororibus
1114 2875 1161 2920 in
1187 2875 1387 2920 oratorio
1411 2875 1585 2920 Sanctae
1600 2874 1852 2933 Trinitatis,
1873 2871 1996 2936 quod
2015 2873 2060 2919 in
2084 2889 2200 2936 pago
2223 2875 2450 2931 Trecensi,

326 2955 372 3001 in
397 2957 634 3019 parrochia
657 2956 893 3016 Quinceii,
920 2973 1055 3020 supra
1081 2957 1265 3003 fluvium
1286 2956 1578 3002 Arduconem
1596 2957 1732 3003 situm
1750 2965 1833 3014 est,
1854 2955 2008 3001 divino
2028 2954 2261 3001 famulatui
2286 2958 2455 3003 manci-

324 3039 439 3099 patis
462 3046 554 3083 tam
577 3036 871 3100 praesentibus
894 3053 1029 3100 quam
1049 3036 1211 3083 futuris
1238 3038 1285 3083 in
1304 3047 1590 3100 perpetuum.
1611 3037 1803 3095 Quoties
1824 3034 1935 3082 illud
1952 3053 1978 3082 a
1995 3035 2125 3082 nobis
2143 3036 2315 3099 petitur
2330 3038 2453 3100 quod

324 3115 490 3163 rationi
508 3117 796 3180 cognoscitur
818 3117 1077 3176 convenire,
1105 3117 1257 3163 animo
1275 3134 1358 3163 nos
1380 3117 1509 3163 decet
1533 3115 1690 3162 libenti
1709 3115 1974 3175 concedere,
1998 3126 2043 3161 et
2065 3116 2315 3179 petentium
2337 3117 2455 3163 desi-

323 3197 459 3244 deriis
477 3215 728 3262 congruum
752 3198 975 3261 impertiri
996 3198 1277 3261 suffragium.
1305 3199 1505 3244 Proinde
1522 3197 1695 3243 dilectae
1718 3198 1764 3244 in
1784 3198 1985 3243 Domino
2003 3195 2121 3257 filiae,
2148 3198 2305 3245 vestris
2320 3199 2452 3262 justis

323 3276 701 3339 postulationibus
725 3293 952 3324 assensum
974 3277 1249 3341 praebentes,
1276 3279 1598 3324 monasterium
1621 3278 1795 3324 Sanctae
1822 3277 2080 3336 Trinitatis,
2107 3277 2155 3323 in
2178 3294 2270 3341 quo
2294 3278 2450 3325 divino

282 3350 286 3354 ⁴
322 3358 486 3405 vacatis
508 3359 689 3406 servitio
716 3359 798 3405 sub
821 3357 1077 3423 apostolicae
1104 3356 1220 3405 sedis
1242 3359 1524 3422 protectione
1543 3358 1835 3421 suscipimus,
1864 3368 1909 3404 et
1933 3357 2163 3421 praesentis
2191 3359 2346 3421 scripti
2365 3375 2446 3422 pa-

321 3437 425 3499 gina
444 3440 798 3499 communimus,
826 3448 1074 3486 statuentes
1093 3449 1145 3485 ut
1166 3455 1455 3502 quascunque
1481 3438 1796 3502 possessiones,
1818 3454 2097 3501 quaecunque
2117 3437 2235 3483 bona
2262 3437 2309 3482 in
2332 3453 2447 3499 prae-
