2970 4152
513 411 609 459 600
1315 409 1487 456 PETRI
1522 409 1836 466 ABAELARDI

513 503 925 569 quemadmodum
947 502 1160 567 praecipit
1183 503 1444 562 Dominus,
1468 502 1670 551 verbum
1692 505 1780 551 Dei
1803 504 2062 568 dispenset.
2097 502 2376 563 Prudenter,
2404 515 2637 568 quantum

514 584 575 631 ad
606 584 850 642 homines,
878 593 929 629 ut
952 583 1219 630 secundum
1242 584 1556 648 capacitatem
1577 584 1875 648 singulorum
1898 582 2109 646 singulos
2133 582 2336 631 erudiat.
2362 584 2480 643 Sed,
2506 585 2640 649 quod

513 667 614 712 sine
637 652 767 728 gravi
793 664 922 710 luctu
950 664 1210 710 dicendum
1239 681 1340 710 non
1370 674 1463 724 est,
1497 664 1707 712 mundus
1736 663 2064 714 sacerdotibus
2093 663 2262 728 plenus
2285 673 2377 723 est,
2405 674 2452 711 et
2479 674 2640 714 tamen

513 746 551 792 si
582 746 641 809 sit
668 732 750 808 qui
775 744 961 790 bonum
985 744 1172 803 audiat,
1193 761 1293 791 non
1321 755 1392 791 est
1419 745 1502 809 qui
1531 745 1676 804 dicat,
1705 744 1837 807 juxta
1860 743 2022 790 illud1:
2048 762 2070 788 «
2093 743 2279 791 Parvuli
2303 745 2543 809 petierunt
2563 762 2644 810 pa-

516 826 650 883 ne'm,
677 834 723 870 et
746 840 845 870 non
883 834 953 870 est
974 825 1057 888 qui
1080 824 1293 889 porrigat
1322 826 1405 871 eis.
1431 843 1454 869 »
1481 825 1610 882 Quid
1647 825 1821 871 dicturi
1855 833 1967 870 sunt
2000 823 2199 888 quidam
2233 824 2455 872 moderni
2486 841 2641 873 sacer-

516 904 652 951 dotes
676 904 726 950 in
750 903 828 950 die
845 904 1037 968 judicii,
1058 905 1142 968 qui
1165 905 1387 952 ordinem
1408 905 1756 952 sacerdotalem
1778 914 2113 969 susceperunt,
2133 904 2217 952 sed
2238 905 2460 953 inordate
2481 905 2644 954 vivere

514 1000 614 1030 non
638 983 953 1031 erubescunt?
975 984 1184 1041 Quidam
1197 1002 1313 1032 vero
1331 986 1380 1031 in
1403 985 1635 1032 conviviis
1657 994 1703 1031 et
1718 983 2046 1049 potationibus
2066 1001 2178 1031 cum
2199 984 2342 1049 vulgo
2359 1002 2555 1050 prorsus
2577 986 2646 1033 in-

515 1064 678 1123 docto,
698 1064 856 1128 pravis
879 1064 1095 1112 moribus
1115 1075 1363 1131 corrupto,
1390 1075 1492 1113 tota
1510 1065 1587 1112 die
1604 1065 1774 1111 sedent
1786 1102 1797 1124 ,
1819 1064 2113 1123 fabulantur,
2133 1075 2181 1112 et
2197 1082 2302 1129 quae
2322 1065 2527 1114 dicenda
2542 1083 2644 1113 non

514 1155 625 1192 sunt
652 1145 854 1210 turpiter
879 1155 1157 1210 operantur.
1184 1147 1323 1193 Lanis
1342 1146 1493 1209 gregis
1515 1145 1746 1192 dominici
1765 1144 1970 1210 superbe
1989 1146 2274 1205 vestiuntur,
2301 1145 2422 1194 lacte
2439 1163 2646 1211 pascun-

515 1237 609 1285 tur,
632 1237 679 1273 et
701 1243 814 1273 oves
838 1225 962 1272 fame
988 1236 1034 1273 et
1055 1227 1258 1292 penuria
1279 1227 1414 1274 verbi
1436 1228 1524 1274 Dei
1553 1227 1842 1274 moriuntur.
1868 1229 2134 1274 Transeunt
2164 1226 2305 1286 festa,
2330 1226 2501 1274 transit
2522 1226 2646 1275 inte-

516 1323 596 1369 ger
618 1323 795 1365 annus,
822 1306 955 1370 quod
978 1323 1067 1371 nec
1090 1324 1242 1353 unum
1272 1307 1475 1354 verbum
1505 1307 1566 1354 de
1603 1324 1687 1354 ore
1721 1308 1938 1372 ipsorum
1974 1307 2233 1370 egreditur,
2264 1324 2362 1371 quo
2392 1306 2529 1372 plebs
2556 1305 2647 1353 sibi

516 1388 770 1434 commissa
794 1387 1056 1446 erudiatur,
1084 1388 1144 1435 de
1167 1388 1294 1435 malo
1318 1388 1600 1452 corrigatur,
1627 1388 1689 1435 ad
1716 1387 1904 1435 bonum
1932 1397 2201 1446 revocetur,
2227 1397 2275 1434 et
2298 1388 2347 1434 in
2370 1387 2505 1434 bono
2528 1403 2645 1433 con-

518 1468 748 1516 firmetur.
788 1469 1013 1526 Quotidie
1049 1480 1209 1516 tamen
1245 1487 1294 1516 se
1329 1473 1432 1516 Deo
1473 1480 1696 1535 praestare
1735 1469 2023 1534 obsequium
2052 1468 2362 1528 arbitrantes,
2399 1467 2550 1516 verba
2574 1468 2648 1515 di-

516 1551 637 1596 vinae
671 1549 824 1597 laudis
854 1550 1062 1613 jubilant
1081 1588 1091 1608 ,
1135 1551 1234 1597 imo
1275 1551 1469 1597 sibilant
1488 1587 1499 1610 ,
1539 1560 1585 1597 et
1621 1550 1869 1597 audientes
1907 1560 1954 1596 et
1989 1549 2293 1596 intendentes
2327 1565 2451 1596 sono
2484 1548 2617 1596 vocis
2634 1587 2645 1607 ‚
2710 1575 2718 1580 ν

518 1643 651 1695 gestu
673 1633 888 1696 corporis
911 1632 1260 1690 scandalizant,
1287 1649 1387 1677 non
1412 1631 1665 1677 aedificant.
1693 1631 1914 1693 Cogitare
1937 1629 2171 1677 deberent
2192 1629 2471 1693 hujusmodi
2492 1645 2650 1677 sacer-

518 1713 654 1759 dotes
677 1711 1116 1758 animadversiones
1143 1709 1450 1774 propheticas
1474 1709 1730 1756 adversum
1755 1726 1806 1756 se
1835 1725 1936 1756 esse
1958 1708 2192 1774 prolatas,
2219 1709 2394 1774 quibus
2416 1709 2646 1756 dicitur’:

522 1813 542 1837 «
568 1791 668 1837 Erit
689 1791 809 1837 sicut
831 1789 1062 1855 populus,
1089 1790 1156 1836 sic
1179 1789 1420 1837 sacerdos.
1444 1808 1466 1833 »
1493 1793 1551 1836 Et
1572 1790 1710 1836 item³
1738 1807 1748 1836 :
1780 1808 1803 1833 «
1820 1789 2100 1836 Sacerdotes
2123 1806 2223 1836 non
2248 1789 2498 1836 dixerunt:
2519 1808 2543 1834 «
2558 1788 2651 1836 Ubi

522 1891 544 1916 «
564 1880 634 1918 est
655 1871 919 1917 Dominus?
934 1888 956 1914 υ
978 1879 1024 1916 et
1045 1879 1262 1916 tenentes
1284 1869 1439 1933 legem
1461 1870 1735 1916 nescierunt
1751 1885 1846 1916 me.
1870 1888 1891 1914 »
1917 1872 1976 1915 Et
1999 1868 2168 1916 illud'':
2193 1871 2384 1916 «Canes
2407 1868 2528 1915 muti
2549 1884 2650 1915 non

519 1951 728 1998 valentes
750 1951 939 1998 latrare.
965 1970 987 1995 »
1014 1953 1092 1997 Et⁵
1114 1969 1124 1997 :
1155 1970 1178 1995 «
1202 1953 1354 1998 Canes
1379 1951 1782 2015 impudentissimi
1804 1950 2079 1997 nescierunt
2110 1950 2424 1997 saturitatem.
2447 1969 2471 1995 »
2500 1951 2652 1996 Nemo

520 2034 679 2096 itaque
715 2031 775 2079 ab
804 2032 903 2078 istis
934 2021 1262 2078 sacerdotibus
1285 2041 1501 2097 expectet
1529 2031 1619 2078 sibi
1649 2031 1753 2078 dari
1781 2047 1958 2096 panem
1986 2047 2130 2078 sacrae
2158 2030 2412 2090 doctrinae,
2437 2030 2551 2095 quia
2577 2028 2653 2077 vel

522 2115 741 2161 nesciunt
765 2113 961 2172 docere,
987 2114 1063 2159 vel
1096 2123 1432 2160 contemnunt.
1461 2113 1780 2160 Considerent
1801 2112 1963 2177 potius
1985 2112 2076 2158 illis
2097 2112 2147 2158 in
2169 2112 2288 2158 locis
2314 2111 2485 2158 doctos
2510 2121 2558 2159 et
2579 2110 2653 2181 di7

521 2212 641 2257 gnos
663 2193 960 2253 sacerdotes,
986 2193 1127 2240 bonae
1148 2194 1255 2240 vitae
1277 2204 1323 2240 et
1350 2194 1485 2241 famae
1504 2212 1513 2240 ε
1537 2194 1642 2240 illos
1665 2193 1840 2241 adeant
1862 2202 1910 2238 et
1932 2192 2152 2251 audiant,
2178 2192 2239 2239 ab
2263 2192 2329 2238 eis
2353 2192 2517 2239 doceri
2538 2208 2653 2256 sup-

523 2273 706 2338 pliciter
733 2274 996 2337 requirant.
1024 2275 1145 2320 Sunt
1176 2283 1335 2320 autem
1366 2274 1564 2338 quidam
1592 2274 1954 2339 praedicatores,
1987 2273 2070 2337 qui
2097 2273 2219 2319 sicut
2252 2272 2433 2319 zizania
2461 2272 2510 2318 in
2537 2287 2653 2335 agro

523 2353 718 2399 Domini
741 2369 768 2399 a
790 2352 986 2399 diabolo
1010 2363 1122 2399 sunt
1144 2354 1392 2421 seminati,
1416 2355 1499 2418 qui
1522 2363 1680 2400 totum
1702 2354 1940 2400 mundum
1964 2369 2075 2399 cum
2104 2353 2200 2399 suis
2222 2351 2527 2416 phylacteriis
2548 2367 2655 2416 per-

524 2443 691 2497 agrant
709 2470 719 2492 ,
738 2443 785 2479 et
809 2433 1060 2480 indoctum
1076 2433 1244 2497 vulgus
1267 2444 1314 2481 et
1335 2435 1543 2499 peccatis
1562 2444 1816 2481 oneratum
1838 2433 1996 2480 verbis
2017 2431 2331 2479 mendacibus
2352 2430 2650 2492 beatificant,

525 2514 736 2561 dicentes
757 2532 767 2559 :
794 2532 817 2558 «
839 2516 955 2572 Pax,
981 2530 1073 2578 pax
1088 2551 1099 2572 ,
1126 2533 1146 2557 »
1172 2531 1323 2579 quum
1346 2532 1447 2562 non
1470 2515 1529 2561 sit
1551 2531 1660 2580 pax.
1684 2514 1824 2561 Unde
1847 2514 2032 2561 Isaias⁶2
2062 2532 2086 2558 «
2109 2512 2290 2577 Popule
2318 2529 2477 2572 meus,
2503 2512 2586 2576 qui
2608 2522 2656 2560 te

525 2593 798 2641 beatificant
820 2594 909 2658 ipsi
938 2603 984 2640 te
1006 2594 1266 2654 seducunt,
1293 2606 1340 2642 et
1369 2596 1498 2643 viam
1527 2612 1775 2659 gressuum
1798 2605 1995 2642 tuorum
2026 2593 2276 2658 dissipant.
2297 2612 2320 2637 n
2348 2596 2406 2640 Et
2427 2593 2651 2639 iterum⁷:

530 2677 710 2720 «Erunt
731 2673 814 2737 qui
835 2673 1110 2721 beatificant
1123 2712 1134 2733 ,
1153 2685 1199 2721 et
1221 2676 1305 2739 qui
1326 2675 1661 2723 beatificantur
1682 2674 1980 2740 praecipitati.
1994 2692 2014 2716 η
2036 2676 2213 2720 Panem
2235 2682 2473 2731 nostrum,
2498 2682 2651 2737 pater,

527 2754 587 2800 da
610 2753 751 2800 nobis
772 2753 943 2812 hodie;
968 2770 1127 2818 pasce,
1153 2755 1378 2815 Domine,
1405 2772 1571 2820 pasce,
1596 2765 1649 2802 tu
1672 2756 1774 2820 ipse
1797 2772 1911 2802 oves
1933 2764 2038 2801 tuas
2060 2753 2253 2800 :unctio
2277 2761 2361 2799 tua
2383 2751 2556 2799 doceat
2577 2767 2656 2799 eas

527 2834 586 2880 de
610 2832 835 2879 omnibus
848 2870 859 2892 ,
879 2842 932 2879 ut
953 2833 1154 2898 Spiritus
1176 2844 1286 2881 tuus
1308 2851 1394 2900 per
1415 2836 1656 2883 internam
1679 2836 2021 2901 aspirationem
2042 2833 2120 2881 vel
2141 2833 2413 2880 doctrinam
2435 2831 2656 2880 infundat

527 2931 674 2979 quam
715 2914 883 2961 talium
927 2915 1234 2962 sacerdotum
1277 2933 1331 2962 os
1362 2927 1551 2964 mutum
1579 2934 1681 2964 non
1715 2917 1976 2982 dispensat.
2026 2918 2206 2962 Panem
2233 2914 2394 2979 itaque
2433 2923 2655 2962 nostrum

528 2994 863 3058 quotidianum
900 2994 963 3042 da
997 2994 1138 3041 nobis
1178 2995 1325 3043 hodie
1344 3033 1354 3055 ,
1395 3013 1573 3061 panem
1609 2997 1787 3044 scilicet
1809 2996 2112 3062 corporalem
2149 3005 2196 3042 et
2232 3011 2408 3060 panem
2438 2993 2657 3059 spiritua-

530 3076 648 3122 lem:
669 3092 846 3140 panem
867 3076 1193 3141 corporalem,
1213 3087 1267 3124 ut
1290 3077 1432 3124 facias
1455 3087 1632 3125 terram
1655 3079 1940 3142 germinare,
1963 3087 2010 3124 et
2024 3077 2203 3123 fructus
2222 3092 2334 3123 suos
2357 3073 2655 3139 temporibus

530 3156 625 3202 suis
647 3156 872 3203 reddere:
899 3172 1075 3221 panem
1098 3157 1416 3222 spiritualem,
1435 3168 1487 3204 ut
1509 3159 1710 3223 inspires
1731 3158 1935 3223 praelatis
1958 3167 2005 3204 et
2023 3155 2302 3204 doctoribus
2324 3152 2542 3201 Ecclesiae
2563 3162 2656 3199 tuae

533 3236 802 3283 doctrinam
824 3247 957 3284 tuam
978 3237 1068 3285 sibi
1096 3239 1322 3286 traditam
1343 3238 1567 3287 studeant
1597 3239 1794 3286 feliciter
1822 3238 1963 3286 nobis
1992 3248 2039 3286 et
2066 3236 2329 3303 prudenter
2356 3237 2650 3302 dispensare.

581 3438 590 3456 ¹
621 3439 752 3478 Thren„
771 3449 843 3481 cap.
863 3450 908 3478 iv,
929 3451 960 3473 v.
978 3441 1011 3474 4.
1028 3458 1069 3464 —
1085 3439 1097 3456 ¹
1115 3441 1214 3479 Osee,
1232 3452 1306 3486 cap.
1327 3453 1372 3483 iv,
1385 3452 1417 3475 v.
1433 3443 1466 3475 9.
1479 3442 1545 3467 -³
1563 3442 1700 3484 Jerem.,
1720 3453 1794 3486 cap.
1813 3453 1853 3483 11,
1869 3453 1901 3475 v.
1921 3440 2030 3476 8.—⁴
2043 3440 2135 3474 lsaiae
2160 3449 2235 3483 cap.
2255 3449 2305 3473 tvi
2318 3463 2326 3478 ,
2354 3450 2383 3473 v.
2404 3439 2456 3473 10.
2474 3454 2515 3461 -
2530 3436 2654 3478 ⁸1b5d„

538 3507 566 3528 v.
589 3499 641 3531 11.
657 3514 698 3520 -
716 3496 729 3515 ⁶
749 3497 839 3531 lsaiae
855 3507 927 3542 cap.
943 3508 997 3540 ιιι,
1012 3509 1043 3531 v.
1064 3500 1115 3531 12.
1128 3517 1171 3523 —
1186 3499 1313 3542 ⁷1bid.‚
1328 3511 1403 3544 cap.
1418 3511 1451 3534 ιι
1464 3526 1473 3542 ,
1489 3511 1515 3534 v.
1538 3502 1590 3535 16.
