2970 4152
476 427 572 474 3⁴0

592 518 631 555 Si
649 531 717 555 nec
735 519 867 567 signis,
895 528 964 552 nec
982 514 1177 563 prophetis

618 578 824 615 Arbitraris
848 574 1102 621 credendum,

594 638 687 674 Exul
703 638 814 686 longa
830 636 960 672 saltem
977 646 1086 683 poena

615 699 742 734 Tuum
766 697 866 734 disce
884 702 1045 732 reatum.

593 787 668 822 Pax
686 788 725 821 in
741 785 874 831 terris,
890 790 963 820 etc.

888 901 1093 939 XXXVII.

570 997 733 1042 Adorna,
752 997 856 1043 Sion,
873 996 1083 1033 thalamum
1094 1024 1102 1039 ,

572 1057 663 1103 Quae
683 1056 901 1104 praestolaris
923 1055 1151 1098 Dominum

572 1116 758 1165 Sponsum
777 1123 815 1153 et
832 1126 1004 1164 sponsam
1023 1114 1167 1162 suscipe

571 1177 669 1214 Cum
687 1189 882 1214 cereorum
899 1176 1055 1212 lumine.

571 1263 782 1301 Prudentes
800 1263 871 1300 illae
888 1262 1077 1311 virgines,

572 1325 726 1361 Vestras
743 1330 865 1373 aptate
882 1321 1089 1371 lampades,

572 1385 620 1420 Et
637 1391 855 1421 occurentes
869 1383 1037 1420 Dominae
1047 1410 1056 1427 ‚

574 1445 738 1493 Surgant
761 1442 1052 1481 adolescentulae.

571 1531 682 1566 Faces
697 1529 901 1566 accendant
915 1526 1064 1571 famuli,

574 1591 751 1640 Veroque
769 1589 901 1626 mundi
923 1588 1060 1624 lumini

575 1652 717 1687 Domus
734 1650 897 1686 dominis
911 1661 998 1685 cum
1014 1647 1190 1683 omnibus

574 1711 761 1747 Occurrat
778 1722 864 1746 cum
881 1707 1143 1745 luminaribus.

570 1798 680 1833 Beate
697 1808 826 1841 senex,
847 1807 1023 1845 propera,

575 1858 760 1894 Promissa
774 1856 923 1904 comple
936 1854 1070 1904 gaudia
1081 1882 1090 1899 ‚

573 1918 619 1954 Et
637 1916 876 1954 revelandum
899 1915 1072 1964 gentibus

575 1977 709 2014 Revela
732 1977 861 2013 lumen
884 1975 1072 2012 omnibus.

576 2063 715 2099 Devota
731 2062 810 2098 Deo
827 2061 954 2106 vidua,

576 2124 737 2172 Ejusque
754 2121 894 2170 templo
910 2120 1035 2156 dedita
1045 2148 1054 2163 ‚

574 2184 662 2221 Pari
681 2183 862 2232 propheta
881 2180 1018 2230 gaudio
1031 2209 1041 2225 ‚

575 2244 623 2280 Et
646 2243 822 2280 confitere
839 2242 1016 2278 Domino.

575 2331 653 2366 Deo
664 2329 770 2378 -patri
791 2340 876 2364 cum
894 2326 1012 2368 Filio,

574 2390 671 2427 Cum
688 2388 832 2438 Spiritu
846 2386 1040 2436 paraclito,

577 2450 631 2487 Ut
647 2457 702 2486 est
720 2461 793 2485 una
809 2448 1014 2484 substantia

575 2509 635 2546 Sic
651 2515 690 2546 et
708 2520 783 2545 una
798 2508 846 2544 sit
864 2506 994 2555 gloria.

885 2674 1107 2712 XXXVIII.

577 2763 752 2798 Parentes
769 2761 964 2798 Christum
981 2760 1172 2803 deferunt,

580 2823 623 2858 In
642 2822 782 2871 templo
800 2821 981 2870 templum
998 2820 1172 2857 offerunt.

583 2884 668 2931 Legi
685 2894 815 2931 parere
830 2881 966 2924 voluit,

580 2943 655 2988 Qui
675 2941 749 2990 legi
767 2941 864 2977 nihil
885 2940 1028 2976 debuit.

581 3028 704 3072 Offer,
728 3028 853 3072 Beata,
873 3025 1070 3074 parvulum

582 3088 709 3123 Tuum
728 3094 766 3124 et
783 3087 898 3136 patris
921 3085 1075 3122 unicum
1092 3101 1101 3128 ;

582 3146 686 3183 Ofl'er
701 3159 768 3195 per
787 3159 899 3196 quem
917 3145 1125 3188 offerimur,

584 3206 751 3243 Pretium
767 3219 842 3256 quo
859 3206 1096 3243 redimimur.

585 3292 749 3329 Procede
761 3320 770 3337 ,
792 3293 898 3340 virgo
914 3294 1014 3341 regia
1025 3322 1034 3339 ‚

583 3351 714 3388 Proser
731 3358 860 3388 natum
877 3364 960 3388 cum
982 3353 1101 3389 hostia
1114 3382 1123 3398 ‚

537 3489 541 3504 ¹
573 3490 650 3523 Esse
665 3489 747 3525 Cod.
762 3489 858 3523 Brux.

1279 418 1451 467 PETRI
1486 418 1798 467 ABAELARDI

1242 2567 1359 2601 Amas.

1661 510 1858 548 Tollantur
1875 522 1958 547 aves
1982 510 2160 558 mysficae,

1663 571 1750 607 Tibi
1777 570 1833 606 vel
1851 570 1921 618 ipsi
1940 581 2126 618 congruae.

1663 666 1846 701 Monstret
1866 663 2039 700 columba
2056 662 2282 711 simplicem,

1664 725 1844 772 Designet
1859 729 1989 760 turtur
2003 723 2189 771 virginem
2203 737 2213 766 ;

1660 786 1806 833 Pauper
1824 783 1978 833 quidem
1995 790 2051 820 est
2066 783 2209 827 hostia,

1663 845 1736 881 Sed
1754 856 1887 892 magna
1903 850 1990 880 sunt
2009 844 2195 892 mysteria.

1663 938 1748 973 Haec
1764 937 1920 986 quidem
1939 943 2020 973 erat
2036 949 2244 985 pauperum

1658 998 1787 1043 Quum
1803 997 1920 1034 esset’
1942 1009 2061 1047 agnus
2078 996 2238 1034 divitum
2249 1023 2259 1040 ,

1660 1057 1734 1093 Sed
1750 1057 1837 1105 agni
1859 1058 1936 1093 veri
1960 1057 2051 1093 latio

1661 1117 1694 1152 N
1698 1128 1747 1152 on
1763 1123 1849 1165 eget
1874 1129 1971 1166 agno
1986 1118 2156 1165 mystico.

1661 1209 1739 1245 Deo
1758 1210 1856 1257 patri
1873 1221 1959 1246 cum
1974 1209 2072 1247 Filio
2082 1238 2093 1255 ,

1659 1271 1757 1305 Cum
1775 1269 1921 1318 Spiritu
1938 1269 2136 1318 paraclito,
2155 1277 2227 1307 etc.

1990 1385 2173 1421 XXXIX.

1659 1469 1735 1515 Qui
1753 1475 2012 1516 paupertatem
2028 1469 2223 1515 admonet,

1659 1528 1766 1563 Hanc
1788 1528 1827 1563 in
1847 1539 1885 1564 se
1901 1528 2006 1576 prius
2023 1528 2195 1573 exhibet;

1663 1587 1763 1624 Deus
1779 1587 1882 1624 dives
1899 1588 1940 1623 in
1959 1587 2155 1633 omnibus,

1664 1647 1719 1683 Ut
1734 1658 1801 1683 nos
1817 1646 1912 1684 ditet
1927 1648 2198 1696 pauperrimus.

1661 1733 1782 1769 Factis
1800 1733 1966 1781 primum
1984 1733 2175 1778 exhibuit,

1665 1792 1778 1839 Quod
1794 1793 1916 1829 verbis
1935 1792 2088 1829 tandem
2107 1792 2259 1837 docuit⁷

1664 1854 1697 1888 A
1717 1853 1823 1888 cunis
1841 1864 1927 1889 mox
1941 1853 2144 1901 incipiens,

1667 1912 1714 1948 Et
1727 1923 1769 1948 re
1788 1924 1914 1948 vocem
1932 1913 2172 1960 praevenienS.

1664 1998 1737 2034 Hic
1752 2005 1810 2035 est
1829 1997 1893 2034 ille
1910 1997 2120 2043 funiculus,

1668 2058 1712 2092 In
1731 2070 1845 2093 manu
1861 2058 1931 2094 viri
1955 2058 2097 2103 lineus,

1665 2117 1820 2154 Subtilis
1837 2118 2056 2167 evangelicae

1599 2183 1602 2185 ’
1663 2177 1794 2213 Sermo
1811 2177 1904 2226 legis
1927 2179 1967 2214 in
1984 2190 2106 2226 opere.

1664 2263 1736 2298 Hic
1752 2270 1808 2299 est
1825 2274 2006 2299 mensurae
2022 2262 2183 2299 calamus

1665 2323 1787 2368 Quem
1807 2329 1926 2371 gestat
1943 2335 2057 2358 manu
2076 2322 2250 2371 parvulus
2263 2350 2272 2366 ‚

1667 2381 1719 2417 Ut
1735 2394 1847 2430 super
1863 2389 2030 2418 montem
2052 2383 2214 2431 positum

1666 2441 1860 2477 Mensuret
1874 2441 2083 2483 aedificium.

1665 2528 1847 2563 Mensurae
1862 2528 2002 2576 quippe
2019 2527 2180 2564 calamus

1666 2587 1777 2623 Liber
1793 2594 1850 2623 est
1871 2587 2122 2636 evangelicus,

1666 2648 1789 2694 Quem
1807 2660 1921 2683 manu
1937 2648 2058 2684 fertur
2077 2660 2206 2696 gerere

1668 2708 1745 2753 Qui
1763 2708 1944 2756 scriptum
1960 2707 2122 2756 complet
2142 2720 2267 2756 opere.

1670 2795 1751 2830 Hoc
1770 2806 1882 2843 super
1897 2795 2020 2843 ipsum
2039 2796 2160 2843 posita

1669 2856 1908 2891 Mensuratur
1929 2854 2110 2900 Ecclesia,

1669 2917 1766 2952 Dum
1786 2917 1826 2952 in
1842 2916 1915 2952 hoc
1930 2917 2089 2966 quisque
2107 2916 2268 2964 percipit

1670 2977 1864 3022 Quantum
1884 2977 2018 3012 crescit
2034 2989 2076 3012 ac
2091 2975 2228 3012 deficit.

1671 3062 1749 3098 Deo
1765 3062 1860 3110 patri
1869 3088 1881 3107 ,
1899 3068 1968 3097 etc.
2245 3045 2276 3065 δ

2051 3185 2131 3221 XL.

1673 3284 1809 3319 Omnis
1828 3295 1933 3320 sexus
1957 3290 1995 3319 et
2013 3282 2187 3332 quaelibet

1667 3344 1770 3380 AEtas
1786 3343 1939 3392 plaudat
1952 3351 1990 3381 et
2002 3342 2152 3391 jubilet.
