2970 4152
586 388 681 435 640
1367 389 1538 439 PETRl
1573 387 1887 440 ABAELARDI

585 500 646 532 ne
681 484 838 531 servor
867 483 944 530 ille
972 482 1191 547 superior
1216 482 1292 531 vel
1311 483 1465 541 nubes
1486 485 1612 550 ipsas
1632 485 1709 534 vel
1731 501 1878 552 aquas
1906 486 2154 534 inferiores
2177 489 2378 537 omnino
2407 490 2692 553 attraheret,

584 581 733 629 quum
756 565 815 610 sit
834 564 906 610 vis
924 563 1045 626 ignis
1068 562 1347 611 naturaliter
1368 566 1617 622 attractiva
1646 565 1901 614 humoris:
1927 566 2073 614 unde
2079 577 2126 614 et
2149 567 2520 632 phlebotomarii
2546 588 2696 636 quum

583 645 783 693 vasculis
807 644 1034 709 appositis
1055 644 1338 708 sanguinem
1361 645 1607 693 extrahere
1625 646 1817 706 volunt,
1844 645 2036 694 inclusis
2052 648 2204 713 stupis
2225 648 2385 712 ignem
2407 650 2693 733 immittunt,

584 734 635 771 ut
658 723 851 770 calore
839 723 960 786 lgnis
980 722 1237 770 humorem
1259 723 1501 772 attrahant
1522 727 1782 790 sanguinis.

649 807 706 850 Et
722 803 992 850 notandum
1005 803 1174 868 ,quod
1198 803 1281 850 ubi
1301 820 1390 852 nos
1407 805 1610 853 dicimus
1629 825 1653 850 «
1673 805 1756 853 fiat
1772 804 2160 853 firmamentum
2147 823 2196 853 1n
2214 807 2376 855 medio
2392 824 2625 873 aquarum
2636 844 2648 868 ,
2673 828 2697 853 υ

581 885 766 931 Hebraei
794 885 1001 945 habent,
1036 885 1140 933 «sit
1162 885 1375 933 extensio
1405 886 1530 934 infra
1556 903 1727 951 aquas;
1758 905 1782 931 »
1807 885 1903 933 hoc
1931 897 2002 934 est
2032 887 2336 935 intervallum
2366 905 2464 954 quo
2493 889 2605 954 ipsae
2638 889 2700 937 ab

582 965 787 1012 invicem
809 965 858 1012 in
882 974 1168 1031 perpetuum
1193 975 1475 1031 separentur
1493 983 1555 1014 ne
1576 983 1626 1014 se
1642 966 1839 1014 ulterius
1858 967 2141 1031 contingant
2162 986 2173 1014 :
2193 966 2315 1015 sieut
2332 969 2564 1034 scriptum
2579 971 2696 1016 est²:

586 1064 610 1088 «
635 1045 906 1092 Extendens
941 1046 1116 1093 coelum
1143 1047 1265 1093 sicut
1293 1045 1491 1111 pellem,
1533 1047 1616 1111 qui
1643 1047 1762 1110 tegis
1790 1048 1926 1112 aquis
1954 1048 2201 1112 superiora
2228 1048 2345 1111 ejus.
2377 1067 2400 1092 »
2426 1050 2485 1096 Et
2513 1048 2626 1096 alibi
2645 1052 2660 1075 ’
2686 1068 2696 1096 τ

584 1146 607 1171 «
634 1128 940 1191 Congregans
963 1128 1085 1174 sicut
1109 1127 1159 1174 in
1182 1136 1288 1174 utre
1315 1143 1463 1192 aquas
1484 1128 1645 1175 maris.
1668 1146 1692 1172 »
1731 1127 1816 1176 Illa
1845 1129 1988 1192 igitur
2014 1129 2228 1176 extensio
2249 1145 2345 1193 qua
2365 1129 2634 1194 superiores
2655 1140 2701 1176 et

580 1208 827 1255 inferiores
860 1224 994 1273 aquae
1026 1217 1308 1274 separantur
1342 1209 1479 1273 quasi
1512 1208 1647 1274 pellis
1677 1208 1967 1273 interjacens
2009 1209 2258 1256 inferiores
2292 1224 2439 1273 aquas
2471 1219 2702 1274 tanquam

581 1298 737 1336 utrem
766 1289 1035 1349 concludit,
1067 1298 1114 1336 et
1146 1290 1415 1354 superiores
1446 1284 1582 1353 quasi
1614 1288 1973 1336 firmamentum
2001 1288 2251 1353 suspendit
2277 1298 2420 1353 atque
2450 1297 2700 1335 sustentat.

580 1373 742 1428 Quum
765 1381 925 1418 autem
947 1372 1012 1419 ait
1034 1389 1043 1417 :
1068 1389 1092 1415 «
1111 1371 1281 1418 Divisit
1303 1387 1450 1435 aquas
1473 1386 1579 1435 quae
1601 1380 1739 1419 erant
1759 1370 1850 1418 sub
1871 1369 2178 1418 firmamento
2191 1407 2202 1429 ,
2223 1368 2337 1429 etc.,
2362 1388 2385 1414 »
2404 1369 2498 1417 tale
2516 1369 2704 1418 videtur

580 1468 681 1499 esse
696 1489 707 1510 ,
734 1468 788 1498 ac
807 1452 846 1498 si
868 1452 1075 1499 diceret:
1097 1452 1266 1499 Divisit
1288 1468 1393 1516 quae
1416 1453 1516 1515 jam
1539 1451 1691 1499 divisa
1714 1461 1868 1499 erant.
1895 1454 2002 1498 Non
2025 1451 2156 1498 enim
2179 1451 2243 1498 ait
2264 1469 2276 1498 ι
2301 1452 2417 1508 Quae
2441 1466 2572 1497 nunc
2592 1460 2704 1502 sunt

578 1531 667 1577 sub
686 1531 991 1578 firmamento
1017 1541 1064 1577 et
1085 1540 1190 1594 quae
1212 1547 1373 1596 super,
1395 1531 1480 1577 sed
1498 1550 1509 1576 ε
1528 1534 1644 1587 Quae
1657 1532 1759 1594 jam
1781 1540 1898 1578 tunc
1919 1540 2072 1578 erant.
2098 1534 2168 1576 Ex
2185 1547 2284 1594 quo
2307 1530 2613 1578 manifestum
2634 1539 2704 1577 est

577 1628 604 1658 a
625 1612 781 1676 prima
802 1611 880 1658 die
898 1611 998 1674 jam
1029 1626 1177 1674 aquas
1200 1626 1344 1675 super
1368 1610 1594 1657 aetherem
1621 1611 1890 1658 constitisse
1905 1646 1917 1670 ,
1942 1611 2042 1658 sive
2063 1611 2179 1657 flatu
2201 1611 2332 1658 venti
2350 1647 2362 1669 ,
2392 1620 2446 1656 ut
2466 1609 2672 1661 diximus
2689 1648 2701 1670 ,

576 1691 688 1738 illuc
710 1692 1021 1756 superjectas,
1053 1690 1152 1737 sive
1174 1689 1242 1736 ibi
1263 1690 1313 1737 in
1336 1690 1440 1755 ipsa
1461 1707 1546 1737 sua
1576 1692 1818 1738 creatione
1846 1691 1994 1738 factas
2027 1701 2075 1738 et
2102 1690 2453 1738 circumductas
2479 1691 2704 1739 universo

578 1772 787 1831 mundo,
814 1788 916 1818 non
938 1770 999 1817 de
1022 1770 1329 1818 inferioribus
1356 1770 1469 1818 illuc
1503 1770 1619 1819 flatu
1646 1771 1807 1836 aliquo
1835 1771 1968 1818 venti
1998 1770 2224 1819 sublatas.
2257 1771 2402 1828 Quod
2433 1784 2546 1834 ergo
2575 1786 2705 1818 nunc

578 1853 751 1900 dicitur
784 1853 834 1898 in
868 1851 1080 1899 secunda
1111 1850 1190 1898 die
1218 1851 1393 1899 divisas
1417 1867 1564 1916 aquas
1586 1866 1691 1916 quae
1714 1862 1852 1899 erant
1875 1865 2020 1916 super
2042 1851 2104 1899 ab
2127 1851 2203 1899 his
2221 1867 2327 1916 quae
2349 1860 2486 1899 erant
2508 1850 2701 1909 subtus,

578 1935 864 1982 divisionem
882 1935 1023 1981 istam
1038 1949 1125 1998 per
1143 1933 1559 1998 interpositionem
1578 1932 1870 1981 firmamenti
1890 1932 2108 1997 intelligit
2129 1933 2195 1980 ita
2216 1947 2295 1980 eas
2312 1933 2363 1979 in
2388 1932 2602 1979 secundo
2627 1931 2705 1979 die

576 2015 787 2062 firmatas
820 2032 922 2062 esse
936 2052 948 2074 ,
982 2023 1035 2060 ut
1056 2013 1253 2061 ulterius
1274 2013 1371 2061 labi
1393 2027 1493 2060 non
1517 2023 1730 2078 possent.
1757 2014 1988 2072 Quamvis
2009 2014 2140 2060 enim
2160 2013 2210 2060 in
2233 2014 2390 2078 prima
2411 2013 2488 2060 die
2513 2014 2615 2077 jam
2637 2011 2704 2059 ibi

576 2106 757 2155 essent,
776 2111 878 2142 non
900 2105 1063 2142 tamen
1075 2095 1176 2158 jam
1199 2095 1266 2141 ibi
1288 2093 1487 2142 firmatae
1503 2105 1662 2155 erant,
1681 2105 1736 2142 ut
1757 2095 1854 2142 labi
1875 2111 1976 2142 non
1998 2105 2219 2160 possent,
2239 2094 2373 2159 quod
2394 2094 2607 2142 secunda
2628 2094 2705 2141 die

577 2177 755 2225 factum
771 2186 858 2235 est,
878 2176 927 2222 in
942 2192 1038 2240 qua
1050 2175 1407 2223 firmamentum
1421 2175 1523 2223 fieri
1539 2176 1730 2223 dicitur.
1750 2176 2041 2223 Hebraicum
2058 2185 2219 2223 tamen
2237 2175 2321 2222 ubi
2337 2191 2426 2221 nos
2444 2174 2701 2222 habemus:

580 2278 602 2302 «
629 2259 799 2305 Divisit
817 2274 965 2322 aquas
988 2273 1093 2321 quae
1115 2267 1252 2304 erant
1274 2255 1363 2303 sub
1387 2256 1710 2316 firmamento,
1736 2266 1851 2316 etc.,
1870 2275 1894 2300 »
1912 2272 2014 2303 non
2035 2255 2185 2303 habet
2206 2274 2229 2300 «
2244 2264 2403 2322 erant3
2426 2274 2449 2299 »
2474 2255 2706 2319 quoniam

576 2337 727 2384 verbo
745 2336 1045 2384 substantivo
1064 2345 1145 2382 aut
1166 2336 1245 2382 vix
1261 2346 1343 2383 aut
1358 2352 1609 2401 nunquam
1626 2337 1794 2396 utitur,
1815 2345 1863 2383 et
1873 2325 2060 2400 ‘absque
2073 2335 2170 2382 hoc
2184 2334 2336 2383 verbo
2354 2335 2707 2382 enuntiationes

578 2417 732 2464 facere
754 2417 1021 2475 consuevit,
1048 2415 1194 2463 veluti
1208 2433 1360 2480 quum
1382 2415 1593 2463 dicitur«
1606 2415 1775 2464 beatus
1797 2417 1888 2476 vir,
1911 2435 1936 2460 »
1955 2432 2046 2481 pro
2063 2434 2086 2460 t<
2101 2415 2270 2463 beatus
2283 2424 2354 2462 est
2365 2415 2455 2461 vir.
2477 2432 2501 2459 »
2515 2414 2624 2461 Tale
2636 2424 2707 2462 est

578 2497 736 2562 itaque
758 2496 892 2561 qnod
913 2496 982 2543 ibi
1004 2494 1226 2554 habetur,
1256 2513 1311 2543 ac
1333 2497 1372 2543 si
1400 2496 1640 2543 diceretur
1667 2515 1677 2543 :
1703 2496 1875 2543 Divisit
1896 2511 2044 2560 aquas
2065 2512 2172 2560 quae
2197 2494 2288 2542 sub
2310 2493 2615 2541 firmamento
2644 2494 2706 2542 ab

578 2579 652 2625 his
674 2594 781 2643 quoe
801 2594 945 2643 super
973 2576 1347 2624 firmamentum.
1381 2576 1474 2623 Ubi
1501 2576 1699 2641 quidem
1720 2578 1760 2624 si
1781 2576 2179 2640 subintelligatur,
2216 2594 2241 2619 «
2260 2584 2447 2634 sunt,»
2475 2573 2610 2639 quod
2637 2583 2707 2621 est

578 2659 628 2706 in
651 2675 857 2724 praesens
874 2657 1099 2716 verbum,
1118 2658 1256 2704 sicuti
1279 2674 1430 2722 quum
1446 2657 1621 2704 dicitur
1646 2657 1852 2705 «beatus
1868 2659 1958 2717 vir,
1979 2677 2003 2702 »
2021 2673 2113 2722 pro
2135 2675 2161 2702 t(
2175 2656 2342 2703 beatus
2365 2664 2436 2702 est
2450 2655 2547 2714 vir3
2572 2674 2594 2699 »
2613 2654 2707 2702 tale

580 2751 650 2788 est
665 2740 799 2806 quod
814 2739 1054 2805 propheta
1069 2739 1133 2787 ait
1155 2758 1164 2786 :
1186 2758 1208 2784 t(
1226 2740 1394 2787 Divisit
1410 2749 1527 2786 tunc
1543 2739 1676 2804 quod
1693 2756 1823 2787 nunc
1840 2739 1930 2787 sub
1947 2738 2251 2786 firmamento
2264 2775 2275 2797 ‚
2295 2747 2410 2795 etc.,
2429 2755 2454 2781 »
2475 2736 2707 2800 quoniam

578 2822 627 2868 in
665 2822 771 2887 ipso
808 2830 1026 2885 tempore
1066 2819 1314 2885 prophetae
1356 2819 1439 2884 qui
1478 2820 1691 2885 loquitur
1721 2829 1769 2867 et
1802 2819 2161 2867 firmamentum
2192 2818 2293 2882 jam
2329 2817 2446 2864 olim
2480 2815 2706 2864 existebat

578 2902 755 2951 factum
771 2940 782 2962 ,
809 2912 857 2950 et
878 2902 1051 2950 divisio
1076 2917 1311 2966 aquarum
1333 2911 1435 2948 erat
1456 2918 1544 2967 per
1565 2901 1982 2967 interpositionem
2003 2901 2150 2966 ipsius
2172 2900 2293 2947 sicut
2315 2909 2363 2946 et
2384 2898 2551 2946 mod'o.

643 2984 692 3030 Si
715 2983 821 3048 quis
844 2992 1006 3030 autem
1028 2983 1241 3046 requirat
1263 2992 1444 3047 quanta
1466 2999 1604 3029 mora
1624 2982 1692 3029 ibi
1714 2982 1890 3030 fuerint
1911 2992 2171 3046 antequam
2195 2980 2516 3039 firmarentur,
2540 2978 2707 3026 volens

583 3078 872 3125 cognoscere
894 3078 999 3126 quae
1022 3061 1163 3108 fuerit
1185 3060 1264 3108 illa
1286 3061 1442 3126 prima
1463 3059 1565 3109 dies
1587 3071 1698 3109 ante
1719 3061 1982 3109 secundam
2003 3080 2014 3110 :
2037 3062 2155 3108 sciat
2176 3061 2291 3108 istos
2310 3076 2390 3107 sex
2411 3059 2512 3106 dies
2533 3056 2708 3126 quibus

580 3142 790 3189 mundus
812 3141 1055 3206 perfectus·
1072 3151 1165 3203 est,
1192 3157 1500 3206 nequaquam
1528 3142 1793 3190 mensurari
1816 3142 1994 3190 debere
2023 3140 2289 3189 secundum
2317 3139 2418 3187 dies
2446 3139 2562 3185 istos
2585 3152 2708 3201 quos

583 3237 711 3267 nunc
731 3221 965 3269 habemus
987 3239 1043 3269 ex
1064 3222 1176 3269 solis
1198 3221 1550 3270 illuminatione
1563 3260 1575 3282 ,
1594 3223 1858 3288 praesertim
1876 3239 2026 3288 quum
2045 3221 2267 3269 nondum
2283 3219 2356 3267 sol
2371 3219 2422 3265 in
2445 3218 2534 3265 illis
2554 3216 2708 3264 tribus

584 3301 961 3365 praecedentibus
983 3302 1152 3350 diebus
1176 3302 1326 3351 factus
1350 3313 1488 3351 esset.
1516 3303 1678 3361 Quum
1701 3320 1814 3368 ergo
1838 3303 1939 3352 dies
1962 3305 2010 3352 in
2035 3303 2110 3351 his
2133 3300 2358 3368 operibus
2386 3300 2472 3347 Dei
2504 3314 2706 3367 compu-

630 3482 639 3500 ¹
667 3484 783 3519 Psalm.
801 3495 854 3517 cut
865 3509 874 3525 ‚
888 3496 921 3518 v.
935 3486 990 3518 20.
1007 3502 1048 3509 —-
1062 3484 1074 3502 ¹
1094 3484 1212 3519 Psalm.
1228 3496 1321 3519 xxxu
1335 3511 1343 3528 ,
1357 3496 1390 3519 ν.
1405 3488 1439 3519 Ἰ.
