2970 4152
486 409 583 455 274
630 415 639 422 ”
1177 407 1478 454 HELOISSAE
1511 408 1903 466 PROBLEMATA

487 503 582 562 dis,
607 519 711 566 quae
735 503 819 548 scit
843 501 931 548 sibi
958 518 1057 548 non
1092 501 1257 559 licere,
1285 501 1453 566 aliquis
1484 503 1744 561 consentit,
1777 503 1817 548 is
1843 517 2103 548 consensus
2131 502 2324 566 proprie
2347 511 2595 565 peccatum

488 583 675 642 dicitur,
699 593 745 629 et
769 581 1008 628 homicida
1033 598 1115 628 seu
1142 581 1357 629 moechus
1387 599 1442 630 ex
1469 582 1560 629 hoc
1582 598 1681 631 uno
1707 582 1836 647 apud
1854 584 2008 628 Deum
2029 590 2230 628 tenetur.
2271 581 2408 628 Unde
2436 591 2483 628 et
2507 584 2597 629 Ve-

486 664 596 730 ritas
615 664 760 727 ipsa¹:
788 682 810 707 «
834 663 927 720 Qui
948 661 1144 722 viderit,
1170 681 1194 707 υ
1214 663 1391 726 inquit,
1414 683 1434 707 «
1460 646 1709 709 mulierem
1736 662 1797 708 ad
1831 660 2268 726 concupiscendum
2286 676 2419 719 eam,
2444 679 2466 705 n
2500 660 2597 707 hoc
2626 673 2628 675 ·

487 754 571 801 est,
601 743 699 806 qui,
733 743 943 808 inspecta
978 742 1079 802 illa,
1105 743 1286 790 venerit
1312 743 1372 790 ad
1403 742 1798 807 concupiscentiae
1826 758 2132 800 consensum,
2158 760 2180 785 α
2206 741 2307 804 jam
2334 739 2597 789 moechatus

486 834 552 870 est
578 840 682 870 eam
706 824 754 870 in
780 823 925 870 corde
952 840 1057 882 suo,
1089 842 1111 867 »
1138 822 1233 870 hoc
1256 833 1342 883 est,
1379 833 1627 887 peccatum
1645 821 1788 868 habet
1805 822 1854 868 in
1880 823 2042 868 animo
2062 820 2326 886 perfectum
2341 856 2355 878 ,
2377 820 2463 867 etsi
2480 836 2598 867 non—

484 902 600 949 dum
625 902 684 950 sit
709 903 757 948 in
784 919 929 966 opere
949 903 1348 950 consummatum.
1373 905 1532 960 Quum
1557 900 1734 965 aliquid
1763 900 2151 948 manducandum
2181 900 2304 947 male
2333 900 2564 947 sumimus
2580 936 2594 958 ,

484 983 594 1045 quia
618 982 713 1029 hoc
733 982 870 1029 nobis
896 982 1108 1030 illicitum
1127 982 1388 1040 credimus,
1421 997 1723 1045 nequaquam
1750 980 1884 1039 cibus
1909 981 1986 1028 ille
2003 1017 2015 1038 ‚
2045 981 2128 1044 qui
2151 981 2200 1027 in
2226 996 2281 1027 os
2305 980 2474 1038 intrat,
2490 967 2596 1026 ani·

468 1079 611 1109 ·mam
636 1063 803 1127 polluit
828 1082 837 1109 :
867 1063 952 1110 sed
965 1063 1064 1126 jam
1088 1063 1182 1110 hoc
1209 1063 1381 1110 fecerat
1400 1061 1670 1127 praecedens
1701 1062 1988 1108 conscientia
2006 1071 2192 1119 nostra,
2220 1076 2310 1107 nec
2334 1059 2596 1124 quidquam

483 1143 542 1189 ad
567 1143 823 1211 peccatum,
840 1143 1002 1203 refert,
1024 1143 1158 1209 quod
1184 1160 1312 1190 nunc
1332 1158 1415 1190 ore
1441 1143 1671 1189 sumimus
1681 1176 1694 1198 ‚
1729 1141 1814 1188 sed
1844 1141 1977 1205 quod
2006 1141 2067 1188 ad
2095 1140 2383 1188 sumendum
2401 1154 2598 1187 consen·

483 1240 706 1271 seramus.

1214 1340 1455 1371 PROBLEMA
1489 1339 1711 1370 HELOlssAE
1746 1340 1839 1369 XXV
1848 1359 1857 1368 .

546 1443 673 1501 Quid
698 1454 766 1490 est
785 1443 901 1490 illud
927 1444 975 1490 in
994 1442 1236 1501 Matthaeo,
1257 1441 1388 1505 quod
1408 1441 1643 1486 Dominus
1659 1439 1943 1503 quibusdam
1961 1438 2227 1485 civitatibus
2244 1439 2592 1502 improperans,

482 1525 566 1571 ait²
586 1542 595 1570 :
622 1544 645 1569 «
664 1527 743 1571 Vae
757 1524 858 1583 tibi,
880 1524 1129 1582 Corozain,
1152 1538 1220 1569 vae
1236 1521 1338 1579 tibi,
1353 1520 1627 1579 Bethsaid33
1651 1520 1761 1582 quia
1778 1520 1815 1565 si
1834 1520 1882 1564 in
1892 1521 2015 1581 Tyro
2034 1528 2080 1564 et
2097 1517 2273 1564 Sidone
2290 1517 2420 1563 factae
2438 1526 2594 1563 essent

479 1605 675 1651 virtutes
688 1641 700 1664 ,
720 1621 824 1668 quae
840 1604 969 1651 factae
985 1603 1161 1650 suntin
1181 1600 1334 1660 vobis,
1357 1600 1471 1646 olim
1487 1598 1815 1664 poenitentiam
1833 1597 2035 1661 egissent
2051 1597 2100 1643 in
2120 1596 2273 1642 cilicio
2294 1605 2340 1642 et
2359 1594 2550 1643 cinere?
2570 1614 2592 1639 n

479 1683 667 1730 Salvare
686 1684 863 1748 quippe
882 1682 1116 1738 Dominus
1128 1680 1349 1727 homines
1370 1688 1589 1736 venerat,
1610 1677 1739 1724 unde
1758 1687 1804 1724 et
1819 1680 1976 1737 Jesus,
1995 1675 2046 1722 id
2063 1685 2132 1722 est
2147 1674 2377 1735 Salvator,
2400 1675 2598 1740 proprio

479 1761 632 1808 dictus
652 1773 722 1809 est
739 1761 990 1809 vocabulo.
1020 1764 1116 1808 Cur
1134 1776 1247 1824 ergo
1275 1762 1398 1822 Tyro
1424 1768 1470 1804 et
1497 1757 1662 1821 Sidoni
1685 1755 1950 1804 civitatibus
1976 1755 2220 1820 gentilium
2246 1754 2323 1802 illa
2347 1753 2601 1802 beneficio-

478 1858 583 1888 rum
602 1842 826 1888 miracula
848 1841 1104 1898 subtraxit,
1123 1857 1209 1905 per
1224 1855 1329 1904 quae
1345 1838 1652 1895 salvarentur,
1678 1847 1724 1884 et
1748 1853 1803 1884 ea
1822 1837 1911 1883 illis
1927 1836 2166 1896 exhibuit,
2190 1835 2363 1900 quibus
2381 1835 2598 1882 nocitura

478 1922 643 1985 magiS,
666 1938 809 1986 quam
823 1921 1071 1987 profutura
1090 1919 1295 1968 sciebat?
1316 1918 1410 1966 Sed
1427 1918 1611 1982 inquies
1629 1935 1638 1963 ε
1669 1917 1808 1976 Quia,
1830 1917 1949 1964 sicut
1964 1916 2166 1980 ipsemet
2191 1914 2459 1981 profitetur,
2492 1930 2592 1961 non

480 2013 577 2049 erat
594 2003 764 2050 missus
786 2003 875 2049 nisi
895 2002 954 2048 ad
973 2019 1086 2049 oves
1110 2017 1215 2065 quae
1232 2000 1502 2066 perierunt³
1518 1997 1692 2045 domus
1717 1997 1873 2045 lsrael.
1896 1997 1990 2044 Sed
2013 1996 2122 2044 dico
2145 2014 2154 2043 :
2179 1999 2275 2043 Cur
2297 1995 2359 2043 ad
2381 2011 2484 2062 eas,
2504 1995 2595 2042 nisi

481 2092 527 2128 ut
560 2082 881 2129 salvarentur?
910 2083 957 2128 Si
985 2091 1143 2129 autem
1167 2090 1218 2127 ut
1248 2079 1557 2137 salvarentur,
1592 2077 1709 2142 quid
1740 2078 1806 2125 eis
1831 2077 2010 2142 profuit
2034 2093 2088 2124 ea
2109 2076 2198 2124 sibi
2221 2075 2344 2135 fieri,
2379 2092 2465 2140 per
2493 2091 2598 2140 quae

481 2163 663 2225 gravius
683 2162 1023 2209 damnarentur
1046 2180 1055 2207 :
1080 2178 1168 2208 nec
1188 2170 1298 2207 sunt
1313 2159 1374 2206 ad
1392 2159 1717 2224 poenitentiam
1739 2158 1973 2217 conversi,
1995 2157 2080 2204 sed
2099 2158 2146 2203 in
2171 2173 2255 2204 sua
2278 2155 2598 2203 obstinatione

481 2241 838 2305 permanentes?
872 2241 1010 2287 Unde
1041 2250 1087 2287 et
1111 2241 1310 2305 ipsemet
1338 2238 1574 2284 Dominus
1599 2238 1850 2302 supponit‘
1870 2256 1879 2281 :
1904 2239 2278 2283 «Verumtamen
2303 2235 2411 2282 dico
2436 2234 2594 2292 vobis,

481 2316 626 2376 Tyro,
656 2326 702 2362 et
719 2316 885 2362 Sidoni
911 2315 1149 2361 remissius
1173 2314 1261 2360 erit
1291 2314 1341 2359 in
1368 2312 1445 2359 die
1471 2312 1662 2375 judicii,
1691 2328 1838 2375 quam
1869 2310 2018 2358 vobis.
2044 2311 2304 2373 »Denique
2329 2319 2373 2356 et
2398 2309 2599 2355 Samari-

480 2404 701 2441 tanorum
717 2395 892 2442 multos
921 2394 1061 2441 refert
1084 2395 1310 2440 Joannes⁵
1334 2392 1394 2439 ad
1416 2392 1616 2439 verbum
1635 2392 1735 2454 ejus
1757 2391 2013 2438 credidisse
2028 2427 2040 2450 ,
2064 2400 2110 2437 et
2129 2406 2238 2455 eum
2268 2388 2499 2435 nonnulla
2516 2389 2597 2435 mi-

481 2474 749 2521 raculorum
785 2473 1018 2522 beneficia
1053 2472 1306 2538 gentilibus
1332 2472 1473 2525 eti-am
1502 2461 1603 2518 tam·
1623 2472 1672 2518 in
1691 2471 1810 2518 ‘viris
1840 2487 1985 2535 quam
2009 2471 2056 2516 in
2084 2469 2269 2516 feminis
2297 2467 2592 2527 exhibuisse,

481 2571 565 2617 per
587 2572 690 2618 quae
724 2555 790 2601 illi
819 2554 1094 2614 crederent,
1130 2553 1203 2600 vel
1229 2554 1275 2599 in
1304 2552 1398 2600 fide
1421 2551 1723 2599 firmarentur
1744 2570 1753 2598 ε
1778 2552 1898 2598 sicut
1922 2561 1992 2598 est
2013 2549 2131 2596 illud
2156 2549 2217 2597 de
2250 2564 2401 2613 puero
2420 2551 2596 2595 Centu-

481 2635 627 2681 rionis
637 2638 666 2694 ⁶,
689 2647 734 2682 et
753 2636 813 2682 de
830 2635 924 2682 filia
948 2634 1353 2700 Syrophoenissae⁷,
1382 2633 1443 2680 de
1463 2632 1610 2698 ipsius
1624 2633 1731 2696 Tyri
1755 2631 1929 2679 finibus
1945 2647 2155 2695 egressae.
2220 2626 2222 2628 ¹

1302 2764 1337 2807 S
1338 2760 1482 2807 olatio
1513 2758 1772 2807 Aboelardc’.

548 2876 723 2920 Revera
741 2872 978 2918 Dominus
1005 2874 1137 2917 Jesus
1162 2869 1223 2916 ad
1246 2869 1373 2916 solos
1402 2869 1590 2916 Judaeos
1618 2870 1665 2915 in
1694 2885 1900 2934 persona
1921 2868 2114 2933 propria
2135 2867 2305 2913 missus
2325 2865 2424 2911 fuit.
2454 2862 2598 2921 Quod

485 2975 596 3022 ergo
616 2959 738 3006 circa
758 2957 953 3023 gentiles
977 2955 1345 3003 misericorditer
1370 2956 1487 3019 egit,
1517 2972 1615 3001 non
1637 2972 1693 3002 ex
1712 2954 1869 3001 officio
1887 2954 2123 3000 missionis
2147 2953 2254 2999 fecit
2268 2989 2280 3010 ,
2304 2951 2388 2998 sed
2414 2966 2472 2997 ex
2487 2965 2597 3013 gra-

486 3040 565 3095 tia,
588 3039 749 3085 debito
765 3036 1108 3104 superaddidit,
1132 3035 1381 3082 attendens
1397 3035 1529 3098 quod
1551 3045 1597 3081 et
1615 3036 1814 3100 ipsemet
1837 3035 1920 3081 ait8
1941 3053 1949 3080 :
1975 3054 1998 3079 «
2020 3037 2180 3092 Quum
2199 3032 2397 3079 feceritis
2413 3029 2592 3087 omnia,

486 3134 588 3181 quae
617 3129 849 3183 praecepta
869 3127 978 3164 sunt
1003 3116 1158 3176 vobiS‚
1179 3115 1320 3162 dicite
1341 3134 1350 3161 ε
1376 3135 1396 3159 «
1423 3116 1552 3162 Servi
1571 3114 1759 3162 inutiles
1782 3131 1968 3173 sumus;
1989 3113 2121 3178 quod
2151 3112 2403 3159 debuimus
2423 3110 2593 3167 facere,

492 3217 512 3239 «
539 3197 749 3243 fecimus.
770 3216 792 3240 »
816 3201 876 3244 Ac
900 3198 937 3243 si
955 3206 1116 3261 aperte
1133 3195 1260 3242 dicat
1280 3213 1289 3241 :
1313 3198 1382 3241 Ne
1395 3210 1483 3259 pro
1497 3210 1671 3258 magno
1684 3194 1914 3254 habeatis,
1934 3195 1972 3240 si
1988 3192 2270 3239 obedientiae
2283 3189 2499 3236 debitum
2513 3189 2598 3234 im-

536 3375 543 3390 '
571 3373 697 3411 Matth.‚
722 3383 795 3415 cap.
819 3383 850 3412 v,
869 3385 898 3405 v.
920 3373 974 3404 28.
990 3371 1058 3396 —’
1076 3373 1168 3413 Luc„
1194 3383 1268 3416 cap.
1293 3384 1334 3409 x,
1359 3383 1388 3404 v.
1411 3374 1461 3405 13.
1480 3390 1519 3396 ——
1567 3384 1598 3405 v.
1617 3372 1790 3412 5.-l,uc.‚
1811 3381 1886 3415 cap.
1908 3382 1973 3411 vn,
1991 3381 2023 3402 v.
2047 3371 2065 3400 2
2086 3376 2118 3401 et
2137 3379 2189 3412 sq.
2206 3387 2246 3393 —
2263 3368 2274 3385 ”’
2296 3368 2410 3407 Marc„
2437 3377 2508 3409 cap.
2537 3376 2599 3405 vu,

491 3431 502 3446 ³
526 3432 603 3470 Quae
629 3432 791 3470 perierunt
820 3429 935 3461 desunt
963 3427 1044 3461 Cod.
1073 3428 1155 3461 Vict.
1169 3447 1212 3452 —
1227 3428 1238 3445 ⁴
1260 3429 1356 3468 Luc„
1380 3438 1453 3471 cap.
1481 3440 1523 3469 x,
1569 3441 1599 3461 v.
1617 3430 1670 3462 26.
1686 3446 1727 3452 ——
1743 3427 1755 3445 ⁸
1774 3428 1868 3467 Luc„
1881 3437 1956 3471 cap.
1970 3437 2057 3466 xvn,
2071 3437 2105 3458 v.
2127 3426 2180 3457 10.

491 3498 523 3518 v.
553 3488 605 3518 14.
620 3503 659 3510 —
676 3485 688 3502 ³
702 3485 811 3525 Joam,
837 3495 911 3528 cap.
933 3496 983 3526 iv,
999 3496 1030 3517 v.
1055 3486 1108 3518 39.
1124 3502 1166 3510 -
1181 3486 1193 3501 ⁰
1209 3485 1337 3525 Matth„
1360 3496 1431 3528 cap.
1450 3496 1523 3525 vm,
