<?xml version="1.0" encoding="UTF-8"?>
<!DOCTYPE html PUBLIC "-//W3C//DTD XHTML 1.0 Transitional//EN"
    "http://www.w3.org/TR/xhtml1/DTD/xhtml1-transitional.dtd">
<html xmlns="http://www.w3.org/1999/xhtml" xml:lang="en" lang="en">
 <head>
  <title>
</title>
<meta http-equiv="Content-Type" content="text/html;charset=utf-8" />
  <meta name='ocr-system' content='tesseract 3.04.00' />
  <meta name='ocr-capabilities' content='ocr_page ocr_carea ocr_par ocr_line ocrx_word'/>
</head>
<body>
  <div class='ocr_page' id='page_1' title='image "./operahactenusseo01abeluoft_0477.png"; bbox 0 0 2970 4152; ppageno 0'>
   <div class='ocr_carea' id='block_1_1' title="bbox 1018 418 2445 469">
    <p class='ocr_par' dir='ltr' id='par_1_1' title="bbox 1018 418 2445 469">
     <span class='ocr_line' id='line_1_1' title="bbox 1018 418 2445 469; baseline 0.001 -1"><span class='ocrx_word' id='word_1_1' title='bbox 1018 421 1077 468; x_wconf 92' lang='lat' dir='ltr'><strong>IN</strong></span> <span class='ocrx_word' id='word_1_2' title='bbox 1109 420 1208 466; x_wconf 90' lang='lat' dir='ltr'><strong>DIE</strong></span> <span class='ocrx_word' id='word_1_3' title='bbox 1242 418 1492 466; x_wconf 88' lang='lat' dir='ltr'><strong>PASCHAE</strong></span> <span class='ocrx_word' id='word_1_4' title='bbox 1525 419 1742 467; x_wconf 91' lang='lat' dir='ltr'>SERMO.</span> <span class='ocrx_word' id='word_1_5' title='bbox 2350 422 2445 469; x_wconf 74' lang='lat'><strong>463</strong></span> 
     </span>
    </p>
   </div>
   <div class='ocr_carea' id='block_1_2' title="bbox 318 514 2451 3320">
    <p class='ocr_par' dir='ltr' id='par_1_2' title="bbox 318 514 2451 2993">
     <span class='ocr_line' id='line_1_2' title="bbox 324 514 2447 585; baseline -0.001 -18"><span class='ocrx_word' id='word_1_6' title='bbox 324 518 559 585; x_wconf 90' lang='lat' dir='ltr'><strong>paschalis</strong></span> <span class='ocrx_word' id='word_1_7' title='bbox 594 516 904 566; x_wconf 81' lang='lat' dir='ltr'><strong>solemnitatis</strong></span> <span class='ocrx_word' id='word_1_8' title='bbox 934 516 1102 564; x_wconf 88' lang='lat' dir='ltr'><strong>laetitiae</strong></span> <span class='ocrx_word' id='word_1_9' title='bbox 1134 531 1234 562; x_wconf 90' lang='lat' dir='ltr'><strong>non</strong></span> <span class='ocrx_word' id='word_1_10' title='bbox 1275 514 1433 563; x_wconf 91' lang='lat' dir='ltr'><strong>solum</strong></span> <span class='ocrx_word' id='word_1_11' title='bbox 1471 515 1744 580; x_wconf 89' lang='lat' dir='ltr'><strong>proximum</strong></span> <span class='ocrx_word' id='word_1_12' title='bbox 1766 516 2003 563; x_wconf 68' lang='lat' dir='ltr'><strong>‘moestitiae</strong></span> <span class='ocrx_word' id='word_1_13' title='bbox 2031 514 2233 563; x_wconf 87' lang='lat' dir='ltr'><strong>biduum</strong></span> <span class='ocrx_word' id='word_1_14' title='bbox 2262 534 2447 583; x_wconf 85' lang='lat' dir='ltr'><strong>praepo-</strong></span> 
     </span>
     <span class='ocr_line' id='line_1_3' title="bbox 324 591 2448 670; baseline -0.001 -24"><span class='ocrx_word' id='word_1_15' title='bbox 324 600 469 659; x_wconf 90' lang='lat' dir='ltr'><strong>nitur,</strong></span> <span class='ocrx_word' id='word_1_16' title='bbox 499 599 810 646; x_wconf 84' lang='lat' dir='ltr'><strong>verumetiam</strong></span> <span class='ocrx_word' id='word_1_17' title='bbox 834 598 977 645; x_wconf 93' lang='lat' dir='ltr'><strong>totius</strong></span> <span class='ocrx_word' id='word_1_18' title='bbox 1001 595 1373 661; x_wconf 87' lang='lat' dir='ltr'><strong>quadragesimae</strong></span> <span class='ocrx_word' id='word_1_19' title='bbox 1395 594 1680 670; x_wconf 76' lang='lat' dir='ltr'><strong>abstinentia</strong></span> <span class='ocrx_word' id='word_1_20' title='bbox 1701 591 2015 661; x_wconf 87' lang='lat' dir='ltr'><strong>praemittitur.</strong></span> <span class='ocrx_word' id='word_1_21' title='bbox 2050 599 2103 642; x_wconf 94' lang='lat' dir='ltr'><strong>In</strong></span> <span class='ocrx_word' id='word_1_22' title='bbox 2129 612 2223 660; x_wconf 91' lang='lat' dir='ltr'><strong>qua</strong></span> <span class='ocrx_word' id='word_1_23' title='bbox 2254 597 2448 661; x_wconf 91' lang='lat' dir='ltr'><strong>quidem</strong></span> 
     </span>
     <span class='ocr_line' id='line_1_4' title="bbox 324 674 2447 744; baseline -0.002 -17"><span class='ocrx_word' id='word_1_24' title='bbox 324 678 709 744; x_wconf 87' lang='lat' dir='ltr'><strong>quadragesima,</strong></span> <span class='ocrx_word' id='word_1_25' title='bbox 740 694 882 727; x_wconf 90' lang='lat' dir='ltr'><strong>voces</strong></span> <span class='ocrx_word' id='word_1_26' title='bbox 913 677 1002 725; x_wconf 85' lang='lat' dir='ltr'><strong>illae</strong></span> <span class='ocrx_word' id='word_1_27' title='bbox 1029 676 1220 742; x_wconf 86' lang='lat' dir='ltr'><strong>gaudii:</strong></span> <span class='ocrx_word' id='word_1_28' title='bbox 1258 694 1283 720; x_wconf 90' lang='lat'>«</span> <span class='ocrx_word' id='word_1_29' title='bbox 1305 674 1527 733; x_wconf 81' lang='lat' dir='ltr'><strong>Alleluia,</strong></span> <span class='ocrx_word' id='word_1_30' title='bbox 1555 674 1719 722; x_wconf 87' lang='lat' dir='ltr'><strong>Gloria</strong></span> <span class='ocrx_word' id='word_1_31' title='bbox 1751 675 1799 721; x_wconf 91' lang='lat' dir='ltr'><strong>in</strong></span> <span class='ocrx_word' id='word_1_32' title='bbox 1830 675 2023 722; x_wconf 88' lang='lat' dir='ltr'><strong>excelsis</strong></span> <span class='ocrx_word' id='word_1_33' title='bbox 2053 678 2183 736; x_wconf 91' lang='lat' dir='ltr'><strong>Deo,</strong></span> <span class='ocrx_word' id='word_1_34' title='bbox 2205 694 2228 720; x_wconf 90' lang='lat'>»</span> <span class='ocrx_word' id='word_1_35' title='bbox 2251 686 2297 723; x_wconf 92' lang='lat' dir='ltr'><strong>et</strong></span> <span class='ocrx_word' id='word_1_36' title='bbox 2320 678 2447 741; x_wconf 90' lang='lat' dir='ltr'><strong>apud</strong></span> 
     </span>
     <span class='ocr_line' id='line_1_5' title="bbox 325 754 2448 820; baseline -0.002 -14"><span class='ocrx_word' id='word_1_37' title='bbox 325 759 522 807; x_wconf 92' lang='lat' dir='ltr'><strong>clericos</strong></span> <span class='ocrx_word' id='word_1_38' title='bbox 541 759 683 806; x_wconf 88' lang='lat' dir='ltr'><strong>etiam</strong></span> <span class='ocrx_word' id='word_1_39' title='bbox 706 779 716 805; x_wconf 73' lang='grc' dir='ltr'>ε</span> <span class='ocrx_word' id='word_1_40' title='bbox 749 777 774 804; x_wconf 90' lang='lat'>«</span> <span class='ocrx_word' id='word_1_41' title='bbox 792 761 855 805; x_wconf 91' lang='lat' dir='ltr'><strong>Te</strong></span> <span class='ocrx_word' id='word_1_42' title='bbox 873 760 1029 805; x_wconf 91' lang='lat' dir='ltr'><strong>Deum</strong></span> <span class='ocrx_word' id='word_1_43' title='bbox 1047 756 1322 815; x_wconf 87' lang='lat' dir='ltr'><strong>laudamus,</strong></span> <span class='ocrx_word' id='word_1_44' title='bbox 1341 773 1366 800; x_wconf 92' lang='lat'>»</span> <span class='ocrx_word' id='word_1_45' title='bbox 1392 755 1668 812; x_wconf 83' lang='lat' dir='ltr'><strong>reticentur,</strong></span> <span class='ocrx_word' id='word_1_46' title='bbox 1696 764 1744 801; x_wconf 93' lang='lat' dir='ltr'><strong>et</strong></span> <span class='ocrx_word' id='word_1_47' title='bbox 1767 754 2066 820; x_wconf 88' lang='lat' dir='ltr'><strong>paschalibus</strong></span> <span class='ocrx_word' id='word_1_48' title='bbox 2094 755 2275 820; x_wconf 89' lang='lat' dir='ltr'><strong>gaudiis</strong></span> <span class='ocrx_word' id='word_1_49' title='bbox 2300 772 2448 804; x_wconf 81' lang='lat' dir='ltr'><strong>reser-</strong></span> 
     </span>
     <span class='ocr_line' id='line_1_6' title="bbox 323 835 2451 903; baseline -0.001 -17"><span class='ocrx_word' id='word_1_50' title='bbox 323 849 513 899; x_wconf 83' lang='lat' dir='ltr'><strong>vantur,</strong></span> <span class='ocrx_word' id='word_1_51' title='bbox 532 849 586 886; x_wconf 92' lang='lat' dir='ltr'><strong>ut</strong></span> <span class='ocrx_word' id='word_1_52' title='bbox 603 855 662 902; x_wconf 89' lang='lat' dir='ltr'><strong>eo</strong></span> <span class='ocrx_word' id='word_1_53' title='bbox 678 849 794 886; x_wconf 90' lang='lat' dir='ltr'><strong>tunc</strong></span> <span class='ocrx_word' id='word_1_54' title='bbox 808 839 1037 903; x_wconf 85' lang='lat' dir='ltr'><strong>gratiores</strong></span> <span class='ocrx_word' id='word_1_55' title='bbox 1055 838 1150 884; x_wconf 91' lang='lat' dir='ltr'><strong>sint</strong></span> <span class='ocrx_word' id='word_1_56' title='bbox 1167 837 1303 901; x_wconf 86' lang='lat' dir='ltr'><strong>quasi</strong></span> <span class='ocrx_word' id='word_1_57' title='bbox 1318 852 1472 895; x_wconf 87' lang='lat' dir='ltr'><strong>novae,</strong></span> <span class='ocrx_word' id='word_1_58' title='bbox 1487 835 1746 900; x_wconf 89' lang='lat' dir='ltr'><strong>quominus</strong></span> <span class='ocrx_word' id='word_1_59' title='bbox 1762 845 1900 882; x_wconf 89' lang='lat' dir='ltr'><strong>antea</strong></span> <span class='ocrx_word' id='word_1_60' title='bbox 1916 835 2100 882; x_wconf 90' lang='lat' dir='ltr'><strong>fuerant</strong></span> <span class='ocrx_word' id='word_1_61' title='bbox 2115 836 2309 883; x_wconf 89' lang='lat' dir='ltr'><strong>usitatae.</strong></span> <span class='ocrx_word' id='word_1_62' title='bbox 2330 839 2451 885; x_wconf 89' lang='lat' dir='ltr'><strong>Con-</strong></span> 
     </span>
     <span class='ocr_line' id='line_1_7' title="bbox 324 916 2450 986; baseline -0.001 -18"><span class='ocrx_word' id='word_1_63' title='bbox 324 930 416 968; x_wconf 83' lang='lat' dir='ltr'><strong>stat</strong></span> <span class='ocrx_word' id='word_1_64' title='bbox 439 921 618 986; x_wconf 92' lang='lat' dir='ltr'><strong>quippe</strong></span> <span class='ocrx_word' id='word_1_65' title='bbox 642 920 1054 985; x_wconf 82' lang='lat' dir='ltr'><strong>quadragesimam</strong></span> <span class='ocrx_word' id='word_1_66' title='bbox 1079 919 1333 967; x_wconf 86' lang='lat' dir='ltr'><strong>dominicae</strong></span> <span class='ocrx_word' id='word_1_67' title='bbox 1359 917 1675 977; x_wconf 83' lang='lat' dir='ltr'><strong>abstinentiae,</strong></span> <span class='ocrx_word' id='word_1_68' title='bbox 1705 916 1766 963; x_wconf 87' lang='lat' dir='ltr'><strong>ad</strong></span> <span class='ocrx_word' id='word_1_69' title='bbox 1790 917 1924 980; x_wconf 88' lang='lat' dir='ltr'><strong>cujus</strong></span> <span class='ocrx_word' id='word_1_70' title='bbox 1949 916 2220 982; x_wconf 88' lang='lat' dir='ltr'><strong>exemplum</strong></span> <span class='ocrx_word' id='word_1_71' title='bbox 2244 917 2318 965; x_wconf 83' lang='lat' dir='ltr'><strong>vel</strong></span> <span class='ocrx_word' id='word_1_72' title='bbox 2344 919 2450 965; x_wconf 87' lang='lat' dir='ltr'><strong>imi-</strong></span> 
     </span>
     <span class='ocr_line' id='line_1_8' title="bbox 323 997 2449 1064; baseline -0 -16"><span class='ocrx_word' id='word_1_73' title='bbox 323 1003 553 1049; x_wconf 86' lang='lat' dir='ltr'><strong>tationem</strong></span> <span class='ocrx_word' id='word_1_74' title='bbox 570 1011 733 1048; x_wconf 89' lang='lat' dir='ltr'><strong>nostra</strong></span> <span class='ocrx_word' id='word_1_75' title='bbox 750 1011 820 1049; x_wconf 92' lang='lat' dir='ltr'><strong>est</strong></span> <span class='ocrx_word' id='word_1_76' title='bbox 836 1001 1070 1061; x_wconf 87' lang='lat' dir='ltr'><strong>instituta,</strong></span> <span class='ocrx_word' id='word_1_77' title='bbox 1099 1016 1403 1064; x_wconf 89' lang='lat' dir='ltr'><strong>nequaquam</strong></span> <span class='ocrx_word' id='word_1_78' title='bbox 1426 1015 1485 1047; x_wconf 89' lang='lat' dir='ltr'><strong>eo</strong></span> <span class='ocrx_word' id='word_1_79' title='bbox 1507 1009 1725 1063; x_wconf 90' lang='lat' dir='ltr'><strong>tempore</strong></span> <span class='ocrx_word' id='word_1_80' title='bbox 1747 997 1955 1045; x_wconf 83' lang='lat' dir='ltr'><strong>extitisse</strong></span> <span class='ocrx_word' id='word_1_81' title='bbox 1969 1033 1981 1057; x_wconf 91' lang='lat'><strong><em>‚</em></strong></span> <span class='ocrx_word' id='word_1_82' title='bbox 2010 1014 2108 1062; x_wconf 92' lang='lat' dir='ltr'><strong>quo</strong></span> <span class='ocrx_word' id='word_1_83' title='bbox 2133 1014 2263 1045; x_wconf 91' lang='lat' dir='ltr'><strong>nunc</strong></span> <span class='ocrx_word' id='word_1_84' title='bbox 2287 1010 2449 1047; x_wconf 84' lang='lat' dir='ltr'><strong>nostra</strong></span> 
     </span>
     <span class='ocr_line' id='line_1_9' title="bbox 322 1078 2450 1145; baseline -0.001 -18"><span class='ocrx_word' id='word_1_85' title='bbox 322 1080 564 1145; x_wconf 87' lang='lat' dir='ltr'><strong>peragitur</strong></span> <span class='ocrx_word' id='word_1_86' title='bbox 585 1117 597 1141; x_wconf 95' lang='lat'><strong>,</strong></span> <span class='ocrx_word' id='word_1_87' title='bbox 638 1081 723 1129; x_wconf 91' lang='lat' dir='ltr'><strong>sed</strong></span> <span class='ocrx_word' id='word_1_88' title='bbox 753 1098 781 1129; x_wconf 92' lang='lat' dir='ltr'><strong>a</strong></span> <span class='ocrx_word' id='word_1_89' title='bbox 821 1081 899 1129; x_wconf 91' lang='lat' dir='ltr'><strong>die</strong></span> <span class='ocrx_word' id='word_1_90' title='bbox 937 1080 1256 1145; x_wconf 89' lang='lat' dir='ltr'><strong>Theophaniae</strong></span> <span class='ocrx_word' id='word_1_91' title='bbox 1296 1081 1398 1145; x_wconf 90' lang='lat' dir='ltr'><strong>ipsa</strong></span> <span class='ocrx_word' id='word_1_92' title='bbox 1437 1079 1713 1144; x_wconf 81' lang='lat' dir='ltr'><strong>incoepisse,</strong></span> <span class='ocrx_word' id='word_1_93' title='bbox 1750 1078 2003 1143; x_wconf 92' lang='lat' dir='ltr'><strong>ipsumque</strong></span> <span class='ocrx_word' id='word_1_94' title='bbox 2042 1079 2304 1125; x_wconf 90' lang='lat' dir='ltr'><strong>Dominum</strong></span> <span class='ocrx_word' id='word_1_95' title='bbox 2341 1089 2450 1144; x_wconf 90' lang='lat' dir='ltr'><strong>post</strong></span> 
     </span>
     <span class='ocr_line' id='line_1_10' title="bbox 323 1159 2449 1227; baseline -0.001 -20"><span class='ocrx_word' id='word_1_96' title='bbox 323 1159 614 1227; x_wconf 89' lang='lat' dir='ltr'><strong>baptismum</strong></span> <span class='ocrx_word' id='word_1_97' title='bbox 638 1163 796 1211; x_wconf 90' lang='lat' dir='ltr'><strong>statim</strong></span> <span class='ocrx_word' id='word_1_98' title='bbox 826 1162 887 1210; x_wconf 86' lang='lat' dir='ltr'><strong>ad</strong></span> <span class='ocrx_word' id='word_1_99' title='bbox 913 1162 1153 1210; x_wconf 92' lang='lat' dir='ltr'><strong>desertum</strong></span> <span class='ocrx_word' id='word_1_100' title='bbox 1175 1162 1413 1209; x_wconf 88' lang='lat' dir='ltr'><strong>transiisse</strong></span> <span class='ocrx_word' id='word_1_101' title='bbox 1432 1197 1444 1221; x_wconf 90' lang='lat'>‚</span> <span class='ocrx_word' id='word_1_102' title='bbox 1482 1161 1603 1207; x_wconf 91' lang='lat' dir='ltr'><strong>sicut</strong></span> <span class='ocrx_word' id='word_1_103' title='bbox 1631 1162 1815 1207; x_wconf 91' lang='lat' dir='ltr'><strong>Marcus</strong></span> <span class='ocrx_word' id='word_1_104' title='bbox 1851 1161 2220 1206; x_wconf 86' lang='lat' dir='ltr'><strong>commemorat¹</strong></span> <span class='ocrx_word' id='word_1_105' title='bbox 2237 1196 2249 1220; x_wconf 95' lang='lat'><strong>,</strong></span> <span class='ocrx_word' id='word_1_106' title='bbox 2288 1159 2449 1224; x_wconf 80' lang='lat' dir='ltr'><strong>ibique</strong></span> 
     </span>
     <span class='ocr_line' id='line_1_11' title="bbox 322 1238 2451 1307; baseline -0.001 -19"><span class='ocrx_word' id='word_1_107' title='bbox 322 1241 635 1307; x_wconf 88' lang='lat' dir='ltr'><strong>quadraginta</strong></span> <span class='ocrx_word' id='word_1_108' title='bbox 661 1242 848 1290; x_wconf 90' lang='lat' dir='ltr'><strong>dierum</strong></span> <span class='ocrx_word' id='word_1_109' title='bbox 879 1252 927 1289; x_wconf 90' lang='lat' dir='ltr'><strong>et</strong></span> <span class='ocrx_word' id='word_1_110' title='bbox 953 1243 1168 1290; x_wconf 92' lang='lat' dir='ltr'><strong>noctium</strong></span> <span class='ocrx_word' id='word_1_111' title='bbox 1191 1242 1526 1289; x_wconf 88' lang='lat' dir='ltr'><strong>abstinentiam</strong></span> <span class='ocrx_word' id='word_1_112' title='bbox 1552 1240 1798 1299; x_wconf 90' lang='lat' dir='ltr'><strong>habuisse;</strong></span> <span class='ocrx_word' id='word_1_113' title='bbox 1830 1256 1930 1286; x_wconf 91' lang='lat' dir='ltr'><strong>non</strong></span> <span class='ocrx_word' id='word_1_114' title='bbox 1960 1240 2008 1286; x_wconf 88' lang='lat' dir='ltr'><strong>in</strong></span> <span class='ocrx_word' id='word_1_115' title='bbox 2035 1238 2202 1286; x_wconf 89' lang='lat' dir='ltr'><strong>diebus</strong></span> <span class='ocrx_word' id='word_1_116' title='bbox 2225 1241 2451 1305; x_wconf 87' lang='lat' dir='ltr'><strong>proximis</strong></span> 
     </span>
     <span class='ocr_line' id='line_1_12' title="bbox 324 1320 2450 1388; baseline -0.001 -19"><span class='ocrx_word' id='word_1_117' title='bbox 324 1322 513 1370; x_wconf 82' lang='lat' dir='ltr'><strong>Paschae</strong></span> <span class='ocrx_word' id='word_1_118' title='bbox 526 1359 538 1383; x_wconf 92' lang='lat'><strong>,</strong></span> <span class='ocrx_word' id='word_1_119' title='bbox 564 1324 686 1371; x_wconf 92' lang='lat' dir='ltr'><strong>sicut</strong></span> <span class='ocrx_word' id='word_1_120' title='bbox 704 1341 834 1371; x_wconf 91' lang='lat' dir='ltr'><strong>nunc</strong></span> <span class='ocrx_word' id='word_1_121' title='bbox 853 1334 1015 1371; x_wconf 90' lang='lat' dir='ltr'><strong>nostra</strong></span> <span class='ocrx_word' id='word_1_122' title='bbox 1035 1323 1089 1371; x_wconf 86' lang='lat' dir='ltr'><strong>fit</strong></span> <span class='ocrx_word' id='word_1_123' title='bbox 1106 1323 1490 1388; x_wconf 83' lang='lat' dir='ltr'><strong>quadragesima3</strong></span> <span class='ocrx_word' id='word_1_124' title='bbox 1511 1339 1567 1370; x_wconf 89' lang='lat' dir='ltr'><strong>ea</strong></span> <span class='ocrx_word' id='word_1_125' title='bbox 1586 1338 1732 1386; x_wconf 88' lang='lat' dir='ltr'><strong>quam</strong></span> <span class='ocrx_word' id='word_1_126' title='bbox 1750 1321 1955 1368; x_wconf 84' lang='lat' dir='ltr'><strong>diximus</strong></span> <span class='ocrx_word' id='word_1_127' title='bbox 1979 1337 2190 1385; x_wconf 86' lang='lat' dir='ltr'><strong>congrua</strong></span> <span class='ocrx_word' id='word_1_128' title='bbox 2209 1320 2450 1385; x_wconf 89' lang='lat' dir='ltr'><strong>dispensa-</strong></span> 
     </span>
     <span class='ocr_line' id='line_1_13' title="bbox 322 1400 2451 1468; baseline -0 -19"><span class='ocrx_word' id='word_1_129' title='bbox 322 1403 477 1463; x_wconf 91' lang='lat' dir='ltr'><strong>tione,</strong></span> <span class='ocrx_word' id='word_1_130' title='bbox 507 1413 560 1450; x_wconf 93' lang='lat' dir='ltr'><strong>ut</strong></span> <span class='ocrx_word' id='word_1_131' title='bbox 580 1403 799 1452; x_wconf 88' lang='lat' dir='ltr'><strong>videlicet</strong></span> <span class='ocrx_word' id='word_1_132' title='bbox 830 1420 888 1452; x_wconf 89' lang='lat' dir='ltr'><strong>eo</strong></span> <span class='ocrx_word' id='word_1_133' title='bbox 915 1405 1089 1468; x_wconf 85' lang='lat' dir='ltr'><strong>gratior</strong></span> <span class='ocrx_word' id='word_1_134' title='bbox 1117 1403 1371 1452; x_wconf 88' lang='lat' dir='ltr'><strong>dominicae</strong></span> <span class='ocrx_word' id='word_1_135' title='bbox 1397 1403 1755 1450; x_wconf 89' lang='lat' dir='ltr'><strong>resurrectionis</strong></span> <span class='ocrx_word' id='word_1_136' title='bbox 1781 1401 2006 1450; x_wconf 88' lang='lat' dir='ltr'><strong>exultatio</strong></span> <span class='ocrx_word' id='word_1_137' title='bbox 2035 1400 2139 1461; x_wconf 86' lang='lat' dir='ltr'><strong>fiat,</strong></span> <span class='ocrx_word' id='word_1_138' title='bbox 2172 1419 2269 1466; x_wconf 93' lang='lat' dir='ltr'><strong>quo</strong></span> <span class='ocrx_word' id='word_1_139' title='bbox 2299 1403 2451 1465; x_wconf 82' lang='lat' dir='ltr'><strong>major</strong></span> 
     </span>
     <span class='ocr_line' id='line_1_14' title="bbox 321 1482 2450 1550; baseline -0 -21"><span class='ocrx_word' id='word_1_140' title='bbox 321 1482 616 1532; x_wconf 89' lang='lat' dir='ltr'><strong>abstinentiae</strong></span> <span class='ocrx_word' id='word_1_141' title='bbox 639 1485 920 1545; x_wconf 88' lang='lat' dir='ltr'><strong>maceratio,</strong></span> <span class='ocrx_word' id='word_1_142' title='bbox 949 1484 1025 1532; x_wconf 83' lang='lat' dir='ltr'><strong>vel</strong></span> <span class='ocrx_word' id='word_1_143' title='bbox 1049 1484 1337 1550; x_wconf 86' lang='lat' dir='ltr'><strong>poenitentiae</strong></span> <span class='ocrx_word' id='word_1_144' title='bbox 1361 1484 1597 1549; x_wconf 84' lang='lat' dir='ltr'><strong>praecessit</strong></span> <span class='ocrx_word' id='word_1_145' title='bbox 1621 1483 1830 1530; x_wconf 81' lang='lat' dir='ltr'><strong>afflictio.</strong></span> <span class='ocrx_word' id='word_1_146' title='bbox 1864 1482 1992 1540; x_wconf 91' lang='lat' dir='ltr'><strong>Quid</strong></span> <span class='ocrx_word' id='word_1_147' title='bbox 2017 1482 2158 1546; x_wconf 89' lang='lat' dir='ltr'><strong>igitur</strong></span> <span class='ocrx_word' id='word_1_148' title='bbox 2184 1483 2383 1542; x_wconf 90' lang='lat' dir='ltr'><strong>mirum,</strong></span> <span class='ocrx_word' id='word_1_149' title='bbox 2413 1485 2450 1529; x_wconf 90' lang='lat' dir='ltr'><strong>si</strong></span> 
     </span>
     <span class='ocr_line' id='line_1_15' title="bbox 322 1563 2450 1631; baseline 0 -22"><span class='ocrx_word' id='word_1_150' title='bbox 322 1573 368 1610; x_wconf 87' lang='lat' dir='ltr'><strong>et</strong></span> <span class='ocrx_word' id='word_1_151' title='bbox 385 1563 588 1611; x_wconf 89' lang='lat' dir='ltr'><strong>biduum</strong></span> <span class='ocrx_word' id='word_1_152' title='bbox 606 1564 726 1613; x_wconf 94' lang='lat' dir='ltr'><strong>illud</strong></span> <span class='ocrx_word' id='word_1_153' title='bbox 744 1565 996 1613; x_wconf 84' lang='lat' dir='ltr'><strong>dominicae</strong></span> <span class='ocrx_word' id='word_1_154' title='bbox 1013 1566 1246 1631; x_wconf 89' lang='lat' dir='ltr'><strong>passionis</strong></span> <span class='ocrx_word' id='word_1_155' title='bbox 1265 1582 1320 1612; x_wconf 92' lang='lat' dir='ltr'><strong>ac</strong></span> <span class='ocrx_word' id='word_1_156' title='bbox 1339 1565 1591 1630; x_wconf 87' lang='lat' dir='ltr'><strong>sepulturae</strong></span> <span class='ocrx_word' id='word_1_157' title='bbox 1617 1565 1665 1611; x_wconf 91' lang='lat' dir='ltr'><strong>in</strong></span> <span class='ocrx_word' id='word_1_158' title='bbox 1689 1564 1818 1612; x_wconf 86' lang='lat' dir='ltr'><strong>luctu</strong></span> <span class='ocrx_word' id='word_1_159' title='bbox 1843 1563 2185 1629; x_wconf 88' lang='lat' dir='ltr'><strong>compassionis</strong></span> <span class='ocrx_word' id='word_1_160' title='bbox 2213 1564 2450 1628; x_wconf 84' lang='lat' dir='ltr'><strong>praecipue</strong></span> 
     </span>
     <span class='ocr_line' id='line_1_16' title="bbox 321 1642 2449 1711; baseline 0.001 -22"><span class='ocrx_word' id='word_1_161' title='bbox 321 1642 565 1704; x_wconf 90' lang='lat' dir='ltr'><strong>ducimus,</strong></span> <span class='ocrx_word' id='word_1_162' title='bbox 594 1655 646 1692; x_wconf 94' lang='lat' dir='ltr'><strong>ut</strong></span> <span class='ocrx_word' id='word_1_163' title='bbox 669 1656 778 1711; x_wconf 93' lang='lat' dir='ltr'><strong>post</strong></span> <span class='ocrx_word' id='word_1_164' title='bbox 802 1646 968 1693; x_wconf 88' lang='lat' dir='ltr'><strong>fletum</strong></span> <span class='ocrx_word' id='word_1_165' title='bbox 993 1646 1168 1710; x_wconf 88' lang='lat' dir='ltr'><strong>gratior</strong></span> <span class='ocrx_word' id='word_1_166' title='bbox 1186 1645 1418 1692; x_wconf 87' lang='lat' dir='ltr'><strong>habeatur</strong></span> <span class='ocrx_word' id='word_1_167' title='bbox 1441 1646 1562 1693; x_wconf 92' lang='lat' dir='ltr'><strong>risus</strong></span> <span class='ocrx_word' id='word_1_168' title='bbox 1579 1681 1591 1704; x_wconf 90' lang='lat'><strong>,</strong></span> <span class='ocrx_word' id='word_1_169' title='bbox 1618 1661 1708 1692; x_wconf 88' lang='lat' dir='ltr'><strong>nec</strong></span> <span class='ocrx_word' id='word_1_170' title='bbox 1725 1645 1824 1707; x_wconf 87' lang='lat' dir='ltr'><strong>jam</strong></span> <span class='ocrx_word' id='word_1_171' title='bbox 1855 1644 2107 1691; x_wconf 89' lang='lat' dir='ltr'><strong>dominicae</strong></span> <span class='ocrx_word' id='word_1_172' title='bbox 2124 1661 2353 1710; x_wconf 85' lang='lat' dir='ltr'><strong>pressurae</strong></span> <span class='ocrx_word' id='word_1_173' title='bbox 2377 1662 2449 1691; x_wconf 90' lang='lat' dir='ltr'><strong>re-</strong></span> 
     </span>
     <span class='ocr_line' id='line_1_17' title="bbox 321 1724 2451 1790; baseline 0 -21"><span class='ocrx_word' id='word_1_174' title='bbox 321 1725 593 1784; x_wconf 90' lang='lat' dir='ltr'><strong>cordemur,</strong></span> <span class='ocrx_word' id='word_1_175' title='bbox 639 1727 996 1773; x_wconf 88' lang='lat' dir='ltr'><strong>resurrectionis</strong></span> <span class='ocrx_word' id='word_1_176' title='bbox 1032 1726 1180 1790; x_wconf 88' lang='lat' dir='ltr'><strong>gloria</strong></span> <span class='ocrx_word' id='word_1_177' title='bbox 1215 1725 1610 1790; x_wconf 78' lang='lat' dir='ltr'><strong>superveniente?</strong></span> <span class='ocrx_word' id='word_1_178' title='bbox 1654 1724 1792 1772; x_wconf 89' lang='lat' dir='ltr'><strong>Unde</strong></span> <span class='ocrx_word' id='word_1_179' title='bbox 1827 1735 1874 1772; x_wconf 92' lang='lat' dir='ltr'><strong>et</strong></span> <span class='ocrx_word' id='word_1_180' title='bbox 1913 1724 2166 1790; x_wconf 88' lang='lat' dir='ltr'><strong>Apostolus</strong></span> <span class='ocrx_word' id='word_1_181' title='bbox 2188 1727 2201 1749; x_wconf 80' lang='lat'>²</span> <span class='ocrx_word' id='word_1_182' title='bbox 2240 1743 2249 1770; x_wconf 93' lang='lat'>:</span> <span class='ocrx_word' id='word_1_183' title='bbox 2299 1744 2321 1768; x_wconf 86' lang='lat'><strong><em>«</em></strong></span> <span class='ocrx_word' id='word_1_184' title='bbox 2356 1725 2451 1771; x_wconf 91' lang='lat' dir='ltr'><strong>Etsi</strong></span> 
     </span>
     <span class='ocr_line' id='line_1_18' title="bbox 321 1802 2451 1869; baseline 0.001 -20"><span class='ocrx_word' id='word_1_185' title='bbox 321 1802 560 1851; x_wconf 89' lang='lat' dir='ltr'><strong>Christum</strong></span> <span class='ocrx_word' id='word_1_186' title='bbox 586 1806 861 1868; x_wconf 88' lang='lat' dir='ltr'><strong>noverimus</strong></span> <span class='ocrx_word' id='word_1_187' title='bbox 890 1805 1156 1853; x_wconf 87' lang='lat' dir='ltr'><strong>secundum</strong></span> <span class='ocrx_word' id='word_1_188' title='bbox 1189 1822 1406 1864; x_wconf 91' lang='lat' dir='ltr'><strong>carnem,</strong></span> <span class='ocrx_word' id='word_1_189' title='bbox 1437 1805 1520 1852; x_wconf 93' lang='lat' dir='ltr'><strong>sed</strong></span> <span class='ocrx_word' id='word_1_190' title='bbox 1544 1805 1643 1868; x_wconf 90' lang='lat' dir='ltr'><strong>jam</strong></span> <span class='ocrx_word' id='word_1_191' title='bbox 1678 1821 1777 1851; x_wconf 91' lang='lat' dir='ltr'><strong>non</strong></span> <span class='ocrx_word' id='word_1_192' title='bbox 1810 1804 2092 1851; x_wconf 90' lang='lat' dir='ltr'><strong>novimus.»</strong></span> <span class='ocrx_word' id='word_1_193' title='bbox 2124 1807 2188 1850; x_wconf 90' lang='lat' dir='ltr'><strong>Ac</strong></span> <span class='ocrx_word' id='word_1_194' title='bbox 2219 1805 2258 1850; x_wconf 94' lang='lat' dir='ltr'><strong>si</strong></span> <span class='ocrx_word' id='word_1_195' title='bbox 2291 1814 2451 1869; x_wconf 84' lang='lat' dir='ltr'><strong>aperte</strong></span> 
     </span>
     <span class='ocr_line' id='line_1_19' title="bbox 320 1881 2448 1952; baseline 0 -22"><span class='ocrx_word' id='word_1_196' title='bbox 320 1881 474 1931; x_wconf 90' lang='lat' dir='ltr'><strong>dicat:</strong></span> <span class='ocrx_word' id='word_1_197' title='bbox 499 1887 557 1932; x_wconf 91' lang='lat' dir='ltr'><strong>Et</strong></span> <span class='ocrx_word' id='word_1_198' title='bbox 579 1886 615 1932; x_wconf 91' lang='lat' dir='ltr'><strong>si</strong></span> <span class='ocrx_word' id='word_1_199' title='bbox 642 1884 758 1932; x_wconf 88' lang='lat' dir='ltr'><strong>olim</strong></span> <span class='ocrx_word' id='word_1_200' title='bbox 784 1903 960 1952; x_wconf 89' lang='lat' dir='ltr'><strong>corpus</strong></span> <span class='ocrx_word' id='word_1_201' title='bbox 990 1887 1161 1934; x_wconf 85' lang='lat' dir='ltr'><strong>Christi</strong></span> <span class='ocrx_word' id='word_1_202' title='bbox 1188 1886 1398 1945; x_wconf 89' lang='lat' dir='ltr'><strong>carnale,</strong></span> <span class='ocrx_word' id='word_1_203' title='bbox 1421 1886 1516 1932; x_wconf 91' lang='lat' dir='ltr'><strong>hoc</strong></span> <span class='ocrx_word' id='word_1_204' title='bbox 1539 1896 1609 1932; x_wconf 85' lang='lat' dir='ltr'><strong>est</strong></span> <span class='ocrx_word' id='word_1_205' title='bbox 1635 1885 1878 1932; x_wconf 82' lang='lat' dir='ltr'><strong>infirmum</strong></span> <span class='ocrx_word' id='word_1_206' title='bbox 1900 1902 1954 1933; x_wconf 89' lang='lat' dir='ltr'><strong>ac</strong></span> <span class='ocrx_word' id='word_1_207' title='bbox 1978 1885 2194 1951; x_wconf 87' lang='lat' dir='ltr'><strong>passibile</strong></span> <span class='ocrx_word' id='word_1_208' title='bbox 2212 1903 2292 1932; x_wconf 91' lang='lat' dir='ltr'><strong>seu</strong></span> <span class='ocrx_word' id='word_1_209' title='bbox 2321 1903 2448 1933; x_wconf 89' lang='lat' dir='ltr'><strong>mor-</strong></span> 
     </span>
     <span class='ocr_line' id='line_1_20' title="bbox 320 1963 2450 2032; baseline 0.001 -22"><span class='ocrx_word' id='word_1_210' title='bbox 320 1963 412 2011; x_wconf 86' lang='lat' dir='ltr'><strong>tale</strong></span> <span class='ocrx_word' id='word_1_211' title='bbox 433 1965 572 2012; x_wconf 86' lang='lat' dir='ltr'><strong>fuisse</strong></span> <span class='ocrx_word' id='word_1_212' title='bbox 596 1982 697 2013; x_wconf 91' lang='lat' dir='ltr'><strong>non</strong></span> <span class='ocrx_word' id='word_1_213' title='bbox 717 1966 990 2015; x_wconf 90' lang='lat' dir='ltr'><strong>dubitemus</strong></span> <span class='ocrx_word' id='word_1_214' title='bbox 1005 2003 1017 2027; x_wconf 93' lang='lat'><strong>,</strong></span> <span class='ocrx_word' id='word_1_215' title='bbox 1041 1968 1140 2030; x_wconf 88' lang='lat' dir='ltr'><strong>jam</strong></span> <span class='ocrx_word' id='word_1_216' title='bbox 1169 1968 1323 2032; x_wconf 90' lang='lat' dir='ltr'><strong>ipsum</strong></span> <span class='ocrx_word' id='word_1_217' title='bbox 1350 1968 1486 2031; x_wconf 89' lang='lat' dir='ltr'><strong>quasi</strong></span> <span class='ocrx_word' id='word_1_218' title='bbox 1509 1966 1750 2032; x_wconf 90' lang='lat' dir='ltr'><strong>spirituale</strong></span> <span class='ocrx_word' id='word_1_219' title='bbox 1774 1967 1951 2013; x_wconf 87' lang='lat' dir='ltr'><strong>factum</strong></span> <span class='ocrx_word' id='word_1_220' title='bbox 1973 1967 2215 2026; x_wconf 82' lang='lat' dir='ltr'><strong>novimus3</strong></span> <span class='ocrx_word' id='word_1_221' title='bbox 2243 1983 2332 2013; x_wconf 93' lang='lat' dir='ltr'><strong>nec</strong></span> <span class='ocrx_word' id='word_1_222' title='bbox 2352 1967 2450 2029; x_wconf 90' lang='lat' dir='ltr'><strong>jam</strong></span> 
     </span>
     <span class='ocr_line' id='line_1_21' title="bbox 322 2045 2449 2112; baseline 0.001 -22"><span class='ocrx_word' id='word_1_223' title='bbox 322 2053 418 2090; x_wconf 88' lang='lat' dir='ltr'><strong>tam</strong></span> <span class='ocrx_word' id='word_1_224' title='bbox 448 2045 771 2094; x_wconf 83' lang='lat' dir='ltr'><strong>infirmitatem</strong></span> <span class='ocrx_word' id='word_1_225' title='bbox 810 2047 937 2094; x_wconf 88' lang='lat' dir='ltr'><strong>illam</strong></span> <span class='ocrx_word' id='word_1_226' title='bbox 973 2065 1078 2112; x_wconf 85' lang='lat' dir='ltr'><strong>quae</strong></span> <span class='ocrx_word' id='word_1_227' title='bbox 1113 2049 1375 2112; x_wconf 86' lang='lat' dir='ltr'><strong>praecessit,</strong></span> <span class='ocrx_word' id='word_1_228' title='bbox 1412 2064 1557 2112; x_wconf 90' lang='lat' dir='ltr'><strong>quam</strong></span> <span class='ocrx_word' id='word_1_229' title='bbox 1594 2047 1742 2111; x_wconf 88' lang='lat' dir='ltr'><strong>gloria</strong></span> <span class='ocrx_word' id='word_1_230' title='bbox 1776 2047 2160 2105; x_wconf 90' lang='lat' dir='ltr'><strong>resurrectionis,</strong></span> <span class='ocrx_word' id='word_1_231' title='bbox 2200 2064 2305 2110; x_wconf 74' lang='lat' dir='ltr'><strong>quae</strong></span> <span class='ocrx_word' id='word_1_232' title='bbox 2341 2047 2449 2094; x_wconf 90' lang='lat' dir='ltr'><strong>sub—</strong></span> 
     </span>
     <span class='ocr_line' id='line_1_22' title="bbox 320 2126 2446 2191; baseline 0.001 -21"><span class='ocrx_word' id='word_1_233' title='bbox 320 2134 479 2171; x_wconf 87' lang='lat' dir='ltr'><strong>secuta</strong></span> <span class='ocrx_word' id='word_1_234' title='bbox 503 2136 595 2185; x_wconf 91' lang='lat' dir='ltr'><strong>est,</strong></span> <span class='ocrx_word' id='word_1_235' title='bbox 623 2126 928 2173; x_wconf 83' lang='lat' dir='ltr'><strong>attendimus.</strong></span> <span class='ocrx_word' id='word_1_236' title='bbox 957 2130 1074 2183; x_wconf 83' lang='lat' dir='ltr'><strong>Quae</strong></span> <span class='ocrx_word' id='word_1_237' title='bbox 1101 2127 1294 2191; x_wconf 89' lang='lat' dir='ltr'><strong>quidem</strong></span> <span class='ocrx_word' id='word_1_238' title='bbox 1328 2127 1477 2191; x_wconf 89' lang='lat' dir='ltr'><strong>gloria</strong></span> <span class='ocrx_word' id='word_1_239' title='bbox 1506 2127 1545 2173; x_wconf 92' lang='lat' dir='ltr'><strong>si</strong></span> <span class='ocrx_word' id='word_1_240' title='bbox 1571 2128 1618 2173; x_wconf 90' lang='lat' dir='ltr'><strong>in</strong></span> <span class='ocrx_word' id='word_1_241' title='bbox 1651 2127 1763 2191; x_wconf 89' lang='lat' dir='ltr'><strong>ipsis</strong></span> <span class='ocrx_word' id='word_1_242' title='bbox 1786 2143 1982 2190; x_wconf 86' lang='lat' dir='ltr'><strong>quoque</strong></span> <span class='ocrx_word' id='word_1_243' title='bbox 2004 2126 2229 2174; x_wconf 91' lang='lat' dir='ltr'><strong>membris</strong></span> <span class='ocrx_word' id='word_1_244' title='bbox 2251 2126 2446 2186; x_wconf 88' lang='lat' dir='ltr'><strong>Christi,</strong></span> 
     </span>
     <span class='ocr_line' id='line_1_23' title="bbox 318 2204 2450 2272; baseline 0.003 -23"><span class='ocrx_word' id='word_1_245' title='bbox 318 2204 438 2252; x_wconf 90' lang='lat' dir='ltr'><strong>sicut</strong></span> <span class='ocrx_word' id='word_1_246' title='bbox 460 2205 509 2251; x_wconf 88' lang='lat' dir='ltr'><strong>in</strong></span> <span class='ocrx_word' id='word_1_247' title='bbox 537 2206 642 2271; x_wconf 92' lang='lat' dir='ltr'><strong>ipso</strong></span> <span class='ocrx_word' id='word_1_248' title='bbox 665 2207 819 2271; x_wconf 90' lang='lat' dir='ltr'><strong>capite</strong></span> <span class='ocrx_word' id='word_1_249' title='bbox 836 2206 937 2270; x_wconf 76' lang='lat' dir='ltr'><strong>Jam</strong></span> <span class='ocrx_word' id='word_1_250' title='bbox 960 2218 1081 2254; x_wconf 90' lang='lat' dir='ltr'><strong>esset</strong></span> <span class='ocrx_word' id='word_1_251' title='bbox 1103 2208 1364 2272; x_wconf 90' lang='lat' dir='ltr'><strong>completa,</strong></span> <span class='ocrx_word' id='word_1_252' title='bbox 1395 2224 1701 2272; x_wconf 88' lang='lat' dir='ltr'><strong>nequaquam</strong></span> <span class='ocrx_word' id='word_1_253' title='bbox 1725 2224 1894 2254; x_wconf 90' lang='lat' dir='ltr'><strong>eorum</strong></span> <span class='ocrx_word' id='word_1_254' title='bbox 1918 2208 2163 2272; x_wconf 91' lang='lat' dir='ltr'><strong>passiones</strong></span> <span class='ocrx_word' id='word_1_255' title='bbox 2181 2207 2254 2254; x_wconf 87' lang='lat' dir='ltr'><strong>vel</strong></span> <span class='ocrx_word' id='word_1_256' title='bbox 2274 2208 2450 2255; x_wconf 90' lang='lat' dir='ltr'><strong>dormi-</strong></span> 
     </span>
     <span class='ocr_line' id='line_1_24' title="bbox 320 2280 2447 2352; baseline 0.003 -24"><span class='ocrx_word' id='word_1_257' title='bbox 320 2282 472 2331; x_wconf 89' lang='lat' dir='ltr'><strong>tiones</strong></span> <span class='ocrx_word' id='word_1_258' title='bbox 488 2283 752 2334; x_wconf 90' lang='lat' dir='ltr'><strong>solemnem</strong></span> <span class='ocrx_word' id='word_1_259' title='bbox 764 2285 996 2333; x_wconf 85' lang='lat' dir='ltr'><strong>haberent</strong></span> <span class='ocrx_word' id='word_1_260' title='bbox 1009 2285 1396 2333; x_wconf 85' lang='lat' dir='ltr'><strong>celebrationem.</strong></span> <span class='ocrx_word' id='word_1_261' title='bbox 1420 2307 1443 2331; x_wconf 91' lang='lat'>«</span> <span class='ocrx_word' id='word_1_262' title='bbox 1458 2290 1620 2344; x_wconf 92' lang='lat' dir='ltr'><strong>Quum</strong></span> <span class='ocrx_word' id='word_1_263' title='bbox 1634 2280 1780 2346; x_wconf 86' lang='lat' dir='ltr'><strong>enim,</strong></span> <span class='ocrx_word' id='word_1_264' title='bbox 1798 2306 1821 2331; x_wconf 89' lang='lat'>»</span> <span class='ocrx_word' id='word_1_265' title='bbox 1843 2288 1997 2352; x_wconf 89' lang='lat' dir='ltr'><strong>inquit</strong></span> <span class='ocrx_word' id='word_1_266' title='bbox 2011 2287 2299 2352; x_wconf 81' lang='lat' dir='ltr'><strong>Apostolus³,</strong></span> <span class='ocrx_word' id='word_1_267' title='bbox 2326 2308 2348 2332; x_wconf 89' lang='lat'>«</span> <span class='ocrx_word' id='word_1_268' title='bbox 2368 2306 2447 2335; x_wconf 90' lang='lat' dir='ltr'><strong>ve-</strong></span> 
     </span>
     <span class='ocr_line' id='line_1_25' title="bbox 320 2365 2449 2433; baseline 0.003 -24"><span class='ocrx_word' id='word_1_269' title='bbox 320 2366 442 2414; x_wconf 88' lang='lat' dir='ltr'><strong>nerit</strong></span> <span class='ocrx_word' id='word_1_270' title='bbox 459 2365 592 2430; x_wconf 92' lang='lat' dir='ltr'><strong>quod</strong></span> <span class='ocrx_word' id='word_1_271' title='bbox 608 2366 871 2431; x_wconf 88' lang='lat' dir='ltr'><strong>perfectum</strong></span> <span class='ocrx_word' id='word_1_272' title='bbox 888 2377 982 2427; x_wconf 89' lang='lat' dir='ltr'><strong>est,</strong></span> <span class='ocrx_word' id='word_1_273' title='bbox 1009 2367 1315 2415; x_wconf 87' lang='lat' dir='ltr'><strong>evacuabitur</strong></span> <span class='ocrx_word' id='word_1_274' title='bbox 1332 2368 1466 2432; x_wconf 88' lang='lat' dir='ltr'><strong>quod</strong></span> <span class='ocrx_word' id='word_1_275' title='bbox 1489 2385 1544 2415; x_wconf 85' lang='lat' dir='ltr'><strong>ex</strong></span> <span class='ocrx_word' id='word_1_276' title='bbox 1570 2378 1703 2433; x_wconf 86' lang='lat' dir='ltr'><strong>parte</strong></span> <span class='ocrx_word' id='word_1_277' title='bbox 1726 2378 1811 2415; x_wconf 91' lang='lat' dir='ltr'><strong>est.</strong></span> <span class='ocrx_word' id='word_1_278' title='bbox 1833 2388 1857 2413; x_wconf 90' lang='lat'>»</span> <span class='ocrx_word' id='word_1_279' title='bbox 1889 2369 2097 2416; x_wconf 87' lang='lat' dir='ltr'><strong>Perfecta</strong></span> <span class='ocrx_word' id='word_1_280' title='bbox 2125 2380 2281 2417; x_wconf 89' lang='lat' dir='ltr'><strong>autem</strong></span> <span class='ocrx_word' id='word_1_281' title='bbox 2308 2370 2449 2433; x_wconf 83' lang='lat' dir='ltr'><strong>glori-</strong></span> 
     </span>
     <span class='ocr_line' id='line_1_26' title="bbox 320 2446 2449 2515; baseline 0.003 -23"><span class='ocrx_word' id='word_1_282' title='bbox 320 2446 476 2494; x_wconf 79' lang='lat' dir='ltr'><strong>ficatio</strong></span> <span class='ocrx_word' id='word_1_283' title='bbox 503 2458 777 2495; x_wconf 88' lang='lat' dir='ltr'><strong>sanctorum</strong></span> <span class='ocrx_word' id='word_1_284' title='bbox 814 2449 862 2494; x_wconf 89' lang='lat' dir='ltr'><strong>in</strong></span> <span class='ocrx_word' id='word_1_285' title='bbox 897 2449 1244 2495; x_wconf 87' lang='lat' dir='ltr'><strong>resurrectione</strong></span> <span class='ocrx_word' id='word_1_286' title='bbox 1275 2458 1345 2495; x_wconf 90' lang='lat' dir='ltr'><strong>est</strong></span> <span class='ocrx_word' id='word_1_287' title='bbox 1375 2449 1553 2508; x_wconf 91' lang='lat' dir='ltr'><strong>futura,</strong></span> <span class='ocrx_word' id='word_1_288' title='bbox 1588 2449 1669 2495; x_wconf 90' lang='lat' dir='ltr'><strong>ubi</strong></span> <span class='ocrx_word' id='word_1_289' title='bbox 1705 2460 1818 2497; x_wconf 91' lang='lat' dir='ltr'><strong>tunc</strong></span> <span class='ocrx_word' id='word_1_290' title='bbox 1852 2450 2046 2514; x_wconf 89' lang='lat' dir='ltr'><strong>singulis</strong></span> <span class='ocrx_word' id='word_1_291' title='bbox 2080 2461 2219 2497; x_wconf 90' lang='lat' dir='ltr'><strong>erunt</strong></span> <span class='ocrx_word' id='word_1_292' title='bbox 2254 2453 2449 2515; x_wconf 78' lang='lat' dir='ltr'><strong>gemina·</strong></span> 
     </span>
     <span class='ocr_line' id='line_1_27' title="bbox 319 2527 2449 2595; baseline 0.002 -21"><span class='ocrx_word' id='word_1_293' title='bbox 319 2527 471 2587; x_wconf 92' lang='lat' dir='ltr'><strong>stolae,</strong></span> <span class='ocrx_word' id='word_1_294' title='bbox 501 2527 673 2592; x_wconf 92' lang='lat' dir='ltr'><strong>quibus</strong></span> <span class='ocrx_word' id='word_1_295' title='bbox 694 2527 794 2591; x_wconf 91' lang='lat' dir='ltr'><strong>jam</strong></span> <span class='ocrx_word' id='word_1_296' title='bbox 823 2527 943 2575; x_wconf 84' lang='lat' dir='ltr'><strong>datae</strong></span> <span class='ocrx_word' id='word_1_297' title='bbox 968 2538 1078 2575; x_wconf 91' lang='lat' dir='ltr'><strong>sunt</strong></span> <span class='ocrx_word' id='word_1_298' title='bbox 1108 2529 1318 2592; x_wconf 85' lang='lat' dir='ltr'><strong>singulae.</strong></span> <span class='ocrx_word' id='word_1_299' title='bbox 1355 2529 1487 2576; x_wconf 88' lang='lat' dir='ltr'><strong>Adeo</strong></span> <span class='ocrx_word' id='word_1_300' title='bbox 1521 2539 1680 2576; x_wconf 90' lang='lat' dir='ltr'><strong>autem</strong></span> <span class='ocrx_word' id='word_1_301' title='bbox 1713 2540 1909 2595; x_wconf 90' lang='lat' dir='ltr'><strong>propter</strong></span> <span class='ocrx_word' id='word_1_302' title='bbox 1937 2530 2262 2578; x_wconf 86' lang='lat' dir='ltr'><strong>excellentiam</strong></span> <span class='ocrx_word' id='word_1_303' title='bbox 2299 2550 2449 2579; x_wconf 87' lang='lat' dir='ltr'><strong>resur-</strong></span> 
     </span>
     <span class='ocr_line' id='line_1_28' title="bbox 320 2607 2448 2675; baseline 0.002 -21"><span class='ocrx_word' id='word_1_304' title='bbox 320 2609 542 2655; x_wconf 90' lang='lat' dir='ltr'><strong>rectionis</strong></span> <span class='ocrx_word' id='word_1_305' title='bbox 565 2608 793 2673; x_wconf 89' lang='lat' dir='ltr'><strong>proximae</strong></span> <span class='ocrx_word' id='word_1_306' title='bbox 815 2608 916 2655; x_wconf 92' lang='lat' dir='ltr'><strong>dies</strong></span> <span class='ocrx_word' id='word_1_307' title='bbox 944 2607 1263 2655; x_wconf 83' lang='lat' dir='ltr'><strong>crucifixionis</strong></span> <span class='ocrx_word' id='word_1_308' title='bbox 1294 2609 1644 2656; x_wconf 87' lang='lat' dir='ltr'><strong>solemnitatem</strong></span> <span class='ocrx_word' id='word_1_309' title='bbox 1669 2626 1768 2656; x_wconf 93' lang='lat' dir='ltr'><strong>non</strong></span> <span class='ocrx_word' id='word_1_310' title='bbox 1795 2610 1964 2671; x_wconf 90' lang='lat' dir='ltr'><strong>habet,</strong></span> <span class='ocrx_word' id='word_1_311' title='bbox 1992 2611 2124 2675; x_wconf 90' lang='lat' dir='ltr'><strong>quod</strong></span> <span class='ocrx_word' id='word_1_312' title='bbox 2152 2611 2234 2658; x_wconf 92' lang='lat' dir='ltr'><strong>ubi</strong></span> <span class='ocrx_word' id='word_1_313' title='bbox 2259 2614 2448 2660; x_wconf 77' lang='lat' dir='ltr'><strong>Pascha·</strong></span> 
     </span>
     <span class='ocr_line' id='line_1_29' title="bbox 318 2681 2447 2758; baseline 0.003 -23"><span class='ocrx_word' id='word_1_314' title='bbox 318 2688 592 2736; x_wconf 91' lang='lat' dir='ltr'><strong>solemnitas</strong></span> <span class='ocrx_word' id='word_1_315' title='bbox 623 2681 862 2748; x_wconf 77' lang='lat' dir='ltr'><strong>imminet,</strong></span> <span class='ocrx_word' id='word_1_316' title='bbox 890 2689 1050 2737; x_wconf 89' lang='lat' dir='ltr'><strong>festiva</strong></span> <span class='ocrx_word' id='word_1_317' title='bbox 1070 2689 1366 2752; x_wconf 89' lang='lat' dir='ltr'><strong>jocunditate</strong></span> <span class='ocrx_word' id='word_1_318' title='bbox 1394 2691 1556 2738; x_wconf 91' lang='lat' dir='ltr'><strong>Crucis</strong></span> <span class='ocrx_word' id='word_1_319' title='bbox 1580 2692 1935 2739; x_wconf 90' lang='lat' dir='ltr'><strong>venerationem</strong></span> <span class='ocrx_word' id='word_1_320' title='bbox 1961 2691 2255 2740; x_wconf 89' lang='lat' dir='ltr'><strong>celebramus</strong></span> <span class='ocrx_word' id='word_1_321' title='bbox 2271 2730 2283 2754; x_wconf 91' lang='lat'><strong>,</strong></span> <span class='ocrx_word' id='word_1_322' title='bbox 2316 2695 2447 2758; x_wconf 89' lang='lat' dir='ltr'><strong>quod</strong></span> 
     </span>
     <span class='ocr_line' id='line_1_30' title="bbox 321 2768 2446 2838; baseline 0.002 -22"><span class='ocrx_word' id='word_1_323' title='bbox 321 2778 476 2816; x_wconf 90' lang='lat' dir='ltr'><strong>totum</strong></span> <span class='ocrx_word' id='word_1_324' title='bbox 501 2768 562 2815; x_wconf 89' lang='lat' dir='ltr'><strong>ad</strong></span> <span class='ocrx_word' id='word_1_325' title='bbox 587 2768 838 2816; x_wconf 85' lang='lat' dir='ltr'><strong>dominicae</strong></span> <span class='ocrx_word' id='word_1_326' title='bbox 859 2770 1092 2834; x_wconf 90' lang='lat' dir='ltr'><strong>passionis</strong></span> <span class='ocrx_word' id='word_1_327' title='bbox 1111 2770 1350 2817; x_wconf 89' lang='lat' dir='ltr'><strong>honorem</strong></span> <span class='ocrx_word' id='word_1_328' title='bbox 1368 2771 1605 2835; x_wconf 91' lang='lat' dir='ltr'><strong>pertinere</strong></span> <span class='ocrx_word' id='word_1_329' title='bbox 1624 2770 1825 2817; x_wconf 88' lang='lat' dir='ltr'><strong>dubium</strong></span> <span class='ocrx_word' id='word_1_330' title='bbox 1844 2787 1943 2827; x_wconf 85' lang='lat' dir='ltr'><strong>non</strong></span> <span class='ocrx_word' id='word_1_331' title='bbox 1964 2781 2034 2819; x_wconf 90' lang='lat' dir='ltr'><strong>est</strong></span> <span class='ocrx_word' id='word_1_332' title='bbox 2053 2808 2064 2830; x_wconf 96' lang='lat'><strong>,</strong></span> <span class='ocrx_word' id='word_1_333' title='bbox 2090 2783 2286 2838; x_wconf 91' lang='lat' dir='ltr'><strong>propter</strong></span> <span class='ocrx_word' id='word_1_334' title='bbox 2302 2790 2446 2837; x_wconf 86' lang='lat' dir='ltr'><strong>quam</strong></span> 
     </span>
     <span class='ocr_line' id='line_1_31' title="bbox 319 2847 2446 2915; baseline 0.002 -19"><span class='ocrx_word' id='word_1_335' title='bbox 319 2847 629 2896; x_wconf 90' lang='lat' dir='ltr'><strong>solummodo</strong></span> <span class='ocrx_word' id='word_1_336' title='bbox 662 2848 763 2895; x_wconf 88' lang='lat' dir='ltr'><strong>haec</strong></span> <span class='ocrx_word' id='word_1_337' title='bbox 801 2858 901 2896; x_wconf 89' lang='lat' dir='ltr'><strong>tota</strong></span> <span class='ocrx_word' id='word_1_338' title='bbox 936 2851 1196 2898; x_wconf 89' lang='lat' dir='ltr'><strong>reverentia</strong></span> <span class='ocrx_word' id='word_1_339' title='bbox 1233 2850 1371 2897; x_wconf 90' lang='lat' dir='ltr'><strong>Cruci</strong></span> <span class='ocrx_word' id='word_1_340' title='bbox 1407 2850 1669 2898; x_wconf 87' lang='lat' dir='ltr'><strong>exhibetur.</strong></span> <span class='ocrx_word' id='word_1_341' title='bbox 1712 2851 1851 2898; x_wconf 92' lang='lat' dir='ltr'><strong>Unde</strong></span> <span class='ocrx_word' id='word_1_342' title='bbox 1890 2862 1936 2898; x_wconf 92' lang='lat' dir='ltr'><strong>et</strong></span> <span class='ocrx_word' id='word_1_343' title='bbox 1970 2851 2136 2915; x_wconf 85' lang='lat' dir='ltr'><strong>hymni</strong></span> <span class='ocrx_word' id='word_1_344' title='bbox 2174 2853 2247 2900; x_wconf 91' lang='lat' dir='ltr'><strong>vel</strong></span> <span class='ocrx_word' id='word_1_345' title='bbox 2281 2864 2446 2901; x_wconf 87' lang='lat' dir='ltr'><strong>caetera</strong></span> 
     </span>
     <span class='ocr_line' id='line_1_32' title="bbox 318 2928 1466 2993; baseline 0.002 -17"><span class='ocrx_word' id='word_1_346' title='bbox 318 2946 422 2993; x_wconf 87' lang='lat' dir='ltr'><strong>quae</strong></span> <span class='ocrx_word' id='word_1_347' title='bbox 445 2928 506 2975; x_wconf 91' lang='lat' dir='ltr'><strong>de</strong></span> <span class='ocrx_word' id='word_1_348' title='bbox 531 2929 751 2992; x_wconf 90' lang='lat' dir='ltr'><strong>passione</strong></span> <span class='ocrx_word' id='word_1_349' title='bbox 776 2939 911 2989; x_wconf 92' lang='lat' dir='ltr'><strong>sunt,</strong></span> <span class='ocrx_word' id='word_1_350' title='bbox 937 2929 1115 2977; x_wconf 92' lang='lat' dir='ltr'><strong>ibidem</strong></span> <span class='ocrx_word' id='word_1_351' title='bbox 1136 2930 1466 2979; x_wconf 88' lang='lat' dir='ltr'><strong>decantantur.</strong></span> 
     </span>
    </p>

    <p class='ocr_par' dir='ltr' id='par_1_3' title="bbox 319 3009 2444 3320">
     <span class='ocr_line' id='line_1_33' title="bbox 386 3009 2443 3078; baseline 0.002 -20"><span class='ocrx_word' id='word_1_352' title='bbox 386 3009 507 3058; x_wconf 88' lang='lat' dir='ltr'><strong>Illud</strong></span> <span class='ocrx_word' id='word_1_353' title='bbox 524 3026 717 3074; x_wconf 90' lang='lat' dir='ltr'><strong>quoque</strong></span> <span class='ocrx_word' id='word_1_354' title='bbox 748 3027 848 3057; x_wconf 91' lang='lat' dir='ltr'><strong>non</strong></span> <span class='ocrx_word' id='word_1_355' title='bbox 873 3013 1329 3077; x_wconf 85' lang='lat' dir='ltr'><strong>praetermittendum</strong></span> <span class='ocrx_word' id='word_1_356' title='bbox 1349 3014 1552 3074; x_wconf 84' lang='lat' dir='ltr'><strong>aestimo,</strong></span> <span class='ocrx_word' id='word_1_357' title='bbox 1582 3014 1812 3078; x_wconf 89' lang='lat' dir='ltr'><strong>primitias</strong></span> <span class='ocrx_word' id='word_1_358' title='bbox 1840 3013 2181 3062; x_wconf 89' lang='lat' dir='ltr'><strong>dormientium</strong></span> <span class='ocrx_word' id='word_1_359' title='bbox 2207 3015 2443 3062; x_wconf 88' lang='lat' dir='ltr'><strong>Christum</strong></span> 
     </span>
     <span class='ocr_line' id='line_1_34' title="bbox 319 3091 2444 3161; baseline 0.002 -22"><span class='ocrx_word' id='word_1_360' title='bbox 319 3092 379 3139; x_wconf 91' lang='lat' dir='ltr'><strong>ab</strong></span> <span class='ocrx_word' id='word_1_361' title='bbox 413 3091 640 3157; x_wconf 89' lang='lat' dir='ltr'><strong>Apostolo</strong></span> <span class='ocrx_word' id='word_1_362' title='bbox 686 3091 867 3138; x_wconf 89' lang='lat' dir='ltr'><strong>dictum</strong></span> <span class='ocrx_word' id='word_1_363' title='bbox 899 3096 1053 3153; x_wconf 55' lang='lat' dir='ltr'><strong>esse‘,</strong></span> <span class='ocrx_word' id='word_1_364' title='bbox 1091 3094 1223 3158; x_wconf 92' lang='lat' dir='ltr'><strong>quod</strong></span> <span class='ocrx_word' id='word_1_365' title='bbox 1254 3095 1437 3159; x_wconf 90' lang='lat' dir='ltr'><strong>primus</strong></span> <span class='ocrx_word' id='word_1_366' title='bbox 1474 3096 1521 3142; x_wconf 90' lang='lat' dir='ltr'><strong>in</strong></span> <span class='ocrx_word' id='word_1_367' title='bbox 1555 3094 1680 3142; x_wconf 91' lang='lat' dir='ltr'><strong>hanc</strong></span> <span class='ocrx_word' id='word_1_368' title='bbox 1710 3095 2075 3143; x_wconf 87' lang='lat' dir='ltr'><strong>immortalitatis</strong></span> <span class='ocrx_word' id='word_1_369' title='bbox 2106 3096 2305 3161; x_wconf 86' lang='lat' dir='ltr'><strong>gloriam</strong></span> <span class='ocrx_word' id='word_1_370' title='bbox 2341 3115 2444 3144; x_wconf 88' lang='lat' dir='ltr'><strong>sur-</strong></span> 
     </span>
     <span class='ocr_line' id='line_1_35' title="bbox 319 3173 2440 3242; baseline 0.004 -24"><span class='ocrx_word' id='word_1_371' title='bbox 319 3173 507 3219; x_wconf 87' lang='lat' dir='ltr'><strong>rexerit.</strong></span> <span class='ocrx_word' id='word_1_372' title='bbox 543 3174 661 3219; x_wconf 90' lang='lat' dir='ltr'><strong>Nam</strong></span> <span class='ocrx_word' id='word_1_373' title='bbox 684 3173 770 3220; x_wconf 90' lang='lat' dir='ltr'><strong>etsi</strong></span> <span class='ocrx_word' id='word_1_374' title='bbox 795 3173 955 3238; x_wconf 90' lang='lat' dir='ltr'><strong>plures</strong></span> <span class='ocrx_word' id='word_1_375' title='bbox 989 3185 1098 3222; x_wconf 90' lang='lat' dir='ltr'><strong>ante</strong></span> <span class='ocrx_word' id='word_1_376' title='bbox 1125 3191 1253 3235; x_wconf 89' lang='lat' dir='ltr'><strong>eum,</strong></span> <span class='ocrx_word' id='word_1_377' title='bbox 1288 3175 1363 3223; x_wconf 88' lang='lat' dir='ltr'><strong>vel</strong></span> <span class='ocrx_word' id='word_1_378' title='bbox 1396 3176 1459 3223; x_wconf 91' lang='lat' dir='ltr'><strong>ab</strong></span> <span class='ocrx_word' id='word_1_379' title='bbox 1487 3177 1610 3241; x_wconf 90' lang='lat' dir='ltr'><strong>ipso,</strong></span> <span class='ocrx_word' id='word_1_380' title='bbox 1640 3176 1713 3223; x_wconf 89' lang='lat' dir='ltr'><strong>vel</strong></span> <span class='ocrx_word' id='word_1_381' title='bbox 1745 3193 1772 3223; x_wconf 91' lang='lat' dir='ltr'><strong>a</strong></span> <span class='ocrx_word' id='word_1_382' title='bbox 1796 3177 2043 3242; x_wconf 90' lang='lat' dir='ltr'><strong>prophetis</strong></span> <span class='ocrx_word' id='word_1_383' title='bbox 2074 3179 2281 3227; x_wconf 90' lang='lat' dir='ltr'><strong>suscitati</strong></span> <span class='ocrx_word' id='word_1_384' title='bbox 2307 3190 2440 3239; x_wconf 90' lang='lat' dir='ltr'><strong>sunt,</strong></span> 
     </span>
     <span class='ocr_line' id='line_1_36' title="bbox 320 3250 2444 3320; baseline 0.004 -23"><span class='ocrx_word' id='word_1_385' title='bbox 320 3250 491 3298; x_wconf 88' lang='lat' dir='ltr'><strong>iterum</strong></span> <span class='ocrx_word' id='word_1_386' title='bbox 513 3253 689 3299; x_wconf 89' lang='lat' dir='ltr'><strong>mortui</strong></span> <span class='ocrx_word' id='word_1_387' title='bbox 708 3269 809 3300; x_wconf 90' lang='lat' dir='ltr'><strong>esse</strong></span> <span class='ocrx_word' id='word_1_388' title='bbox 835 3269 935 3300; x_wconf 91' lang='lat' dir='ltr'><strong>non</strong></span> <span class='ocrx_word' id='word_1_389' title='bbox 962 3253 1255 3301; x_wconf 89' lang='lat' dir='ltr'><strong>dubitantur.</strong></span> <span class='ocrx_word' id='word_1_390' title='bbox 1282 3255 1351 3302; x_wconf 94' lang='lat' dir='ltr'><strong>llli</strong></span> <span class='ocrx_word' id='word_1_391' title='bbox 1371 3272 1589 3320; x_wconf 92' lang='lat' dir='ltr'><strong>quoque,</strong></span> <span class='ocrx_word' id='word_1_392' title='bbox 1612 3273 1734 3320; x_wconf 92' lang='lat' dir='ltr'><strong>quos</strong></span> <span class='ocrx_word' id='word_1_393' title='bbox 1754 3257 1801 3303; x_wconf 90' lang='lat' dir='ltr'><strong>in</strong></span> <span class='ocrx_word' id='word_1_394' title='bbox 1828 3258 2152 3305; x_wconf 90' lang='lat' dir='ltr'><strong>testimonium</strong></span> <span class='ocrx_word' id='word_1_395' title='bbox 2172 3275 2266 3305; x_wconf 88' lang='lat' dir='ltr'><strong>suae</strong></span> <span class='ocrx_word' id='word_1_396' title='bbox 2290 3276 2444 3306; x_wconf 88' lang='lat' dir='ltr'><strong>resur·</strong></span> 
     </span>
    </p>
   </div>
   <div class='ocr_carea' id='block_1_3' title="bbox 323 3444 2441 3535">
    <p class='ocr_par' dir='ltr' id='par_1_4' title="bbox 323 3444 2441 3535">
     <span class='ocr_line' id='line_1_37' title="bbox 369 3444 2441 3496; baseline 0.004 -18"><span class='ocrx_word' id='word_1_397' title='bbox 369 3444 378 3460; x_wconf 84' lang='lat'><strong><em>⁴</em></strong></span> <span class='ocrx_word' id='word_1_398' title='bbox 405 3445 517 3484; x_wconf 65' lang='lat' dir='ltr'><strong>Marc„</strong></span> <span class='ocrx_word' id='word_1_399' title='bbox 546 3456 618 3490; x_wconf 84' lang='lat' dir='ltr'><strong>cap.</strong></span> <span class='ocrx_word' id='word_1_400' title='bbox 640 3458 672 3489; x_wconf 88' lang='grc' dir='ltr'><strong>ι,</strong></span> <span class='ocrx_word' id='word_1_401' title='bbox 699 3458 730 3480; x_wconf 88' lang='lat' dir='ltr'><strong>v.</strong></span> <span class='ocrx_word' id='word_1_402' title='bbox 757 3450 807 3480; x_wconf 82' lang='grc'><strong>13.</strong></span> <span class='ocrx_word' id='word_1_403' title='bbox 825 3467 859 3472; x_wconf 83' lang='grc'><strong>-</strong></span> <span class='ocrx_word' id='word_1_404' title='bbox 875 3447 887 3464; x_wconf 81' lang='lat'><strong>¹</strong></span> <span class='ocrx_word' id='word_1_405' title='bbox 906 3449 1047 3482; x_wconf 81' lang='lat' dir='ltr'><strong>Corinth.</strong></span> <span class='ocrx_word' id='word_1_406' title='bbox 1077 3450 1126 3488; x_wconf 87' lang='lat'><strong>11,</strong></span> <span class='ocrx_word' id='word_1_407' title='bbox 1151 3460 1225 3493; x_wconf 87' lang='lat' dir='ltr'><strong>cap.</strong></span> <span class='ocrx_word' id='word_1_408' title='bbox 1250 3461 1282 3490; x_wconf 85' lang='lat' dir='ltr'><strong>v,</strong></span> <span class='ocrx_word' id='word_1_409' title='bbox 1305 3461 1337 3484; x_wconf 84' lang='lat' dir='ltr'><strong>v.</strong></span> <span class='ocrx_word' id='word_1_410' title='bbox 1362 3453 1413 3484; x_wconf 84' lang='lat'><strong>16.</strong></span> <span class='ocrx_word' id='word_1_411' title='bbox 1430 3469 1467 3475; x_wconf 93' lang='lat'>—</span> <span class='ocrx_word' id='word_1_412' title='bbox 1485 3450 1497 3468; x_wconf 81' lang='lat'><strong>³</strong></span> <span class='ocrx_word' id='word_1_413' title='bbox 1516 3451 1661 3484; x_wconf 80' lang='lat' dir='ltr'><strong>Corinth.</strong></span> <span class='ocrx_word' id='word_1_414' title='bbox 1686 3453 1720 3489; x_wconf 92' lang='lat'><strong>1,</strong></span> <span class='ocrx_word' id='word_1_415' title='bbox 1748 3462 1819 3495; x_wconf 86' lang='lat' dir='ltr'><strong>cap.</strong></span> <span class='ocrx_word' id='word_1_416' title='bbox 1848 3463 1923 3493; x_wconf 82' lang='lat' dir='ltr'><strong>xm,</strong></span> <span class='ocrx_word' id='word_1_417' title='bbox 1943 3464 1972 3486; x_wconf 90' lang='lat' dir='ltr'><strong>v.</strong></span> <span class='ocrx_word' id='word_1_418' title='bbox 2005 3455 2055 3486; x_wconf 89' lang='grc'><strong>10.</strong></span> <span class='ocrx_word' id='word_1_419' title='bbox 2072 3472 2110 3476; x_wconf 90' lang='lat'><em>-</em></span> <span class='ocrx_word' id='word_1_420' title='bbox 2127 3453 2140 3470; x_wconf 76' lang='lat'><em>⁴</em></span> <span class='ocrx_word' id='word_1_421' title='bbox 2158 3454 2255 3495; x_wconf 85' lang='lat' dir='ltr'><strong>lbid.‚</strong></span> <span class='ocrx_word' id='word_1_422' title='bbox 2280 3464 2352 3496; x_wconf 82' lang='lat' dir='ltr'><strong>cap.</strong></span> <span class='ocrx_word' id='word_1_423' title='bbox 2380 3465 2441 3493; x_wconf 88' lang='lat' dir='ltr'><strong>xv,</strong></span> 
     </span>
     <span class='ocr_line' id='line_1_38' title="bbox 323 3504 423 3535; baseline 0.02 -2"><span class='ocrx_word' id='word_1_424' title='bbox 323 3513 353 3535; x_wconf 88' lang='lat' dir='ltr'><strong>v.</strong></span> <span class='ocrx_word' id='word_1_425' title='bbox 370 3504 423 3535; x_wconf 80' lang='lat'><strong>20.</strong></span> 
     </span>
    </p>
   </div>
  </div>
 </body>
</html>
