2840 4178
1407 442 1649 474 —v1—

480 537 673 588 versari
698 535 848 589 solita
872 536 977 588 sint
995 575 1007 599 ,
1034 546 1093 586 ut
1112 533 1238 588 inde
1266 534 1438 589 lucem
1469 537 1699 609 aliquam
1724 536 1934 589 eliciant
1958 535 2197 588 obscuris
2220 536 2323 588 illis
2346 537 2598 609 tempori-

482 638 582 690 bus
604 635 979 690 adhibendam.
1750 703 1755 708 ἡ

549 739 748 791 Forsan
764 749 815 790 et
832 736 1026 791 addere
1040 738 1218 792 licebit
1240 740 1374 792 nihil
1388 759 1471 794 me
1488 752 1540 794 et
1554 741 1774 813 juvenes
1790 740 2019 812 optimos
2041 740 2135 811 qui
2163 758 2368 793 mecum
2394 740 2598 794 labora-

477 847 666 890 verunt
689 837 1005 890 intentatum
1033 839 1308 910 reliquisse
1328 851 1387 892 ut
1410 859 1669 913 perquam
1695 837 1971 893 commoda
1993 850 2045 892 et
2071 851 2311 892 accurata
2332 850 2465 892 esset
2487 839 2598 892 haec

477 939 658 992 editio.
688 940 917 993 Textum
950 941 1363 995 Amboesianum
1395 943 1715 995 contulimus
1745 961 1867 994 cum
1896 940 2171 995 codicibus
2199 942 2593 1014 manuscriptiS,

475 1042 912 1115 quotiescumque
923 1043 1026 1096 tale
1047 1044 1302 1096 auxilium
1316 1062 1381 1096 ex
1394 1044 1723 1096 Bibliotheca
1737 1043 2037 1113 parisiensi,
2059 1054 2149 1096 am
2163 1043 2466 1096 Turonensi
2479 1042 2598 1095 Tre·

475 1145 683 1197 censive
708 1144 865 1197 nobis
889 1163 1074 1216 parare
1101 1145 1390 1217 potuimus.
1416 1146 1586 1198 Locos
1614 1156 1889 1199 auctorum
1908 1164 2044 1217 quos
2066 1144 2245 1198 laudat
2265 1144 2593 1210 Abaelardu5‚

474 1261 658 1296 omnes
685 1255 776 1297 aut
807 1244 917 1297 fere
942 1262 1126 1297 omnes
1152 1243 1336 1298 sedulo
1362 1244 1725 1317 indagavimus
1741 1286 1754 1311 ,
1786 1256 1838 1298 et
1869 1245 2171 1317 paucissimi
2206 1253 2330 1298 sunt
2365 1263 2597 1316 quorum

472 1343 646 1396 fontes
670 1362 783 1396 non
806 1343 895 1396 hic
918 1344 1231 1410 afferantur,
1253 1363 1346 1397 seu
1367 1345 1520 1397 inscii
1541 1356 1593 1397 et
1612 1343 1757 1398 alind
1779 1356 1991 1417 agentes
2012 1364 2103 1399 eos
2123 1345 2453 1398 omiserimus
2471 1384 2484 1410 ,
2503 1363 2595 1398 seu

473 1446 665 1498 invitos
681 1456 733 1498 et
748 1445 943 1498 frustra
962 1446 1293 1517 inquirentes
1306 1445 1610 1499 fefellerint.
1626 1447 1739 1499 Imo
1754 1433 2103 1518 praemisimus
2115 1445 2255 1499 libro
2268 1446 2462 1517 cuique
2473 1464 2598 1517 prae-

471 1546 814 1599 fatiunculam
837 1546 1069 1599 breviter
1096 1558 1450 1618 exponentem
1474 1566 1581 1618 qua
1610 1547 1884 1600 occasione
1921 1558 2075 1599 natus
2099 1547 2195 1611 sit,
2229 1565 2338 1617 quo
2369 1545 2595 1617 scriptus

473 1646 693 1699 consilio
708 1687 721 1712 ‚
756 1647 975 1718 quinam
1012 1644 1154 1698 docti
1185 1646 1286 1698 viri
1321 1646 1398 1698 illi
1428 1644 1637 1698 edendo
1662 1656 1752 1697 aut
1777 1644 2090 1698 illustrando
2122 1643 2486 1696 insudaverint
2501 1685 2513 1708 ,
2545 1656 2597 1697 et

472 1748 566 1818 qui
595 1746 884 1819 aliquando
911 1745 1119 1798 codices
1143 1765 1173 1798 a
1194 1745 1353 1798 nobis
1378 1746 1520 1797 illius
1552 1744 1870 1798 emendandi
1896 1746 2061 1816 gratia
2090 1745 2291 1797 fuerint
2315 1746 2590 1816 explorati.

542 1848 788 1901 Pluribus
812 1848 1063 1901 lectorem
1089 1848 1283 1900 morari
1305 1866 1750 1919 supervacaneum
1776 1859 1870 1900 est.
1899 1846 1960 1899 Id
1981 1866 2150 1899 unum
2176 1858 2286 1899 erat
2310 1847 2368 1898 in
2387 1847 2522 1899 votis
2544 1858 2596 1898 et

470 1970 615 2004 nunc
635 1969 852 2023 quoque
878 1960 1116 2021 superest
1140 1948 1520 2022 exoptandum,
1550 1949 1746 2002 scilicet
1769 1960 1830 2002 ut
1852 1949 1964 2002 haec
1984 1947 2249 2001 Abaelardi
2283 1947 2446 2001 editio
2475 1956 2594 2019 quae

469 2062 674 2103 tantum
710 2050 965 2122 temporis
1002 2050 1361 2121 impensaeque
1408 2049 1719 2121 absumpsit,
1755 2061 1808 2102 et
1845 2047 2006 2102 hodie
2041 2049 2100 2101 in
2139 2049 2311 2101 lucem
2352 2047 2594 2100 infaustis

470 2149 652 2222 prodit
678 2149 974 2215 ominibus,
1009 2150 1186 2203 civiles
1220 2150 1360 2202 inter
1395 2148 1684 2202 discordias
1725 2168 1844 2221 quae
1878 2149 2103 2202 Galliam
2139 2159 2374 2202 nostram
2410 2159 2463 2200 et
2486 2148 2592 2199 Eu-

472 2271 658 2325 ropam
692 2251 811 2305 fere
838 2270 1051 2304 omnem
1084 2251 1348 2323 exagitant
1380 2251 1689 2322 faciuntque
1719 2251 1787 2303 ab
1821 2251 1904 2303 his
1928 2249 2115 2303 studiis
2145 2268 2347 2302 aversas
2366 2289 2379 2313 ,
2413 2248 2595 2301 saltem

471 2353 615 2407 haud
649 2353 870 2424 indigna
896 2351 1137 2405 videatur
1169 2371 1287 2423 quae
1312 2352 1473 2423 longo
1509 2352 1632 2404 licet
1667 2352 1943 2404 intervallo
1974 2364 2149 2404 comes
2179 2349 2404 2403 addatur
2427 2349 2594 2403 Bene-

471 2453 683 2506 dictinis
727 2454 831 2506 illis
873 2452 1317 2525 philosophorum
1363 2451 1794 2504 scholasticorum
1834 2450 2161 2503 editionibus
2178 2491 2191 2514 ‚
2232 2468 2364 2520 quas
2402 2447 2592 2501 diurna

471 2564 840 2625 nocturnaque
881 2571 1042 2605 manu
1080 2552 1308 2616 versavi,
1353 2563 1406 2603 et
1438 2569 1665 2622 quarum
1701 2550 1833 2602 mihi
1869 2549 2101 2603 sobriam
2142 2547 2497 2602 eruditionem
2535 2559 2595 2599 ut

474 2656 711 2709 aemulari
747 2656 898 2727 pium
931 2654 1169 2707 officium
1193 2653 1364 2705 visum
1391 2663 1487 2718 est,
1513 2653 1587 2705 sic
1611 2652 1669 2703 in
1695 2652 2001 2705 memoriam
2029 2650 2410 2723 aliquantisper
2445 2658 2594 2747 αξξο-

472 2760 665 2811 cavisse
699 2775 902 2810 summa
928 2755 1042 2808 laus
1067 2754 1206 2808 foret
1236 2765 1288 2807 et
1319 2772 1518 2806 merces
1542 2754 1850 2824 gratissima.

542 2860 743 2914 Dabam
774 2859 1012 2924 Parisiis,
1055 2859 1110 2910 in
1146 2855 1350 2910 aedibus
1372 2855 1654 2921 Sorbonae,
1682 2873 1861 2908 mense
1887 2855 2092 2908 octobri
2113 2896 2125 2919 ,
2155 2854 2489 2909 MDCCCXL
2492 2800 2585 2907 IX.
