2970 4152
1235 405 1549 451 EPlSTOLAE.
2385 402 2446 446 25

339 516 483 564 quem
510 500 795 563 refugeram,
826 497 982 544 modis
1007 497 1231 544 omnibus
1255 497 1600 544 interdixerunt
1635 512 1695 541 ne
1727 510 1805 541 me
1828 494 2054 559 deinceps
2082 494 2330 552 retineret,
2360 494 2448 539 nisi

338 578 841 626 excommunicationis
864 578 1099 643 particeps
1124 593 1225 624 esse
1251 565 1517 623 sustineret.
1548 578 1657 632 Quo
1682 574 1870 641 audito,
1905 585 2000 620 tam
2024 574 2157 639 prior
2179 573 2280 637 ipse
2305 589 2447 637 quam

337 674 425 722 ego
461 658 597 705 valde
636 658 810 704 anxiati
844 657 1054 704 fuimus¹.
1091 655 1247 703 Abbas
1286 666 1444 702 autem
1484 656 1532 701 in
1569 654 1659 700 hac
1696 653 2033 700 obstinatione2
2059 652 2307 712 recedens,
2342 662 2450 716 post

339 755 518 804 paucos
543 740 643 787 dies
669 739 919 786 defunctus
937 740 1050 786 est³.
1084 736 1171 785 Cui
1194 754 1346 802 quum
1369 737 1487 784 alius
1512 736 1846 795 successisse&
1876 737 2079 782 conveni
2097 752 2208 782 eum
2226 751 2336 782 cum
2354 734 2451 798 epi-

341 835 489 883 scopo
514 818 791 877 meldensi⁵,
820 827 874 864 ut
903 817 1019 864 mihi
1049 817 1144 864 hoc
1167 817 1300 881 quod
1331 833 1358 863 a
1385 812 1730 881 praedecessore
1760 815 1861 878 ejus
1884 815 2136 879 petieram,
2164 813 2448 877 indulgeret.

336 898 423 944 Cui
442 888 511 943 rei
526 914 676 961 quum
695 913 786 943 nec
809 896 888 943 ille
905 898 1063 961 primo
1083 897 1422 961 acquiesceret,
1445 905 1609 960 postea
1627 894 2049 941 intervenientibus
2073 892 2235 940 amicis
2259 892 2452 956 quibus-

333 976 445 1023 dam
469 977 665 1036 nostris,
684 993 845 1040 regem
861 986 908 1023 et
923 976 1177 1023 consilium
1202 976 1302 1039 ejus
1327 992 1470 1041 super
1487 976 1581 1022 hoc
1597 973 1903 1039 compellavi3
1927 984 1973 1020 et
1992 974 2058 1020 sic
2083 972 2214 1038 quod
2234 975 2450 1022 volebam

330 1055 616 1119 impetravi⁰.
645 1055 913 1120 Stephanus
942 1055 1122 1120 quippe
1149 1056 1271 1119 regis
1302 1065 1417 1102 tunc
1440 1054 1663 1119 dapifer',
1691 1055 1891 1100 vocato⁸
1922 1055 1969 1099 in
2004 1064 2187 1118 partem
2214 1054 2383 1101 abbate
2408 1066 2455 1101 et

331 1133 638 1182 familiaribus
657 1135 784 1198 ejus,
808 1135 1022 1199 quaesivit
1040 1135 1101 1181 ab
1120 1136 1188 1182 eis
1212 1152 1298 1182 cur
1317 1152 1394 1182 me
1412 1135 1615 1181 invitum
1641 1134 1844 1181 retinere
1871 1133 2067 1194 vellent,
2091 1150 2148 1180 ex
2173 1151 2269 1198 quo
2295 1135 2452 1181 incur-

334 1231 437 1262 rere
456 1215 592 1262 facile
611 1215 888 1262 scandalum
906 1225 1102 1280 possent
1115 1252 1127 1275 ,
1144 1226 1191 1263 et
1208 1216 1390 1262 nullam
1407 1215 1657 1262 utilitatem
1669 1215 1873 1274 habere3
1897 1232 2048 1278 quum
2073 1214 2341 1261 nullatenus
2361 1215 2452 1260 vita

334 1311 441 1342 mea
466 1305 513 1342 et
539 1295 754 1360 ipsorum
778 1296 1282 1360 convenire⁹possent.
1306 1296 1523 1343 Sciebam
1544 1306 1703 1343 autem
1731 1296 1780 1341 in
1804 1295 1901 1342 hoc
1920 1295 2037 1358 regii
2055 1294 2240 1341 consilii
2265 1305 2452 1341 senten-

336 1375 449 1421 tiam
479 1390 607 1434 esse,
643 1385 698 1422 ut
731 1391 829 1439 quo
863 1375 1022 1422 minus
1055 1375 1282 1440 regularis
1312 1375 1502 1422 abbatia
1529 1376 1607 1422 illa
1632 1386 1778 1435 esset,
1810 1375 1957 1439 magis
1982 1375 2079 1438 regi
2103 1384 2224 1421 esset
2247 1374 2453 1438 subjecta

336 1462 478 1517 atque
497 1453 623 1500 utilis
636 1489 648 1513 ‚
671 1463 905 1517 quantum
927 1453 1145 1501 videlicet
1162 1455 1224 1502 ad
1242 1454 1373 1501 lucra
1392 1454 1700 1520 temporalia3
1730 1454 1860 1502 unde
1884 1471 1961 1501 me
1980 1453 2113 1500 facile
2133 1454 2262 1517 regis*
2278 1463 2325 1500 et
2350 1470 2457 1500 suo-

336 1548 445 1579 rum
477 1549 722 1580 assensum
753 1533 983 1597 consequi
1017 1534 1342 1595 credideram,
1377 1536 1540 1599 sicque
1572 1538 1734 1581 actum
1768 1544 1854 1581 est.
1885 1534 1978 1581 Sed
2015 1550 2076 1580 ne
2111 1533 2458 1597 glorationem¹⁰

335 1628 472 1659 suam
490 1629 636 1677 quam
651 1613 712 1660 de
731 1629 808 1659 me
825 1612 1034 1660 habebat
1050 1650 1062 1674 ,
1091 1605 1434 1662 monasterium
1453 1615 1672 1662 nostrum
1691 1615 1950 1674 amitteret,
1974 1624 2313 1661 concesserunt
2339 1615 2455 1661 mihi

334 1691 397 1739 ad
415 1709 561 1756 quam
578 1692 751 1739 vellem
769 1692 1074 1740 solitudinem
1101 1695 1300 1742 transire
1314 1730 1327 1754 ,
1357 1694 1624 1741 dummodo
1644 1694 1763 1741 nulli
1779 1711 1855 1741 me
1874 1693 2073 1740 abbatiae
2098 1694 2398 1757 subjugarem
2411 1697 2450 1752 ¹¹3

336 1771 525 1835 hocque
543 1772 592 1818 in
617 1773 865 1837 praesentia
883 1773 1003 1836 regis
1022 1784 1070 1820 et
1094 1791 1291 1821 suorum
1310 1775 1533 1838 utrinque
1553 1791 1798 1822 assensum
1817 1784 1888 1821 est
1910 1783 1956 1820 et
1981 1773 2333 1820 confirmatum.
2357 1777 2455 1837 Ego

332 1850 490 1914 itaque
506 1850 568 1898 ad
582 1850 890 1898 solitudinem
906 1852 1182 1915 quamdam,
1202 1854 1250 1900 in
1277 1855 1479 1900 trecensi
1503 1870 1643 1918 pago,
1666 1854 1784 1900 mihi
1803 1864 1944 1900 antea
1968 1855 2225 1917 cognitam,
2246 1871 2323 1900 me
2340 1871 2455 1900 con-

334 1928 442 1990 tuli,
470 1929 633 1995 ibique
651 1947 679 1978 a
700 1929 990 1995 quibusdam
1016 1941 1137 1979 terra
1162 1933 1280 1979 mihi
1299 1933 1499 1993 donata,
1529 1950 1724 1980 assensu
1745 1934 1956 1998 episcopi
1975 1935 2159 1992 terraess,
2195 1934 2454 1980 oratorium

333 2009 582 2073 quoddam
599 2012 650 2058 in
668 2014 865 2059 nomine
886 2023 1059 2061 sanctae
1081 2013 1367 2073 Trinitatis¹³‚
1392 2030 1448 2060 ex
1467 2013 1692 2061 calamis¹⁸
1707 2023 1757 2061 et
1774 2013 1935 2060 culmo
1960 2013 2169 2078 primum
2194 2014 2453 2073 construxi,

337 2089 419 2137 ubi
436 2106 547 2138 cum
566 2091 779 2155 quodam
798 2093 971 2141 clerico
990 2103 1157 2140 nostro
1185 2093 1374 2141 latitans
1386 2131 1398 2153 ‚
1418 2093 1537 2140 illud
1557 2110 1668 2141 vere
1686 2093 1895 2140 Domino
1921 2103 2138 2158 poteram
2162 2092 2419 2140 decantare
2444 2112 2453 2138 :

342 2187 365 2212 «
387 2170 509 2217 Ecce
535 2169 753 2234 elongavi
778 2172 981 2237 fugiens,
1011 2183 1058 2221 et
1082 2174 1234 2220 mansi
1258 2173 1562 2220 solitudine¹⁸.
1588 2192 1612 2217 »

403 2249 547 2307 Quod
575 2268 726 2315 quum
752 2255 1087 2318 cognovissent
1120 2253 1406 2315 scholaresffl,
1443 2265 1691 2320 coeperunt
1723 2254 1936 2318 undique
1964 2270 2275 2314 concurrere,
2305 2265 2352 2301 et
2387 2271 2458 2301 re·
2552 2276 2621 2297 cm».
2649 2276 2691 2296 xr-

339 2325 459 2375 lictis
491 2330 757 2379 civitatibus
797 2344 844 2380 et
872 2333 1094 2393 castellis,
1126 2333 1434 2381 solitudinem
1467 2334 1759 2394 inhabitare,
1794 2344 1842 2381 et
1882 2351 1971 2400 pro
2004 2335 2172 2399 amplis
2208 2328 2456 2393 domibus,

341 2424 488 2471 parva
520 2410 821 2460 tabernacula
849 2413 939 2462 sibi
964 2423 1241 2461 construere
1259 2450 1271 2474 ‚
1312 2424 1358 2461 et
1390 2431 1480 2479 pro
1510 2415 1723 2462 delicatis
1756 2414 1898 2474 cibis,
1933 2415 2092 2462 herbis
2125 2415 2384 2479 agrestibus
2417 2425 2461 2461 et

342 2503 466 2552 pane
490 2489 668 2538 cibario
692 2493 929 2554 victitare,
959 2504 1005 2541 et
1029 2511 1118 2559 pro
1144 2493 1366 2541 mollibus
1391 2495 1570 2555 stratis,
1599 2495 1810 2542 culmum
1837 2494 1925 2542 sibi
1957 2505 2004 2541 et
2033 2505 2239 2541 stramen
2271 2510 2461 2558 compa-

339 2582 470 2628 rare,
508 2578 555 2615 et
584 2586 674 2634 pro
700 2573 877 2619 mensis
894 2609 907 2632 ,
936 2572 1095 2636 glebas
1120 2573 1314 2636 erigere.
1357 2576 1414 2620 Et
1455 2590 1565 2620 vere
1599 2588 1684 2621 eos
1720 2574 1904 2637 priores
1937 2572 2249 2637 philosophos
2290 2572 2458 2619 imitari

339 2646 556 2695 crederes
572 2667 596 2708 ,·
626 2649 686 2696 de
720 2651 892 2715 quibus
930 2662 977 2699 et
1009 2653 1328 2715 Hieronymus
1358 2653 1407 2699 in
1441 2653 1564 2700 libro
1598 2653 1810 2700 secundo
1848 2655 2026 2700 Contra
2053 2655 2353 2700 Jovinianam
2386 2653 2477 2699 his.

344 2739 689 2776 commemorat
706 2731 891 2779 verbis:
923 2751 946 2777 α
976 2735 1065 2778 Per
1079 2735 1103 2757 ²⁷
1121 2749 1302 2792 sensus,
1325 2734 1459 2797 quasi
1485 2750 1572 2798 per
1595 2733 1826 2797 quasdam
1861 2733 2111 2791 fenestras,
2147 2733 2370 2779 vitiorum
2398 2733 2457 2779 ad

345 2806 552 2853 animam
575 2808 795 2857 introitus
819 2821 905 2858 est.
936 2814 1042 2858 Non
1067 2821 1224 2877 potest
1249 2813 1526 2878 metropolis
1551 2823 1598 2860 et
1622 2829 1703 2860 arx
1728 2813 1901 2860 mentis
1926 2814 2047 2878 capi,
2077 2814 2166 2859 nisi
2189 2829 2276 2877 per
2299 2822 2459 2877 portas

344 2883 530 2932 irruerit
551 2886 734 2935 hostilis
752 2891 997 2938 exercitus.
1026 2891 1075 2937 Si
1108 2892 1395 2940 circensibus
1421 2894 1656 2958 quispiam
1675 2892 1960 2953 delectatur,
1989 2894 2026 2939 si
2056 2893 2337 2940 athletarum
2357 2909 2457 2939 cer-

347 2966 522 3013 tamine
536 3002 548 3026 ,
571 2968 609 3014 si
628 2968 888 3018 mobilitate
912 2970 1229 3033 histrionum,
1259 2973 1297 3019 si
1320 2973 1482 3020 formis
1507 2973 1783 3032 mulierum,
1806 2974 1844 3020 si
1868 2972 2120 3037 splendore
2141 2989 2452 3036 gemmarum,

344 3045 566 3106 vestium,
595 3057 641 3094 et
677 3050 854 3096 caeteris
890 3049 1200 3113 hujusmodi,
1236 3068 1323 3117 per
1355 3053 1608 3099 oculorum
1637 3053 1860 3100 fenestras
1893 3052 2061 3099 animae
2100 3063 2237 3118 capta
2266 3052 2456 3100 libertas

295 3124 299 3128 ’
344 3132 436 3183 est,
457 3134 506 3170 et
529 3125 753 3190 impletur
781 3128 897 3175 illud
928 3130 1262 3195 propheticum
1274 3132 1299 3156 ¹⁸
1318 3150 1328 3177 ε
1349 3136 1480 3179 Mors
1505 3134 1700 3179 intravit
1715 3149 1808 3196 per
1817 3130 2064 3195 ς[εἰωκςινίω
2088 3144 2289 3179 nostras.
2311 3133 2455 3196 igitur

387 3294 396 3310 ¹
427 3295 496 3328 Τοιί
512 3297 621 3328 dolore
635 3299 772 3330 immersi
784 3297 877 3331 RMS.
896 3316 938 3321 —
956 3298 969 3316 ³
985 3299 1089 3333 Hence
1107 3302 1266 3333 obdurata
1280 3301 1374 3334 Rus.
1422 3303 1451 3319 ¹⁰
1472 3304 1643 3336 Victoriam
1677 3302 1770 3335 RMS.
1798 3321 1837 3326 —
1864 3302 1890 3320 ¹¹
1923 3304 2118 3345 Subjicerem
2146 3305 2239 3338 RMS.
2262 3322 2304 3329 —
2325 3304 2353 3321 ¹¹
2373 3304 2453 3337 vide

343 3364 386 3373 -
403 3348 415 3366 ³
433 3348 515 3383 Vide
532 3357 600 3384 not.
619 3352 754 3385 x1..—⁴
771 3353 851 3386 Vide
868 3360 936 3387 not.
954 3365 1017 3388 xii.
1032 3372 1074 3379 -
1089 3355 1103 3373 ⁸
1119 3356 1201 3389 Vide
1217 3363 1284 3390 not.
1299 3368 1363 3390 xui
1421 3366 1491 3391 not.
1521 3369 1606 3391 κων.
1635 3375 1679 3382 -
1709 3357 1737 3375 ¹³
1770 3357 1849 3391 Vide
1878 3366 1946 3392 not.
1986 3371 2056 3393 xiv.
2090 3379 2125 3385 —
2158 3360 2188 3378 ¹⁴
2215 3362 2311 3394 Canis
2342 3361 2379 3394 D.
2410 3378 2446 3383 -

346 3404 358 3420 ‘¹
380 3405 464 3437 Votis
487 3409 564 3439 meis
591 3410 820 3442 ardentissimi}
848 3411 1075 3444 obsecundavit
1099 3411 1192 3446 RMS.
1209 3430 1249 3437 -—
1265 3412 1277 3430 '¹
1297 3412 1378 3446 Vide
1423 3413 1453 3430 ¹⁵
1471 3413 1587 3446 Psalm.
1607 3424 1669 3453 mv,
1690 3424 1720 3445 v.
1740 3415 1772 3446 8.
1792 3431 1833 3438 -
1851 3413 1880 3431 ¹⁰
1901 3414 1982 3448 Vide
2001 3423 2069 3450 not.
2089 3427 2170 3449 vax-
2191 3434 2231 3441 -
2258 3416 2286 3434 ¹⁷
2311 3419 2453 3457 Quinque

346 3466 414 3493 not.
427 3471 515 3494 xun.
530 3479 574 3486 —
588 3461 601 3479 ⁸
617 3463 720 3497 Gitana
734 3463 830 3498 Rus.
855 3484 888 3490 -
907 3465 920 3483 ⁰
942 3466 1119 3508 Congrum-e
1134 3467 1201 3502 MS.
1224 3468 1318 3502 Amb.
1336 3487 1377 3492 -
1421 3467 1625 3502 interseritur
1639 3469 1730 3502 ABD.
1747 3485 1792 3496 ——·
1806 3469 1834 3488 ¹⁸
1849 3471 1966 3504 Jerem.
1988 3481 2062 3515 cap.
2083 3483 2114 3505 ix
2127 3498 2137 3514 ‚
2150 3483 2182 3506 v.
2199 3475 2255 3505 21.

505 3537 517 3566 ¹
2268 3540 2292 3579 4
