2970 4152
553 391 649 439 678
980 436 983 437 γ
1354 394 1527 463 PETRI
1561 394 1731 444 ABAEL
1734 396 1875 445 ARm

550 486 600 532 in
632 483 857 551 paradiso
889 485 984 533 dici
1014 495 1370 546 memorantur3
1407 488 1506 536 imo
1530 504 1563 548 e
1579 491 1822 538 contrario
1853 489 2040 538 nullum
2063 492 2124 540 de
2149 496 2426 552 nominibus
2454 498 2671 557 animan-

547 567 671 614 tium
694 576 830 626 terrae
852 566 927 614 vel
950 566 1203 614 volucrum
1225 584 1330 632 quae
1352 551 1539 616 Adam'
1526 562 1808 637 imposuisse
1825 570 2055 637 dicimr,·’
2042 590 2091 620 m
2112 572 2188 622 his
2209 564 2533 625 locutionibus
2553 591 2672 642 con-

549 649 745 695 tinetur.
771 647 916 704 Quod
939 658 1099 695 autem
1121 647 1338 714 pluribus
1360 650 1497 721 annis
1512 650 1569 698 in
1594 650 1818 716 paradiso
1841 623 2126 722 irinocenter
2150 655 2375 716 vixerint,
2406 662 2575 722 PRflRl'ffl'
2595 673 2671 705 ra-

548 729 731 776 tionem
765 746 913 793 quam
950 728 1177 789 diximus,
1217 731 1474 779 auctoritas
1505 731 1748 779 Malachiae
1779 702 2051 798 prophetae,
2090 735 2169 803 cui
2203 694 2506 803 plurinium„
2494 754 2543 784 m
2577 737 2675 785 hoc

548 807 715 855 beatus
738 809 933 855 assentit
954 809 1265 872 AugustinuS‚
1302 819 1514 858 astruere
1534 811 1741 858 videtur.
1771 811 1911 871 Unde
1936 813 2066 860 idem
2085 813 2262 876 doctor
2283 816 2447 863 verba
2458 816 2537 866 illa
2557 833 2673 882 pro·-

546 885 703 950 phetae
739 887 973 935 inducens
1008 888 1093 935 lib.
1134 887 1192 936 de
1228 890 1323 936 Cw.
1353 891 1449 937 Dec
1481 894 1588 950 XX,
1630 907 1737 956 cap.
1776 907 2007 939 xxv112«
2038 896 2317 966 Exponere,
2354 897 2541 961 inquit,
2582 913 2674 944 nos

547 977 738 1033 oportet
761 968 1011 1032 quomodo
1033 969 1094 1016 sit
1116 969 1450 1034 accipiendum
1482 970 1615 1034 quod
1651 970 1835 1018 dictum
1864 981 1960 1032 est,
1991 991 2015 1018 (ι
2045 974 2167 1021 sicut
2197 975 2247 1022 in
2271 975 2441 1023 diebus
2461 976 2675 1041 pristinis

549 1066 573 1091 «
599 1057 646 1094 et
685 1048 808 1095 sicut
843 1049 981 1095 annis
1015 1048 1257 1113 prioribus
1286 1068 1296 1096 :
1328 1068 1351 1094 υ
1377 1049 1589 1097 fortassis
1622 1050 1752 1096 enim
1785 1060 1975 1116 tempus
2012 1051 2130 1099 illud
2168 1064 2539 1114 commemorat,
2573 1071 2674 1119 quo

543 1128 687 1192 primi
708 1129 930 1176 homines
955 1130 1006 1176 in
1028 1130 1252 1195 paradiso
1277 1130 1485 1178 fuerunt.
1505 1133 1637 1177 Tunc
1659 1131 1790 1177 enim
1805 1132 2078 1196 puri-atque
2101 1133 2272 1197 integri
2292 1133 2352 1181 ab
2375 1133 2675 1198 om'ni‘sor'de

543 1224 599 1256 ac
631 1209 740 1256 labe
770 1210 957 1275 peccati
987 1211 1168 1276 seipsos
1198 1213 1301 1258 Deo
1331 1211 1670 1258 mundissimas
1697 1210 1879 1259 hostias
1911 1212 2196 1260 offerebant.
2222 1216 2455 1261 Caeterum
2485 1230 2541 1261 ex
2573 1231 2674 1284 quo

543 1290 808 1337 commissae
838 1291 1243 1356 praevaricationis
1267 1307 1408 1338 causa
1432 1290 1546 1337 inde
1574 1291 1734 1338 emissi
1756 1301 1895 1350 sunt,
1933 1301 2076 1356 atque
2098 1292 2311 1341 humana
2339 1284 2389 1340 in
2414 1295 2481 1341 eis
2502 1288 2673 1349 nasuta

543 1369 771 1418 damnata
790 1381 883 1430 est,
912 1381 1111 1436 excepto
1145 1387 1244 1418 uno
1270 1370 1560 1429 mediatore,
1592 1381 1640 1417 et
1668 1381 1780 1436 post
1800 1371 2046 1419 lavacrum
2076 1374 2451 1437 regenerationis
2474 1373 2674 1438 quibus·

540 1467 636 1515 que
659 1451 818 1499 adhuc
840 1452 1079 1517 parvulis,
1109 1471 1136 1498 «
1159 1468 1304 1498 nemo
1329 1450 1541 1508 mundus
1564 1467 1591 1497 a
1613 1451 1781 1510 sorde,
1817 1470 1842 1495 »
1869 1452 1993 1499 sicut
2018 1454 2251 1517 scriptum
2273 1463 2344 1500 est
2364 1457 2393 1513 ¹,
2424 1473 2448 1499 «
2473 1470 2564 1502 nec
2597 1455 2672 1502 in·

544 1551 568 1576 «
594 1532 699 1580 fans
721 1534 856 1596 cujus
879 1543 949 1579 est
970 1533 1111 1579 unius
1141 1532 1237 1579 diei
1264 1532 1362 1579 vita
1392 1548 1536 1596 super
1557 1540 1753 1578 terram
1767 1551 1825 1622 ‚JJ
1829 1532 1975 1590 Quod
1995 1533 2035 1580 si
2057 1533 2392 1597 respondetur,
2418 1534 2573 1613 etiaQ
2588 1549 2673 1583 eos

538 1613 710 1660 merito
734 1613 828 1660 dici
850 1629 991 1678 posse
1014 1612 1188 1660 offerre
1204 1611 1419 1659 hostias
1407 1629 1457 1658 ln
1474 1612 1679 1676 justitia,
1705 1612 1794 1676 qui
1796 1591 2055 1660 offerunt'
2043 1629 2093 1660 1n
2116 1612 2234 1673 fide,
2256 1632 2289 1659 α
2310 1614 2466 1678 justus
2490 1633 2514 1659 »
2541 1628 2672 1663 emm

541 1711 565 1737 «
591 1709 648 1739 ex
668 1691 764 1739 fide
782 1693 899 1740 vivit
921 1695 958 1720 ²·
948 1729 959 1751 ,
987 1711 1010 1736 »
1036 1692 1255 1756 quamvis
1272 1691 1483 1756 seipsum
1504 1691 1724 1751 seducat,
1750 1692 1791 1739 si
1810 1691 1981 1739 dixerit
2003 1709 2054 1739 se
2075 1709 2177 1739 non
2199 1692 2378 1740 habere
2398 1702 2668 1758 peccatum,

538 1782 584 1820 et
611 1773 721 1820 ideo
752 1773 879 1820 dicat
915 1790 1046 1820 nunc
1067 1773 1181 1837 quia
1202 1788 1259 1819 ex
1296 1771 1392 1819 fide
1417 1772 1549 1819 vivit.
1577 1771 1822 1837 Numquid
1844 1772 2059 1820 dicturus
2081 1783 2152 1820 est
2173 1773 2411 1838 quispiam
2435 1773 2531 1820 hoc
2547 1757 2670 1821 'fidei

536 1862 726 1918 tempus
749 1853 818 1900 illi
840 1852 926 1899 fini
948 1869 1050 1900 esse
1073 1851 1447 1917 coaequandum,
1481 1851 1681 1917 quando
1706 1852 1817 1916 igne
1845 1852 2014 1916 judicii
2036 1852 2284 1900 novissimi
2305 1851 2673 1921 mundabuntur

536 1935 619 1998 qui
643 1934 871 1981 offerrent
900 1936 950 1980 in
976 1934 1176 1998 justitia.
1204 1935 1270 1980 Ac
1292 1950 1379 1998 per
1402 1932 1498 1980 hoc
1530 1933 1763 1997 quoniam
1784 1942 1895 1997 post
1917 1932 2063 1980 talem
2090 1933 2459 1981 mundationem
2483 1925 2673 1983 nullum

535 2024 788 2078 peccatum
803 2015 958 2079 justos
980 2014 1231 2061 habituros
1253 2030 1355 2061 esse
1377 2013 1676 2060 credendum
1698 2023 1791 2072 est,
1816 2012 2035 2078 profecto
2059 2013 2178 2060 illud
2196 2023 2408 2078 tempus,
2434 2022 2668 2084 quantum

535 2096 705 2143 attinet
728 2096 791 2143 ad
812 2113 914 2143 non
935 2095 1115 2143 habere
1136 2103 1390 2161 peccatum
1406 2132 1417 2154 ,
1443 2094 1563 2141 nulli
1584 2095 1791 2159 tempori
1821 2094 2206 2159 comparandum
2233 2105 2325 2153 est,
2352 2095 2453 2141 nisi.
2465 2093 2678 2158 quando

533 2179 678 2243 primi
698 2177 921 2225 homines
944 2178 994 2224 in
1021 2177 1245 2242 paradiso
1269 2186 1379 2224 ante
1400 2177 1844 2241 praevaricationem
1872 2175 2264 2222 innocentissima
2288 2175 2516 2223 felicitate
2538 2175 2670 2222 vixea

534 2268 664 2305 runt.
691 2260 835 2304 Recte
873 2258 1035 2322 itaque
1072 2256 1352 2321 intelligitur
1373 2255 1470 2303 hoc
1509 2255 1842 2319 significatum*
1858 2271 1961 2302 esse
1988 2272 2140 2320 quum
2161 2255 2345 2302 dictum
2376 2265 2468 2314 est,
2497 2273 2521 2315 ς(
2547 2255 2670 2302 sicut

538 2357 561 2382 «
587 2338 758 2385 diebus
781 2339 993 2402 pristinis
1016 2348 1064 2385 et
1083 2338 1205 2385 sicut
1221 2337 1360 2384 annis
1378 2336 1638 2402 prioribus.
1662 2354 1686 2380 »
1708 2338 1828 2383 Nam
1850 2345 1899 2382 et
1919 2351 2006 2400 per
2028 2335 2199 2385 Isaiam
2217 2345 2384 2400 postea
2404 2325 2555 2399 quam'
2575 2350 2671 2387 cee-

530 2417 633 2464 lum
663 2434 848 2482 novum
869 2427 916 2464 et
943 2427 1071 2476 terra
1092 2433 1220 2464 nova
1240 2416 1485 2482 promissa.
1494 2425 1571 2462 est
1585 2452 1597 2474 ,
1624 2415 1750 2462 inter
1771 2424 1941 2462 caetera
1961 2431 2067 2479 quae
2084 2413 2238 2468 ibide
2253 2424 2531 2461 sanctorum
2551 2413 2666 2473 bea,-

529 2498 734 2545 titudine
767 2515 854 2565 per
889 2494 1139 2562 allegorias
1161 2508 1209 2545 et
1232 2498 1485 2561 aenigmata
1513 2495 2007 2561 exsequiturssquibus
2031 2495 2381 2561 expositionem
2403 2510 2673 2559 congruam

530 2579 731 2627 reddere
759 2597 850 2628 nos
874 2580 1148 2646 prohibuit,
1173 2579 1382 2627 vitandae
1403 2577 1721 2643 longitudinis
1747 2593 1885 2637 cura,
1916 2596 1940 2623 «
1964 2576 2231 2629 secundum
2263 2577 2388 2636 dies,
2418 2596 2442 2622 κ
2469 2577 2666 2641 ἱηεῐιιὶϊ’,

531 2679 555 2706 κ
581 2660 698 2726 ligni
718 2661 827 2714 vim
849 2671 991 2708 erunt
1013 2661 1114 2708 dies
1137 2660 1306 2726 populi
1328 2660 1440 2707 mei.
1466 2678 1489 2704 »
1509 2660 1627 2717 Quis
1648 2668 1811 2706 autem
1828 2674 1986 2706 sacras
2007 2657 2188 2704 litteras
2206 2657 2382 2720 attigit,
2410 2666 2458 2704 et
2477 2657 2667 2720 ignorat

528 2741 612 2788 ubi
633 2744 762 2791 Deus
785 2741 1073 2806 plantaverit
1094 2741 1279 2805 lignum
1300 2741 1408 2788 vitae
1421 2778 1434 2800 ,
1460 2757 1488 2788 a
1505 2741 1640 2804 cujus
1661 2739 1773 2786 cibo
1789 2738 2018 2807 separatis
2034 2737 2124 2784 illis
2139 2736 2418 2784 hominibus
2431 2773 2442 2795 ,
2467 2734 2667 2801 quando

528 2840 611 2872 eos
633 2839 720 2872 sua
747 2823 808 2870 de
831 2823 1056 2888 paradiso
1081 2823 1219 2887 ejecit
1243 2823 1492 2886 iniquitas,
1525 2821 1685 2868 eidem
1708 2820 1840 2884 ligno
1862 2819 2203 2884 circumposita
2224 2813 2296 2865 est
2315 2818 2455 2881 ignea
2475 2816 2666 2864 terribi-

527 2905 680 2970 lisque
705 2905 941 2952 custodia.
969 2904 1114 2962 Quod
1138 2904 1394 2968 quisquam
1416 2903 1524 2950 illos
1546 2902 1648 2950 dies
1670 2901 1787 2965 ligni
1807 2901 1937 2959 vitae,
1976 2916 2098 2964 quos
2122 2898 2520 2946 commemoravit
2548 2913 2665 2962 pro—

528 2984 676 3048 pheta
708 2985 876 3044 Isaias,
914 2985 1030 3031 istos
1065 2984 1149 3048 qui
1181 3000 1312 3030 nunc
1343 2993 1550 3047 aguntur
1589 2981 1798 3029 ecclesiae
1834 2980 1938 3027 dies
1970 2997 2072 3028 esse
2106 2978 2379 3055 contegdit,
2411 2979 2665 3043 ipsumque

528 3063 773 3112 Christum
794 3065 980 3129 lignum
1001 3065 1108 3112 vitae
1130 3064 1412 3129 prophetice
1435 3063 1644 3121 dictum,
1670 3062 1785 3126 quia
1805 3062 1908 3126 ipse
1929 3071 2001 3108 est
2021 3060 2254 3125 sapientia
2271 3059 2360 3106 Dei
2377 3058 2438 3106 de
2460 3074 2555 3122 qua
2577 3059 2661 3105 Sa-

528 3143 697 3191 lomon
720 3146 785 3192 ait
806 3148 819 3170 ⁶
847 3164 857 3192 :
891 3164 916 3191 «
941 3146 1144 3209 Lignum
1170 3144 1279 3191 vitae
1306 3154 1377 3192 est
1398 3141 1626 3191 omnihus
1648 3141 2048 3207 amplectentibus
2074 3156 2204 3199 eam,
2234 3158 2256 3183 n
2282 3155 2373 3186 nec
2398 3154 2553 3185 annos
2576 3137 2662 3184 ali-

529 3242 652 3289 quos
675 3226 825 3289 egisse
855 3227 904 3273 in
930 3226 1155 3292 paradiso
1178 3225 1285 3273 illos
1307 3225 1490 3291 primos
1511 3222 1757 3282 homines,
1784 3221 1915 3270 unde
1938 3231 2039 3268 tam
2063 3221 2159 3267 cito
2190 3219 2327 3283 ejecti
2351 3227 2491 3275 sunt,
2516 3225 2570 3263 ut
2592 3215 2661 3263 ibi

530 3305 716 3352 nullum
737 3307 985 3370 gignerent
1007 3306 1183 3366 filium,
1209 3316 1258 3354 et
1277 3306 1387 3353 ideo
1401 3300 1511 3353 ¹nom
1530 3320 1674 3370 posse
1694 3302 1816 3349 illud
1837 3311 2031 3368 tempus,
2050 3299 2249 3363 intelligi
2269 3299 2320 3346 in
2346 3314 2406 3345 eo
2428 3296 2564 3362 quod
2585 3294 2659 3343 di·

575 3486 584 3504 ¹
607 3486 690 3528 Job,
710 3495 784 3531 cap.
802 3498 870 3528 xiv,
886 3498 917 3521 v.
938 3488 970 3520 4.
983 3504 1027 3512 --
1041 3485 1054 3504 ¹
1067 3468 1178 3527 llam-⁷,
1195 3489 1270 3531 cap.
1289 3497 1318 3528 ι,
1334 3496 1368 3520 v.
1388 3483 1525 3520 17.⁶—-'⁸
1540 3477 1632 3519 isai'oe!
1648 3483 1813 3528 efipaxv,
1832 3492 1865 3516 v.
1883 3483 1940 3516 22.
1953 3499 1991 3510 -ν
2007 3480 2026 3500 ”
2041 3481 2158 3519 Pron„
2174 3489 2250 3524 cap.
2264 3489 2319 3520 m,
2335 3488 2366 3512 v.
2386 3478 2438 3510 ¹8.
