2970 4152
553 446 606 494 54
619 445 647 491 6
1348 442 1519 490 PETRI
1554 443 1865 491 ABAELARDI

553 526 801 586 hominem
820 547 998 602 raptus,
1022 547 1075 583 ut
1096 537 1296 602 ipsemet
1316 537 1503 601 ignoret
1525 547 1687 585 utrum
1709 539 1758 585 in
1781 538 1859 585 illa
1881 537 2168 584 sublimitate
2187 536 2487 586 revelationis
2503 540 2661 589 anima

550 618 650 681 ejus
672 618 720 664 in
744 633 947 681 corpore
970 615 1132 676 fuerit,
1159 633 1221 663 an
1250 626 1396 663 extra.
1431 619 1601 674 Quum«
1624 618 1753 664 enim
1780 617 2014 664 Dominus
2036 616 2187 681 Moysi
2209 618 2437 681 quaerenti
2459 635 2570 666 eum
2595 621 2662 666 vi-

549 697 662 744 dere
684 696 931 761 respondit
952 698 991 742 ¹:
1034 715 1055 741 «
1084 699 1190 743 Non
1219 696 1402 744 videbit
1423 713 1501 744 me
1531 696 1681 744 homo
1706 707 1753 744 et
1775 697 1924 756 vivet,
1956 715 1980 740 »
2007 696 2224 761 profecto
2247 714 2391 763 supra
2411 698 2661 747 hominem

546 776 686 824 fuisse
703 787 820 823 tunc
841 776 1044 835 videtur,
1061 776 1143 840 qui
1158 786 1288 824 tanta
1303 777 1488 824 visione
1510 778 1559 823 in
1584 777 1852 824 coelestibus
1874 776 2134 836 fruebatur,
2156 777 2238 824 ubi
2259 787 2392 826 tanta
2408 795 2458 826 se
2473 779 2660 827 audisse

545 867 914 916 commemorat,
941 874 1045 921 quae
1065 857 1253 904 homini
1274 857 1407 922 loqui
1427 874 1528 904 non
1552 858 1706 905 liceat.
2202 864 2204 870 '
2282 872 2284 874 ·
2556 862 2574 873 ''
2653 871 2656 874 ’

609 939 801 995 Quanto
825 946 984 984 autem
1006 937 1073 983 ibi
1093 937 1348 1002 perfectius
1371 938 1629 984 instructus
1652 937 1762 996 fuit,
1789 946 1926 984 tanto
1955 937 2095 984 nobis
2121 937 2456 1003 perfectiorem
2486 926 2659 986 doctri·>

542 1035 655 1065 nam
691 1019 898 1083 reliquit.
925 1021 1040 1076 Quae
1062 1018 1258 1083 quidem
1286 1018 1506 1065 doctrina
1534 1028 1769 1082 quantum
1796 1019 1974 1065 caeteris
1995 1018 2286 1083 praeferatur,
2314 1035 2415 1066 non
2442 1008 2599 1067 solum
2629 1036 2657 1068 a

541 1099 830 1158 christianis,
856 1115 1023 1145 verum
1046 1109 1093 1146 et
1116 1115 1144 1146 a
1166 1099 1465 1164 philosophis
1487 1115 1586 1145 non
1611 1099 1873 1161 ignoratur.
1900 1102 2005 1163 Ipse
2027 1099 2204 1164 quippe
2226 1100 2538 1164 coapostolus
2557 1094 2657 1171 ejus

541 1190 684 1243 atque
706 1178 1034 1244 apostolorum
1057 1179 1280 1243 princeps
1302 1178 1433 1225 Pauli
1454 1178 1718 1242 Epistolas,
1741 1178 1791 1224 in
1815 1175 1987 1242 quibus
2009 1188 2170 1225 tamen
2193 1195 2243 1226 se
2268 1178 2555 1244 reprehendi
2571 1176 2658 1226 no-

538 1268 688 1318 verat,
714 1258 974 1324 plurimum
997 1258 1343 1315 commendans
1360 1260 1401 1304 ²:
1433 1277 1455 1302 α
1483 1261 1542 1303 Et
1564 1258 1686 1304 sicut
1711 1258 1998 1318 carissimus,
2029 1277 2052 1302 >›
2079 1259 2251 1323 inquit,
2280 1278 2303 1303 «
2329 1258 2474 1306 frater
2494 1263 2657 1306 noster

540 1338 710 1386 Paulus
733 1339 998 1386 secundum
1022 1338 1182 1385 datam
1205 1337 1294 1384 sibi
1316 1338 1599 1402 sapientiam
1621 1338 1807 1402 scripsit
1841 1338 1994 1386 vobis.
2027 1357 2050 1382 >›
2081 1339 2211 1386 Sicut
2234 1339 2284 1385 in
2316 1339 2541 1387 omnibus
2557 1340 2678 1405 sepi-—

537 1419 667 1466 stolis
690 1420 891 1485 loquens
915 1420 976 1466 de
998 1420 1071 1466 his
1094 1421 1144 1466 in
1167 1419 1340 1484 quibus
1368 1429 1480 1466 sunt
1508 1419 1726 1483 quaedam
1755 1419 1965 1466 difficilia
1992 1419 2252 1479 intellectu,
2278 1437 2383 1485 quae
2403 1420 2655 1469 indocti'et

536 1499 778 1547 instabiles
801 1500 1080 1565 depravant,
1098 1499 1219 1545 sicut
1231 1508 1278 1545 et
1294 1508 1484 1546 caeteras
1498 1499 1780 1564 Scripturas,
1804 1499 1865 1546 ad
1881 1516 2016 1546 suam
2040 1500 2255 1564 ipsorum
2273 1500 2651 1548 damnationem.

535 1580 657 1626 Hinc
679 1590 726 1627 et
748 1581 1066 1644 Hieronymus
1087 1579 1392 1627 Pammachio
1416 1580 1580 1627 scribit
1600 1581 1640 1626 ³:
1672 1599 1694 1624 «
1720 1579 1920 1627 Paulum
1948 1579 2219 1646 apostolum
2241 1566 2655 1650 quotienscunque

534 1660 664 1724 lego,
691 1662 859 1709 videor
882 1678 981 1708 non
1011 1661 1131 1707 mihi
1153 1661 1300 1708 verba
1323 1660 1512 1720 audire,
1538 1660 1623 1708 sed
1645 1662 1874 1709 tonitrua.
1901 1664 2119 1719 Quantus
2142 1673 2302 1710 autem
2324 1673 2372 1710 et
2398 1662 2529 1728 apud
2544 1663 2656 1729 phi-

533 1740 762 1805 losophos
784 1742 975 1788 habitus
998 1742 1057 1788 sit
1079 1742 1162 1806 qui
1185 1741 1284 1805 ejus
1306 1741 1381 1788 vel
1405 1741 1795 1806 praedicationem
1818 1742 2068 1790 audierant
2083 1781 2094 1803 ,
2119 1742 2194 1790 vel
2209 1743 2384 1809 scripta
2404 1743 2650 1804 viderant,

533 1821 729 1885 insignis
751 1822 828 1868 ille
850 1832 949 1869 tam
971 1821 1245 1886 eloquentia
1279 1839 1426 1887 quam
1448 1822 1665 1869 moribus
1687 1825 1867 1870 Seneca
1895 1823 1945 1869 in
1974 1822 2184 1888 epistolis
2206 1839 2324 1889 quas
2357 1823 2420 1871 ad
2448 1840 2560 1871 eum
2587 1822 2656 1870 di-

533 1900 640 1963 rigit
661 1900 735 1947 his
748 1901 906 1948 verbis
928 1903 1244 1967 protestatur'·
1264 1920 1274 1947 :
1299 1919 1324 1946 «
1341 1900 1521 1948 Libello
1545 1911 1629 1948 tuo
1652 1901 1795 1961 lecto,
1815 1902 1876 1949 de
1888 1901 2105 1968 plurimis
2128 1901 2190 1949 ad
2211 1901 2449 1966 quosdam
2465 1902 2652 1962 litteris,

533 1997 651 2044 quas
680 1980 742 2027 ad
765 1981 973 2045 aliquam
995 1982 1236 2028 civitatem
1258 1998 1341 2028 seu
1363 1981 1599 2046 populum
1621 1992 1766 2046 caput
1786 1983 2045 2047 provinciae
2066 1982 2275 2029 direxisti
2297 1983 2418 2030 mira
2440 1982 2655 2031 exhorta-

534 2062 664 2108 tione
686 2062 834 2108 vitam
856 2062 1110 2109 mortalem
1132 2072 1520 2122 contemnentes,
1553 2079 1898 2127 usquequaque
1927 2063 2090 2110 refecti
2119 2080 2298 2111 sumus.
2328 2066 2460 2121 Quos
2480 2078 2653 2112 ‘sensus

534 2158 633 2188 non
652 2153 770 2207 puto
794 2160 850 2190 ex
872 2154 918 2190 te
942 2144 1095 2191 dictos
1108 2181 1119 2203 ,
1139 2144 1223 2190 sed
1242 2161 1328 2209 per
1343 2154 1390 2191 te
1414 2163 1424 2190 :
1448 2154 1575 2190 certe
1595 2144 1854 2208 aliquando
1873 2154 1920 2190 et
1942 2160 1998 2190 ex
2020 2153 2090 2203 te,
2114 2154 2161 2191 et
2181 2160 2268 2208 per
2289 2154 2353 2190 te.
2378 2147 2528 2192 Tanta
2548 2155 2654 2192 ete-

533 2223 634 2269 nim
671 2224 889 2287 majestas
923 2241 1089 2272 earum
1122 2241 1284 2272 rerum
1318 2235 1388 2272 est
1405 2262 1416 2284 ,
1455 2235 1683 2289 tantaque
1719 2225 2033 2289 generositate
2073 2225 2277 2285 clarent,
2315 2235 2368 2272 ut
2396 2227 2475 2273 vix
2513 2226 2654 2273 suffe·

537 2313 689 2350 cturas
717 2313 882 2368 putem
910 2304 1166 2351 hominum
1195 2315 1380 2365 aetates,
1407 2304 1579 2369 quibus
1601 2305 1783 2351 institui
1803 2304 2063 2370 perficique
2086 2305 2287 2370 possint.
2319 2324 2341 2349 »
2368 2303 2586 2352 Meminit
2606 2315 2654 2352 et

536 2384 849 2448 Hieronymus
892 2386 1033 2449 hujus
1076 2386 1228 2433 laudis
1267 2389 1457 2433 Senecae
1492 2402 1604 2449 erga
1635 2385 1835 2432 Paulum
1876 2386 1926 2432 in
1961 2385 2085 2432 libro
2119 2385 2176 2431 de
2207 2384 2463 2432 illustribus
2499 2388 2548 2433 V
2543 2388 2648 2443 iric,

536 2479 638 2527 cap,
665 2482 749 2524 ΧΠ,
775 2466 840 2512 ita
862 2466 1074 2513 scribens
1089 2469 1103 2491 ⁵
1130 2486 1139 2513 :
1171 2486 1191 2511 «
1219 2467 1390 2514 Lucius
1413 2470 1616 2514 Annaeus
1638 2467 1819 2513 Seneca
1840 2465 2163 2514 Cordubensis
2185 2466 2341 2514 Fotini
2363 2467 2500 2514 stoici
2521 2466 2654 2529 disci-

535 2543 674 2607 pulus
701 2555 748 2592 et
770 2556 966 2611 patruus
995 2548 1174 2594 Lucani
1203 2557 1378 2613 poetae,
1406 2547 1828 2594 continentissimae
1848 2547 1956 2594 vitae
1978 2547 2087 2607 fuit,
2114 2564 2258 2612 quem
2293 2565 2394 2595 non
2421 2545 2653 2614 ponerem

534 2623 582 2669 in
612 2625 826 2690 catalogo
849 2637 1148 2688 sanctorum,
1176 2628 1266 2674 nisi
1290 2645 1366 2674 me
1395 2627 1606 2693 epistolae
1636 2627 1725 2674 illae
1757 2638 2077 2693 provocarent
2104 2645 2210 2693 quae
2241 2628 2463 2692 leguntur
2499 2645 2527 2676 a
2553 2629 2654 2694 plu-

534 2703 663 2750 rimis
684 2705 814 2752 Pauli
837 2706 897 2753 ad
921 2709 1173 2766 Senecam,
1199 2707 1275 2754 vel
1297 2709 1488 2754 Senecae
1509 2707 1571 2755 ad
1592 2708 1807 2755 Paulum.
1834 2712 1887 2755 In
1910 2708 2084 2773 quibus
2102 2745 2113 2767 ,
2139 2725 2289 2773 quum
2310 2719 2432 2756 esset
2454 2710 2653 2757 Neronis

535 2786 771 2848 magister,
798 2797 844 2833 et
871 2787 994 2834 illius
1022 2789 1252 2852 temporis
1280 2788 1660 2853 potentissimuS,
1697 2798 1864 2853 optare
1901 2806 1950 2836 se
1985 2788 2099 2836 dicit
2134 2805 2234 2835 esse
2269 2789 2368 2852 ejus
2396 2789 2489 2836 loci
2523 2790 2652 2855 apud

535 2881 668 2925 suos,
694 2867 827 2930 cujus
849 2868 907 2914 sit
932 2868 1103 2915 Paulus
1126 2868 1254 2933 apud
1278 2868 1589 2915 Christianos.
1614 2887 1636 2912 »
1661 2871 1867 2934 Tempus
1890 2886 1984 2929 me,
2018 2869 2203 2928 fratres,
2229 2868 2475 2928 deficeret,
2501 2870 2541 2916 si
2567 2885 2653 2935 per

537 2945 719 3008 singula
730 2946 923 2994 laudem
937 2947 1067 2994 Pauli
1089 2964 1385 3012 prosequens
1399 2947 1574 2994 virium
1588 2964 1805 2994 mearum
1820 2948 2091 2996 facultatem
2106 2948 2333 2995 excedere
2345 2964 2646 3013 praesumam.

537 3025 630 3071 Sed
667 3028 780 3091 quia
821 3028 1053 3093 scriptum
1082 3039 1152 3076 est
1172 3030 1185 3053 ⁶
1211 3047 1221 3075 :
1258 3048 1282 3073 «
1309 3029 1357 3075 Si
1385 3028 1503 3092 quid
1531 3028 1778 3075 residuum
1805 3029 1962 3090 fuerit,
1988 3030 2086 3094 igni
2119 3029 2429 3077 comburatur
2447 3066 2458 3088 ,
2496 3047 2518 3073 υ
2548 3031 2651 3076 Deo

538 3114 704 3154 caetera
729 3108 1075 3173 relinquamuS,
1108 3119 1155 3156 et
1178 3109 1239 3156 ad
1262 3110 1516 3157 missarum
1549 3108 1782 3157 solemnia
1804 3126 1946 3175 super
1973 3111 2048 3158 his
2069 3110 2278 3158 hostiam
2300 3109 2453 3157 laudis
2476 3109 2650 3157 immo-

536 3183 675 3231 laturi
697 3203 785 3234 nos
808 3204 1141 3254 praeparemus.

584 3326 593 3342 ¹
613 3327 739 3367 Επεὶ,
757 3338 830 3373 cap.
842 3331 1226 3371 xxx111,v.20.—’Petr.
1241 3333 1345 3374 Epist.
1361 3331 1412 3371 II,
1427 3341 1501 3374 cap.
1515 3342 1563 3372 ιιι,
1619 3331 1659 3364 ad
1678 3331 1816 3375 aliquam
1834 3331 1996 3366 civitatem
2010 3357 2019 3373 ‚
2035 3343 2092 3366 seu
2111 3340 2207 3376 caput
2225 3331 2400 3377 provincia
2415 3330 2618 3365 dirutam...
2633 3343 2648 3360 ι

539 3392 569 3413 ν.
591 3384 642 3414 15.
658 3400 700 3406 —
717 3383 730 3400 ⁸
746 3384 848 3426 Epist.
866 3396 932 3418 xxx
947 3411 955 3426 ‚
973 3387 1054 3427 Opp.
1075 3394 1098 3419 t.
1119 3387 1173 3427 Ν,
1190 3394 1276 3431 part.
1292 3388 1339 3425 11,
1359 3388 1422 3421 col.
1442 3388 1565 3420 236.—
1618 3388 1750 3422 Senecae
1767 3395 1799 3421 et
1814 3389 1900 3422 Pauli
1914 3389 2011 3432 epist.
2026 3389 2110 3422 ¹.-—⁸
2127 3390 2209 3430 Opp.
2223 3395 2248 3423 t,
2260 3388 2316 3430 lV,
2333 3394 2419 3432 part.
2434 3388 2478 3426 11,
2493 3387 2557 3422 col.
2576 3387 2649 3420 ¹06.

539 3436 552 3453 ⁴
570 3438 634 3471 Iste
649 3438 739 3472 locus
754 3439 802 3473 sic
817 3442 1035 3475 restituendus
1055 3450 1125 3475 est:
1144 3456 1159 3473 α
1174 3443 1300 3478 Libello
1327 3452 1381 3477 tuo
1408 3444 1512 3484 lecto,
1532 3443 1566 3476 id
1618 3463 1660 3471 —
1678 3445 1690 3463 ⁶
1705 3439 1830 3484 Exods,
1847 3455 1920 3489 cap.
1935 3456 1979 3479 ιιι
1993 3470 2001 3485 ,
2017 3456 2047 3479 v.
2066 3446 2117 3477 10.

538 3501 586 3527 est
608 3506 705 3538 quum
724 3496 912 3540 legissemus
929 3498 970 3531 de
987 3499 1132 3542 plurimis
1149 3501 1272 3544 aliquas
1291 3501 1466 3545 epistolas,
1486 3511 1566 3544 quas
