<?xml version="1.0" encoding="UTF-8"?>
<!DOCTYPE html PUBLIC "-//W3C//DTD XHTML 1.0 Transitional//EN"
    "http://www.w3.org/TR/xhtml1/DTD/xhtml1-transitional.dtd">
<html xmlns="http://www.w3.org/1999/xhtml" xml:lang="en" lang="en">
 <head>
  <title>
</title>
<meta http-equiv="Content-Type" content="text/html;charset=utf-8" />
  <meta name='ocr-system' content='tesseract 3.04.00' />
  <meta name='ocr-capabilities' content='ocr_page ocr_carea ocr_par ocr_line ocrx_word'/>
</head>
<body>
  <div class='ocr_page' id='page_1' title='image "./operahactenusseo01abeluoft_0356.png"; bbox 0 0 2970 4152; ppageno 0'>
   <div class='ocr_carea' id='block_1_1' title="bbox 540 427 635 474">
    <p class='ocr_par' dir='ltr' id='par_1_1' title="bbox 540 427 635 474">
     <span class='ocr_line' id='line_1_1' title="bbox 540 427 635 474; baseline 0 -1"><span class='ocrx_word' id='word_1_1' title='bbox 540 427 635 474; x_wconf 76' lang='lat'>342</span> 
     </span>
    </p>
   </div>
   <div class='ocr_carea' id='block_1_2' title="bbox 540 515 1567 1532">
    <p class='ocr_par' dir='ltr' id='par_1_2' title="bbox 540 515 1567 1532">
     <span class='ocr_line' id='line_1_2' title="bbox 588 515 1428 565; baseline -0.007 -9"><span class='ocrx_word' id='word_1_2' title='bbox 588 521 643 556; x_wconf 90' lang='lat' dir='ltr'>Te</span> <span class='ocrx_word' id='word_1_3' title='bbox 662 526 790 556; x_wconf 89' lang='lat' dir='ltr'>contra</span> <span class='ocrx_word' id='word_1_4' title='bbox 807 519 1012 555; x_wconf 90' lang='lat' dir='ltr'>Dominum</span> <span class='ocrx_word' id='word_1_5' title='bbox 1034 517 1155 565; x_wconf 84' lang='lat' dir='ltr'>pactio</span> <span class='ocrx_word' id='word_1_6' title='bbox 1175 516 1275 552; x_wconf 88' lang='lat' dir='ltr'>nulla</span> <span class='ocrx_word' id='word_1_7' title='bbox 1293 515 1428 552; x_wconf 86' lang='lat' dir='ltr'>trahat.</span> 
     </span>
     <span class='ocr_line' id='line_1_3' title="bbox 541 575 1546 626; baseline -0.006 -9"><span class='ocrx_word' id='word_1_8' title='bbox 541 579 824 617; x_wconf 87' lang='lat' dir='ltr'>Contemnendo</span> <span class='ocrx_word' id='word_1_9' title='bbox 839 579 960 615; x_wconf 92' lang='lat' dir='ltr'>Deum</span> <span class='ocrx_word' id='word_1_10' title='bbox 976 584 1103 626; x_wconf 89' lang='lat' dir='ltr'>peccat</span> <span class='ocrx_word' id='word_1_11' title='bbox 1120 575 1355 613; x_wconf 88' lang='lat' dir='ltr'>solummodo</span> <span class='ocrx_word' id='word_1_12' title='bbox 1369 575 1527 625; x_wconf 89' lang='lat' dir='ltr'>quisque</span> <span class='ocrx_word' id='word_1_13' title='bbox 1537 604 1546 622; x_wconf 93' lang='lat'>‚</span> 
     </span>
     <span class='ocr_line' id='line_1_4' title="bbox 588 637 1419 687; baseline -0.005 -11"><span class='ocrx_word' id='word_1_14' title='bbox 588 641 665 676; x_wconf 84' lang='lat' dir='ltr'>Nec</span> <span class='ocrx_word' id='word_1_15' title='bbox 683 641 752 676; x_wconf 89' lang='lat' dir='ltr'>sibi</span> <span class='ocrx_word' id='word_1_16' title='bbox 772 645 1008 687; x_wconf 85' lang='lat' dir='ltr'>contemptus</span> <span class='ocrx_word' id='word_1_17' title='bbox 1023 638 1087 674; x_wconf 87' lang='lat' dir='ltr'>hic</span> <span class='ocrx_word' id='word_1_18' title='bbox 1101 637 1189 673; x_wconf 79' lang='lat' dir='ltr'>facit</span> <span class='ocrx_word' id='word_1_19' title='bbox 1205 648 1283 673; x_wconf 84' lang='lat' dir='ltr'>esse</span> <span class='ocrx_word' id='word_1_20' title='bbox 1299 648 1419 673; x_wconf 88' lang='lat' dir='ltr'>reum.</span> 
     </span>
     <span class='ocr_line' id='line_1_5' title="bbox 541 691 1566 748; baseline -0.005 -11"><span class='ocrx_word' id='word_1_21' title='bbox 541 702 625 737; x_wconf 84' lang='lat' dir='ltr'>Non</span> <span class='ocrx_word' id='word_1_22' title='bbox 645 708 700 737; x_wconf 90' lang='lat' dir='ltr'>est</span> <span class='ocrx_word' id='word_1_23' title='bbox 719 706 956 748; x_wconf 85' lang='lat' dir='ltr'>contemptor</span> <span class='ocrx_word' id='word_1_24' title='bbox 968 699 1034 748; x_wconf 89' lang='lat' dir='ltr'>qui</span> <span class='ocrx_word' id='word_1_25' title='bbox 1051 691 1168 734; x_wconf 82' lang='lat' dir='ltr'>nescit</span> <span class='ocrx_word' id='word_1_26' title='bbox 1185 696 1278 746; x_wconf 86' lang='lat' dir='ltr'>quid</span> <span class='ocrx_word' id='word_1_27' title='bbox 1295 697 1342 733; x_wconf 88' lang='lat' dir='ltr'>sit</span> <span class='ocrx_word' id='word_1_28' title='bbox 1361 696 1566 746; x_wconf 86' lang='lat' dir='ltr'>agendum,</span> 
     </span>
     <span class='ocr_line' id='line_1_6' title="bbox 588 759 1276 808; baseline -0.007 -10"><span class='ocrx_word' id='word_1_29' title='bbox 588 762 624 798; x_wconf 86' lang='lat' dir='ltr'>Si</span> <span class='ocrx_word' id='word_1_30' title='bbox 643 774 716 797; x_wconf 89' lang='lat' dir='ltr'>non</span> <span class='ocrx_word' id='word_1_31' title='bbox 735 761 806 796; x_wconf 90' lang='lat' dir='ltr'>hoc</span> <span class='ocrx_word' id='word_1_32' title='bbox 823 759 931 808; x_wconf 90' lang='lat' dir='ltr'>culpa</span> <span class='ocrx_word' id='word_1_33' title='bbox 945 759 1085 795; x_wconf 89' lang='lat' dir='ltr'>nesciat</span> <span class='ocrx_word' id='word_1_34' title='bbox 1102 759 1181 806; x_wconf 88' lang='lat' dir='ltr'>ipse</span> <span class='ocrx_word' id='word_1_35' title='bbox 1199 770 1276 794; x_wconf 87' lang='lat' dir='ltr'>sua.</span> 
     </span>
     <span class='ocr_line' id='line_1_7' title="bbox 543 817 1489 870; baseline -0.005 -12"><span class='ocrx_word' id='word_1_36' title='bbox 543 823 660 870; x_wconf 87' lang='lat' dir='ltr'>Major</span> <span class='ocrx_word' id='word_1_37' title='bbox 677 821 799 857; x_wconf 85' lang='lat' dir='ltr'>adhuc</span> <span class='ocrx_word' id='word_1_38' title='bbox 813 827 940 857; x_wconf 90' lang='lat' dir='ltr'>tamen</span> <span class='ocrx_word' id='word_1_39' title='bbox 952 826 1008 856; x_wconf 82' lang='lat' dir='ltr'>est</span> <span class='ocrx_word' id='word_1_40' title='bbox 1024 819 1166 855; x_wconf 87' lang='lat' dir='ltr'>insania</span> <span class='ocrx_word' id='word_1_41' title='bbox 1181 830 1294 868; x_wconf 89' lang='lat' dir='ltr'>quam</span> <span class='ocrx_word' id='word_1_42' title='bbox 1307 818 1413 855; x_wconf 86' lang='lat' dir='ltr'>furor</span> <span class='ocrx_word' id='word_1_43' title='bbox 1425 817 1489 854; x_wconf 90' lang='lat' dir='ltr'>ille</span> 
     </span>
     <span class='ocr_line' id='line_1_8' title="bbox 587 878 1279 929; baseline -0.007 -10"><span class='ocrx_word' id='word_1_44' title='bbox 587 884 677 929; x_wconf 82' lang='lat' dir='ltr'>Quae</span> <span class='ocrx_word' id='word_1_45' title='bbox 689 883 699 903; x_wconf 88' lang='lat'>¹</span> <span class='ocrx_word' id='word_1_46' title='bbox 717 882 841 918; x_wconf 82' lang='lat' dir='ltr'>differt</span> <span class='ocrx_word' id='word_1_47' title='bbox 858 879 965 917; x_wconf 88' lang='lat' dir='ltr'>illum</span> <span class='ocrx_word' id='word_1_48' title='bbox 983 879 1181 916; x_wconf 86' lang='lat' dir='ltr'>conciliare</span> <span class='ocrx_word' id='word_1_49' title='bbox 1197 878 1279 915; x_wconf 90' lang='lat' dir='ltr'>sibi.</span> 
     </span>
     <span class='ocr_line' id='line_1_9' title="bbox 544 940 1525 992; baseline -0.006 -12"><span class='ocrx_word' id='word_1_50' title='bbox 544 945 746 992; x_wconf 89' lang='lat' dir='ltr'>Supremus</span> <span class='ocrx_word' id='word_1_51' title='bbox 763 942 872 978; x_wconf 83' lang='lat' dir='ltr'>furor</span> <span class='ocrx_word' id='word_1_52' title='bbox 886 948 942 978; x_wconf 89' lang='lat' dir='ltr'>est</span> <span class='ocrx_word' id='word_1_53' title='bbox 958 940 1146 977; x_wconf 85' lang='lat' dir='ltr'>offendere</span> <span class='ocrx_word' id='word_1_54' title='bbox 1163 946 1295 975; x_wconf 88' lang='lat' dir='ltr'>cuncta</span> <span class='ocrx_word' id='word_1_55' title='bbox 1313 946 1525 987; x_wconf 87' lang='lat' dir='ltr'>potentem;</span> 
     </span>
     <span class='ocr_line' id='line_1_10' title="bbox 588 999 1428 1053; baseline -0.007 -13"><span class='ocrx_word' id='word_1_56' title='bbox 588 1004 701 1051; x_wconf 87' lang='lat' dir='ltr'>Quod</span> <span class='ocrx_word' id='word_1_57' title='bbox 716 1004 782 1053; x_wconf 91' lang='lat' dir='ltr'>qui</span> <span class='ocrx_word' id='word_1_58' title='bbox 799 1002 1004 1052; x_wconf 71' lang='lat' dir='ltr'>praesumit,</span> <span class='ocrx_word' id='word_1_59' title='bbox 1026 1001 1151 1037; x_wconf 90' lang='lat' dir='ltr'>nescio</span> <span class='ocrx_word' id='word_1_60' title='bbox 1166 999 1258 1050; x_wconf 90' lang='lat' dir='ltr'>quid</span> <span class='ocrx_word' id='word_1_61' title='bbox 1275 1006 1428 1035; x_wconf 85' lang='lat' dir='ltr'>metuat.</span> 
     </span>
     <span class='ocr_line' id='line_1_11' title="bbox 543 1060 1487 1115; baseline -0.007 -13"><span class='ocrx_word' id='word_1_62' title='bbox 543 1066 720 1115; x_wconf 86' lang='lat' dir='ltr'><strong>Quisquis</strong></span> <span class='ocrx_word' id='word_1_63' title='bbox 737 1064 838 1113; x_wconf 88' lang='lat' dir='ltr'>apud</span> <span class='ocrx_word' id='word_1_64' title='bbox 853 1063 1057 1100; x_wconf 89' lang='lat' dir='ltr'>Dominum</span> <span class='ocrx_word' id='word_1_65' title='bbox 1075 1074 1112 1099; x_wconf 89' lang='lat' dir='ltr'>se</span> <span class='ocrx_word' id='word_1_66' title='bbox 1128 1061 1260 1111; x_wconf 79' lang='lat' dir='ltr'>quaerit</span> <span class='ocrx_word' id='word_1_67' title='bbox 1271 1060 1464 1108; x_wconf 80' lang='lat' dir='ltr'>justificari</span> <span class='ocrx_word' id='word_1_68' title='bbox 1479 1088 1487 1104; x_wconf 91' lang='lat'><strong>‚</strong></span> 
     </span>
     <span class='ocr_line' id='line_1_12' title="bbox 585 1122 1403 1174; baseline -0.01 -11"><span class='ocrx_word' id='word_1_69' title='bbox 585 1129 607 1163; x_wconf 83' lang='lat' dir='ltr'>J</span> <span class='ocrx_word' id='word_1_70' title='bbox 610 1126 775 1162; x_wconf 89' lang='lat' dir='ltr'>ustitiam</span> <span class='ocrx_word' id='word_1_71' title='bbox 792 1125 823 1161; x_wconf 90' lang='lat' dir='ltr'>si</span> <span class='ocrx_word' id='word_1_72' title='bbox 840 1137 914 1174; x_wconf 89' lang='lat' dir='ltr'>qua</span> <span class='ocrx_word' id='word_1_73' title='bbox 932 1130 988 1160; x_wconf 87' lang='lat' dir='ltr'>est</span> <span class='ocrx_word' id='word_1_74' title='bbox 999 1151 1008 1168; x_wconf 88' lang='lat'>,</span> <span class='ocrx_word' id='word_1_75' title='bbox 1026 1122 1165 1159; x_wconf 88' lang='lat' dir='ltr'>nesciat</span> <span class='ocrx_word' id='word_1_76' title='bbox 1182 1122 1260 1170; x_wconf 88' lang='lat' dir='ltr'>ipse</span> <span class='ocrx_word' id='word_1_77' title='bbox 1277 1132 1379 1156; x_wconf 89' lang='lat' dir='ltr'>suam</span> <span class='ocrx_word' id='word_1_78' title='bbox 1393 1149 1403 1166; x_wconf 88' lang='lat'>,</span> 
     </span>
     <span class='ocr_line' id='line_1_13' title="bbox 542 1176 1378 1231; baseline -0.008 -13"><span class='ocrx_word' id='word_1_79' title='bbox 542 1186 727 1231; x_wconf 74' lang='lat' dir='ltr'>Agnoscat</span> <span class='ocrx_word' id='word_1_80' title='bbox 743 1180 887 1229; x_wconf 83' lang='lat' dir='ltr'>culpas,</span> <span class='ocrx_word' id='word_1_81' title='bbox 909 1185 1056 1216; x_wconf 82' lang='lat' dir='ltr'>accuset</span> <span class='ocrx_word' id='word_1_82' title='bbox 1069 1206 1080 1226; x_wconf 86' lang='lat'>,</span> <span class='ocrx_word' id='word_1_83' title='bbox 1098 1177 1261 1226; x_wconf 86' lang='lat' dir='ltr'>corrigat</span> <span class='ocrx_word' id='word_1_84' title='bbox 1278 1176 1378 1220; x_wconf 90' lang='lat' dir='ltr'>illas;</span> 
     </span>
     <span class='ocr_line' id='line_1_14' title="bbox 588 1235 1452 1282; baseline -0.009 -3"><span class='ocrx_word' id='word_1_85' title='bbox 588 1244 664 1278; x_wconf 82' lang='lat' dir='ltr'>Nec</span> <span class='ocrx_word' id='word_1_86' title='bbox 684 1254 721 1278; x_wconf 89' lang='lat' dir='ltr'>se</span> <span class='ocrx_word' id='word_1_87' title='bbox 739 1241 850 1278; x_wconf 88' lang='lat' dir='ltr'>corde</span> <span class='ocrx_word' id='word_1_88' title='bbox 865 1241 1007 1277; x_wconf 87' lang='lat' dir='ltr'>honum</span> <span class='ocrx_word' id='word_1_89' title='bbox 1025 1245 1172 1275; x_wconf 79' lang='lat' dir='ltr'>censeat</span> <span class='ocrx_word' id='word_1_90' title='bbox 1185 1266 1194 1282; x_wconf 92' lang='lat'>,</span> <span class='ocrx_word' id='word_1_91' title='bbox 1212 1250 1277 1273; x_wconf 90' lang='lat' dir='ltr'>ore</span> <span class='ocrx_word' id='word_1_92' title='bbox 1298 1235 1452 1272; x_wconf 90' lang='lat' dir='ltr'>malum.</span> 
     </span>
     <span class='ocr_line' id='line_1_15' title="bbox 541 1296 1361 1350; baseline -0.01 -10"><span class='ocrx_word' id='word_1_93' title='bbox 541 1305 619 1340; x_wconf 88' lang='lat' dir='ltr'>Hoc</span> <span class='ocrx_word' id='word_1_94' title='bbox 634 1309 756 1339; x_wconf 87' lang='lat' dir='ltr'>autem</span> <span class='ocrx_word' id='word_1_95' title='bbox 769 1314 837 1350; x_wconf 90' lang='lat' dir='ltr'>pro</span> <span class='ocrx_word' id='word_1_96' title='bbox 849 1300 993 1348; x_wconf 88' lang='lat' dir='ltr'>justitia</span> <span class='ocrx_word' id='word_1_97' title='bbox 1007 1305 1205 1347; x_wconf 88' lang='lat' dir='ltr'>reputetur</span> <span class='ocrx_word' id='word_1_98' title='bbox 1219 1297 1265 1333; x_wconf 90' lang='lat' dir='ltr'>ab</span> <span class='ocrx_word' id='word_1_99' title='bbox 1278 1296 1341 1333; x_wconf 92' lang='lat' dir='ltr'>illo</span> <span class='ocrx_word' id='word_1_100' title='bbox 1351 1323 1361 1339; x_wconf 89' lang='lat'><strong>,</strong></span> 
     </span>
     <span class='ocr_line' id='line_1_16' title="bbox 586 1356 1567 1411; baseline -0.008 -12"><span class='ocrx_word' id='word_1_101' title='bbox 586 1359 803 1410; x_wconf 82' lang='lat' dir='ltr'>Quod&#39;bona</span> <span class='ocrx_word' id='word_1_102' title='bbox 811 1374 890 1411; x_wconf 83' lang='lat' dir='ltr'>quae</span> <span class='ocrx_word' id='word_1_103' title='bbox 901 1359 1086 1409; x_wconf 86' lang='lat' dir='ltr'>impendit</span> <span class='ocrx_word' id='word_1_104' title='bbox 1095 1358 1255 1402; x_wconf 84' lang='lat' dir='ltr'>reddita,</span> <span class='ocrx_word' id='word_1_105' title='bbox 1266 1369 1341 1393; x_wconf 90' lang='lat' dir='ltr'>non</span> <span class='ocrx_word' id='word_1_106' title='bbox 1352 1356 1436 1393; x_wconf 87' lang='lat' dir='ltr'>data</span> <span class='ocrx_word' id='word_1_107' title='bbox 1444 1363 1530 1393; x_wconf 85' lang='lat' dir='ltr'>sunt</span> <span class='ocrx_word' id='word_1_108' title='bbox 1538 1357 1567 1391; x_wconf 73' lang='lat'>³.</span> 
     </span>
     <span class='ocr_line' id='line_1_17' title="bbox 540 1417 1364 1470; baseline -0.01 -10"><span class='ocrx_word' id='word_1_109' title='bbox 540 1427 629 1470; x_wconf 82' lang='lat' dir='ltr'>Quae</span> <span class='ocrx_word' id='word_1_110' title='bbox 647 1423 716 1459; x_wconf 90' lang='lat' dir='ltr'>tibi</span> <span class='ocrx_word' id='word_1_111' title='bbox 736 1430 776 1458; x_wconf 81' lang='lat' dir='ltr'>tu</span> <span class='ocrx_word' id='word_1_112' title='bbox 794 1434 868 1458; x_wconf 91' lang='lat' dir='ltr'>non</span> <span class='ocrx_word' id='word_1_113' title='bbox 887 1422 940 1457; x_wconf 88' lang='lat' dir='ltr'>vis</span> <span class='ocrx_word' id='word_1_114' title='bbox 958 1420 1057 1465; x_wconf 86' lang='lat' dir='ltr'>fieri,</span> <span class='ocrx_word' id='word_1_115' title='bbox 1077 1431 1124 1455; x_wconf 90' lang='lat' dir='ltr'>ne</span> <span class='ocrx_word' id='word_1_116' title='bbox 1140 1418 1269 1455; x_wconf 83' lang='lat' dir='ltr'>feceris</span> <span class='ocrx_word' id='word_1_117' title='bbox 1284 1417 1364 1453; x_wconf 91' lang='lat' dir='ltr'>ulli.</span> 
     </span>
     <span class='ocr_line' id='line_1_18' title="bbox 586 1478 1397 1532; baseline -0.007 -11"><span class='ocrx_word' id='word_1_118' title='bbox 586 1486 676 1532; x_wconf 89' lang='lat' dir='ltr'>Quae</span> <span class='ocrx_word' id='word_1_119' title='bbox 693 1484 772 1521; x_wconf 85' lang='lat' dir='ltr'>fieri</span> <span class='ocrx_word' id='word_1_120' title='bbox 789 1483 858 1520; x_wconf 91' lang='lat' dir='ltr'>tibi</span> <span class='ocrx_word' id='word_1_121' title='bbox 875 1482 929 1518; x_wconf 86' lang='lat' dir='ltr'>vis</span> <span class='ocrx_word' id='word_1_122' title='bbox 940 1508 950 1526; x_wconf 93' lang='lat'><strong>‚</strong></span> <span class='ocrx_word' id='word_1_123' title='bbox 968 1482 1045 1517; x_wconf 85' lang='lat' dir='ltr'>haec</span> <span class='ocrx_word' id='word_1_124' title='bbox 1065 1492 1215 1530; x_wconf 90' lang='lat' dir='ltr'>quoque</span> <span class='ocrx_word' id='word_1_125' title='bbox 1232 1480 1288 1515; x_wconf 87' lang='lat' dir='ltr'>fac</span> <span class='ocrx_word' id='word_1_126' title='bbox 1303 1478 1397 1515; x_wconf 86' lang='lat' dir='ltr'>aliis.</span> 
     </span>
    </p>
   </div>
   <div class='ocr_carea' id='block_1_3' title="bbox 539 1578 1572 3202">
    <p class='ocr_par' dir='ltr' id='par_1_3' title="bbox 539 1578 1572 3202">
     <span class='ocr_line' id='line_1_19' title="bbox 543 1578 1440 1621; baseline -0.01 0"><span class='ocrx_word' id='word_1_127' title='bbox 543 1584 681 1621; x_wconf 85' lang='lat' dir='ltr'>Omnia</span> <span class='ocrx_word' id='word_1_128' title='bbox 698 1583 793 1619; x_wconf 86' lang='lat' dir='ltr'>dona</span> <span class='ocrx_word' id='word_1_129' title='bbox 814 1582 883 1618; x_wconf 90' lang='lat' dir='ltr'>Dei</span> <span class='ocrx_word' id='word_1_130' title='bbox 903 1579 1132 1617; x_wconf 82' lang='lat' dir='ltr'>transcendit</span> <span class='ocrx_word' id='word_1_131' title='bbox 1150 1590 1257 1615; x_wconf 88' lang='lat' dir='ltr'>verus</span> <span class='ocrx_word' id='word_1_132' title='bbox 1278 1578 1417 1614; x_wconf 86' lang='lat' dir='ltr'>amicus</span> <span class='ocrx_word' id='word_1_133' title='bbox 1434 1594 1440 1612; x_wconf 72' lang='grc' dir='ltr'>ε</span> 
     </span>
     <span class='ocr_line' id='line_1_20' title="bbox 584 1640 1335 1684; baseline -0.011 -3"><span class='ocrx_word' id='word_1_134' title='bbox 584 1645 732 1680; x_wconf 83' lang='lat' dir='ltr'>Divitiis</span> <span class='ocrx_word' id='word_1_135' title='bbox 747 1643 890 1679; x_wconf 86' lang='lat' dir='ltr'>cunctis</span> <span class='ocrx_word' id='word_1_136' title='bbox 906 1640 1168 1677; x_wconf 86' lang='lat' dir='ltr'>anteferendus</span> <span class='ocrx_word' id='word_1_137' title='bbox 1181 1640 1244 1674; x_wconf 88' lang='lat' dir='ltr'>hic</span> <span class='ocrx_word' id='word_1_138' title='bbox 1261 1645 1335 1684; x_wconf 90' lang='lat' dir='ltr'>est,</span> 
     </span>
     <span class='ocr_line' id='line_1_21' title="bbox 539 1697 1414 1752; baseline -0.009 -11"><span class='ocrx_word' id='word_1_139' title='bbox 539 1704 671 1741; x_wconf 80' lang='lat' dir='ltr'>Nullus</span> <span class='ocrx_word' id='word_1_140' title='bbox 687 1716 830 1752; x_wconf 83' lang='lat' dir='ltr'>pauper</span> <span class='ocrx_word' id='word_1_141' title='bbox 845 1703 916 1738; x_wconf 88' lang='lat' dir='ltr'>erit</span> <span class='ocrx_word' id='word_1_142' title='bbox 933 1702 1110 1738; x_wconf 86' lang='lat' dir='ltr'>thesauro</span> <span class='ocrx_word' id='word_1_143' title='bbox 1127 1699 1303 1748; x_wconf 77' lang='lat' dir='ltr'>praeditus</span> <span class='ocrx_word' id='word_1_144' title='bbox 1319 1697 1391 1734; x_wconf 91' lang='lat' dir='ltr'>isto</span> <span class='ocrx_word' id='word_1_145' title='bbox 1403 1726 1414 1745; x_wconf 86' lang='lat'>‚</span> 
     </span>
     <span class='ocr_line' id='line_1_22' title="bbox 587 1760 1363 1813; baseline -0.009 -12"><span class='ocrx_word' id='word_1_146' title='bbox 587 1765 662 1812; x_wconf 86' lang='lat' dir='ltr'>Qui</span> <span class='ocrx_word' id='word_1_147' title='bbox 681 1776 754 1813; x_wconf 93' lang='lat' dir='ltr'>quo</span> <span class='ocrx_word' id='word_1_148' title='bbox 770 1763 889 1799; x_wconf 86' lang='lat' dir='ltr'>rarior</span> <span class='ocrx_word' id='word_1_149' title='bbox 904 1769 957 1797; x_wconf 93' lang='lat' dir='ltr'>est</span> <span class='ocrx_word' id='word_1_150' title='bbox 967 1789 976 1806; x_wconf 91' lang='lat'>‚</span> <span class='ocrx_word' id='word_1_151' title='bbox 993 1762 1067 1797; x_wconf 89' lang='lat' dir='ltr'>hoc</span> <span class='ocrx_word' id='word_1_152' title='bbox 1082 1760 1280 1809; x_wconf 82' lang='lat' dir='ltr'>pretiosior</span> <span class='ocrx_word' id='word_1_153' title='bbox 1295 1766 1363 1795; x_wconf 86' lang='lat' dir='ltr'>est.</span> 
     </span>
     <span class='ocr_line' id='line_1_23' title="bbox 541 1820 1449 1867; baseline -0.01 -4"><span class='ocrx_word' id='word_1_154' title='bbox 541 1829 635 1863; x_wconf 82' lang='lat' dir='ltr'>Sunt</span> <span class='ocrx_word' id='word_1_155' title='bbox 654 1825 762 1861; x_wconf 89' lang='lat' dir='ltr'>multi</span> <span class='ocrx_word' id='word_1_156' title='bbox 780 1825 930 1867; x_wconf 81' lang='lat' dir='ltr'>fratres,</span> <span class='ocrx_word' id='word_1_157' title='bbox 948 1822 1011 1858; x_wconf 83' lang='lat' dir='ltr'>sed</span> <span class='ocrx_word' id='word_1_158' title='bbox 1028 1822 1067 1858; x_wconf 91' lang='lat' dir='ltr'>in</span> <span class='ocrx_word' id='word_1_159' title='bbox 1085 1821 1160 1857; x_wconf 89' lang='lat' dir='ltr'>illis</span> <span class='ocrx_word' id='word_1_160' title='bbox 1174 1832 1280 1856; x_wconf 86' lang='lat' dir='ltr'>rarus</span> <span class='ocrx_word' id='word_1_161' title='bbox 1298 1820 1449 1856; x_wconf 88' lang='lat' dir='ltr'>amicus.</span> 
     </span>
     <span class='ocr_line' id='line_1_24' title="bbox 587 1881 1372 1932; baseline -0.008 -8"><span class='ocrx_word' id='word_1_162' title='bbox 587 1888 666 1924; x_wconf 87' lang='lat' dir='ltr'>Hos</span> <span class='ocrx_word' id='word_1_163' title='bbox 682 1893 816 1923; x_wconf 81' lang='lat' dir='ltr'>natura</span> <span class='ocrx_word' id='word_1_164' title='bbox 835 1890 956 1929; x_wconf 86' lang='lat' dir='ltr'>creat,</span> <span class='ocrx_word' id='word_1_165' title='bbox 979 1883 1096 1932; x_wconf 85' lang='lat' dir='ltr'>gratia</span> <span class='ocrx_word' id='word_1_166' title='bbox 1116 1881 1254 1931; x_wconf 86' lang='lat' dir='ltr'>praebet</span> <span class='ocrx_word' id='word_1_167' title='bbox 1271 1893 1372 1918; x_wconf 89' lang='lat' dir='ltr'>eum.</span> 
     </span>
     <span class='ocr_line' id='line_1_25' title="bbox 544 1941 1456 1991; baseline -0.007 -7"><span class='ocrx_word' id='word_1_168' title='bbox 544 1949 674 1985; x_wconf 85' lang='lat' dir='ltr'>Gratia</span> <span class='ocrx_word' id='word_1_169' title='bbox 691 1947 844 1983; x_wconf 86' lang='lat' dir='ltr'>libertas</span> <span class='ocrx_word' id='word_1_170' title='bbox 857 1974 867 1991; x_wconf 88' lang='lat'>,</span> <span class='ocrx_word' id='word_1_171' title='bbox 886 1952 1020 1981; x_wconf 90' lang='lat' dir='ltr'>natura</span> <span class='ocrx_word' id='word_1_172' title='bbox 1036 1943 1177 1979; x_wconf 80' lang='lat' dir='ltr'>coactio</span> <span class='ocrx_word' id='word_1_173' title='bbox 1195 1941 1362 1990; x_wconf 87' lang='lat' dir='ltr'>quaedam</span> <span class='ocrx_word' id='word_1_174' title='bbox 1379 1949 1435 1978; x_wconf 87' lang='lat' dir='ltr'>est</span> <span class='ocrx_word' id='word_1_175' title='bbox 1447 1969 1456 1985; x_wconf 87' lang='lat'><em>‚</em></span> 
     </span>
     <span class='ocr_line' id='line_1_26' title="bbox 588 2005 1352 2056; baseline -0.009 -12"><span class='ocrx_word' id='word_1_176' title='bbox 588 2009 687 2044; x_wconf 89' lang='lat' dir='ltr'>Dum</span> <span class='ocrx_word' id='word_1_177' title='bbox 706 2007 833 2056; x_wconf 83' lang='lat' dir='ltr'>generi</span> <span class='ocrx_word' id='word_1_178' title='bbox 851 2005 975 2055; x_wconf 89' lang='lat' dir='ltr'>quivis</span> <span class='ocrx_word' id='word_1_179' title='bbox 989 2005 1104 2040; x_wconf 86' lang='lat' dir='ltr'>haeret</span> <span class='ocrx_word' id='word_1_180' title='bbox 1123 2015 1247 2039; x_wconf 89' lang='lat' dir='ltr'>amore</span> <span class='ocrx_word' id='word_1_181' title='bbox 1265 2014 1331 2038; x_wconf 93' lang='lat' dir='ltr'>suo</span> <span class='ocrx_word' id='word_1_182' title='bbox 1342 2017 1352 2047; x_wconf 95' lang='lat'>;</span> 
     </span>
     <span class='ocr_line' id='line_1_27' title="bbox 543 2063 1420 2116; baseline -0.009 -11"><span class='ocrx_word' id='word_1_183' title='bbox 543 2071 627 2115; x_wconf 87' lang='lat' dir='ltr'>Quo</span> <span class='ocrx_word' id='word_1_184' title='bbox 646 2067 806 2116; x_wconf 86' lang='lat' dir='ltr'>pecudes</span> <span class='ocrx_word' id='word_1_185' title='bbox 823 2067 936 2103; x_wconf 89' lang='lat' dir='ltr'>etiam</span> <span class='ocrx_word' id='word_1_186' title='bbox 951 2072 1090 2101; x_wconf 87' lang='lat' dir='ltr'>naturae</span> <span class='ocrx_word' id='word_1_187' title='bbox 1106 2064 1188 2112; x_wconf 87' lang='lat' dir='ltr'>lege</span> <span class='ocrx_word' id='word_1_188' title='bbox 1204 2063 1420 2106; x_wconf 88' lang='lat' dir='ltr'>trahuntur,</span> 
     </span>
     <span class='ocr_line' id='line_1_28' title="bbox 589 2126 1333 2178; baseline -0.011 -11"><span class='ocrx_word' id='word_1_189' title='bbox 589 2130 751 2167; x_wconf 81' lang='lat' dir='ltr'>Affectus</span> <span class='ocrx_word' id='word_1_190' title='bbox 766 2141 925 2178; x_wconf 89' lang='lat' dir='ltr'>quarum</span> <span class='ocrx_word' id='word_1_191' title='bbox 943 2127 1060 2176; x_wconf 88' lang='lat' dir='ltr'>gratia</span> <span class='ocrx_word' id='word_1_192' title='bbox 1076 2126 1176 2162; x_wconf 90' lang='lat' dir='ltr'>nulla</span> <span class='ocrx_word' id='word_1_193' title='bbox 1195 2131 1333 2161; x_wconf 88' lang='lat' dir='ltr'>manet.</span> 
     </span>
     <span class='ocr_line' id='line_1_29' title="bbox 544 2167 1567 2240; baseline -0.008 -12"><span class='ocrx_word' id='word_1_194' title='bbox 544 2192 582 2228; x_wconf 89' lang='lat' dir='ltr'>Si</span> <span class='ocrx_word' id='word_1_195' title='bbox 594 2205 612 2227; x_wconf 93' lang='lat' dir='ltr'>r</span> <span class='ocrx_word' id='word_1_196' title='bbox 615 2197 701 2240; x_wconf 84' lang='lat' dir='ltr'>oget</span> <span class='ocrx_word' id='word_1_197' title='bbox 714 2197 778 2226; x_wconf 86' lang='lat' dir='ltr'>aut</span> <span class='ocrx_word' id='word_1_198' title='bbox 790 2190 900 2226; x_wconf 88' lang='lat' dir='ltr'>faciat</span> <span class='ocrx_word' id='word_1_199' title='bbox 912 2188 1110 2237; x_wconf 85' lang='lat' dir='ltr'>quisquam</span> <span class='ocrx_word' id='word_1_200' title='bbox 1120 2185 1222 2235; x_wconf 91' lang='lat' dir='ltr'>quod</span> <span class='ocrx_word' id='word_1_201' title='bbox 1233 2184 1340 2221; x_wconf 78' lang='lat' dir='ltr'>laedat</span> <span class='ocrx_word' id='word_1_202' title='bbox 1353 2167 1567 2229; x_wconf 81' lang='lat' dir='ltr'>honestum,</span> 
     </span>
     <span class='ocr_line' id='line_1_30' title="bbox 588 2246 1272 2298; baseline -0.012 -10"><span class='ocrx_word' id='word_1_203' title='bbox 588 2253 706 2288; x_wconf 88' lang='lat' dir='ltr'>Metas</span> <span class='ocrx_word' id='word_1_204' title='bbox 721 2257 759 2287; x_wconf 89' lang='lat' dir='ltr'>et</span> <span class='ocrx_word' id='word_1_205' title='bbox 775 2250 896 2298; x_wconf 83' lang='lat' dir='ltr'>legem</span> <span class='ocrx_word' id='word_1_206' title='bbox 913 2248 1048 2284; x_wconf 86' lang='lat' dir='ltr'>transit</span> <span class='ocrx_word' id='word_1_207' title='bbox 1062 2246 1230 2282; x_wconf 87' lang='lat' dir='ltr'>amicitiae</span> <span class='ocrx_word' id='word_1_208' title='bbox 1243 2249 1272 2283; x_wconf 76' lang='lat'>³.</span> 
     </span>
     <span class='ocr_line' id='line_1_31' title="bbox 544 2306 1412 2360; baseline -0.009 -11"><span class='ocrx_word' id='word_1_209' title='bbox 544 2312 726 2349; x_wconf 75' lang='lat' dir='ltr'>Exaudite</span> <span class='ocrx_word' id='word_1_210' title='bbox 742 2323 870 2360; x_wconf 84' lang='lat' dir='ltr'>preces</span> <span class='ocrx_word' id='word_1_211' title='bbox 888 2310 1084 2346; x_wconf 87' lang='lat' dir='ltr'>inhonesta</span> <span class='ocrx_word' id='word_1_212' title='bbox 1101 2307 1267 2356; x_wconf 86' lang='lat' dir='ltr'>rogantis</span> <span class='ocrx_word' id='word_1_213' title='bbox 1283 2306 1412 2351; x_wconf 89' lang='lat' dir='ltr'>amici,</span> 
     </span>
     <span class='ocr_line' id='line_1_32' title="bbox 588 2365 1331 2415; baseline -0.008 -7"><span class='ocrx_word' id='word_1_214' title='bbox 588 2373 653 2408; x_wconf 89' lang='lat' dir='ltr'>Est</span> <span class='ocrx_word' id='word_1_215' title='bbox 668 2371 714 2407; x_wconf 87' lang='lat' dir='ltr'>ab</span> <span class='ocrx_word' id='word_1_216' title='bbox 730 2370 898 2407; x_wconf 84' lang='lat' dir='ltr'>amicitiae</span> <span class='ocrx_word' id='word_1_217' title='bbox 915 2369 1005 2405; x_wconf 89' lang='lat' dir='ltr'>calle</span> <span class='ocrx_word' id='word_1_218' title='bbox 1020 2369 1159 2405; x_wconf 87' lang='lat' dir='ltr'>referre</span> <span class='ocrx_word' id='word_1_219' title='bbox 1177 2365 1331 2415; x_wconf 79' lang='lat' dir='ltr'>pedem3</span> 
     </span>
     <span class='ocr_line' id='line_1_33' title="bbox 541 2425 1494 2478; baseline -0.008 -9"><span class='ocrx_word' id='word_1_220' title='bbox 541 2433 629 2469; x_wconf 88' lang='lat' dir='ltr'>Plus</span> <span class='ocrx_word' id='word_1_221' title='bbox 647 2439 771 2468; x_wconf 90' lang='lat' dir='ltr'>tamen</span> <span class='ocrx_word' id='word_1_222' title='bbox 788 2430 943 2466; x_wconf 86' lang='lat' dir='ltr'>offendit</span> <span class='ocrx_word' id='word_1_223' title='bbox 958 2430 1023 2478; x_wconf 92' lang='lat' dir='ltr'>qui</span> <span class='ocrx_word' id='word_1_224' title='bbox 1040 2428 1139 2476; x_wconf 87' lang='lat' dir='ltr'>cogit</span> <span class='ocrx_word' id='word_1_225' title='bbox 1156 2427 1203 2463; x_wconf 88' lang='lat' dir='ltr'>ad</span> <span class='ocrx_word' id='word_1_226' title='bbox 1219 2428 1290 2463; x_wconf 90' lang='lat' dir='ltr'>ista</span> <span class='ocrx_word' id='word_1_227' title='bbox 1306 2425 1494 2474; x_wconf 84' lang='lat' dir='ltr'>rogando,</span> 
     </span>
     <span class='ocr_line' id='line_1_34' title="bbox 590 2486 1455 2540; baseline -0.006 -12"><span class='ocrx_word' id='word_1_228' title='bbox 590 2494 713 2539; x_wconf 83' lang='lat' dir='ltr'>Quam</span> <span class='ocrx_word' id='word_1_229' title='bbox 729 2491 792 2540; x_wconf 92' lang='lat' dir='ltr'>qui</span> <span class='ocrx_word' id='word_1_230' title='bbox 811 2501 1032 2526; x_wconf 90' lang='lat' dir='ltr'>consensum</span> <span class='ocrx_word' id='word_1_231' title='bbox 1050 2488 1113 2524; x_wconf 87' lang='lat' dir='ltr'>dat</span> <span class='ocrx_word' id='word_1_232' title='bbox 1127 2499 1237 2535; x_wconf 89' lang='lat' dir='ltr'>prece</span> <span class='ocrx_word' id='word_1_233' title='bbox 1253 2486 1373 2522; x_wconf 91' lang='lat' dir='ltr'>victus</span> <span class='ocrx_word' id='word_1_234' title='bbox 1388 2487 1455 2523; x_wconf 91' lang='lat' dir='ltr'>eis.</span> 
     </span>
     <span class='ocr_line' id='line_1_35' title="bbox 543 2547 1502 2597; baseline -0.008 -8"><span class='ocrx_word' id='word_1_235' title='bbox 543 2552 695 2589; x_wconf 81' lang='lat' dir='ltr'>Nullum</span> <span class='ocrx_word' id='word_1_236' title='bbox 713 2559 750 2587; x_wconf 88' lang='lat' dir='ltr'>te</span> <span class='ocrx_word' id='word_1_237' title='bbox 765 2550 948 2587; x_wconf 88' lang='lat' dir='ltr'>Dominus</span> <span class='ocrx_word' id='word_1_238' title='bbox 966 2548 1049 2597; x_wconf 90' lang='lat' dir='ltr'>plus</span> <span class='ocrx_word' id='word_1_239' title='bbox 1063 2560 1175 2597; x_wconf 89' lang='lat' dir='ltr'>quam</span> <span class='ocrx_word' id='word_1_240' title='bbox 1189 2554 1227 2583; x_wconf 90' lang='lat' dir='ltr'>te</span> <span class='ocrx_word' id='word_1_241' title='bbox 1243 2547 1344 2595; x_wconf 89' lang='lat' dir='ltr'>cogit</span> <span class='ocrx_word' id='word_1_242' title='bbox 1361 2559 1502 2590; x_wconf 83' lang='lat' dir='ltr'>amare3</span> 
     </span>
     <span class='ocr_line' id='line_1_36' title="bbox 588 2608 1418 2660; baseline -0.008 -11"><span class='ocrx_word' id='word_1_243' title='bbox 588 2613 622 2648; x_wconf 84' lang='lat' dir='ltr'>N</span> <span class='ocrx_word' id='word_1_244' title='bbox 625 2625 666 2648; x_wconf 91' lang='lat' dir='ltr'>ec</span> <span class='ocrx_word' id='word_1_245' title='bbox 683 2619 738 2656; x_wconf 89' lang='lat' dir='ltr'>te,</span> <span class='ocrx_word' id='word_1_246' title='bbox 758 2610 925 2660; x_wconf 88' lang='lat' dir='ltr'>quisquis</span> <span class='ocrx_word' id='word_1_247' title='bbox 944 2617 978 2645; x_wconf 89' lang='lat' dir='ltr'>te</span> <span class='ocrx_word' id='word_1_248' title='bbox 994 2608 1120 2657; x_wconf 86' lang='lat' dir='ltr'>turpia</span> <span class='ocrx_word' id='word_1_249' title='bbox 1137 2614 1263 2656; x_wconf 90' lang='lat' dir='ltr'>poscat</span> <span class='ocrx_word' id='word_1_250' title='bbox 1276 2636 1286 2651; x_wconf 93' lang='lat'>,</span> <span class='ocrx_word' id='word_1_251' title='bbox 1307 2613 1418 2643; x_wconf 88' lang='lat' dir='ltr'>amat.</span> 
     </span>
     <span class='ocr_line' id='line_1_37' title="bbox 543 2667 1450 2722; baseline -0.01 -12"><span class='ocrx_word' id='word_1_252' title='bbox 543 2675 683 2722; x_wconf 84' lang='lat' dir='ltr'>Turpia</span> <span class='ocrx_word' id='word_1_253' title='bbox 702 2685 748 2709; x_wconf 86' lang='lat' dir='ltr'>ne</span> <span class='ocrx_word' id='word_1_254' title='bbox 763 2671 872 2708; x_wconf 88' lang='lat' dir='ltr'>facias</span> <span class='ocrx_word' id='word_1_255' title='bbox 883 2699 892 2716; x_wconf 86' lang='lat'>‚</span> <span class='ocrx_word' id='word_1_256' title='bbox 911 2669 975 2706; x_wconf 90' lang='lat' dir='ltr'>sed</span> <span class='ocrx_word' id='word_1_257' title='bbox 991 2669 1082 2705; x_wconf 87' lang='lat' dir='ltr'>vites</span> <span class='ocrx_word' id='word_1_258' title='bbox 1097 2667 1253 2717; x_wconf 75' lang='lat' dir='ltr'>propter</span> <span class='ocrx_word' id='word_1_259' title='bbox 1268 2667 1429 2702; x_wconf 89' lang='lat' dir='ltr'>amicum</span> <span class='ocrx_word' id='word_1_260' title='bbox 1441 2695 1450 2711; x_wconf 91' lang='lat'>‚</span> 
     </span>
     <span class='ocr_line' id='line_1_38' title="bbox 589 2726 1244 2781; baseline -0.011 -12"><span class='ocrx_word' id='word_1_261' title='bbox 589 2734 627 2770; x_wconf 87' lang='lat' dir='ltr'>Si</span> <span class='ocrx_word' id='word_1_262' title='bbox 646 2733 750 2781; x_wconf 86' lang='lat' dir='ltr'>cupis</span> <span class='ocrx_word' id='word_1_263' title='bbox 768 2738 809 2767; x_wconf 89' lang='lat' dir='ltr'>ut</span> <span class='ocrx_word' id='word_1_264' title='bbox 827 2742 911 2766; x_wconf 86' lang='lat' dir='ltr'>vere</span> <span class='ocrx_word' id='word_1_265' title='bbox 927 2729 975 2765; x_wconf 87' lang='lat' dir='ltr'>sis</span> <span class='ocrx_word' id='word_1_266' title='bbox 992 2729 1178 2777; x_wconf 85' lang='lat' dir='ltr'>pretiosus</span> <span class='ocrx_word' id='word_1_267' title='bbox 1195 2726 1244 2763; x_wconf 80' lang='lat' dir='ltr'>ei.</span> 
     </span>
     <span class='ocr_line' id='line_1_39' title="bbox 544 2787 1522 2842; baseline -0.009 -12"><span class='ocrx_word' id='word_1_268' title='bbox 544 2795 724 2842; x_wconf 86' lang='lat' dir='ltr'>Turpiter</span> <span class='ocrx_word' id='word_1_269' title='bbox 739 2797 888 2828; x_wconf 85' lang='lat' dir='ltr'>excusat</span> <span class='ocrx_word' id='word_1_270' title='bbox 910 2801 1043 2825; x_wconf 85' lang='lat' dir='ltr'>noxam</span> <span class='ocrx_word' id='word_1_271' title='bbox 1059 2799 1171 2837; x_wconf 88' lang='lat' dir='ltr'>quem</span> <span class='ocrx_word' id='word_1_272' title='bbox 1189 2794 1344 2835; x_wconf 89' lang='lat' dir='ltr'>propter</span> <span class='ocrx_word' id='word_1_273' title='bbox 1360 2787 1522 2822; x_wconf 89' lang='lat' dir='ltr'>amicum</span> 
     </span>
     <span class='ocr_line' id='line_1_40' title="bbox 590 2847 1406 2896; baseline -0.011 -5"><span class='ocrx_word' id='word_1_274' title='bbox 590 2857 622 2891; x_wconf 89' lang='lat' dir='ltr'>A</span> <span class='ocrx_word' id='word_1_275' title='bbox 643 2867 680 2890; x_wconf 94' lang='lat' dir='ltr'>se</span> <span class='ocrx_word' id='word_1_276' title='bbox 697 2854 796 2889; x_wconf 78' lang='lat' dir='ltr'>lianc</span> <span class='ocrx_word' id='word_1_277' title='bbox 814 2849 1000 2887; x_wconf 85' lang='lat' dir='ltr'>committi</span> <span class='ocrx_word' id='word_1_278' title='bbox 1017 2849 1142 2884; x_wconf 87' lang='lat' dir='ltr'>dicere</span> <span class='ocrx_word' id='word_1_279' title='bbox 1160 2860 1237 2884; x_wconf 89' lang='lat' dir='ltr'>non</span> <span class='ocrx_word' id='word_1_280' title='bbox 1256 2847 1406 2896; x_wconf 87' lang='lat' dir='ltr'>pudeat.</span> 
     </span>
     <span class='ocr_line' id='line_1_41' title="bbox 543 2907 1427 2962; baseline -0.01 -11"><span class='ocrx_word' id='word_1_281' title='bbox 543 2917 700 2962; x_wconf 82' lang='lat' dir='ltr'>Propter</span> <span class='ocrx_word' id='word_1_282' title='bbox 717 2912 919 2949; x_wconf 87' lang='lat' dir='ltr'>amicitiam</span> <span class='ocrx_word' id='word_1_283' title='bbox 938 2911 968 2947; x_wconf 87' lang='lat' dir='ltr'>si</span> <span class='ocrx_word' id='word_1_284' title='bbox 985 2908 1078 2958; x_wconf 86' lang='lat' dir='ltr'>quid</span> <span class='ocrx_word' id='word_1_285' title='bbox 1095 2909 1316 2944; x_wconf 82' lang='lat' dir='ltr'>commisero</span> <span class='ocrx_word' id='word_1_286' title='bbox 1333 2907 1404 2943; x_wconf 90' lang='lat' dir='ltr'>vile</span> <span class='ocrx_word' id='word_1_287' title='bbox 1417 2935 1427 2951; x_wconf 89' lang='lat'><strong>,</strong></span> 
     </span>
     <span class='ocr_line' id='line_1_42' title="bbox 590 2968 1475 3022; baseline -0.011 -10"><span class='ocrx_word' id='word_1_288' title='bbox 590 2976 645 3012; x_wconf 84' lang='lat' dir='ltr'>Re</span> <span class='ocrx_word' id='word_1_289' title='bbox 664 2974 764 3022; x_wconf 86' lang='lat' dir='ltr'>turpi</span> <span class='ocrx_word' id='word_1_290' title='bbox 786 2972 982 3022; x_wconf 81' lang='lat' dir='ltr'>pulchram</span> <span class='ocrx_word' id='word_1_291' title='bbox 1000 2969 1119 3015; x_wconf 86' lang='lat' dir='ltr'>foedo,</span> <span class='ocrx_word' id='word_1_292' title='bbox 1139 2969 1308 3018; x_wconf 91' lang='lat' dir='ltr'>malaque</span> <span class='ocrx_word' id='word_1_293' title='bbox 1326 2968 1475 3004; x_wconf 86' lang='lat' dir='ltr'>bonam.</span> 
     </span>
     <span class='ocr_line' id='line_1_43' title="bbox 546 3028 1572 3083; baseline -0.009 -11"><span class='ocrx_word' id='word_1_294' title='bbox 546 3036 677 3072; x_wconf 89' lang='lat' dir='ltr'>Debita</span> <span class='ocrx_word' id='word_1_295' title='bbox 695 3042 782 3070; x_wconf 91' lang='lat' dir='ltr'>sunt</span> <span class='ocrx_word' id='word_1_296' title='bbox 798 3046 910 3083; x_wconf 91' lang='lat' dir='ltr'>quam</span> <span class='ocrx_word' id='word_1_297' title='bbox 928 3031 1025 3068; x_wconf 90' lang='lat' dir='ltr'>dona</span> <span class='ocrx_word' id='word_1_298' title='bbox 1044 3031 1162 3079; x_wconf 85' lang='lat' dir='ltr'>magis</span> <span class='ocrx_word' id='word_1_299' title='bbox 1179 3042 1259 3079; x_wconf 89' lang='lat' dir='ltr'>quae</span> <span class='ocrx_word' id='word_1_300' title='bbox 1278 3028 1415 3065; x_wconf 90' lang='lat' dir='ltr'>dantur</span> <span class='ocrx_word' id='word_1_301' title='bbox 1431 3029 1572 3074; x_wconf 90' lang='lat' dir='ltr'>amico;</span> 
     </span>
     <span class='ocr_line' id='line_1_44' title="bbox 592 3091 1524 3142; baseline -0.009 -10"><span class='ocrx_word' id='word_1_302' title='bbox 592 3096 655 3131; x_wconf 80' lang='lat' dir='ltr'>Nil</span> <span class='ocrx_word' id='word_1_303' title='bbox 675 3103 800 3131; x_wconf 89' lang='lat' dir='ltr'>tamen</span> <span class='ocrx_word' id='word_1_304' title='bbox 823 3101 879 3130; x_wconf 88' lang='lat' dir='ltr'>est</span> <span class='ocrx_word' id='word_1_305' title='bbox 897 3105 972 3142; x_wconf 91' lang='lat' dir='ltr'>quo</span> <span class='ocrx_word' id='word_1_306' title='bbox 992 3091 1076 3141; x_wconf 87' lang='lat' dir='ltr'>plus</span> <span class='ocrx_word' id='word_1_307' title='bbox 1100 3091 1176 3127; x_wconf 86' lang='lat' dir='ltr'>non</span> <span class='ocrx_word' id='word_1_308' title='bbox 1199 3096 1387 3126; x_wconf 88' lang='lat' dir='ltr'>mereatur</span> <span class='ocrx_word' id='word_1_309' title='bbox 1409 3101 1524 3125; x_wconf 89' lang='lat' dir='ltr'>amor.</span> 
     </span>
     <span class='ocr_line' id='line_1_45' title="bbox 549 3150 1451 3202; baseline -0.003 -13"><span class='ocrx_word' id='word_1_310' title='bbox 549 3158 652 3202; x_wconf 87' lang='lat' dir='ltr'>Quos</span> <span class='ocrx_word' id='word_1_311' title='bbox 667 3156 705 3191; x_wconf 91' lang='lat' dir='ltr'>in</span> <span class='ocrx_word' id='word_1_312' title='bbox 721 3154 883 3191; x_wconf 83' lang='lat' dir='ltr'>amicitia</span> <span class='ocrx_word' id='word_1_313' title='bbox 901 3165 966 3190; x_wconf 86' lang='lat' dir='ltr'>sua</span> <span class='ocrx_word' id='word_1_314' title='bbox 983 3164 1146 3202; x_wconf 89' lang='lat' dir='ltr'>quaerere</span> <span class='ocrx_word' id='word_1_315' title='bbox 1165 3151 1268 3187; x_wconf 85' lang='lat' dir='ltr'>lucra</span> <span class='ocrx_word' id='word_1_316' title='bbox 1289 3150 1451 3195; x_wconf 80' lang='lat' dir='ltr'>videbis,</span> 
     </span>
    </p>
   </div>
   <div class='ocr_carea' id='block_1_4' title="bbox 541 3279 1575 3554">
    <p class='ocr_par' dir='ltr' id='par_1_4' title="bbox 541 3279 1575 3554">
     <span class='ocr_line' id='line_1_46' title="bbox 587 3279 1566 3325; baseline -0.002 -9"><span class='ocrx_word' id='word_1_317' title='bbox 587 3284 597 3301; x_wconf 82' lang='lat'>¹</span> <span class='ocrx_word' id='word_1_318' title='bbox 628 3285 712 3324; x_wconf 84' lang='lat' dir='ltr'>Quid</span> <span class='ocrx_word' id='word_1_319' title='bbox 741 3284 846 3325; x_wconf 53' lang='lat' dir='ltr'>differt</span> <span class='ocrx_word' id='word_1_320' title='bbox 872 3282 954 3315; x_wconf 88' lang='lat' dir='ltr'>Cod.</span> <span class='ocrx_word' id='word_1_321' title='bbox 985 3282 1073 3316; x_wconf 86' lang='lat' dir='ltr'>Cott.</span> <span class='ocrx_word' id='word_1_322' title='bbox 1089 3299 1134 3306; x_wconf 94' lang='lat'>—</span> <span class='ocrx_word' id='word_1_323' title='bbox 1149 3280 1162 3298; x_wconf 72' lang='lat'><strong>⁹</strong></span> <span class='ocrx_word' id='word_1_324' title='bbox 1179 3282 1267 3315; x_wconf 82' lang='lat' dir='ltr'>Data</span> <span class='ocrx_word' id='word_1_325' title='bbox 1286 3283 1350 3314; x_wconf 73' lang='lat' dir='ltr'>sint</span> <span class='ocrx_word' id='word_1_326' title='bbox 1366 3279 1448 3313; x_wconf 86' lang='lat' dir='ltr'>Cod.</span> <span class='ocrx_word' id='word_1_327' title='bbox 1468 3280 1566 3314; x_wconf 92' lang='lat' dir='ltr'>Burn.</span> 
     </span>
     <span class='ocr_line' id='line_1_47' title="bbox 542 3338 1571 3373; baseline 0 -1"><span class='ocrx_word' id='word_1_328' title='bbox 542 3357 585 3365; x_wconf 92' lang='lat'>—-</span> <span class='ocrx_word' id='word_1_329' title='bbox 596 3340 609 3357; x_wconf 80' lang='lat'>⁸</span> <span class='ocrx_word' id='word_1_330' title='bbox 624 3340 683 3373; x_wconf 88' lang='lat' dir='ltr'>Hic</span> <span class='ocrx_word' id='word_1_331' title='bbox 699 3339 934 3372; x_wconf 84' lang='lat' dir='ltr'>interseruntur</span> <span class='ocrx_word' id='word_1_332' title='bbox 948 3338 981 3370; x_wconf 90' lang='lat' dir='ltr'>in</span> <span class='ocrx_word' id='word_1_333' title='bbox 995 3338 1077 3371; x_wconf 90' lang='lat' dir='ltr'>Cod.</span> <span class='ocrx_word' id='word_1_334' title='bbox 1095 3338 1180 3371; x_wconf 84' lang='lat' dir='ltr'>Cott.</span> <span class='ocrx_word' id='word_1_335' title='bbox 1195 3348 1307 3371; x_wconf 84' lang='lat' dir='ltr'>versus</span> <span class='ocrx_word' id='word_1_336' title='bbox 1321 3338 1371 3371; x_wconf 77' lang='lat' dir='ltr'>An</span> <span class='ocrx_word' id='word_1_337' title='bbox 1383 3347 1417 3370; x_wconf 78' lang='lat' dir='ltr'>se</span> <span class='ocrx_word' id='word_1_338' title='bbox 1432 3339 1571 3372; x_wconf 73' lang='lat' dir='ltr'>luxuriae</span> 
     </span>
     <span class='ocr_line' id='line_1_48' title="bbox 542 3394 1573 3438; baseline -0.003 -8"><span class='ocrx_word' id='word_1_339' title='bbox 542 3399 643 3430; x_wconf 78' lang='lat' dir='ltr'>solam</span> <span class='ocrx_word' id='word_1_340' title='bbox 656 3403 750 3438; x_wconf 82' lang='lat' dir='ltr'>putat</span> <span class='ocrx_word' id='word_1_341' title='bbox 762 3406 828 3428; x_wconf 72' lang='lat' dir='ltr'>esse</span> <span class='ocrx_word' id='word_1_342' title='bbox 844 3402 986 3428; x_wconf 82' lang='lat' dir='ltr'>creatam</span> <span class='ocrx_word' id='word_1_343' title='bbox 1002 3401 1034 3427; x_wconf 88' lang='lat' dir='ltr'>et</span> <span class='ocrx_word' id='word_1_344' title='bbox 1047 3405 1097 3438; x_wconf 84' lang='lat' dir='ltr'>sq.</span> <span class='ocrx_word' id='word_1_345' title='bbox 1108 3418 1117 3434; x_wconf 86' lang='lat'><em>‚</em></span> <span class='ocrx_word' id='word_1_346' title='bbox 1133 3405 1236 3438; x_wconf 86' lang='lat' dir='ltr'>usque</span> <span class='ocrx_word' id='word_1_347' title='bbox 1249 3394 1292 3428; x_wconf 90' lang='lat' dir='ltr'>ad</span> <span class='ocrx_word' id='word_1_348' title='bbox 1311 3394 1441 3427; x_wconf 73' lang='lat' dir='ltr'>Vilescit</span> <span class='ocrx_word' id='word_1_349' title='bbox 1460 3396 1573 3427; x_wconf 69' lang='lat' dir='ltr'>mulier</span> 
     </span>
     <span class='ocr_line' id='line_1_49' title="bbox 541 3449 1571 3495; baseline -0.003 -10"><span class='ocrx_word' id='word_1_350' title='bbox 541 3455 718 3494; x_wconf 70' lang='lat' dir='ltr'>suspicione</span> <span class='ocrx_word' id='word_1_351' title='bbox 728 3455 803 3491; x_wconf 81' lang='lat' dir='ltr'>cito,</span> <span class='ocrx_word' id='word_1_352' title='bbox 812 3462 892 3495; x_wconf 79' lang='lat' dir='ltr'>quos</span> <span class='ocrx_word' id='word_1_353' title='bbox 902 3451 910 3482; x_wconf 91' lang='lat' dir='ltr'>i</span> <span class='ocrx_word' id='word_1_354' title='bbox 915 3451 983 3483; x_wconf 73' lang='lat' dir='ltr'>nfra</span> <span class='ocrx_word' id='word_1_355' title='bbox 990 3449 1166 3492; x_wconf 83' lang='lat' dir='ltr'>rejicimus,</span> <span class='ocrx_word' id='word_1_356' title='bbox 1173 3450 1352 3486; x_wconf 80' lang='lat' dir='ltr'>secundum</span> <span class='ocrx_word' id='word_1_357' title='bbox 1358 3449 1421 3483; x_wconf 84' lang='lat' dir='ltr'>Th.</span> <span class='ocrx_word' id='word_1_358' title='bbox 1429 3449 1571 3493; x_wconf 85' lang='lat' dir='ltr'>Wright‚</span> 
     </span>
     <span class='ocr_line' id='line_1_50' title="bbox 542 3506 1575 3554; baseline -0.003 -12"><span class='ocrx_word' id='word_1_359' title='bbox 542 3516 573 3542; x_wconf 86' lang='lat' dir='ltr'>ct</span> <span class='ocrx_word' id='word_1_360' title='bbox 604 3509 750 3542; x_wconf 86' lang='lat' dir='ltr'>codicem</span> <span class='ocrx_word' id='word_1_361' title='bbox 778 3508 1021 3542; x_wconf 81' lang='lat' dir='ltr'>Burneiensem.</span> <span class='ocrx_word' id='word_1_362' title='bbox 1050 3525 1087 3531; x_wconf 75' lang='lat'>—</span> <span class='ocrx_word' id='word_1_363' title='bbox 1101 3541 1108 3554; x_wconf 34' lang='grc' dir='ltr'><strong>ι</strong></span> <span class='ocrx_word' id='word_1_364' title='bbox 1121 3507 1136 3525; x_wconf 80' lang='lat'><strong>⁴</strong></span> <span class='ocrx_word' id='word_1_365' title='bbox 1165 3507 1201 3540; x_wconf 91' lang='lat' dir='ltr'>ln</span> <span class='ocrx_word' id='word_1_366' title='bbox 1235 3514 1372 3551; x_wconf 82' lang='lat' dir='ltr'>utroque</span> <span class='ocrx_word' id='word_1_367' title='bbox 1402 3506 1524 3540; x_wconf 85' lang='lat' dir='ltr'>Codice</span> <span class='ocrx_word' id='word_1_368' title='bbox 1556 3517 1575 3539; x_wconf 88' lang='lat' dir='ltr'>a</span> 
     </span>
    </p>
   </div>
   <div class='ocr_carea' id='block_1_5' title="bbox 1339 422 1859 474">
    <p class='ocr_par' dir='ltr' id='par_1_5' title="bbox 1339 422 1859 474">
     <span class='ocr_line' id='line_1_51' title="bbox 1339 422 1859 474; baseline 0.01 -5"><span class='ocrx_word' id='word_1_369' title='bbox 1339 423 1512 470; x_wconf 87' lang='lat' dir='ltr'>PETRI</span> <span class='ocrx_word' id='word_1_370' title='bbox 1526 442 1527 445; x_wconf 44' lang='lat'>¹</span> <span class='ocrx_word' id='word_1_371' title='bbox 1543 422 1859 474; x_wconf 83' lang='lat' dir='ltr'><strong>&#39;ABAELARDI</strong></span> 
     </span>
    </p>
   </div>
   <div class='ocr_carea' id='block_1_6' title="bbox 1626 517 2472 623">
    <p class='ocr_par' dir='ltr' id='par_1_6' title="bbox 1626 517 2472 623">
     <span class='ocr_line' id='line_1_52' title="bbox 1674 517 2471 567; baseline 0 -13"><span class='ocrx_word' id='word_1_372' title='bbox 1674 519 1787 565; x_wconf 87' lang='lat' dir='ltr'>Quod</span> <span class='ocrx_word' id='word_1_373' title='bbox 1806 519 1880 555; x_wconf 90' lang='lat' dir='ltr'>dici</span> <span class='ocrx_word' id='word_1_374' title='bbox 1897 520 2073 567; x_wconf 89' lang='lat' dir='ltr'>cupiunt,</span> <span class='ocrx_word' id='word_1_375' title='bbox 2090 518 2163 554; x_wconf 89' lang='lat' dir='ltr'>hoc</span> <span class='ocrx_word' id='word_1_376' title='bbox 2180 517 2354 555; x_wconf 84' lang='lat' dir='ltr'>simulare</span> <span class='ocrx_word' id='word_1_377' title='bbox 2367 519 2471 555; x_wconf 83' lang='lat' dir='ltr'>scias.</span> 
     </span>
     <span class='ocr_line' id='line_1_53' title="bbox 1626 578 2472 623; baseline -0.004 -7"><span class='ocrx_word' id='word_1_378' title='bbox 1626 579 1665 616; x_wconf 93' lang='lat' dir='ltr'>Si</span> <span class='ocrx_word' id='word_1_379' title='bbox 1681 591 1757 615; x_wconf 93' lang='lat' dir='ltr'>non</span> <span class='ocrx_word' id='word_1_380' title='bbox 1774 579 1967 615; x_wconf 90' lang='lat' dir='ltr'>subvenias</span> <span class='ocrx_word' id='word_1_381' title='bbox 1984 578 2103 614; x_wconf 89' lang='lat' dir='ltr'>donec</span> <span class='ocrx_word' id='word_1_382' title='bbox 2117 584 2155 614; x_wconf 90' lang='lat' dir='ltr'>te</span> <span class='ocrx_word' id='word_1_383' title='bbox 2169 585 2296 614; x_wconf 88' lang='lat' dir='ltr'>exoret</span> <span class='ocrx_word' id='word_1_384' title='bbox 2312 578 2472 623; x_wconf 85' lang='lat' dir='ltr'>amicus,</span> 
     </span>
    </p>
   </div>
   <div class='ocr_carea' id='block_1_7' title="bbox 1611 633 2525 686">
    <p class='ocr_par' dir='ltr' id='par_1_7' title="bbox 1611 633 2525 686">
     <span class='ocr_line' id='line_1_54' title="bbox 1611 633 2525 686; baseline -0.001 -12"><span class='ocrx_word' id='word_1_385' title='bbox 1611 653 1618 667; x_wconf 66' lang='lat' dir='ltr'>x</span> <span class='ocrx_word' id='word_1_386' title='bbox 1673 633 1764 685; x_wconf 73' lang='lat' dir='ltr'>Quae</span> <span class='ocrx_word' id='word_1_387' title='bbox 1779 639 1868 674; x_wconf 87' lang='lat' dir='ltr'>dare</span> <span class='ocrx_word' id='word_1_388' title='bbox 1883 645 1921 675; x_wconf 89' lang='lat' dir='ltr'>te</span> <span class='ocrx_word' id='word_1_389' title='bbox 1937 638 2075 684; x_wconf 86' lang='lat' dir='ltr'>credis,</span> <span class='ocrx_word' id='word_1_390' title='bbox 2096 637 2255 674; x_wconf 90' lang='lat' dir='ltr'>vendere</span> <span class='ocrx_word' id='word_1_391' title='bbox 2269 637 2379 675; x_wconf 85' lang='lat' dir='ltr'>crede</span> <span class='ocrx_word' id='word_1_392' title='bbox 2392 638 2525 686; x_wconf 88' lang='lat' dir='ltr'>magis.</span> 
     </span>
    </p>
   </div>
   <div class='ocr_carea' id='block_1_8' title="bbox 1622 696 2656 2500">
    <p class='ocr_par' dir='ltr' id='par_1_8' title="bbox 1626 696 2655 809">
     <span class='ocr_line' id='line_1_55' title="bbox 1626 696 2655 747; baseline -0.002 -12"><span class='ocrx_word' id='word_1_393' title='bbox 1626 699 1710 735; x_wconf 86' lang='lat' dir='ltr'>Non</span> <span class='ocrx_word' id='word_1_394' title='bbox 1726 711 1838 747; x_wconf 90' lang='lat' dir='ltr'>parvo</span> <span class='ocrx_word' id='word_1_395' title='bbox 1855 699 1976 747; x_wconf 89' lang='lat' dir='ltr'>pretio</span> <span class='ocrx_word' id='word_1_396' title='bbox 1991 705 2048 734; x_wconf 90' lang='lat' dir='ltr'>est</span> <span class='ocrx_word' id='word_1_397' title='bbox 2064 698 2179 734; x_wconf 88' lang='lat' dir='ltr'>rubor</span> <span class='ocrx_word' id='word_1_398' title='bbox 2193 697 2255 733; x_wconf 91' lang='lat' dir='ltr'>ille</span> <span class='ocrx_word' id='word_1_399' title='bbox 2269 698 2435 746; x_wconf 85' lang='lat' dir='ltr'>rogantis</span> <span class='ocrx_word' id='word_1_400' title='bbox 2450 696 2655 742; x_wconf 82' lang='lat' dir='ltr'>habendus,</span> 
     </span>
     <span class='ocr_line' id='line_1_56' title="bbox 1673 757 2451 809; baseline -0.001 -14"><span class='ocrx_word' id='word_1_401' title='bbox 1673 760 1758 807; x_wconf 85' lang='lat' dir='ltr'>Quo</span> <span class='ocrx_word' id='word_1_402' title='bbox 1778 771 1859 809; x_wconf 84' lang='lat' dir='ltr'>quae</span> <span class='ocrx_word' id='word_1_403' title='bbox 1876 766 1917 794; x_wconf 92' lang='lat' dir='ltr'>tu</span> <span class='ocrx_word' id='word_1_404' title='bbox 1933 758 2028 795; x_wconf 80' lang='lat' dir='ltr'>dicis</span> <span class='ocrx_word' id='word_1_405' title='bbox 2043 757 2160 804; x_wconf 89' lang='lat' dir='ltr'>dona,</span> <span class='ocrx_word' id='word_1_406' title='bbox 2184 764 2332 794; x_wconf 85' lang='lat' dir='ltr'>coactus</span> <span class='ocrx_word' id='word_1_407' title='bbox 2346 757 2451 794; x_wconf 85' lang='lat' dir='ltr'>emi-t.</span> 
     </span>
    </p>

    <p class='ocr_par' dir='ltr' id='par_1_9' title="bbox 1624 817 2656 929">
     <span class='ocr_line' id='line_1_57' title="bbox 1624 817 2656 868; baseline -0.003 -13"><span class='ocrx_word' id='word_1_408' title='bbox 1624 819 1713 856; x_wconf 91' lang='lat' dir='ltr'>Plus</span> <span class='ocrx_word' id='word_1_409' title='bbox 1732 820 1865 868; x_wconf 88' lang='lat' dir='ltr'>recipit</span> <span class='ocrx_word' id='word_1_410' title='bbox 1881 831 1994 868; x_wconf 89' lang='lat' dir='ltr'>quam</span> <span class='ocrx_word' id='word_1_411' title='bbox 2011 818 2087 863; x_wconf 91' lang='lat' dir='ltr'>dat,</span> <span class='ocrx_word' id='word_1_412' title='bbox 2104 830 2172 866; x_wconf 86' lang='lat' dir='ltr'>pro</span> <span class='ocrx_word' id='word_1_413' title='bbox 2185 817 2292 854; x_wconf 85' lang='lat' dir='ltr'>donis</span> <span class='ocrx_word' id='word_1_414' title='bbox 2303 817 2475 866; x_wconf 86' lang='lat' dir='ltr'>quisquis</span> <span class='ocrx_word' id='word_1_415' title='bbox 2490 824 2656 858; x_wconf 59' lang='lat' dir='ltr'>amatum</span> 
     </span>
     <span class='ocr_line' id='line_1_58' title="bbox 1673 871 2458 929; baseline -0.003 -13"><span class='ocrx_word' id='word_1_416' title='bbox 1673 880 1768 916; x_wconf 90' lang='lat' dir='ltr'>Nam</span> <span class='ocrx_word' id='word_1_417' title='bbox 1785 879 1878 929; x_wconf 90' lang='lat' dir='ltr'>quid</span> <span class='ocrx_word' id='word_1_418' title='bbox 1895 878 2058 915; x_wconf 89' lang='lat' dir='ltr'>amicitia</span> <span class='ocrx_word' id='word_1_419' title='bbox 2075 879 2197 915; x_wconf 85' lang='lat' dir='ltr'>carius</span> <span class='ocrx_word' id='word_1_420' title='bbox 2213 871 2300 915; x_wconf 80' lang='lat' dir='ltr'>esse&#39;</span> <span class='ocrx_word' id='word_1_421' title='bbox 2307 879 2458 927; x_wconf 80' lang='lat' dir='ltr'>potest?</span> 
     </span>
    </p>

    <p class='ocr_par' dir='ltr' id='par_1_10' title="bbox 1626 935 2514 1049">
     <span class='ocr_line' id='line_1_59' title="bbox 1626 935 2435 988; baseline -0.004 -11"><span class='ocrx_word' id='word_1_422' title='bbox 1626 940 1784 988; x_wconf 89' lang='lat' dir='ltr'>Majores</span> <span class='ocrx_word' id='word_1_423' title='bbox 1804 947 1925 988; x_wconf 83' lang='lat' dir='ltr'>grates</span> <span class='ocrx_word' id='word_1_424' title='bbox 1936 935 2039 976; x_wconf 64' lang='lat' dir='ltr'>&gt;dono</span> <span class='ocrx_word' id='word_1_425' title='bbox 2058 939 2199 987; x_wconf 88' lang='lat' dir='ltr'>majore</span> <span class='ocrx_word' id='word_1_426' title='bbox 2218 951 2409 975; x_wconf 86' lang='lat' dir='ltr'>meremur</span> <span class='ocrx_word' id='word_1_427' title='bbox 2427 955 2435 974; x_wconf 90' lang='lat'>:</span> 
     </span>
     <span class='ocr_line' id='line_1_60' title="bbox 1673 998 2514 1049; baseline -0.002 -13"><span class='ocrx_word' id='word_1_428' title='bbox 1673 1000 1793 1048; x_wconf 86' lang='lat' dir='ltr'>Majus</span> <span class='ocrx_word' id='word_1_429' title='bbox 1811 1013 1849 1036; x_wconf 89' lang='lat' dir='ltr'>se</span> <span class='ocrx_word' id='word_1_430' title='bbox 1864 1000 1988 1036; x_wconf 89' lang='lat' dir='ltr'>dando</span> <span class='ocrx_word' id='word_1_431' title='bbox 2004 1011 2117 1049; x_wconf 87' lang='lat' dir='ltr'>quam</span> <span class='ocrx_word' id='word_1_432' title='bbox 2137 1011 2201 1036; x_wconf 87' lang='lat' dir='ltr'>sua</span> <span class='ocrx_word' id='word_1_433' title='bbox 2218 1000 2377 1048; x_wconf 90' lang='lat' dir='ltr'>quisque</span> <span class='ocrx_word' id='word_1_434' title='bbox 2396 998 2514 1034; x_wconf 83' lang='lat' dir='ltr'>dabit.</span> 
     </span>
    </p>

    <p class='ocr_par' dir='ltr' id='par_1_11' title="bbox 1625 1059 2559 1170">
     <span class='ocr_line' id='line_1_61' title="bbox 1625 1059 2559 1109; baseline -0.003 -12"><span class='ocrx_word' id='word_1_435' title='bbox 1625 1060 1731 1097; x_wconf 89' lang='lat' dir='ltr'>Alter</span> <span class='ocrx_word' id='word_1_436' title='bbox 1745 1073 1816 1109; x_wconf 88' lang='lat' dir='ltr'>ego</span> <span class='ocrx_word' id='word_1_437' title='bbox 1832 1061 1903 1096; x_wconf 89' lang='lat' dir='ltr'>nisi</span> <span class='ocrx_word' id='word_1_438' title='bbox 1922 1060 1989 1106; x_wconf 87' lang='lat' dir='ltr'>sis,</span> <span class='ocrx_word' id='word_1_439' title='bbox 2010 1072 2086 1096; x_wconf 91' lang='lat' dir='ltr'>non</span> <span class='ocrx_word' id='word_1_440' title='bbox 2103 1071 2142 1095; x_wconf 90' lang='lat' dir='ltr'>es</span> <span class='ocrx_word' id='word_1_441' title='bbox 2159 1059 2252 1095; x_wconf 90' lang='lat' dir='ltr'>mihi</span> <span class='ocrx_word' id='word_1_442' title='bbox 2271 1070 2378 1095; x_wconf 90' lang='lat' dir='ltr'>verus</span> <span class='ocrx_word' id='word_1_443' title='bbox 2398 1059 2559 1102; x_wconf 86' lang='lat' dir='ltr'>amicus;</span> 
     </span>
     <span class='ocr_line' id='line_1_62' title="bbox 1673 1120 2458 1170; baseline -0.003 -13"><span class='ocrx_word' id='word_1_444' title='bbox 1673 1122 1721 1158; x_wconf 90' lang='lat' dir='ltr'>Ni</span> <span class='ocrx_word' id='word_1_445' title='bbox 1739 1122 1835 1158; x_wconf 91' lang='lat' dir='ltr'>mihi</span> <span class='ocrx_word' id='word_1_446' title='bbox 1851 1122 1900 1158; x_wconf 87' lang='lat' dir='ltr'>sis</span> <span class='ocrx_word' id='word_1_447' title='bbox 1917 1128 1961 1157; x_wconf 89' lang='lat' dir='ltr'>ut</span> <span class='ocrx_word' id='word_1_448' title='bbox 1976 1132 2066 1170; x_wconf 86' lang='lat' dir='ltr'>ego,</span> <span class='ocrx_word' id='word_1_449' title='bbox 2085 1132 2160 1156; x_wconf 88' lang='lat' dir='ltr'>non</span> <span class='ocrx_word' id='word_1_450' title='bbox 2177 1121 2251 1156; x_wconf 91' lang='lat' dir='ltr'>eris</span> <span class='ocrx_word' id='word_1_451' title='bbox 2266 1120 2359 1156; x_wconf 87' lang='lat' dir='ltr'>alter</span> <span class='ocrx_word' id='word_1_452' title='bbox 2375 1131 2458 1167; x_wconf 83' lang='lat' dir='ltr'>ego.</span> 
     </span>
    </p>

    <p class='ocr_par' dir='ltr' id='par_1_12' title="bbox 1624 1172 2655 1291">
     <span class='ocr_line' id='line_1_63' title="bbox 1624 1172 2655 1229; baseline -0.004 -11"><span class='ocrx_word' id='word_1_453' title='bbox 1624 1183 1700 1229; x_wconf 87' lang='lat' dir='ltr'>Qui</span> <span class='ocrx_word' id='word_1_454' title='bbox 1708 1183 1904 1227; x_wconf 87' lang='lat' dir='ltr'>bonusest,</span> <span class='ocrx_word' id='word_1_455' title='bbox 1914 1172 2094 1217; x_wconf 71' lang='lat' dir='ltr'>damnum</span> <span class='ocrx_word' id='word_1_456' title='bbox 2102 1180 2309 1217; x_wconf 83' lang='lat' dir='ltr'>contemnit</span> <span class='ocrx_word' id='word_1_457' title='bbox 2316 1186 2470 1228; x_wconf 81' lang='lat' dir='ltr'>propter</span> <span class='ocrx_word' id='word_1_458' title='bbox 2478 1180 2655 1224; x_wconf 89' lang='lat' dir='ltr'>amicum;</span> 
     </span>
     <span class='ocr_line' id='line_1_64' title="bbox 1669 1240 2447 1291; baseline -0.005 -11"><span class='ocrx_word' id='word_1_459' title='bbox 1669 1244 1731 1281; x_wconf 88' lang='lat' dir='ltr'>sic</span> <span class='ocrx_word' id='word_1_460' title='bbox 1747 1244 1884 1280; x_wconf 81' lang='lat' dir='ltr'>etenim</span> <span class='ocrx_word' id='word_1_461' title='bbox 1902 1242 2032 1291; x_wconf 89' lang='lat' dir='ltr'>prodi,</span> <span class='ocrx_word' id='word_1_462' title='bbox 2052 1243 2081 1277; x_wconf 89' lang='lat' dir='ltr'>si</span> <span class='ocrx_word' id='word_1_463' title='bbox 2099 1241 2146 1277; x_wconf 91' lang='lat' dir='ltr'>sit</span> <span class='ocrx_word' id='word_1_464' title='bbox 2162 1241 2303 1278; x_wconf 86' lang='lat' dir='ltr'>amicus</span> <span class='ocrx_word' id='word_1_465' title='bbox 2319 1240 2447 1277; x_wconf 87' lang='lat' dir='ltr'>habet.</span> 
     </span>
    </p>

    <p class='ocr_par' dir='ltr' id='par_1_13' title="bbox 1622 1299 2653 1410">
     <span class='ocr_line' id='line_1_65' title="bbox 1622 1299 2547 1350; baseline -0.005 -11"><span class='ocrx_word' id='word_1_466' title='bbox 1622 1302 1739 1350; x_wconf 88' lang='lat' dir='ltr'>Cujus</span> <span class='ocrx_word' id='word_1_467' title='bbox 1755 1301 1976 1338; x_wconf 90' lang='lat' dir='ltr'>criminibus</span> <span class='ocrx_word' id='word_1_468' title='bbox 1994 1301 2068 1336; x_wconf 88' lang='lat' dir='ltr'>cito</span> <span class='ocrx_word' id='word_1_469' title='bbox 2085 1299 2225 1345; x_wconf 87' lang='lat' dir='ltr'>credis,</span> <span class='ocrx_word' id='word_1_470' title='bbox 2245 1311 2321 1335; x_wconf 89' lang='lat' dir='ltr'>uon</span> <span class='ocrx_word' id='word_1_471' title='bbox 2338 1311 2377 1335; x_wconf 88' lang='lat' dir='ltr'>es</span> <span class='ocrx_word' id='word_1_472' title='bbox 2393 1299 2547 1334; x_wconf 91' lang='lat' dir='ltr'>amicus.</span> 
     </span>
     <span class='ocr_line' id='line_1_66' title="bbox 1669 1358 2653 1410; baseline -0.005 -12"><span class='ocrx_word' id='word_1_473' title='bbox 1669 1362 1834 1399; x_wconf 87' lang='lat' dir='ltr'>Ultimus</span> <span class='ocrx_word' id='word_1_474' title='bbox 1852 1362 1941 1398; x_wconf 92' lang='lat' dir='ltr'>hinc</span> <span class='ocrx_word' id='word_1_475' title='bbox 1957 1361 2115 1410; x_wconf 85' lang='lat' dir='ltr'>propriae</span> <span class='ocrx_word' id='word_1_476' title='bbox 2133 1362 2203 1397; x_wconf 91' lang='lat' dir='ltr'>scit</span> <span class='ocrx_word' id='word_1_477' title='bbox 2219 1360 2313 1396; x_wconf 87' lang='lat' dir='ltr'>mala</span> <span class='ocrx_word' id='word_1_478' title='bbox 2330 1360 2488 1409; x_wconf 88' lang='lat' dir='ltr'>quisque</span> <span class='ocrx_word' id='word_1_479' title='bbox 2506 1358 2653 1395; x_wconf 86' lang='lat' dir='ltr'>domus.</span> 
     </span>
    </p>

    <p class='ocr_par' dir='ltr' id='par_1_14' title="bbox 1623 1420 2583 1520">
     <span class='ocr_line' id='line_1_67' title="bbox 1623 1420 2583 1472; baseline -0.004 -13"><span class='ocrx_word' id='word_1_480' title='bbox 1623 1423 1656 1459; x_wconf 88' lang='lat' dir='ltr'>N</span> <span class='ocrx_word' id='word_1_481' title='bbox 1660 1435 1707 1459; x_wconf 93' lang='lat' dir='ltr'>on</span> <span class='ocrx_word' id='word_1_482' title='bbox 1724 1423 1863 1472; x_wconf 89' lang='lat' dir='ltr'>poterit</span> <span class='ocrx_word' id='word_1_483' title='bbox 1878 1422 2050 1471; x_wconf 85' lang='lat' dir='ltr'>proprios</span> <span class='ocrx_word' id='word_1_484' title='bbox 2065 1433 2288 1470; x_wconf 86' lang='lat' dir='ltr'>cognoscere</span> <span class='ocrx_word' id='word_1_485' title='bbox 2305 1420 2406 1456; x_wconf 90' lang='lat' dir='ltr'>dives</span> <span class='ocrx_word' id='word_1_486' title='bbox 2423 1420 2561 1456; x_wconf 88' lang='lat' dir='ltr'>amicos</span> <span class='ocrx_word' id='word_1_487' title='bbox 2573 1449 2583 1464; x_wconf 94' lang='lat'><strong>‚</strong></span> 
     </span>
     <span class='ocr_line' id='line_1_68' title="bbox 1669 1481 2429 1520; baseline -0.005 0"><span class='ocrx_word' id='word_1_488' title='bbox 1669 1484 1730 1520; x_wconf 90' lang='lat' dir='ltr'>An</span> <span class='ocrx_word' id='word_1_489' title='bbox 1746 1484 1820 1519; x_wconf 90' lang='lat' dir='ltr'>sint</span> <span class='ocrx_word' id='word_1_490' title='bbox 1838 1483 1995 1519; x_wconf 78' lang='lat' dir='ltr'>fortunae</span> <span class='ocrx_word' id='word_1_491' title='bbox 2015 1481 2155 1517; x_wconf 88' lang='lat' dir='ltr'>scilicet</span> <span class='ocrx_word' id='word_1_492' title='bbox 2170 1488 2235 1517; x_wconf 88' lang='lat' dir='ltr'>aut</span> <span class='ocrx_word' id='word_1_493' title='bbox 2250 1481 2429 1517; x_wconf 89' lang='lat' dir='ltr'>hominis.</span> 
     </span>
    </p>

    <p class='ocr_par' dir='ltr' id='par_1_15' title="bbox 1622 1541 2654 1651">
     <span class='ocr_line' id='line_1_69' title="bbox 1622 1541 2519 1592; baseline -0.004 -12"><span class='ocrx_word' id='word_1_494' title='bbox 1622 1546 1770 1592; x_wconf 91' lang='lat' dir='ltr'>Pauper</span> <span class='ocrx_word' id='word_1_495' title='bbox 1787 1545 1828 1579; x_wconf 90' lang='lat' dir='ltr'>in</span> <span class='ocrx_word' id='word_1_496' title='bbox 1846 1544 1918 1579; x_wconf 91' lang='lat' dir='ltr'>hoc</span> <span class='ocrx_word' id='word_1_497' title='bbox 1935 1542 2020 1579; x_wconf 84' lang='lat' dir='ltr'>felix</span> <span class='ocrx_word' id='word_1_498' title='bbox 2037 1553 2164 1578; x_wconf 87' lang='lat' dir='ltr'>errore</span> <span class='ocrx_word' id='word_1_499' title='bbox 2180 1548 2236 1578; x_wconf 89' lang='lat' dir='ltr'>est</span> <span class='ocrx_word' id='word_1_500' title='bbox 2253 1541 2348 1577; x_wconf 90' lang='lat' dir='ltr'>liber</span> <span class='ocrx_word' id='word_1_501' title='bbox 2363 1541 2410 1576; x_wconf 90' lang='lat' dir='ltr'>ab</span> <span class='ocrx_word' id='word_1_502' title='bbox 2426 1542 2519 1585; x_wconf 84' lang='lat' dir='ltr'>isto;</span> 
     </span>
     <span class='ocr_line' id='line_1_70' title="bbox 1668 1600 2654 1651; baseline -0.003 -12"><span class='ocrx_word' id='word_1_503' title='bbox 1668 1605 1799 1649; x_wconf 87' lang='lat' dir='ltr'>Quum</span> <span class='ocrx_word' id='word_1_504' title='bbox 1818 1604 1918 1651; x_wconf 87' lang='lat' dir='ltr'>perit</span> <span class='ocrx_word' id='word_1_505' title='bbox 1931 1603 2009 1638; x_wconf 84' lang='lat' dir='ltr'>haec</span> <span class='ocrx_word' id='word_1_506' title='bbox 2024 1631 2031 1643; x_wconf 91' lang='lat'>‚</span> <span class='ocrx_word' id='word_1_507' title='bbox 2050 1609 2210 1650; x_wconf 87' lang='lat' dir='ltr'>pereunt</span> <span class='ocrx_word' id='word_1_508' title='bbox 2226 1613 2320 1650; x_wconf 91' lang='lat' dir='ltr'>quos</span> <span class='ocrx_word' id='word_1_509' title='bbox 2338 1600 2450 1637; x_wconf 87' lang='lat' dir='ltr'>dabat</span> <span class='ocrx_word' id='word_1_510' title='bbox 2466 1600 2529 1636; x_wconf 92' lang='lat' dir='ltr'>illa</span> <span class='ocrx_word' id='word_1_511' title='bbox 2542 1600 2654 1645; x_wconf 88' lang='lat' dir='ltr'>tibi⁴;</span> 
     </span>
    </p>

    <p class='ocr_par' dir='ltr' id='par_1_16' title="bbox 1625 1661 2457 1772">
     <span class='ocr_line' id='line_1_71' title="bbox 1625 1661 2457 1709; baseline -0.004 -9"><span class='ocrx_word' id='word_1_512' title='bbox 1625 1665 1695 1701; x_wconf 92' lang='lat' dir='ltr'>Cui</span> <span class='ocrx_word' id='word_1_513' title='bbox 1716 1664 1811 1700; x_wconf 89' lang='lat' dir='ltr'>mala</span> <span class='ocrx_word' id='word_1_514' title='bbox 1827 1664 1945 1700; x_wconf 88' lang='lat' dir='ltr'>fecisti</span> <span class='ocrx_word' id='word_1_515' title='bbox 1960 1692 1969 1709; x_wconf 91' lang='lat'>,</span> <span class='ocrx_word' id='word_1_516' title='bbox 1990 1676 2037 1699; x_wconf 91' lang='lat' dir='ltr'>ne</span> <span class='ocrx_word' id='word_1_517' title='bbox 2052 1670 2090 1699; x_wconf 88' lang='lat' dir='ltr'>te</span> <span class='ocrx_word' id='word_1_518' title='bbox 2105 1662 2335 1699; x_wconf 88' lang='lat' dir='ltr'>commiseris</span> <span class='ocrx_word' id='word_1_519' title='bbox 2352 1661 2406 1698; x_wconf 90' lang='lat' dir='ltr'>illi</span> <span class='ocrx_word' id='word_1_520' title='bbox 2417 1663 2432 1683; x_wconf 76' lang='lat'><strong>⁸</strong></span> <span class='ocrx_word' id='word_1_521' title='bbox 2449 1677 2457 1696; x_wconf 78' lang='grc' dir='ltr'><strong><em>τ</em></strong></span> 
     </span>
     <span class='ocr_line' id='line_1_72' title="bbox 1671 1722 2454 1772; baseline -0.003 -12"><span class='ocrx_word' id='word_1_522' title='bbox 1671 1725 1922 1761; x_wconf 86' lang='lat' dir='ltr'>Praetereunte</span> <span class='ocrx_word' id='word_1_523' title='bbox 1938 1724 2055 1770; x_wconf 91' lang='lat' dir='ltr'>malo,</span> <span class='ocrx_word' id='word_1_524' title='bbox 2075 1729 2269 1772; x_wconf 87' lang='lat' dir='ltr'>permanet</span> <span class='ocrx_word' id='word_1_525' title='bbox 2282 1723 2336 1758; x_wconf 85' lang='lat' dir='ltr'>ira</span> <span class='ocrx_word' id='word_1_526' title='bbox 2355 1722 2454 1758; x_wconf 89' lang='lat' dir='ltr'>mali.</span> 
     </span>
    </p>

    <p class='ocr_par' dir='ltr' id='par_1_17' title="bbox 1626 1783 2512 1896">
     <span class='ocr_line' id='line_1_73' title="bbox 1626 1783 2512 1833; baseline -0.005 -11"><span class='ocrx_word' id='word_1_527' title='bbox 1626 1787 1748 1833; x_wconf 87' lang='lat' dir='ltr'>Quam</span> <span class='ocrx_word' id='word_1_528' title='bbox 1761 1786 1907 1833; x_wconf 88' lang='lat' dir='ltr'>jactura</span> <span class='ocrx_word' id='word_1_529' title='bbox 1924 1783 2011 1821; x_wconf 88' lang='lat' dir='ltr'>mali</span> <span class='ocrx_word' id='word_1_530' title='bbox 2023 1784 2200 1832; x_wconf 86' lang='lat' dir='ltr'>jactantia</span> <span class='ocrx_word' id='word_1_531' title='bbox 2217 1783 2323 1831; x_wconf 88' lang='lat' dir='ltr'>pejor</span> <span class='ocrx_word' id='word_1_532' title='bbox 2339 1783 2512 1827; x_wconf 83' lang='lat' dir='ltr'>habetur,</span> 
     </span>
     <span class='ocr_line' id='line_1_74' title="bbox 1672 1843 2407 1896; baseline -0.005 -13"><span class='ocrx_word' id='word_1_533' title='bbox 1672 1848 1719 1883; x_wconf 92' lang='lat' dir='ltr'>Et</span> <span class='ocrx_word' id='word_1_534' title='bbox 1731 1848 1747 1868; x_wconf 74' lang='lat'><strong>⁶</strong></span> <span class='ocrx_word' id='word_1_535' title='bbox 1763 1847 1910 1896; x_wconf 85' lang='lat' dir='ltr'>gravior</span> <span class='ocrx_word' id='word_1_536' title='bbox 1930 1845 2012 1882; x_wconf 82' lang='lat' dir='ltr'>laeso</span> <span class='ocrx_word' id='word_1_537' title='bbox 2031 1844 2187 1881; x_wconf 88' lang='lat' dir='ltr'>cuilibet</span> <span class='ocrx_word' id='word_1_538' title='bbox 2205 1856 2283 1880; x_wconf 89' lang='lat' dir='ltr'>esse</span> <span class='ocrx_word' id='word_1_539' title='bbox 2300 1843 2407 1880; x_wconf 89' lang='lat' dir='ltr'>solet.</span> 
     </span>
    </p>

    <p class='ocr_par' dir='ltr' id='par_1_18' title="bbox 1627 1903 2587 2005">
     <span class='ocr_line' id='line_1_75' title="bbox 1627 1903 2587 1956; baseline -0.006 -12"><span class='ocrx_word' id='word_1_540' title='bbox 1627 1909 1683 1945; x_wconf 90' lang='lat' dir='ltr'>Sit</span> <span class='ocrx_word' id='word_1_541' title='bbox 1699 1908 1768 1944; x_wconf 88' lang='lat' dir='ltr'>tibi</span> <span class='ocrx_word' id='word_1_542' title='bbox 1787 1908 1994 1956; x_wconf 83' lang='lat' dir='ltr'>praecipuus</span> <span class='ocrx_word' id='word_1_543' title='bbox 2011 1906 2180 1956; x_wconf 87' lang='lat' dir='ltr'>quisquis</span> <span class='ocrx_word' id='word_1_544' title='bbox 2195 1905 2317 1941; x_wconf 87' lang='lat' dir='ltr'>bonus</span> <span class='ocrx_word' id='word_1_545' title='bbox 2332 1905 2433 1940; x_wconf 88' lang='lat' dir='ltr'>inter</span> <span class='ocrx_word' id='word_1_546' title='bbox 2448 1903 2587 1939; x_wconf 90' lang='lat' dir='ltr'>amicos</span> 
     </span>
     <span class='ocr_line' id='line_1_76' title="bbox 1673 1965 2442 2005; baseline -0.007 0"><span class='ocrx_word' id='word_1_547' title='bbox 1673 1969 1750 2005; x_wconf 92' lang='lat' dir='ltr'>Nec</span> <span class='ocrx_word' id='word_1_548' title='bbox 1769 1980 1913 2004; x_wconf 90' lang='lat' dir='ltr'>memor</span> <span class='ocrx_word' id='word_1_549' title='bbox 1929 1968 1969 2003; x_wconf 92' lang='lat' dir='ltr'>in</span> <span class='ocrx_word' id='word_1_550' title='bbox 1985 1967 2095 2003; x_wconf 89' lang='lat' dir='ltr'>talem</span> <span class='ocrx_word' id='word_1_551' title='bbox 2113 1965 2339 2003; x_wconf 88' lang='lat' dir='ltr'>conditionis</span> <span class='ocrx_word' id='word_1_552' title='bbox 2355 1965 2442 2001; x_wconf 88' lang='lat' dir='ltr'>eris.</span> 
     </span>
    </p>

    <p class='ocr_par' dir='ltr' id='par_1_19' title="bbox 1627 2024 2584 2135">
     <span class='ocr_line' id='line_1_77' title="bbox 1627 2024 2584 2074; baseline -0.006 -9"><span class='ocrx_word' id='word_1_553' title='bbox 1627 2030 1800 2065; x_wconf 86' lang='lat' dir='ltr'>Erectum</span> <span class='ocrx_word' id='word_1_554' title='bbox 1819 2027 1979 2064; x_wconf 89' lang='lat' dir='ltr'>stimulis</span> <span class='ocrx_word' id='word_1_555' title='bbox 1994 2034 2032 2063; x_wconf 81' lang='lat' dir='ltr'>et</span> <span class='ocrx_word' id='word_1_556' title='bbox 2047 2027 2201 2062; x_wconf 89' lang='lat' dir='ltr'>verbere</span> <span class='ocrx_word' id='word_1_557' title='bbox 2217 2025 2440 2074; x_wconf 89' lang='lat' dir='ltr'>comprimes</span> <span class='ocrx_word' id='word_1_558' title='bbox 2456 2024 2564 2060; x_wconf 87' lang='lat' dir='ltr'>illum</span> <span class='ocrx_word' id='word_1_559' title='bbox 2575 2051 2584 2068; x_wconf 88' lang='lat'>,</span> 
     </span>
     <span class='ocr_line' id='line_1_78' title="bbox 1673 2087 2403 2135; baseline -0.004 -11"><span class='ocrx_word' id='word_1_560' title='bbox 1673 2090 1717 2124; x_wconf 90' lang='lat' dir='ltr'>In</span> <span class='ocrx_word' id='word_1_561' title='bbox 1734 2096 1798 2125; x_wconf 89' lang='lat' dir='ltr'>tua</span> <span class='ocrx_word' id='word_1_562' title='bbox 1817 2101 1863 2124; x_wconf 92' lang='lat' dir='ltr'>ne</span> <span class='ocrx_word' id='word_1_563' title='bbox 1883 2088 2019 2125; x_wconf 90' lang='lat' dir='ltr'>calcem</span> <span class='ocrx_word' id='word_1_564' title='bbox 2038 2087 2179 2135; x_wconf 84' lang='lat' dir='ltr'>dirigat</span> <span class='ocrx_word' id='word_1_565' title='bbox 2196 2099 2261 2123; x_wconf 85' lang='lat' dir='ltr'>ora</span> <span class='ocrx_word' id='word_1_566' title='bbox 2279 2093 2403 2122; x_wconf 79' lang='lat' dir='ltr'>suum.</span> 
     </span>
    </p>

    <p class='ocr_par' dir='ltr' id='par_1_20' title="bbox 1626 2145 2563 2257">
     <span class='ocr_line' id='line_1_79' title="bbox 1626 2145 2491 2194; baseline -0.006 -8"><span class='ocrx_word' id='word_1_567' title='bbox 1626 2150 1709 2186; x_wconf 87' lang='lat' dir='ltr'>Non</span> <span class='ocrx_word' id='word_1_568' title='bbox 1727 2150 1873 2185; x_wconf 89' lang='lat' dir='ltr'>homini</span> <span class='ocrx_word' id='word_1_569' title='bbox 1892 2157 1929 2185; x_wconf 92' lang='lat' dir='ltr'>te</span> <span class='ocrx_word' id='word_1_570' title='bbox 1940 2177 1950 2194; x_wconf 94' lang='lat'>,</span> <span class='ocrx_word' id='word_1_571' title='bbox 1969 2148 2034 2185; x_wconf 91' lang='lat' dir='ltr'>sed</span> <span class='ocrx_word' id='word_1_572' title='bbox 2050 2148 2141 2184; x_wconf 87' lang='lat' dir='ltr'>vitio</span> <span class='ocrx_word' id='word_1_573' title='bbox 2156 2147 2293 2183; x_wconf 84' lang='lat' dir='ltr'>servire</span> <span class='ocrx_word' id='word_1_574' title='bbox 2310 2145 2467 2194; x_wconf 82' lang='lat' dir='ltr'>pudebit</span> <span class='ocrx_word' id='word_1_575' title='bbox 2482 2161 2491 2190; x_wconf 91' lang='lat'>;</span> 
     </span>
     <span class='ocr_line' id='line_1_80' title="bbox 1673 2207 2563 2257; baseline -0.006 -10"><span class='ocrx_word' id='word_1_576' title='bbox 1673 2211 1802 2257; x_wconf 85' lang='lat' dir='ltr'>Quum</span> <span class='ocrx_word' id='word_1_577' title='bbox 1820 2210 1867 2246; x_wconf 88' lang='lat' dir='ltr'>sit</span> <span class='ocrx_word' id='word_1_578' title='bbox 1883 2209 2000 2245; x_wconf 87' lang='lat' dir='ltr'>libera</span> <span class='ocrx_word' id='word_1_579' title='bbox 2017 2221 2139 2252; x_wconf 89' lang='lat' dir='ltr'>mens,</span> <span class='ocrx_word' id='word_1_580' title='bbox 2158 2208 2210 2244; x_wconf 89' lang='lat' dir='ltr'>nil</span> <span class='ocrx_word' id='word_1_581' title='bbox 2228 2207 2298 2244; x_wconf 88' lang='lat' dir='ltr'>tibi</span> <span class='ocrx_word' id='word_1_582' title='bbox 2315 2214 2425 2255; x_wconf 91' lang='lat' dir='ltr'>turpe</span> <span class='ocrx_word' id='word_1_583' title='bbox 2441 2213 2563 2255; x_wconf 90' lang='lat' dir='ltr'>putes.</span> 
     </span>
    </p>

    <p class='ocr_par' dir='ltr' id='par_1_21' title="bbox 1626 2266 2620 2367">
     <span class='ocr_line' id='line_1_81' title="bbox 1626 2266 2620 2319; baseline -0.006 -12"><span class='ocrx_word' id='word_1_584' title='bbox 1626 2271 1709 2307; x_wconf 86' lang='lat' dir='ltr'>Non</span> <span class='ocrx_word' id='word_1_585' title='bbox 1728 2278 1784 2307; x_wconf 89' lang='lat' dir='ltr'>est</span> <span class='ocrx_word' id='word_1_586' title='bbox 1798 2283 1911 2319; x_wconf 90' lang='lat' dir='ltr'>quem</span> <span class='ocrx_word' id='word_1_587' title='bbox 1928 2276 2084 2318; x_wconf 89' lang='lat' dir='ltr'>possunt</span> <span class='ocrx_word' id='word_1_588' title='bbox 2101 2280 2343 2316; x_wconf 86' lang='lat' dir='ltr'>corrumpere</span> <span class='ocrx_word' id='word_1_589' title='bbox 2363 2267 2461 2303; x_wconf 89' lang='lat' dir='ltr'>dona</span> <span class='ocrx_word' id='word_1_590' title='bbox 2480 2266 2598 2302; x_wconf 85' lang='lat' dir='ltr'>fidelis</span> <span class='ocrx_word' id='word_1_591' title='bbox 2613 2283 2620 2301; x_wconf 91' lang='lat'>:</span> 
     </span>
     <span class='ocr_line' id='line_1_82' title="bbox 1676 2328 2409 2367; baseline -0.004 0"><span class='ocrx_word' id='word_1_592' title='bbox 1676 2331 1848 2367; x_wconf 85' lang='lat' dir='ltr'>Proditor</span> <span class='ocrx_word' id='word_1_593' title='bbox 1864 2330 2017 2367; x_wconf 88' lang='lat' dir='ltr'>alterius</span> <span class='ocrx_word' id='word_1_594' title='bbox 2032 2342 2109 2366; x_wconf 89' lang='lat' dir='ltr'>non</span> <span class='ocrx_word' id='word_1_595' title='bbox 2128 2329 2195 2365; x_wconf 88' lang='lat' dir='ltr'>tibi</span> <span class='ocrx_word' id='word_1_596' title='bbox 2211 2328 2308 2364; x_wconf 88' lang='lat' dir='ltr'>fidus</span> <span class='ocrx_word' id='word_1_597' title='bbox 2324 2329 2409 2364; x_wconf 88' lang='lat' dir='ltr'>erit.</span> 
     </span>
    </p>

    <p class='ocr_par' dir='ltr' id='par_1_22' title="bbox 1627 2388 2621 2500">
     <span class='ocr_line' id='line_1_83' title="bbox 1627 2388 2621 2440; baseline -0.004 -13"><span class='ocrx_word' id='word_1_598' title='bbox 1627 2391 1820 2440; x_wconf 85' lang='lat' dir='ltr'>Obsequio</span> <span class='ocrx_word' id='word_1_599' title='bbox 1838 2397 2015 2439; x_wconf 88' lang='lat' dir='ltr'>superant</span> <span class='ocrx_word' id='word_1_600' title='bbox 2032 2390 2210 2425; x_wconf 86' lang='lat' dir='ltr'>meretrix</span> <span class='ocrx_word' id='word_1_601' title='bbox 2226 2396 2263 2424; x_wconf 89' lang='lat' dir='ltr'>et</span> <span class='ocrx_word' id='word_1_602' title='bbox 2281 2388 2453 2436; x_wconf 87' lang='lat' dir='ltr'>proditor</span> <span class='ocrx_word' id='word_1_603' title='bbox 2468 2400 2597 2424; x_wconf 88' lang='lat' dir='ltr'>omnes</span> <span class='ocrx_word' id='word_1_604' title='bbox 2615 2404 2621 2422; x_wconf 76' lang='grc' dir='ltr'>ε</span> 
     </span>
     <span class='ocr_line' id='line_1_84' title="bbox 1674 2449 2460 2500; baseline -0.005 -12"><span class='ocrx_word' id='word_1_605' title='bbox 1674 2453 1757 2499; x_wconf 89' lang='lat' dir='ltr'>Qua</span> <span class='ocrx_word' id='word_1_606' title='bbox 1775 2452 1943 2500; x_wconf 88' lang='lat' dir='ltr'>placeant</span> <span class='ocrx_word' id='word_1_607' title='bbox 1961 2450 2042 2487; x_wconf 90' lang='lat' dir='ltr'>aliis</span> <span class='ocrx_word' id='word_1_608' title='bbox 2055 2450 2133 2485; x_wconf 86' lang='lat' dir='ltr'>haec</span> <span class='ocrx_word' id='word_1_609' title='bbox 2153 2449 2233 2485; x_wconf 82' lang='lat' dir='ltr'>via⁷</span> <span class='ocrx_word' id='word_1_610' title='bbox 2252 2449 2326 2485; x_wconf 84' lang='lat' dir='ltr'>sola</span> <span class='ocrx_word' id='word_1_611' title='bbox 2345 2456 2460 2497; x_wconf 84' lang='lat' dir='ltr'>patet.</span> 
     </span>
    </p>
   </div>
   <div class='ocr_carea' id='block_1_9' title="bbox 1627 2547 2641 3198">
    <p class='ocr_par' dir='ltr' id='par_1_23' title="bbox 1627 2547 2641 3198">
     <span class='ocr_line' id='line_1_85' title="bbox 1628 2547 2607 2597; baseline -0.005 -10"><span class='ocrx_word' id='word_1_612' title='bbox 1628 2551 1689 2587; x_wconf 86' lang='lat' dir='ltr'>Nil</span> <span class='ocrx_word' id='word_1_613' title='bbox 1709 2551 1841 2587; x_wconf 88' lang='lat' dir='ltr'>melius</span> <span class='ocrx_word' id='word_1_614' title='bbox 1858 2550 2014 2585; x_wconf 88' lang='lat' dir='ltr'>muliere</span> <span class='ocrx_word' id='word_1_615' title='bbox 2030 2549 2146 2593; x_wconf 89' lang='lat' dir='ltr'>bona,</span> <span class='ocrx_word' id='word_1_616' title='bbox 2167 2548 2220 2584; x_wconf 92' lang='lat' dir='ltr'>nil</span> <span class='ocrx_word' id='word_1_617' title='bbox 2236 2560 2348 2597; x_wconf 89' lang='lat' dir='ltr'>quam</span> <span class='ocrx_word' id='word_1_618' title='bbox 2365 2547 2459 2583; x_wconf 87' lang='lat' dir='ltr'>mala</span> <span class='ocrx_word' id='word_1_619' title='bbox 2480 2548 2586 2596; x_wconf 85' lang='lat' dir='ltr'>pejus</span> <span class='ocrx_word' id='word_1_620' title='bbox 2601 2563 2607 2582; x_wconf 91' lang='lat'>:</span> 
     </span>
     <span class='ocr_line' id='line_1_86' title="bbox 1677 2609 2539 2659; baseline -0.005 -11"><span class='ocrx_word' id='word_1_621' title='bbox 1677 2611 1865 2649; x_wconf 90' lang='lat' dir='ltr'>Omnibus</span> <span class='ocrx_word' id='word_1_622' title='bbox 1881 2612 1949 2647; x_wconf 89' lang='lat' dir='ltr'>ista</span> <span class='ocrx_word' id='word_1_623' title='bbox 1966 2611 2074 2647; x_wconf 88' lang='lat' dir='ltr'>bonis</span> <span class='ocrx_word' id='word_1_624' title='bbox 2093 2617 2260 2659; x_wconf 84' lang='lat' dir='ltr'>praestat‚</span> <span class='ocrx_word' id='word_1_625' title='bbox 2281 2617 2319 2646; x_wconf 91' lang='lat' dir='ltr'>et</span> <span class='ocrx_word' id='word_1_626' title='bbox 2338 2609 2398 2645; x_wconf 91' lang='lat' dir='ltr'>illa</span> <span class='ocrx_word' id='word_1_627' title='bbox 2420 2609 2539 2645; x_wconf 82' lang='lat' dir='ltr'>malis.</span> 
     </span>
     <span class='ocr_line' id='line_1_87' title="bbox 1629 2670 2572 2721; baseline -0.004 -12"><span class='ocrx_word' id='word_1_628' title='bbox 1629 2674 1868 2721; x_wconf 82' lang='lat' dir='ltr'>Quaecunque</span> <span class='ocrx_word' id='word_1_629' title='bbox 1885 2679 1940 2708; x_wconf 89' lang='lat' dir='ltr'>est</span> <span class='ocrx_word' id='word_1_630' title='bbox 1958 2672 2081 2708; x_wconf 86' lang='lat' dir='ltr'>avium</span> <span class='ocrx_word' id='word_1_631' title='bbox 2097 2671 2236 2719; x_wconf 89' lang='lat' dir='ltr'>species</span> <span class='ocrx_word' id='word_1_632' title='bbox 2255 2677 2396 2706; x_wconf 86' lang='lat' dir='ltr'>assueta</span> <span class='ocrx_word' id='word_1_633' title='bbox 2414 2670 2572 2717; x_wconf 84' lang='lat' dir='ltr'>rapinis,</span> 
     </span>
     <span class='ocr_line' id='line_1_88' title="bbox 1674 2731 2541 2781; baseline -0.003 -12"><span class='ocrx_word' id='word_1_634' title='bbox 1674 2734 1760 2780; x_wconf 89' lang='lat' dir='ltr'>Quo</span> <span class='ocrx_word' id='word_1_635' title='bbox 1777 2733 1860 2781; x_wconf 91' lang='lat' dir='ltr'>plus</span> <span class='ocrx_word' id='word_1_636' title='bbox 1876 2733 1994 2781; x_wconf 89' lang='lat' dir='ltr'>possit</span> <span class='ocrx_word' id='word_1_637' title='bbox 2007 2732 2046 2767; x_wconf 92' lang='lat' dir='ltr'>in</span> <span class='ocrx_word' id='word_1_638' title='bbox 2061 2731 2138 2776; x_wconf 85' lang='lat' dir='ltr'>his,</span> <span class='ocrx_word' id='word_1_639' title='bbox 2157 2731 2295 2767; x_wconf 83' lang='lat' dir='ltr'>femina</span> <span class='ocrx_word' id='word_1_640' title='bbox 2314 2731 2448 2766; x_wconf 85' lang='lat' dir='ltr'>fortior</span> <span class='ocrx_word' id='word_1_641' title='bbox 2464 2737 2541 2774; x_wconf 91' lang='lat' dir='ltr'>est;</span> 
     </span>
     <span class='ocr_line' id='line_1_89' title="bbox 1627 2789 2641 2841; baseline -0.004 -11"><span class='ocrx_word' id='word_1_642' title='bbox 1627 2794 1704 2830; x_wconf 89' lang='lat' dir='ltr'>Nec</span> <span class='ocrx_word' id='word_1_643' title='bbox 1715 2794 1815 2841; x_wconf 88' lang='lat' dir='ltr'>rapit</span> <span class='ocrx_word' id='word_1_644' title='bbox 1826 2793 2007 2828; x_wconf 90' lang='lat' dir='ltr'>humanas</span> <span class='ocrx_word' id='word_1_645' title='bbox 2018 2792 2159 2828; x_wconf 91' lang='lat' dir='ltr'>animas</span> <span class='ocrx_word' id='word_1_646' title='bbox 2168 2791 2252 2840; x_wconf 89' lang='lat' dir='ltr'>plus</span> <span class='ocrx_word' id='word_1_647' title='bbox 2266 2790 2402 2827; x_wconf 87' lang='lat' dir='ltr'>femina</span> <span class='ocrx_word' id='word_1_648' title='bbox 2417 2789 2621 2839; x_wconf 85' lang='lat' dir='ltr'>quidquam</span> <span class='ocrx_word' id='word_1_649' title='bbox 2632 2805 2641 2834; x_wconf 92' lang='lat'>;</span> 
     </span>
     <span class='ocr_line' id='line_1_90' title="bbox 1675 2850 2576 2901; baseline -0.004 -11"><span class='ocrx_word' id='word_1_650' title='bbox 1675 2855 1798 2891; x_wconf 88' lang='lat' dir='ltr'>Fortis</span> <span class='ocrx_word' id='word_1_651' title='bbox 1814 2854 1854 2889; x_wconf 91' lang='lat' dir='ltr'>in</span> <span class='ocrx_word' id='word_1_652' title='bbox 1870 2854 1932 2889; x_wconf 92' lang='lat' dir='ltr'>his</span> <span class='ocrx_word' id='word_1_653' title='bbox 1943 2855 1958 2874; x_wconf 78' lang='lat'><strong>⁸</strong></span> <span class='ocrx_word' id='word_1_654' title='bbox 1973 2853 2050 2889; x_wconf 88' lang='lat' dir='ltr'>haec</span> <span class='ocrx_word' id='word_1_655' title='bbox 2066 2859 2122 2888; x_wconf 92' lang='lat' dir='ltr'>est</span> <span class='ocrx_word' id='word_1_656' title='bbox 2139 2850 2306 2901; x_wconf 87' lang='lat' dir='ltr'>quolibet</span> <span class='ocrx_word' id='word_1_657' title='bbox 2321 2852 2428 2887; x_wconf 84' lang='lat' dir='ltr'>hoste</span> <span class='ocrx_word' id='word_1_658' title='bbox 2446 2851 2576 2899; x_wconf 87' lang='lat' dir='ltr'>magis.</span> 
     </span>
     <span class='ocr_line' id='line_1_91' title="bbox 1630 2911 2435 2962; baseline -0.005 -12"><span class='ocrx_word' id='word_1_659' title='bbox 1630 2915 1720 2961; x_wconf 86' lang='lat' dir='ltr'>Quae</span> <span class='ocrx_word' id='word_1_660' title='bbox 1738 2925 1775 2950; x_wconf 87' lang='lat' dir='ltr'>se</span> <span class='ocrx_word' id='word_1_661' title='bbox 1794 2913 1947 2950; x_wconf 86' lang='lat' dir='ltr'>luxuriae</span> <span class='ocrx_word' id='word_1_662' title='bbox 1969 2912 2083 2962; x_wconf 84' lang='lat' dir='ltr'>gratis</span> <span class='ocrx_word' id='word_1_663' title='bbox 2098 2913 2277 2960; x_wconf 88' lang='lat' dir='ltr'>supponit</span> <span class='ocrx_word' id='word_1_664' title='bbox 2289 2940 2298 2957; x_wconf 90' lang='lat'>,</span> <span class='ocrx_word' id='word_1_665' title='bbox 2318 2911 2435 2947; x_wconf 88' lang='lat' dir='ltr'>amica</span> 
     </span>
     <span class='ocr_line' id='line_1_92' title="bbox 1675 2971 2521 3022; baseline -0.005 -12"><span class='ocrx_word' id='word_1_666' title='bbox 1675 2975 1873 3020; x_wconf 88' lang='lat' dir='ltr'>Censetur,</span> <span class='ocrx_word' id='word_1_667' title='bbox 1893 2974 2072 3010; x_wconf 84' lang='lat' dir='ltr'>meretrix</span> <span class='ocrx_word' id='word_1_668' title='bbox 2088 2985 2168 3022; x_wconf 86' lang='lat' dir='ltr'>quae</span> <span class='ocrx_word' id='word_1_669' title='bbox 2185 2972 2306 3021; x_wconf 89' lang='lat' dir='ltr'>pretio</span> <span class='ocrx_word' id='word_1_670' title='bbox 2324 2972 2421 3020; x_wconf 86' lang='lat' dir='ltr'>gerit</span> <span class='ocrx_word' id='word_1_671' title='bbox 2436 2971 2521 3007; x_wconf 87' lang='lat' dir='ltr'>hoc.</span> 
     </span>
     <span class='ocr_line' id='line_1_93' title="bbox 1629 3031 2481 3075; baseline -0.005 -5"><span class='ocrx_word' id='word_1_672' title='bbox 1629 3035 1672 3070; x_wconf 94' lang='lat' dir='ltr'>In</span> <span class='ocrx_word' id='word_1_673' title='bbox 1692 3035 1782 3071; x_wconf 92' lang='lat' dir='ltr'>vitio</span> <span class='ocrx_word' id='word_1_674' title='bbox 1800 3041 1926 3070; x_wconf 88' lang='lat' dir='ltr'>tamen</span> <span class='ocrx_word' id='word_1_675' title='bbox 1942 3035 2015 3071; x_wconf 87' lang='lat' dir='ltr'>hoc</span> <span class='ocrx_word' id='word_1_676' title='bbox 2033 3033 2225 3070; x_wconf 87' lang='lat' dir='ltr'>ardentior</span> <span class='ocrx_word' id='word_1_677' title='bbox 2241 3032 2304 3068; x_wconf 86' lang='lat' dir='ltr'>illa</span> <span class='ocrx_word' id='word_1_678' title='bbox 2320 3031 2481 3075; x_wconf 82' lang='lat' dir='ltr'>videtur,</span> 
     </span>
     <span class='ocr_line' id='line_1_94' title="bbox 1677 3090 2467 3143; baseline -0.005 -13"><span class='ocrx_word' id='word_1_679' title='bbox 1677 3095 1768 3141; x_wconf 83' lang='lat' dir='ltr'>Quae</span> <span class='ocrx_word' id='word_1_680' title='bbox 1786 3102 1918 3143; x_wconf 85' lang='lat' dir='ltr'>praeter</span> <span class='ocrx_word' id='word_1_681' title='bbox 1935 3094 2060 3132; x_wconf 88' lang='lat' dir='ltr'>sordes</span> <span class='ocrx_word' id='word_1_682' title='bbox 2080 3094 2237 3142; x_wconf 88' lang='lat' dir='ltr'>suscipit</span> <span class='ocrx_word' id='word_1_683' title='bbox 2253 3092 2341 3129; x_wconf 90' lang='lat' dir='ltr'>inde</span> <span class='ocrx_word' id='word_1_684' title='bbox 2358 3090 2467 3127; x_wconf 90' lang='lat' dir='ltr'>nihil.</span> 
     </span>
     <span class='ocr_line' id='line_1_95' title="bbox 1630 3153 2447 3198; baseline -0.006 -6"><span class='ocrx_word' id='word_1_685' title='bbox 1630 3155 1794 3192; x_wconf 86' lang='lat' dir='ltr'>Uxorem</span> <span class='ocrx_word' id='word_1_686' title='bbox 1813 3156 1958 3193; x_wconf 89' lang='lat' dir='ltr'>ratione</span> <span class='ocrx_word' id='word_1_687' title='bbox 1976 3167 2078 3192; x_wconf 87' lang='lat' dir='ltr'>suam</span> <span class='ocrx_word' id='word_1_688' title='bbox 2098 3155 2154 3190; x_wconf 87' lang='lat' dir='ltr'>vir</span> <span class='ocrx_word' id='word_1_689' title='bbox 2173 3153 2285 3190; x_wconf 87' lang='lat' dir='ltr'>debet</span> <span class='ocrx_word' id='word_1_690' title='bbox 2302 3164 2447 3198; x_wconf 86' lang='lat' dir='ltr'>amare,</span> 
     </span>
    </p>
   </div>
   <div class='ocr_carea' id='block_1_10' title="bbox 1624 3279 2659 3440">
    <p class='ocr_par' dir='ltr' id='par_1_24' title="bbox 1624 3279 2659 3440">
     <span class='ocr_line' id='line_1_96' title="bbox 1624 3279 2659 3329; baseline -0.008 -9"><span class='ocrx_word' id='word_1_691' title='bbox 1624 3286 1684 3320; x_wconf 89' lang='lat' dir='ltr'>Th.</span> <span class='ocrx_word' id='word_1_692' title='bbox 1695 3285 1825 3329; x_wconf 84' lang='lat' dir='ltr'>Wright</span> <span class='ocrx_word' id='word_1_693' title='bbox 1835 3285 1964 3325; x_wconf 88' lang='lat' dir='ltr'>collato,</span> <span class='ocrx_word' id='word_1_694' title='bbox 1974 3286 2045 3319; x_wconf 85' lang='lat' dir='ltr'>haec</span> <span class='ocrx_word' id='word_1_695' title='bbox 2056 3283 2101 3317; x_wconf 88' lang='lat' dir='ltr'>ad</span> <span class='ocrx_word' id='word_1_696' title='bbox 2107 3285 2258 3326; x_wconf 81' lang='lat' dir='ltr'>fortuna,</span> <span class='ocrx_word' id='word_1_697' title='bbox 2272 3291 2350 3322; x_wconf 79' lang='lat' dir='ltr'>quos</span> <span class='ocrx_word' id='word_1_698' title='bbox 2363 3286 2471 3314; x_wconf 82' lang='lat' dir='ltr'>autem</span> <span class='ocrx_word' id='word_1_699' title='bbox 2483 3279 2525 3313; x_wconf 88' lang='lat' dir='ltr'>ad</span> <span class='ocrx_word' id='word_1_700' title='bbox 2538 3282 2659 3313; x_wconf 76' lang='lat' dir='ltr'>amicos</span> 
     </span>
     <span class='ocr_line' id='line_1_97' title="bbox 1625 3334 2656 3383; baseline -0.009 -6"><span class='ocrx_word' id='word_1_701' title='bbox 1625 3342 1797 3377; x_wconf 81' lang='lat' dir='ltr'>referenda</span> <span class='ocrx_word' id='word_1_702' title='bbox 1813 3352 1884 3376; x_wconf 84' lang='lat' dir='ltr'>esse</span> <span class='ocrx_word' id='word_1_703' title='bbox 1898 3341 2010 3375; x_wconf 87' lang='lat' dir='ltr'>notula</span> <span class='ocrx_word' id='word_1_704' title='bbox 2024 3340 2066 3374; x_wconf 89' lang='lat' dir='ltr'>ad</span> <span class='ocrx_word' id='word_1_705' title='bbox 2078 3339 2256 3383; x_wconf 84' lang='lat' dir='ltr'>marginem</span> <span class='ocrx_word' id='word_1_706' title='bbox 2272 3344 2395 3371; x_wconf 83' lang='lat' dir='ltr'>monet.</span> <span class='ocrx_word' id='word_1_707' title='bbox 2407 3353 2452 3363; x_wconf 88' lang='lat'>-·</span> <span class='ocrx_word' id='word_1_708' title='bbox 2467 3334 2478 3355; x_wconf 79' lang='lat'>⁵</span> <span class='ocrx_word' id='word_1_709' title='bbox 2497 3337 2559 3369; x_wconf 81' lang='lat' dir='ltr'>Ulli</span> <span class='ocrx_word' id='word_1_710' title='bbox 2574 3336 2656 3370; x_wconf 91' lang='lat' dir='ltr'>Cod.</span> 
     </span>
     <span class='ocr_line' id='line_1_98' title="bbox 1627 3392 2656 3440; baseline -0.008 -6"><span class='ocrx_word' id='word_1_711' title='bbox 1627 3400 1714 3434; x_wconf 69' lang='lat' dir='ltr'>Coit.</span> <span class='ocrx_word' id='word_1_712' title='bbox 1729 3414 1774 3425; x_wconf 86' lang='lat'>·-</span> <span class='ocrx_word' id='word_1_713' title='bbox 1786 3399 1800 3417; x_wconf 77' lang='lat'>⁰</span> <span class='ocrx_word' id='word_1_714' title='bbox 1818 3399 1919 3432; x_wconf 77' lang='lat' dir='ltr'>Aliter</span> <span class='ocrx_word' id='word_1_715' title='bbox 1934 3401 1992 3432; x_wconf 77' lang='lat' dir='ltr'>sed</span> <span class='ocrx_word' id='word_1_716' title='bbox 2006 3400 2147 3440; x_wconf 75' lang='lat' dir='ltr'>yravior.</span> <span class='ocrx_word' id='word_1_717' title='bbox 2161 3413 2201 3420; x_wconf 89' lang='lat'>—</span> <span class='ocrx_word' id='word_1_718' title='bbox 2220 3394 2232 3412; x_wconf 86' lang='lat'>⁷</span> <span class='ocrx_word' id='word_1_719' title='bbox 2252 3394 2335 3428; x_wconf 86' lang='lat' dir='ltr'>eod.</span> <span class='ocrx_word' id='word_1_720' title='bbox 2351 3393 2437 3428; x_wconf 86' lang='lat' dir='ltr'>Cott.</span> <span class='ocrx_word' id='word_1_721' title='bbox 2452 3411 2476 3419; x_wconf 94' lang='lat'>-</span> <span class='ocrx_word' id='word_1_722' title='bbox 2489 3394 2561 3427; x_wconf 84' lang='lat' dir='ltr'>Una</span> <span class='ocrx_word' id='word_1_723' title='bbox 2574 3392 2656 3427; x_wconf 90' lang='lat' dir='ltr'>Cod.</span> 
     </span>
    </p>
   </div>
   <div class='ocr_carea' id='block_1_11' title="bbox 1628 3453 2275 3492">
    <p class='ocr_par' dir='ltr' id='par_1_25' title="bbox 1628 3453 2275 3492">
     <span class='ocr_line' id='line_1_99' title="bbox 1628 3453 2275 3492; baseline -0.011 0"><span class='ocrx_word' id='word_1_724' title='bbox 1628 3459 1728 3492; x_wconf 60' lang='lat' dir='ltr'>Burri·</span> <span class='ocrx_word' id='word_1_725' title='bbox 1751 3477 1782 3483; x_wconf 87' lang='lat'><em>-</em></span> <span class='ocrx_word' id='word_1_726' title='bbox 1801 3456 1814 3474; x_wconf 76' lang='lat'><strong>³</strong></span> <span class='ocrx_word' id='word_1_727' title='bbox 1834 3458 1938 3490; x_wconf 71' lang='lat' dir='ltr'>Fortis</span> <span class='ocrx_word' id='word_1_728' title='bbox 1952 3458 1984 3490; x_wconf 82' lang='lat' dir='ltr'>in</span> <span class='ocrx_word' id='word_1_729' title='bbox 2002 3455 2064 3489; x_wconf 79' lang='lat' dir='ltr'>hoc</span> <span class='ocrx_word' id='word_1_730' title='bbox 2076 3453 2159 3488; x_wconf 84' lang='lat' dir='ltr'>Cod.</span> <span class='ocrx_word' id='word_1_731' title='bbox 2175 3453 2275 3486; x_wconf 86' lang='lat' dir='ltr'>Burn.</span> 
     </span>
    </p>
   </div>
  </div>
 </body>
</html>
