2970 4152
596 379 688 424 544
1391 377 1561 423 PETRI
1596 376 1909 423 ABAELARDI

658 476 719 518 Ut
740 481 898 518 autem
922 487 947 517 a
970 470 1243 534 proposito¹
1266 480 1577 529 revertamur,
1594 480 1641 517 et
1662 471 1723 518 de
1745 487 1932 518 summa
1951 470 2215 533 ignominia
2237 470 2409 517 Christi
2431 472 2492 519 ad
2514 472 2705 519 laudem

593 552 776 597 feminae
800 551 1034 597 saecularis
1057 550 1331 610 redeamus,
1366 568 1518 615 quum
1540 551 1657 598 salso
1681 552 1956 599 testimonio
1979 567 2150 597 senum
2171 551 2379 615 populus
2401 552 2701 611 credidisset,

590 646 633 680 et
664 651 769 681 eam
801 633 863 679 ad
898 642 1104 677 mortem
1133 631 1559 690 condemnassent,
1592 632 1871 679 exclamavit
1892 648 2011 677 voce
2029 647 2224 694 magna,
2251 641 2298 677 et
2320 631 2462 678 dixit²
2488 650 2498 678 ε
2528 652 2549 676 «
2577 636 2705 679 Deus

588 725 777 770 aeterne,
804 713 886 776 qui
909 712 1307 759 absconditorum
1330 730 1379 759 es
1401 713 1639 776 cognitor,
1665 714 1747 776 qui
1771 713 1897 758 nosti
1920 712 2085 758 omnia
2109 721 2367 775 antequam
2389 710 2523 771 fiant,
2542 722 2594 759 tu
2615 713 2706 759 scis

587 793 818 856 quoniam
852 802 1022 839 contra
1055 810 1132 839 me
1169 793 1340 846 falsum
1370 793 1566 839 tulerint
1594 793 1952 851 testimonium,
1985 802 2032 838 et
2060 808 2170 839 ecce
2198 793 2380 839 morior
2408 809 2559 856 quum
2586 792 2705 839 nihil

588 873 762 919 horum
784 873 993 920 fecerim.
1017 892 1039 916 »
1066 877 1118 919 In
1137 873 1320 937 judicio
1334 875 1464 938 prius
1477 874 1751 931 constituta,
1772 890 1922 936 quum
1937 872 2004 919 illi
2020 873 2069 918 in
2088 873 2442 934 accusationem
2463 873 2563 936 ejus
2578 874 2706 920 testi-

586 954 857 1013 ficarentur,
879 972 978 1001 non
1003 955 1152 1018 loqui,
1173 955 1257 1001 sed
1279 955 1410 1014 flere,
1427 965 1474 1002 et
1496 956 1545 1001 in
1570 954 1743 1001 coelum
1765 954 2005 1018 suspicere
2026 963 2264 1013 narratur,
2282 964 2335 1001 ut
2356 954 2456 1017 ejus
2477 954 2705 1019 patientia

584 1035 792 1096 primum
816 1034 1118 1098 probaretur,
1145 1051 1291 1098 quam
1313 1045 1360 1081 et
1382 1036 1428 1081 in
1455 1034 1643 1080 Christo
1667 1033 1904 1098 propheta
1926 1033 2206 1098 praedixerat
2226 1033 2302 1080 his
2322 1033 2529 1080 verbis³z
2550 1053 2571 1078 «
2589 1036 2706 1082 Tan-

583 1131 728 1176 quam
746 1116 848 1161 ovis
871 1115 933 1162 ad
947 1115 1239 1161 occisionem
1261 1116 1480 1173 ducetur,
1497 1125 1544 1161 et
1566 1115 1701 1178 quasi
1723 1131 1872 1178 agnus
1894 1131 2059 1161 coram
2075 1113 2308 1167 tondente
2320 1131 2370 1161 se
2385 1114 2700 1174 obmutescet,

582 1206 628 1241 et
651 1213 750 1242 non
775 1197 954 1260 aperiet
976 1212 1030 1242 os
1052 1212 1209 1243 suum.
1229 1216 1252 1240 »
1280 1183 1570 1261 Expectabat
1591 1195 1660 1242 ihi
1681 1195 1841 1254 tacita,
1868 1195 2191 1242 damnationis
2212 1211 2307 1241 suae
2328 1195 2631 1254 sententiam,
2657 1205 2703 1242 et

582 1285 743 1322 tacens
770 1276 1072 1333 hominibus,
1102 1275 1190 1322 soli
1225 1279 1326 1322 Deo
1356 1276 1470 1322 fletu
1505 1275 1811 1340 loquebatur.
1846 1278 1982 1322 Nunc
2010 1292 2125 1322 vero
2155 1274 2478 1331 damnationis
2509 1285 2704 1340 accepta

581 1357 831 1414 sententia,
849 1356 911 1403 ad
929 1359 1283 1405 excusationem
1305 1357 1395 1415 sui,
1422 1373 1522 1402 non
1545 1355 1897 1414 liberationem,
1914 1372 2051 1403 suam
2073 1355 2400 1402 innocentiam
2422 1365 2698 1419 protestata,

582 1437 715 1482 famae
744 1437 903 1500 potius
933 1455 1080 1501 quam
1101 1439 1208 1485 vitae
1237 1438 1448 1484 decrevit
1470 1436 1745 1495 consulere,
1772 1447 1819 1483 et
1847 1454 1958 1483 suos
1987 1436 2155 1484 saltem
2177 1436 2239 1484 de
2261 1446 2415 1483 morte
2437 1453 2521 1483 sua
2544 1437 2702 1483 minus

579 1515 805 1561 sollicitos
840 1516 1063 1575 reddere,
1096 1533 1243 1581 quam
1271 1517 1469 1563 minime
1498 1516 1776 1563 dubitarent
1798 1516 1860 1563 ad
1883 1515 2144 1562 feliciorem
2165 1517 2314 1562 vitam
2334 1516 2552 1562 transire.
2588 1518 2702 1562 Cer-

579 1596 813 1642 tissimum
835 1598 1013 1661 quippe
1035 1597 1109 1644 vel
1139 1599 1451 1655 innocentiae,
1477 1596 1553 1643 vel
1575 1596 1726 1660 culpae
1753 1597 2083 1643 testimonium
2105 1607 2199 1656 est,
2228 1606 2438 1644 extrema
2465 1595 2700 1643 confessio

578 1676 934 1735 damnatorum,
949 1679 1153 1724 maxime
1170 1694 1321 1741 quum
1331 1676 1568 1741 quidquid
1573 1677 1673 1740 Jam
1689 1677 1875 1723 dicatur
1888 1677 2018 1741 apud
2033 1677 2273 1736 homines,
2289 1676 2380 1723 sibi
2395 1676 2700 1741 profuturum

577 1755 852 1819 desperent,
879 1766 926 1802 et
958 1766 1091 1803 tanto
1122 1756 1324 1821 amplius
1348 1755 1409 1803 de
1431 1756 1667 1803 servanda
1687 1756 1885 1803 veritate
1907 1766 2020 1803 sunt
2041 1755 2247 1815 solliciti,
2273 1765 2455 1820 quanto
2478 1772 2529 1802 se
2551 1754 2700 1817 magis

578 1837 637 1881 ad
661 1836 879 1883 divinum
895 1837 1132 1900 judicium
1154 1839 1480 1902 propinquare
1494 1838 1754 1902 trepidant.
1781 1840 1907 1884 Bene
1923 1847 2084 1884 autem
2097 1837 2270 1883 dicitur
2283 1836 2568 1883 exclamasse
2581 1852 2699 1882 voce

578 1932 771 1979 magna,
798 1933 898 1963 non
921 1934 1026 1981 quae
1047 1917 1204 1964 solum
1227 1934 1365 1964 aures
1386 1917 1643 1964 hominum
1665 1917 1840 1980 tetigit,
1866 1917 1951 1964 sed
1973 1933 2078 1981 quae
2100 1916 2163 1963 ad
2184 1916 2418 1981 piissimas
2446 1931 2583 1963 aures
2611 1917 2698 1963 Dei

575 1995 828 2057 perfectius
850 1997 998 2054 venit,
1025 2014 1115 2044 nec
1137 2007 1238 2044 tam
1259 2007 1437 2044 terram
1459 2013 1607 2060 quam
1628 1996 1804 2044 coelum
1825 1995 2041 2060 replevit.
2069 1995 2214 2052 Quod
2236 1996 2396 2042 statim
2417 1994 2699 2042 subsecutus

575 2075 756 2122 indicat
778 2076 974 2122 effectus
989 2114 1000 2134 ,
1035 2094 1186 2140 quum
1208 2078 1408 2123 dicitur*
1436 2095 1445 2123 :
1476 2097 1499 2121 «
1518 2081 1577 2123 Et
1599 2076 1840 2124 exaudivit
1864 2077 2100 2123 Dominus
2121 2092 2293 2123 vocem
2315 2076 2432 2139 ejus.
2454 2095 2476 2120 »
2509 2078 2693 2136 Quam,

576 2154 796 2213 obsecro,
818 2172 989 2202 vocem
1008 2156 1107 2219 ejus
1125 2157 1323 2215 audivit,
1343 2157 1460 2214 imo,
1487 2166 1540 2202 ut
1559 2156 1774 2215 audistis,
1794 2155 2061 2202 exaudivit?
2081 2155 2209 2213 Quid
2223 2156 2352 2202 enim
2368 2156 2522 2203 oravit
2536 2193 2547 2215 ,
2567 2156 2697 2203 unde

575 2235 748 2280 meruit
770 2235 1037 2282 exaudsti‘?
1064 2255 1087 2280 «
1104 2239 1190 2294 Tu,
1210 2236 1435 2294 Domine,
1453 2254 1476 2280 »
1502 2236 1675 2299 inquit,
1705 2254 1728 2279 «
1751 2236 1916 2282 omnia
1937 2236 2064 2282 nosti
2086 2244 2345 2298 antequam
2367 2234 2507 2293 fiant3
2534 2245 2585 2282 tu
2606 2237 2696 2282 scis

574 2331 719 2377 quam
742 2315 914 2362 falsum
937 2327 1105 2364 contra
1130 2334 1208 2363 me
1230 2317 1425 2363 tulerint
1446 2317 1792 2364 testimonium.
1815 2335 1838 2360 »
1859 2315 2086 2380 Nunquid
2108 2316 2294 2363 orando
2317 2316 2490 2379 adjecit
2511 2326 2563 2363 ut
2584 2315 2698 2364 libe-

574 2405 757 2440 raretur
777 2411 804 2441 a
826 2412 985 2459 poena,
1012 2412 1160 2460 quam
1182 2413 1282 2442 non
1301 2406 1540 2442 meruerat
1558 2412 1619 2442 ex
1637 2386 1804 2460 culpa?
1821 2412 2127 2460 nequaquam
2143 2395 2194 2442 id
2209 2411 2378 2458 rogare
2400 2394 2691 2455 decreverat,
2755 2395 2759 2398 ’

572 2492 676 2537 quae
704 2477 770 2522 sic
805 2493 855 2522 se
890 2477 952 2523 ad
975 2477 1123 2523 vitam
1145 2477 1347 2523 transire
1376 2478 1525 2540 magis
1555 2493 1702 2541 quam
1730 2477 1855 2523 mori
1885 2476 2188 2535 attendebat,
2215 2493 2304 2523 nec
2326 2486 2426 2523 tam
2448 2476 2508 2523 de
2540 2486 2694 2524 morte

572 2571 717 2617 quam
740 2556 800 2601 de
816 2556 1012 2603 infamia
1033 2556 1362 2620 propulsanda
1383 2556 1606 2614 curabat,
1629 2566 1681 2602 ut
1702 2556 1798 2603 suis
1820 2556 1980 2620 potius
2002 2572 2150 2620 quam
2170 2555 2261 2603 sihi
2283 2555 2569 2602 consuleret.
2594 2558 2694 2602 Do—

571 2635 728 2680 minus
753 2645 930 2694 autem,
948 2637 1024 2682 cui
1038 2637 1332 2682 conscientia
1353 2637 1502 2699 magis
1515 2652 1663 2700 quam
1684 2635 1846 2698 lingua
1866 2635 2097 2699 loquitur,
2114 2652 2214 2681 non
2228 2634 2386 2682 solum
2401 2634 2462 2681 ab
2477 2634 2689 2693 infamia,

575 2731 740 2761 verum
762 2716 906 2762 etiam
929 2731 956 2762 a
978 2726 1132 2762 morte
1155 2717 1309 2780 ipsam
1335 2716 1537 2763 liberare
1560 2733 1660 2763 non
1683 2716 1933 2774 differens,
1960 2716 2008 2761 in
2033 2732 2091 2762 eo
2113 2732 2283 2762 vocem
2306 2715 2405 2778 ejus
2428 2713 2688 2773 exaudivit,

570 2795 702 2856 quod
725 2795 1037 2842 confessionis
1050 2812 1144 2842 suae
1160 2796 1410 2842 veritatem
1432 2796 1573 2842 certis
1595 2795 1782 2841 indiciis
1797 2794 2149 2859 comprobavit.
2177 2794 2315 2841 Unde
2337 2803 2385 2840 et
2406 2793 2652 2840 subditur⁸
2677 2813 2686 2840 ε

574 2893 595 2916 κ
623 2877 880 2938 Quumque
924 2875 1178 2921 duceretur
1222 2875 1283 2921 ad
1328 2885 1534 2921 mortem
1553 2912 1563 2933 ,
1601 2875 1845 2922 suscitavit
1878 2878 2006 2921 Deus
2040 2875 2262 2939 spiritum
2294 2883 2514 2921 sanctum
2554 2874 2690 2938 pueri

564 2956 785 3016 junioris,
811 2957 888 3002 cui
911 2972 1091 3002 nornen
1114 2955 1300 3002 Daniel.
1323 2974 1346 2999 »
1373 2956 1625 3019 Spiritum,
1660 2955 1839 3018 inquit,
1865 2955 2025 3019 potius
2051 2971 2198 3019 quam
2225 2970 2400 3018 corpus
2428 2952 2686 3011 suscitavit,

570 3053 720 3097 quum
741 3046 927 3083 aetatem
950 3036 1085 3100 pueri
1109 3036 1312 3099 junioris
1342 3035 1621 3082 mirabiliter
1644 3034 1887 3093 exaltavit,
1920 3045 1972 3082 ut
2000 3035 2192 3100 spiritus
2214 3044 2428 3092 sanctus,
2453 3033 2536 3097 qui
2557 3033 2607 3079 in
2629 3049 2688 3079 eo

567 3115 664 3173 jam
688 3126 789 3162 erat
810 3132 896 3180 per
919 3116 1118 3179 gratiam
1132 3153 1143 3173 ,
1175 3132 1260 3179 per
1282 3115 1547 3179 prophetiae
1569 3124 1939 3177 cognosceretur
1961 3113 2245 3172 efficaciam-3
2274 3122 2321 3159 et
2347 3128 2434 3176 per
2454 3111 2688 3174 virginem

571 3211 774 3257 puerum
797 3196 1035 3258 pudicitiae
1052 3195 1354 3242 defensorem
1370 3193 1600 3258 impudici
1615 3210 1751 3241 senes
1769 3194 1969 3257 judicati
1991 3193 2352 3240 damnarentur.
2379 3194 2447 3237 Ex
2469 3207 2564 3254 qua
2586 3190 2690 3254 qui-

617 3383 623 3398 ¹
646 3383 722 3424 Leg.
740 3386 784 3415 ad
798 3388 1054 3425 propositum—
1071 3386 1083 3402 ²
1102 3387 1198 3426 Dan.,
1215 3396 1287 3429 cap.
1306 3396 1382 3427 xm,
1399 3395 1429 3418 v.
1449 3386 1504 3418 42.
1518 3402 1549 3408 -—
1570 3383 1688 3424 ⁸1sai-,
1705 3394 1779 3427 cap.
1798 3394 1850 3416 un
1862 3409 1869 3423 ‚
1887 3394 1917 3416 v.
1935 3385 1967 3416 ⁷.
1979 3401 2015 3408 —
2033 3382 2047 3400 ⁴
2061 3382 2157 3422 Dan„
2177 3391 2251 3423 cap.
2268 3391 2345 3418 xm,
2361 3390 2393 3412 v.
2409 3380 2514 3412 44.—
2526 3377 2539 3395 ⁸
2556 3376 2685 3411 lbid.—·

577 3440 588 3455 ¹⁵
602 3441 694 3479 Dan.,
715 3451 787 3484 cap.
807 3454 880 3482 xm,
901 3454 930 3476 v.
949 3445 1001 3476 45.
