2970 4152
523 371 618 419 748

520 465 634 501 Artes
649 464 844 501 Artificem
862 463 1057 512 deplorant
1075 462 1306 508 occubuisse,

522 524 635 571 Quod
653 524 745 574 quid
766 525 962 569 sentirent,
983 530 1180 560 senserunt
1197 523 1418 572 exposuisse.

519 585 654 622 Petrus
672 584 891 622 Aristoteles
911 584 983 621 fuit
1002 584 1081 632 ipse
1095 583 1152 620 vel
1169 583 1263 619 alter
1275 589 1313 619 et
1331 582 1458 628 haeres,

519 645 628 682 Solus
643 644 858 682 Aristotelis
871 652 988 681 metas
1005 644 1070 694 qui
1085 643 1227 692 reperit
1244 649 1340 679 artes
1353 658 1361 688 ;

518 706 592 742 Hic
608 705 738 742 docuit
760 717 867 742 voces
886 717 970 741 cum
989 705 1100 741 rebus
1118 703 1339 752 significare,

518 766 566 802 Et
583 765 713 802 docuit
730 778 836 802 voces
854 778 913 803 res
926 765 1172 814 significando
1192 772 1338 801 notare.

518 826 675 864 Errores
693 840 874 876 generum
891 827 1054 863 correxit
1066 855 1076 872 ,
1099 827 1151 862 ita
1170 826 1378 874 specierum
1393 840 1402 870 ;

516 887 590 923 Hic
607 901 724 936 genus
738 895 777 925 et
794 887 932 937 species
949 888 988 923 in
1003 886 1079 923 sola
1095 898 1184 923 voce
1199 886 1344 931 locavit,

517 947 564 983 Et
579 960 696 996 genus
712 955 750 984 et
766 948 907 996 species
925 958 1116 984 sermones
1129 958 1206 982 esse
1224 946 1378 983 notavit.

515 1007 812 1056 Significativum
831 1009 925 1058 quid
941 1009 1002 1053 sit,
1028 1007 1122 1057 quid
1139 1007 1406 1055 significatum,

515 1069 733 1117 Significare
752 1070 845 1119 quid
864 1070 913 1106 sit
930 1069 1096 1118 prudens
1113 1068 1392 1111 diversificavit3

513 1130 587 1166 Hic
602 1130 698 1179 quid
715 1143 774 1167 res
794 1137 929 1175 essent,
946 1129 1040 1179 quid
1053 1141 1161 1165 voces
1178 1127 1438 1177 significarunt

513 1190 691 1226 Lucidius
708 1191 862 1240 reliquis
876 1190 1052 1240 patefecit
1066 1190 1106 1226 in
1122 1196 1202 1225 arte
1223 1189 1367 1237 peritis.

512 1250 572 1286 Sic
587 1251 725 1287 animal
739 1251 960 1300 nullumque
974 1250 1111 1287 animal
1130 1262 1247 1299 genus
1262 1261 1340 1285 esse
1355 1247 1549 1297 probatur,

512 1308 573 1347 Sic
586 1318 624 1347 et
639 1312 767 1356 homo,
785 1311 850 1348 sed
868 1311 993 1348 nullus
1011 1312 1127 1347 homo
1144 1310 1284 1359 species
1302 1309 1499 1345 vocitatur.

510 1374 672 1422 Ingenio
688 1373 807 1409 fretus
821 1372 949 1409 docuit
966 1371 1118 1408 subtilia
1137 1372 1273 1408 Petrus

510 1434 695 1483 Dogmata
711 1433 883 1469 doctores
899 1445 980 1481 quae
997 1445 1072 1468 non
1090 1432 1253 1468 docuere
1272 1430 1429 1479 priores,

511 1493 708 1539 Quantum
725 1493 896 1529 difficiles
916 1493 997 1529 aliis
1018 1499 1105 1528 sunt
1121 1491 1297 1528 omuibus
1309 1497 1408 1527 artes

510 1552 605 1587 Tam
624 1552 739 1588 Petro
757 1551 896 1596 faciles,
911 1551 1023 1587 Petro
1044 1550 1229 1587 referente
1246 1556 1428 1598 patentes.

509 1612 645 1649 Petrus
662 1611 885 1657 laudandus,
900 1612 1035 1647 Petrus
1053 1610 1289 1660 plangendus
1303 1609 1350 1646 ab
1368 1610 1478 1645 hoste

510 1673 664 1710 Occidit
683 1689 691 1709 :
710 1673 815 1710 hunc
830 1672 952 1709 subita
968 1672 1095 1721 rapuit
1113 1683 1193 1708 sors
1208 1670 1334 1707 invida
1348 1676 1483 1707 morte.

511 1732 692 1768 Errorum
711 1732 854 1768 nebulae
867 1738 1042 1780 surgunt,
1063 1738 1112 1776 te,
1128 1732 1259 1777 Petre,
1275 1730 1450 1775 cadente;

506 1790 547 1835 ,Si
561 1798 695 1837 stares,
716 1792 906 1837 caderent,
920 1798 977 1835 et,
997 1797 1036 1827 te
1054 1797 1245 1838 surgente,
1264 1787 1446 1835 jacerent.

509 1849 642 1887 Gloria
660 1858 697 1887 te
715 1850 900 1888 celebrem
913 1851 1002 1887 fecit
1013 1879 1024 1897 ,
1038 1857 1102 1886 tua
1121 1850 1217 1886 fama
1231 1861 1449 1897 perennem,

555 1911 591 1947 N
593 1924 635 1948 ee
657 1913 783 1960 potuit
801 1912 930 1948 titulos
945 1923 1046 1947 mors
1064 1909 1213 1947 abolere
1231 1916 1330 1947 tuoS.

507 1971 647 2008 Invidit
664 1984 764 2008 mors
778 1972 857 2020 ipsa
873 1972 961 2018 tibi,
983 1971 1050 2021 qui
1067 1982 1174 2006 causa
1191 1963 1296 2006 fuisti

555 2031 746 2069 Omnibus
759 2032 906 2069 invidiae
921 2048 928 2069 :
945 2044 1046 2068 mors
1063 2032 1217 2068 inimica
1235 2030 1317 2067 tibi.

504 2092 587 2128 Jam
603 2099 669 2128 tua
679 2094 814 2130 vocalis
833 2094 1018 2130 sententia
1035 2093 1131 2129 sacta
1150 2091 1259 2128 realis

508 2189 510 2195 λ
553 2153 657 2188 Mors
677 2160 958 2201 argumentum,
975 2153 1026 2188 sic
1042 2152 1111 2188 tibi
1124 2151 1256 2188 tumba
1276 2151 1392 2189 locus.

505 2212 592 2248 Haec
608 2213 648 2249 in
663 2226 753 2250 voce
766 2213 914 2259 docens,
927 2213 1004 2248 haec
1022 2213 1062 2248 in
1079 2212 1192 2248 rebus
1208 2211 1387 2256 didicisti,

553 2273 600 2309 Et
613 2273 810 2310 moriendo
826 2273 960 2322 probas
979 2272 1083 2322 quod
1099 2271 1284 2308 moriatur
1297 2272 1426 2308 homo.

1011 2372 1045 2409 4.

523 2461 548 2488 Ε
572 2460 679 2490 Codice
693 2460 885 2499 perantiquo,
901 2469 950 2499 ap.
972 2459 1060 2488 Bern.
1080 2459 1137 2488 Pez
1163 2449 1253 2489 Thes.
1275 2459 1383 2489 anecd.
1408 2462 1538 2493 noviss„

853 2511 934 2541 Diss.
947 2511 1036 2550 Isag.‚
1050 2522 1080 2550 p.
1093 2513 1187 2548 xxm]

502 2590 637 2627 Petrus
654 2602 760 2626 amor
775 2589 877 2634 cleri,
891 2590 1024 2626 Petrus
1043 2588 1241 2639 inquisitio
1253 2588 1345 2635 veri,

503 2651 647 2700 Lingua
663 2651 834 2688 salutaris
847 2650 1040 2700 turbaeque
1057 2650 1210 2687 lucerna
1225 2649 1417 2696 scholaris,

1427 369 1739 418 APPENDIX.

1611 463 1916 513 Argumentandi
1934 462 2096 509 solertia,
2119 464 2225 512 copia
2240 464 2356 511 fandi,

1612 525 1701 561 Post
1715 524 1846 560 mundi
1864 523 1974 570 bella,
1992 536 2084 560 nova
2101 524 2221 573 fulget
2237 524 2274 561 in
2295 525 2431 562 aethere
2442 524 2558 562 stella.

1611 585 1667 622 De
1681 585 1823 621 mundo
1835 585 1959 634 fragili
1983 585 2052 621 sub
2069 597 2196 622 mense
2211 593 2363 622 vocatur
2378 585 2499 634 aprili,

1611 647 1760 696 Eloquii
1774 646 1855 692 flos,
1874 645 2020 682 consilii
2039 658 2113 691 ros,
2127 646 2271 694 ingenii
2284 658 2358 692 cos,

1613 707 1870 743 Grammaticae
1903 706 1987 742 fons
2000 735 2010 753 ,
2043 706 2253 742 Rhetoricae
2284 717 2377 755 pons
2390 734 2399 750 ,
2432 718 2475 741 ac
2504 705 2646 754 Logicae

1611 767 1867 812 Ecclesiaelux,
1878 767 2032 815 justitiae
2052 767 2128 803 dux
2144 767 2244 804 inter
2256 767 2418 816 iniquos,
2508 765 2642 814 [mons,

1610 827 1808 876 Gymnasii
1828 828 1899 873 fax,
1916 827 2089 876 discipuli
2102 840 2184 876 pax,
2199 818 2324 875 justus
2339 834 2376 863 et
2393 828 2534 863 insons.

1610 888 1710 924 Hinc
1727 888 1831 933 abiit,
1847 888 1911 924 sed
1929 900 2004 924 non
2023 887 2130 931 obiit,
2146 900 2215 923 nec
2227 887 2339 924 desiit
2350 899 2440 923 esse.

1609 948 1790 984 Praeteriit
1803 947 1868 984 sed
1882 960 1959 984 non
1973 948 2097 997 periit,
2111 948 2281 984 transivit
2293 947 2341 983 ad
2357 959 2448 985 esse.
2549 947 2616 996 [vit
2631 963 2639 984 :

1606 1002 1748 1050 Aspera
1770 1014 1860 1051 gens
1878 1003 2060 1039 violenter
2078 1015 2211 1052 agens,
2236 1015 2349 1051 super
2364 1003 2467 1038 hunc
2485 1002 2644 1039 fabrica-

1607 1061 1781 1099 Christus
1796 1075 1882 1100 eum
1900 1075 2013 1112 super
2025 1064 2226 1100 aethereum
2236 1063 2349 1111 jubar
2360 1063 2592 1100 exhilaravit.

2116 1173 2148 1209 ὃ.

1608 1256 1742 1295 [Legitur
1753 1257 1831 1285 inter
1843 1256 1939 1296 Opem
1952 1256 1990 1286 D.
2007 1256 2141 1295 Philippi
2153 1257 2263 1285 abbatis
2275 1256 2446 1295 Bonae-Spei
2456 1278 2464 1292 ,
2476 1257 2548 1285 sacri
2561 1255 2643 1285 ordi-

1645 1308 1691 1335 nis
1711 1307 2030 1336 Praemonstratensium
2043 1306 2159 1346 (Duaci
2173 1311 2254 1342 1621,
2275 1306 2392 1342 in-sol.,
2410 1316 2441 1344 p.
2457 1306 2542 1345 801),
2557 1311 2587 1335 et
2605 1306 2642 1335 de

1643 1359 1795 1388 Abaelardo
1817 1365 1914 1388 nostro
1930 1359 2082 1388 conditum
2096 1369 2156 1387 esse
2168 1359 2274 1394 fertur,
2287 1368 2453 1397 quanquam
2466 1357 2562 1387 solum
2579 1367 2642 1386 mn-

1643 1411 1729 1449 gistri
1742 1409 1945 1448 Petri-nomen
1958 1410 2118 1449 praeferat]

1606 1487 1754 1523 Lucifer
1771 1487 1967 1532 occubuit,
1988 1486 2119 1532 stellae,
2140 1486 2296 1531 radiate,
2316 1486 2494 1531 minores,

1606 1547 1723 1595 Cujus
1740 1559 1803 1583 vos
1819 1547 1947 1584 radius
1966 1547 2167 1584 hebetabat
2186 1554 2230 1583 ut
2244 1546 2453 1583 inferiores.

1563 1639 1574 1651 ,
1604 1607 1710 1644 Illius
1726 1620 1859 1644 occasu
1874 1608 2027 1644 tandem
2040 1608 2192 1644 venistis
2211 1607 2259 1643 ad
2276 1613 2402 1643 ortum

1604 1668 1884 1717 Naufragioque
1908 1668 1997 1705 tulit
2023 1675 2150 1704 vestrae
2173 1668 2265 1704 ratis
2291 1667 2454 1703 anchora
2471 1673 2638 1715 portum.

1604 1730 1794 1775 Maturus,
1816 1729 1958 1775 docilis,
1975 1730 2073 1778 piuS,
2093 1730 2184 1778 egit,
2205 1727 2386 1777 praetulit,
2405 1728 2496 1763 emit

1651 1790 1829 1835 Cursum,
1842 1790 1919 1838 jus,
1930 1789 2079 1835 coelum,
2097 1796 2282 1838 tempore,
2295 1788 2390 1836 lege,
2408 1787 2493 1824 fide.

2104 1892 2139 1926 6.

1604 1977 1663 2014 [Ex
1677 1978 1814 2006 chronico
1824 1976 1965 2006 Richardi
1975 1975 2184 2012 Pictaviensis,
2197 1986 2244 2014 ap.
2258 1974 2328 2004 Rer.
2351 1975 2439 2003 Gall.
2453 1980 2482 2004 et
2493 1974 2635 2004 Francic-

1912 2029 2045 2067 Script„
2058 2032 2082 2056 t.
2093 2026 2155 2056 XII
2165 2050 2173 2063 ,
2189 2037 2218 2066 p.
2233 2028 2313 2063 415.]

1601 2106 1845 2144 Summorum
1864 2106 1983 2154 major
1995 2105 2130 2142 Petrus
2146 2103 2363 2141 Abaelardus

1602 2167 1766 2212 Occidit,
1783 2167 1956 2203 immanis
1973 2167 2093 2202 sactus
2110 2165 2217 2201 dolor
2233 2163 2407 2200 omnibus
2425 2174 2536 2199 unus.

1600 2227 1723 2264 Gallia
1746 2227 1800 2263 nil
1821 2226 1941 2274 majus
1960 2225 2096 2262 habuit
2111 2224 2167 2262 vel
2185 2224 2321 2260 clarius
2343 2224 2429 2261 isto.

1595 2286 1674 2324 Nec
1687 2298 1788 2323 mors
1805 2287 1864 2334 cuj
1871 2298 2027 2335 usquam
2046 2286 2088 2321 fit
2100 2292 2203 2321 tanta
2217 2284 2328 2320 ruina
2345 2283 2501 2320 Latinis.

1594 2347 1640 2382 In
1653 2353 1836 2395 quantum
1850 2346 1947 2382 fama
1967 2345 2130 2381 Romani
2147 2344 2311 2380 nominis
2327 2344 2416 2388 exit,

1593 2406 1700 2443 Illius
1716 2406 1858 2455 ingenii
1879 2405 2091 2442 studiorum
2110 2405 2206 2441 fama
2217 2404 2368 2441 volavit.
2431 2422 2434 2425 ·

1595 2468 1767 2516 Namque
1778 2467 1900 2504 oritur
1919 2473 2024 2515 patre
2039 2466 2198 2503 Pictavis
2215 2472 2253 2502 et
2270 2465 2425 2502 Britone
2443 2471 2575 2510 matre,

1596 2527 1693 2563 Cum
1712 2526 1864 2564 Francis
1890 2526 2056 2573 studuit,
2074 2526 2281 2578 monachus
2304 2525 2467 2562 moritur
2484 2524 2632 2562 Cabilo-

2542 2584 2628 2636 [uis.
