2970 4152
1066 635 1499 712 EPISTOLA
1565 639 1770 723 vlu,

416 827 516 865 QUAE
538 825 836 866 EerJUsnEM
864 824 999 856 PETRI
1023 826 1083 856 Al)
1106 825 1358 858 HELOISSAM
1372 846 1384 865 ‚
1411 826 1669 858 ms‘n‘rnrlo
1690 826 1768 859 SEU
1792 826 1965 858 REGULA
1988 801 2421 862 SAthJMONlALmM.

1239 1004 1579 1039 ARGUMENTUM
1585 1030 1593 1037 .

346 1127 467 1170 Quum
484 1126 557 1162 duo
572 1128 617 1162 ab
634 1127 790 1163 Heloissa
808 1136 950 1175 rogatus
965 1128 1081 1163 fuisset
1098 1128 1303 1164 Ahaelardus
1315 1156 1325 1173 ‚
1345 1129 1443 1163 alteri
1458 1126 1602 1175 quidem
1613 1141 1735 1163 eorum
1752 1128 1930 1175 superiore
1947 1128 2131 1175 respondit
2145 1130 2290 1176 epistola
2307 1143 2313 1165 :
2329 1131 2475 1165 alterum

360 1219 363 1221 Α
395 1193 491 1216 nunc
512 1182 707 1227 exequitur.
737 1180 916 1227 Siquidem
939 1182 1117 1229 petitionis
1134 1182 1298 1217 Heloissae
1321 1183 1469 1217 alterum
1490 1191 1596 1229 caput
1623 1183 1754 1226 fuerat,
1780 1190 1819 1217 ut
1840 1182 2136 1229 paracletensibus
2161 1183 2400 1218 monachabus
2422 1197 2474 1218 re-

391 1235 513 1282 gulam
532 1235 719 1278 scriberet3
737 1233 835 1281 quod
851 1235 924 1282 ipse
936 1235 1006 1270 hoc
1020 1236 1114 1270 libro
1128 1235 1247 1283 potius
1267 1247 1373 1282 quam
1390 1235 1537 1283 epistola
1555 1237 1749 1271 luculenter
1764 1236 1922 1283 perficit,
1939 1235 2101 1283 plurimis
2117 1245 2319 1271 sanctorum
2334 1246 2472 1284 patrum

394 1287 573 1323 sententiis
595 1296 762 1334 tanquam
781 1287 928 1323 floribus
953 1287 1129 1323 adunatis.
1147 1289 1380 1336 Tripertitum
1407 1298 1523 1324 autem
1551 1298 1736 1324 tractatum
1764 1297 1886 1332 vocat,
1904 1288 2002 1335 quod
2019 1290 2056 1323 in
2073 1303 2115 1325 eo
2134 1290 2285 1325 maxime
2302 1289 2346 1324 de
2365 1291 2476 1325 tribus

394 1341 579 1388 praecipuis
602 1341 788 1376 virtutibus
807 1342 1026 1385 monasticis,
1045 1342 1263 1377 continentia
1278 1343 1409 1378 scilicet
1421 1368 1431 1386 ‚
1450 1351 1657 1390 paupertate
1672 1343 1870 1378 voluntaria
1881 1369 1890 1386 ,
1909 1351 1943 1377 et
1961 1343 2099 1378 silentio
2122 1352 2257 1379 tractet.
2288 1344 2476 1379 Constituit

394 1395 458 1429 toti
482 1406 604 1429 earum
627 1395 775 1440 collegio
791 1403 923 1442 septem
940 1395 1106 1430 officiales
1121 1407 1258 1430 sorores
1269 1422 1280 1439 ‚
1298 1407 1375 1442 quae
1391 1395 1522 1430 caeteris
1538 1405 1615 1430 tum
1632 1397 1669 1430 in
1686 1397 1740 1430 his
1755 1409 1833 1442 quae
1849 1397 2046 1431 animarum
2063 1405 2162 1440 sunt,
2182 1405 2258 1431 tum
2276 1397 2313 1432 in
2330 1398 2383 1432 his
2399 1410 2474 1443 quae

393 1447 439 1482 ad
461 1447 668 1495 temporalia
683 1448 754 1482 sive
771 1447 969 1496 corporalia
988 1457 1165 1495 spectant,
1184 1449 1377 1496 prudenter
1394 1449 1548 1496 praesint.
1568 1450 1676 1483 Esum
1705 1449 1866 1484 carnium
1887 1450 1994 1484 ternis
2019 1449 2143 1484 diebus
2169 1450 2313 1497 singulis
2339 1451 2475 1486 hebdo-

393 1499 555 1536 madibus
569 1527 579 1544 ‚
596 1509 631 1535 et
648 1513 750 1535 usum
775 1501 848 1535 vini
866 1500 1088 1537 moderatum
1106 1501 1154 1536 eis
1172 1501 1332 1548 indulget
1349 1515 1357 1537 t
1378 1514 1419 1536 ac
1437 1510 1559 1537 caetera
1579 1501 1624 1538 ad
1642 1502 1720 1537 vitae
1738 1503 1936 1537 monasticae
1965 1502 2126 1538 ordinem
2156 1503 2366 1550 pertinentia
2394 1504 2475 1539 dili-

392 1562 515 1600 genter
537 1563 572 1589 et
589 1566 744 1601 congrue
767 1554 934 1601 disponit.

412 1702 656 1750 Petitionis
695 1712 784 1749 tuae
807 1711 942 1766 parte
962 1702 1061 1766 jam
1087 1701 1243 1767 aliqua
1274 1712 1420 1767 prout
1452 1703 1699 1768 potuimus
1733 1701 1977 1761 absoluta,
2019 1713 2232 1768 superest
2262 1704 2472 1750 Domino

345 1792 586 1830 annuente
610 1782 671 1829 de
696 1781 775 1829 illa
791 1818 803 1842 ,
832 1799 938 1846 quae
962 1792 1107 1830 restat
1127 1819 1139 1841 ,
1172 1793 1305 1848 parte
1332 1793 1427 1830 tam
1447 1784 1538 1831 tuis
1554 1800 1700 1849 quam
1720 1783 2035 1849 spiritualium
2054 1793 2244 1830 tuarum
2268 1782 2471 1830 filiarum

342 1861 585 1909 desideriis
611 1861 911 1927 complendis
936 1865 1134 1927 operam
1159 1861 1289 1910 dare.
1323 1865 1480 1910 Restat
1504 1864 1683 1928 quippe
1703 1863 1837 1926 juxta
1862 1863 2096 1928 praedictae
2122 1873 2285 1910 vestrae
2316 1873 2476 1928 postu-

340 1941 530 1989 lationis
549 1942 769 1990 ordinem
787 1978 799 2002 ,
827 1941 1035 2006 aliquam
1060 1941 1196 1989 vobis
1224 1942 1599 2002 institutionem,
1627 1943 1760 2007 quasi
1790 1942 2048 2007 quamdam
2074 1943 2309 2008 propositi
2330 1944 2473 1990 vestri

340 2021 551 2087 regulam
576 2039 605 2070 a
629 2022 768 2070 nobis
789 2022 961 2082 scribi,
993 2033 1039 2070 et
1064 2023 1198 2070 vobis
1222 2023 1369 2083 tradi3
1402 2033 1453 2071 ut
1487 2024 1661 2071 certius
1701 2040 1757 2070 ex
1792 2024 1967 2088 scripto
1994 2039 2139 2088 quam
2174 2040 2230 2071 ex
2269 2040 2471 2071 consue-

340 2103 506 2152 tudine
535 2102 748 2152 habeatis
776 2103 894 2169 quid
930 2120 1015 2151 vos
1046 2104 1179 2169 sequi
1205 2105 1472 2151 conveniat.
1513 2107 1610 2151 Nos
1649 2105 1809 2169 itaque
1839 2104 2012 2169 partim
2046 2103 2473 2152 consuetudinibus

338 2185 478 2232 bonis
497 2221 510 2244 ‚
538 2185 712 2250 partim
737 2185 1089 2251 Scripturarum
1120 2184 1400 2232 testimoniis
1427 2184 1501 2232 vel
1528 2185 1766 2232 rationum
1796 2184 1999 2231 nitentes
2028 2182 2343 2243 fulcimentis,
2373 2184 2472 2231 haec

338 2267 501 2313 omnia
520 2266 571 2312 in
591 2281 743 2312 unum
759 2265 975 2313 conferre
996 2264 1323 2324 decrevimus3
1347 2275 1399 2312 ut
1424 2264 1668 2330 spirituale
1687 2265 1774 2311 Dei
1795 2263 2026 2330 templum
2047 2300 2059 2323 ,
2083 2263 2217 2328 quod
2236 2265 2344 2311 estis
2363 2280 2466 2323 vos,

338 2345 410 2393 his
450 2345 703 2393 decorare¹
726 2382 737 2404 ,
778 2345 914 2410 quasi
952 2344 1241 2410 quibusdam
1280 2345 1476 2410 egregiis
1518 2362 1749 2392 exornare
1794 2345 1989 2411 picturis
2016 2344 2285 2403 valeamus,
2326 2354 2372 2391 et
2412 2362 2469 2391 ex

338 2426 553 2491 pluribus
581 2426 865 2492 imperfectis
904 2426 1066 2491 quoad
1101 2429 1383 2492 possumus²
1406 2443 1556 2473 unum
1586 2425 1873 2492 opusculum
1899 2441 2251 2473 consummare.
2290 2428 2341 2471 ln
2368 2442 2465 2489 quo

338 2506 534 2571 quidem
559 2522 705 2571 opere
725 2506 919 2553 Zeuxim
941 2507 1176 2573 pictorem
1208 2507 1445 2554 imitantes
1461 2542 1473 2563 ‚
1505 2507 1569 2553 ita
1597 2505 1749 2554 facere
1775 2506 2064 2553 instituimus
2089 2506 2136 2552 in
2163 2504 2340 2570 templo
2367 2506 2463 2570 spi-

336 2586 457 2633 ritali
475 2622 487 2645 ‚
515 2586 635 2633 sicut
658 2585 736 2633 ille
766 2585 1001 2651 disposuit
1027 2585 1300 2633 faciendum
1327 2586 1376 2632 in
1405 2585 1659 2651 corporali.
1697 2589 1834 2633 Hunc
1863 2586 1990 2632 enim
2012 2621 2024 2644 ‚
2067 2594 2118 2631 ut
2143 2586 2189 2632 in
2223 2585 2467 2632 Rhetorica

335 2682 420 2714 sua
446 2668 460 2691 ³
499 2665 677 2730 Tullius
705 2670 717 2692 ⁴
760 2666 1006 2726 meminit,
1047 2667 1334 2714 Crotoniatae
1365 2667 1634 2714 asciverunt
1661 2665 1721 2713 ad
1756 2665 2004 2731 quoddam
2036 2666 2294 2731 templum,
2335 2666 2467 2730 quod

334 2748 682 2813 religiosissime
707 2748 960 2809 colebant,
987 2749 1389 2797 excellentissimis
1413 2750 1608 2815 picturis
1635 2749 1980 2797 decorandum.
2014 2749 2160 2808 Quod
2190 2760 2242 2797 ut
2265 2749 2465 2814 diligen-

334 2830 426 2877 tius
454 2829 657 2888 faceret,
687 2830 900 2894 quinque
923 2829 1009 2877 sibi
1043 2831 1248 2895 virgines
1271 2830 1615 2896 pulcherrimas
1640 2830 1701 2878 de
1728 2830 1908 2896 populo
1937 2830 2015 2878 illo
2042 2831 2202 2896 elegit,
2232 2847 2350 2896 quas
2375 2831 2466 2878 sibi

331 2909 544 2975 pingenti
570 2910 838 2958 assistentes
862 2911 1051 2958 intuens
1071 2947 1083 2971 ‚
1116 2927 1279 2958 earum
1308 2911 1712 2976 pulchritudinem
1740 2912 1983 2977 pingendo
2008 2912 2282 2960 imitaretur.
2318 2911 2462 2970 Quod

331 2988 518 3037 duabus
557 2989 618 3037 de
648 2990 801 3037 causis
826 2989 1001 3037 factum
1039 3007 1141 3038 esse
1177 2990 1403 3039 credibile
1441 3002 1525 3039 est.
1555 2995 1675 3038 Tum
1699 2990 1920 3038 videlicet
1947 2993 2086 3056 quia,
2131 3002 2181 3039 ut
2210 2991 2460 3058 praedictus

332 3070 550 3117 meminit
567 3070 761 3130 doctor,
784 3070 1039 3118 maximam
1056 3072 1273 3138 peritiam
1293 3073 1342 3119 in
1358 3071 1672 3138 depingendis
1690 3071 1969 3120 mulieribus
1987 3071 2143 3137 pictor
2162 3072 2239 3120 ille
2256 3072 2457 3142 adeptus

332 3149 511 3211 fuerat,
541 3161 643 3199 tum
668 3152 811 3199 etiam
834 3152 947 3216 quia
971 3151 1247 3212 naturaliter
1270 3152 1493 3218 puellaris
1523 3152 1676 3200 forma
1701 3151 1961 3216 elegantior
1985 3163 2032 3200 et
2057 3152 2305 3201 delicatior
2332 3152 2457 3199 virili

331 3231 679 3295 compositione
708 3235 721 3257 ⁸
763 3242 997 3280 censetur,
1042 3232 1204 3280 Plures
1241 3243 1401 3280 autem
1437 3233 1639 3297 virgines
1664 3231 1724 3278 ab
1753 3248 1811 3278 eo
1840 3231 1946 3297 eligi
1978 3250 2119 3298 supra
2161 3242 2452 3280 memoratus

374 3391 383 3408 ¹
409 3391 463 3425 Sic
481 3391 514 3424 C⁴
526 3394 684 3427 -Habens
702 3396 857 3428 decorare
874 3394 1002 3427 Edd.·-
1017 3394 1092 3429 'Sic
1108 3394 1144 3428 C.
1159 3412 1182 3419 —
1198 3396 1290 3436 Quod
1300 3398 1457 3437 possimus
1472 3396 1557 3430 Edd.
1574 3415 1607 3421 -υ
1620 3396 1632 3413 ⁸
1652 3396 1772 3430 [nvem.
1787 3395 1835 3437 11,
1851 3407 1920 3428 1.-—
1936 3394 1947 3412 ⁴
1967 3395 2115 3429 Eximius
2133 3402 2163 3428 et
2177 3397 2209 3428 ίη
2225 3401 2296 3427 arte
2312 3397 2454 3427 oratoria

332 3452 416 3483 inter
432 3451 560 3484 Latinos
577 3454 699 3493 primns
715 3452 810 3487 Rus.
822 3471 864 3477 —
880 3453 893 3470 ⁸
910 3454 1134 3496 Compactione
1150 3453 1215 3487 MS.
1242 3454 1339 3487 Amb.

490 3522 504 3550 1
2242 3513 2294 3550 20
