2970 4152
957 364 1017 412 IN
1050 364 1332 413 PASSlONE
1367 364 1578 413 DOMINI
1613 361 1830 411 SERMO.
2369 359 2464 405 429

327 462 503 526 pariter
521 470 568 508 et
585 457 817 525 perversi!
842 459 1069 524 Nunquid
1095 460 1178 524 qui
1201 460 1347 507 vitam
1369 459 1577 507 restituit
1594 458 1816 517 mortuiS,
1844 472 1872 503 a
1896 463 2050 502 morte
2071 452 2159 500 sibi
2185 468 2283 499 non
2309 462 2464 518 potest

330 539 607 605 providere,
630 549 677 587 et
700 539 1081 588 machinamenta
1104 550 1275 601 vestra,
1304 541 1344 587 si
1368 540 1498 599 velit,
1524 539 1781 587 dissolvere
1800 538 1818 584 ?
1845 540 1903 584 Et
1927 535 1988 583 de
2012 542 2245 600 potestate
2267 532 2461 597 quidem

332 620 432 684 ejus
451 636 552 667 non
575 619 828 684 ambigitis,
851 637 995 684 quem
1010 621 1189 668 totiens
1204 620 1253 668 in
1269 620 1344 668 his
1361 620 1436 668 vel
1451 621 1500 667 in
1521 619 1623 667 aliis
1640 618 1822 684 experti
1838 614 1968 664 estis!
1996 614 2215 679 Alioquin
2234 629 2334 660 non
2361 624 2464 660 tan-

332 716 479 764 quam
501 702 719 766 ignarum
742 701 857 749 dolo
882 711 1043 749 tenere
1058 702 1120 749 ad
1145 701 1466 750 occidendum
1489 700 1781 766 cogitaretis,
1804 698 1888 747 sed
1906 699 2062 764 ipsum
2081 697 2127 744 vi
2150 694 2462 761 comprehen-

333 782 522 830 deretis.
552 782 647 831 Sed
670 799 815 847 quam
840 782 980 830 stulte
1004 782 1099 831 hoc
1124 793 1335 832 vestrum
1357 783 1610 831 consilium
1629 792 1675 830 et
1698 796 1973 847 perversam
1996 778 2331 842 cogitationem
2351 793 2460 824 eum

286 878 290 881 ·
332 862 479 912 latere
504 863 728 924 credatis,
751 864 1037 928 evangelista
1054 875 1271 930 patenter
1289 865 1514 914 ostendit.
1539 867 1702 922 Quum
1726 863 1856 911 enim
1880 860 2179 926 praemisisset
2201 878 2210 906 :
2237 879 2260 904 «
2287 859 2355 907 Ab
2379 858 2460 906 illo

333 958 447 1007 ergo
470 942 549 990 die
572 943 901 1007 cogitaverunt
924 954 977 991 ut
1001 944 1322 994 interficerent
1345 962 1456 993 eum
1470 981 1482 1005 ,
1509 964 1531 989 υ
1553 944 1711 991 statim
1733 942 1829 989 hoc
1852 958 1964 989 eum
1994 956 2298 1004 nequaquam
2324 940 2461 1004 igno-

333 1041 437 1073 rare
467 1034 685 1090 patenter
708 1025 942 1085 insinuat,
980 1025 1169 1073 dicens¹
1193 1045 1202 1072 :
1232 1046 1255 1072 «
1276 1030 1409 1075 Jesus
1442 1043 1555 1091 ergo
1588 1042 1688 1073 non
1721 1025 1821 1089 jam
1844 1024 2004 1090 palam
2034 1022 2307 1071 ambulabat
2326 1022 2459 1087 apud

332 1104 520 1152 Judaeos
531 1140 546 1164 ,
573 1104 658 1152 sed
680 1104 794 1152 abiit
818 1105 867 1152 in
890 1105 1134 1170 regionem
1148 1106 1283 1170 juxta
1301 1106 1540 1154 desertum
1566 1106 1614 1152 in
1639 1106 1878 1153 civitatem
1896 1120 2001 1169 quae
2020 1104 2191 1151 dicitur
2216 1102 2426 1168 Ephrem
2444 1139 2455 1161 ,

333 1195 380 1232 et
397 1184 464 1232 ibi
480 1184 759 1232 morabatur
774 1202 885 1233 cum
904 1184 1147 1251 discipulis
1167 1187 1319 1233 suis.»
1338 1186 1483 1244 Quod
1498 1186 1658 1251 itaque
1675 1185 2057 1251 persecutionem
2076 1183 2276 1231 scienter
2294 1181 2354 1229 ad
2372 1181 2460 1228 ho-

333 1282 435 1313 ram
469 1265 698 1326 declinat,
731 1282 1035 1330 nequaquam
1057 1265 1152 1313 hoc
1176 1284 1262 1331 per
1283 1267 1625 1331 ignorantiam,
1653 1265 1736 1314 sed
1766 1282 1852 1331 per
1881 1263 2285 1330 dispensationem
2312 1262 2372 1309 ab
2400 1279 2458 1309 eo

332 1343 435 1393 fieri
459 1356 661 1393 constat.
693 1346 920 1393 Nondum
940 1346 1119 1411 quippe
1144 1356 1331 1411 tempus
1356 1346 1638 1406 advenerat,
1667 1362 1765 1411 quo
1791 1345 1841 1392 in
1866 1360 1976 1391 eum
2001 1345 2086 1391 ista
2114 1342 2344 1409 compleri
2369 1343 2460 1390 de-

330 1424 515 1473 berent.
552 1428 810 1491 Propterea
841 1426 1114 1492 passionem
1155 1425 1442 1474 declinando
1478 1425 1860 1492 dispensatione,
1889 1435 1942 1472 ut
1969 1424 2152 1472 dictum
2183 1433 2273 1484 est,
2312 1424 2459 1487 magis

331 1523 476 1571 quam
514 1508 708 1568 timore,
745 1524 835 1555 nos
864 1507 1084 1573 exemplo
1117 1508 1190 1555 sui
1227 1517 1418 1556 revocat
1443 1524 1470 1555 a
1497 1507 1901 1574 praesumptione:
1931 1523 1993 1555 ne
2026 1506 2146 1554 forte
2167 1508 2323 1553 Deum
2356 1515 2458 1552 ten-

332 1591 505 1650 tando,
534 1600 665 1638 certo
692 1607 782 1637 nos
804 1589 1000 1655 quando
1029 1606 1129 1637 non
1160 1600 1350 1655 oportet
1379 1590 1658 1654 objiciamus
1685 1589 1914 1656 periculo.
1948 1589 2092 1648 Quod
2122 1589 2250 1637 enim
2277 1587 2336 1636 ad
2365 1588 2459 1635 hoc

329 1685 441 1716 eum
459 1687 764 1735 nequaquam
783 1681 936 1718 metus
955 1670 1220 1736 impulerit,
1244 1681 1297 1718 ut
1314 1671 1532 1719 videlicet
1549 1671 1821 1737 passionem
1840 1670 2084 1719 declinans
2102 1670 2163 1718 ad
2179 1669 2457 1735 praedictum

328 1748 491 1797 locum
510 1750 775 1810 secederet,
796 1751 974 1817 ubique
990 1742 1100 1798 cum
1117 1751 1359 1817 discipulis
1372 1752 1468 1799 suis
1484 1761 1768 1812 moraretur,
1790 1752 2036 1816 sequentia
2052 1750 2294 1799 declarant
2309 1766 2457 1815 quum

328 1828 555 1877 dicitur¹:
581 1831 899 1878 «Proximum
933 1841 1093 1879 autem
1116 1841 1218 1879 erat
1243 1831 1422 1879 Pascha
1451 1831 1741 1879 Judaeorum.
1767 1851 1790 1876 »
1819 1834 1875 1879 Et
1901 1833 2114 1879 rursum³
2137 1849 2147 1878 :
2174 1851 2195 1876 «
2215 1830 2457 1878 Dederant

327 1919 487 1957 autem
510 1909 761 1976 pontifices
783 1921 830 1958 et
848 1911 1065 1976 pharisaei
1090 1910 1368 1958 mandatum
1382 1948 1395 1971 ‚
1425 1922 1477 1958 ut
1502 1913 1539 1958 si
1565 1912 1671 1976 quis
1693 1912 1970 1977 cognoverit
1994 1911 2176 1970 ubisit,
2203 1910 2383 1958 indicet
2405 1920 2456 1957 ut

328 1989 692 2055 apprehendant
716 2007 844 2037 eum.
872 1994 1005 2038 Jesus
1031 2007 1143 2056 ergo
1171 2000 1282 2038 ante
1307 2007 1387 2038 sex
1405 1990 1506 2038 dies
1532 1991 1721 2038 Paschae
1745 1991 1875 2039 venit
1901 1991 2192 2039 Bethaniam.
2219 2010 2242 2035 »

393 2070 653 2130 Attendite,
680 2070 870 2130 fratres,
900 2070 1017 2134 quid
1043 2071 1120 2117 illa
1144 2070 1256 2118 velit
1280 2071 1551 2131 conclusio,
1579 2087 1674 2135 qua
1694 2070 1867 2118 dicitur
1890 2090 1899 2118 :
1927 2091 1948 2116 «
1970 2074 2103 2118 Jesus
2129 2087 2266 2136 ergo,
2296 2081 2407 2129 etc.,
2428 2091 2451 2115 »

326 2160 373 2197 et
398 2150 527 2198 unde
550 2151 637 2198 ista
661 2149 868 2216 pendeat
892 2149 1038 2197 illatio
1062 2168 1072 2196 :
1093 2160 1139 2198 et
1164 2150 1380 2198 videbitis
1404 2152 1623 2212 Domini,
1652 2161 1705 2198 ut
1730 2151 1911 2199 dictum
1944 2161 2036 2212 est,
2069 2169 2169 2199 non
2206 2152 2452 2210 timorem,

327 2232 412 2280 sed
435 2232 856 2299 dispensationem.
889 2233 1134 2281 Praemisso
1158 2233 1363 2300 quippe,
1387 2234 1498 2298 quia
1518 2233 1791 2300 proximum
1814 2244 1914 2282 erat
1938 2233 2115 2282 Pascha
2129 2271 2141 2295 ,
2170 2235 2217 2282 in
2239 2251 2337 2299 quo
2356 2235 2456 2299 ipse

325 2313 637 2378 postmodum
661 2330 712 2362 se
739 2313 1026 2362 tradendum
1051 2324 1279 2374 noverat,
1308 2314 1500 2362 dicens⁴
1523 2334 1533 2362 ε
1562 2334 1586 2361 α
1607 2315 1743 2363 Scitis
1766 2315 1878 2380 quia
1907 2325 2017 2381 post
2045 2314 2249 2362 biduum
2278 2314 2455 2362 Pascha

325 2393 431 2454 fiet,
457 2405 505 2442 et
528 2394 653 2442 filius
678 2394 889 2442 hominis
914 2394 1143 2455 tradetur,
1166 2406 1219 2443 ut
1246 2395 1562 2461 crucifigatur.
1591 2416 1614 2441 υ
1643 2400 1701 2444 Et
1725 2397 1819 2445 hoc
1841 2398 2036 2462 insuper
2060 2396 2313 2460 adjuncto,
2343 2398 2452 2461 quia

327 2495 350 2521 «
374 2475 606 2524 dederant
629 2475 880 2541 pontifices
908 2486 955 2523 et
979 2475 1196 2541 pharisaei
1225 2477 1533 2538 mandatum,
1570 2487 1623 2525 ut
1651 2479 1690 2525 si
1715 2479 1820 2543 quis
1843 2479 2120 2543 cognoverit
2148 2478 2231 2526 ubi
2262 2479 2349 2537 sit,
2378 2479 2448 2525 in-

324 2556 449 2605 dicet
478 2566 529 2604 ut
554 2557 918 2622 apprehendant
952 2574 1087 2617 eum,
1115 2577 1138 2603 »
1170 2559 1328 2605 statim
1355 2557 1645 2606 subinfertur
1673 2578 1683 2605 ε
1711 2578 1735 2604 «
1754 2562 1886 2607 Jesus
1926 2576 2039 2624 ergo
2079 2571 2189 2609 ante
2229 2577 2309 2608 sex
2351 2560 2451 2607 dies

324 2636 539 2698 Paschae,
568 2646 659 2684 etc.
687 2655 709 2680 »
738 2640 800 2684 Ac
826 2637 865 2684 si
890 2647 1051 2703 aperte
1076 2637 1260 2685 dicatur
1284 2656 1294 2685 z
1319 2639 1442 2697 Quia
1467 2647 1655 2704 tempus
1679 2639 1912 2705 passionis
1935 2639 2374 2706 appropinquabat,
2404 2649 2450 2686 et

322 2716 385 2765 ad
407 2716 502 2765 hoc
533 2716 881 2783 perficiendum
901 2717 1001 2781 Jam
1025 2718 1226 2765 omnino
1251 2717 1400 2766 Judaei
1422 2719 1844 2784 conspiraverunt:
1868 2736 1981 2784 ergo
2007 2720 2106 2787 ipse
2131 2720 2366 2767 Dominus
2389 2720 2452 2766 ad

322 2798 417 2845 hoc
451 2814 502 2845 se
529 2798 627 2862 jam
658 2809 892 2865 proeparat
927 2799 1218 2865 intrepidus,
1246 2808 1294 2847 et
1317 2799 1661 2864 Jerosolymam
1691 2801 1896 2862 accedit,
1925 2800 2009 2849 ubi
2041 2818 2092 2849 se
2119 2812 2318 2850 noverat
2349 2816 2449 2848 esse

323 2894 600 2942 passurum;
628 2887 679 2925 ut
703 2878 764 2926 de
788 2895 839 2926 se
858 2878 958 2942 jam
988 2878 1160 2927 Judaeis
1188 2879 1396 2946 praebeat
1431 2879 1701 2928 facultatem
1726 2880 1788 2928 ad
1812 2898 2085 2947 perversam
2113 2897 2282 2929 eorum
2314 2897 2447 2928 com-

323 2958 549 3023 plendam
590 2959 907 3025 voluptatem,
942 2970 994 3008 ut
1025 2978 1135 3009 cum
1166 2979 1251 3011 sua
1281 2961 1589 3011 damnatione
1629 2974 1843 3011 nostram
1879 2975 2192 3030 operarentur
2225 2964 2441 3012 salutem.

323 3041 463 3088 Venit
486 3040 682 3106 quidam
706 3057 734 3088 a
758 3041 982 3106 praedicta
1005 3043 1199 3107 regione
1218 3043 1353 3108 juxta
1377 3043 1642 3105 desertum,
1663 3044 1738 3093 vel
1755 3045 1806 3092 in
1824 3046 2060 3094 civitatem
2080 3047 2314 3111 gentium,
2344 3063 2449 3111 quae

321 3119 495 3168 dicitur
518 3121 751 3187 Ephrem,
780 3132 1008 3187 tanquam
1031 3140 1118 3188 per
1141 3123 1236 3172 hoc
1260 3125 1401 3180 etiam
1426 3124 1488 3172 ad
1509 3124 1712 3173 litteram
1740 3125 2001 3192 compleret
2026 3125 2156 3175 illam
2179 3127 2445 3175 orationem

322 3201 703 3268 propheficam‘:
728 3223 750 3249 «
769 3204 942 3251 Emitte
958 3219 1153 3268 agnum,
1181 3206 1404 3266 Domine,
1427 3205 1781 3254 dominatorem
1799 3216 1933 3254 terrae
1958 3206 2018 3255 de
2042 3218 2177 3273 petra
2194 3208 2368 3256 deserti
2385 3209 2447 3257 ad

325 3292 539 3331 montem
562 3284 667 3332 filiae
691 3285 823 3332 Sion.
852 3304 874 3331 »
903 3284 1030 3344 Quid
1058 3286 1186 3334 enim
1210 3297 1344 3353 petra
1369 3287 1543 3336 deserti
1568 3287 1917 3353 nisi'gentilitas
1935 3298 2004 3337 est
2022 3305 2050 3337 a
2067 3292 2171 3338 Deo
2195 3289 2442 3350 derelicta,

369 3460 379 3477 ¹
407 3459 600 3505 Joan.‚eap.
618 3472 670 3502 xi,
690 3472 722 3496 v.
742 3460 870 3496 54.-¹
889 3461 988 3504 lbid.,
1003 3473 1033 3495 v.
1054 3462 1110 3496 55.
1127 3480 1168 3488 —
1186 3461 1199 3481 ³
1217 3462 1317 3505 lbid.⁹
1331 3477 1362 3499 v.
1382 3465 1492 3498 56.—
1514 3464 1528 3483 0
1544 3463 1673 3506 Matth„
1690 3473 1765 3509 cap.
1779 3474 1874 3508 xxvt,
1888 3475 1919 3500 v.
1934 3467 1967 3500 2.
1985 3466 2051 3492 -⁸
2071 3467 2162 3502 lsaiae
2183 3477 2258 3512 cap.
2274 3477 2347 3508 xvi,
2363 3477 2392 3500 v.
2418 3470 2445 3499 1.
