2840 4178
161 1303 195 1322 ΕΛ
202 1303 229 1322 P·
256 1302 275 1321 ll
282 1316 287 1322 .

99 1334 142 1364 lic
156 1333 355 1375 persecutio-

401 400 431 443 4
979 401 1145 445 PETRI
1186 400 1494 448 ABAELARDI
1531 401 1604 449 ET
1638 403 1937 448 HELOlSSAE

399 494 505 537 Me¹
537 492 695 555 itaque
730 494 1098 556 primogenitum
1135 510 1274 539 suum
1305 505 1483 558 quanto
1529 497 1759 542 cariorem
1802 495 2006 542 habebat
2025 531 2036 554 ,
2081 505 2212 541 tanto
2244 495 2512 560 diligentius

397 570 572 617 erudiri
600 572 792 618 curavit.
818 575 915 635 Ego
941 589 1054 618 vero
1074 583 1253 636 quanto
1274 574 1476 639 amplius
1497 586 1544 623 et
1562 576 1740 622 facilius
1767 578 1814 622 in
1841 575 1997 621 studio
2022 562 2281 622 litterarum
2305 578 2508 640 profeci,

400 660 527 697 tanto
553 651 793 697 ardentius
819 652 865 697 in
883 654 896 675 ²
920 653 986 699 eis
1011 652 1198 712 inhaesi,
1235 657 1287 701 et'
1307 655 1355 701 in
1382 665 1514 702 tanto
1543 672 1706 703 earum
1739 671 1901 702 amore
1927 654 2108 702 illectus
2125 657 2138 680 ³
2162 654 2294 715 sum,
2316 667 2367 703 ut
2390 657 2511 715 mili-

396 731 506 776 taris
536 730 691 793 gloriae
715 747 943 796 pompam
973 749 1081 780 cum
1119 733 1389 782 haereditate
1421 746 1467 782 et
1497 737 1802 800 praeroga-tiva
1836 735 2260 800 primogenitorum
2295 736 2511 800 meorum

398 807 613 853 fratribus
641 808 997 874 derelinquens,
1020 813 1179 859 Martis
1208 814 1347 860 euriae
1371 815 1558 878 penitus
1587 812 1855 861 abdicarem
1880 824 1931 860 ut
1957 815 2175 861 Minervae
2199 815 2377 877 gremio
2403 814 2514 862 edu-

395 902 540 932 carer.
585 889 641 932 Et
674 890 901 952 quoniam
935 891 1286 939 dialecticarum
1320 894 1559 939 rationum
1596 904 1881 940 armaturam
1903 895 1915 916 ¹·
1947 893 2169 940 omnibus
2202 882 2514 958 philosophiae

394 964 691 1012 documentis
709 969 929 1031 praetuli5,
952 970 1025 1017 his
1051 972 1193 1018 armis
1211 972 1297 1019 alia
1318 974 1634 1031 commutavi,
1665 983 1710 1019 et
1735 973 1955 1037 trophaeis
1979 973 2214 1020 bellorum
2240 973 2486 1020 conflictus
2501 976 2514 997 ‘³

394 1044 573 1106 praetuli
601 1045 991 1111 disputationum.
1028 1051 1230 1098 Proinde
1265 1052 1471 1099 diversas
1505 1052 1791 1117 disputando
1822 1052 2155 1117 perambulans
2175 1056 2187 1076 ⁷
2216 1052 2508 1117 provincias,

394 1122 666 1188 ubieunque
705 1127 844 1190 hujus
885 1130 993 1175 artis
1036 1132 1191 1194 vigere
1231 1132 1440 1178 studium
1481 1131 1722 1178 audieram
1744 1170 1753 1188 ‚
1793 1133 2209 1197 peripateticorum
2242 1131 2513 1178 aemulator⁸

397 1203 542 1250 factus
566 1222 689 1252 sum.

458 1286 654 1331 Perveni
675 1287 866 1334 tandem
887 1291 1087 1336 Parisius
1102 1293 1114 1314 ⁹
1134 1291 1213 1337 ubi
1233 1291 1333 1354 jam
1355 1293 1558 1339 maxime
1583 1293 1829 1357 disciplina
1854 1293 1953 1339 haec
1980 1294 2149 1339 florere
2178 1300 2508 1349 consueverat,

129 1388 166 1408 ne
183 1378 321 1419 magistri
393 1362 453 1407 ad
482 1364 785 1413 Guillelmum
810 1369 984 1416 scilieet
1012 1370 1384 1435 Campellensem
1402 1375 1425 1396 ¹⁰
1454 1384 1794 1438 praeceptorem
1827 1390 1987 1419 meum
2022 1374 2069 1419 in
2102 1372 2196 1418 hoc
2225 1381 2340 1417 tunc
2370 1371 2513 1434 magi-

103 1421 149 1451 sui
167 1419 338 1452 Guillelmi.

114 2248 157 2277 De
187 2250 329 2280 rectione

91 2291 188 2331 ipsius
196 2291 347 2334 apudbMe

141 2334 297 2366 lidunum.

391 1444 532 1489 sterio
563 1462 611 1491 re
646 1457 691 1493 et
722 1447 844 1495 fama
862 1451 1168 1514 *praecipuum
1196 1470 1204 1497 :
1237 1468 1346 1498 cum
1382 1470 1478 1516 quo
1514 1454 1858 1517 aliquantulum
1892 1462 2102 1499 moratus
2134 1452 2290 1516 pri-mo
2315 1451 2356 1497 ei
2383 1467 2514 1497 acce-

387 1535 526 1588 ptus,
570 1528 877 1588 postmodum
912 1531 1210 1592 gravissimus
1243 1534 1400 1591 extiti,
1439 1550 1588 1597 quum
1629 1533 1882 1590 nonnullas
1920 1532 2094 1579 scilicet
2129 1532 2228 1595 ejus
2261 1531 2514 1577 sententias

388 1605 596 1652 refellere
630 1623 844 1666 conarer,
876 1618 921 1654 et
957 1610 1224 1656 ratiocinari
1250 1622 1416 1658 eontra
1441 1629 1550 1658 eum
1577 1613 1744 1676 saepius
1767 1611 2062 1675 aggrederer,
2093 1620 2139 1655 et
2165 1624 2513 1672 nonnunquam

386 1687 600 1749 superior
639 1687 685 1732 in
717 1686 1003 1750 disputando
1029 1689 1229 1736 viderer.
1256 1691 1401 1747 Quod
1432 1691 1627 1754 quidem
1659 1701 1706 1741 et
1741 1691 1827 1755 ipsi
1865 1691 1947 1754 qui
1982 1691 2104 1737 inter
2138 1688 2471 1757 conscholares
2488 1691 2511 1715 ¹¹

385 1775 569 1811 nostros
604 1767 825 1830 praecipui
864 1767 1179 1826 habebantur,
1226 1780 1356 1816 tanto
1392 1771 1560 1833 majori
1601 1770 1894 1817 sustinebant
1933 1769 2260 1833 indignatione
2279 1806 2294 1827 ,
2333 1778 2512 1832 quanto

382 1846 614 1908 posterior
633 1847 656 1868 ¹²
682 1845 892 1893 habebar
916 1848 1061 1894 aetatis
1096 1859 1142 1895 et
1175 1849 1317 1895 studii
1360 1860 1592 1913 tempore.
1632 1851 1751 1897 Hine
1787 1843 2108 1897 calamitatum
2135 1865 2391 1907 mearum„
2410 1865 2514 1912 quae

383 1940 512 1969 nunc
538 1940 686 1987 usque
713 1937 1016 1988 perseverant
1032 1962 1044 1985 ,
1080 1939 1328 1992 coeperunt
1353 1928 1547 1975 exordia
1563 1967 1574 1989 ,
1603 1940 1648 1976 et
1680 1946 1776 1993 quo
1802 1930 2004 1994 amplius
2029 1930 2151 1975 fama
2174 1928 2514 1976 extendebatur

384 2013 544 2050 nostra
566 2006 604 2059 ¹²³,
636 2004 788 2053 aliena
813 2005 862 2051 in
894 2023 971 2052 me
1003 2023 1228 2055 succensa
1261 2019 1329 2055 est
1355 2009 1547 2056 invidia.
1589 2014 1784 2057 Factum
1819 2010 2012 2063 tandem
2044 2016 2116 2058 'est
2143 2020 2195 2057 ut
2217 2026 2359 2074 supra
2392 2009 2514 2055 vires

384 2083 528 2129 fetatis
552 2100 667 2130 meae
686 2085 711 2108 ¹¹⁴
733 2085 792 2131 de
826 2086 1016 2149 ingenio
1044 2103 1152 2134 meo
1178 2105 1493 2153 praesumens,
1516 2090 1577 2136 ad
1602 2090 1874 2137 scholarum
1901 2091 2107 2154 regimen
2135 2088 2514 2136 adolescentulus

386 2163 664 2227 aspirarem,
692 2175 738 2210 et
763 2165 946 2223 locum,
970 2167 1017 2213 in
1045 2184 1141 2230 quo
1167 2168 1214 2214 id
1240 2185 1446 2232 agerem,
1475 2170 1800 2234 providerem3
1830 2171 2011 2234 insigne
2030 2169 2246 2222 videlicet
2266 2179 2379 2219 tunc
2398 2178 2513 2217 tem—

386 2244 516 2305 poris
540 2238 767 2290 Meliduni
788 2248 810 2268 ¹³
841 2256 1070 2306 castrum,
1107 2257 1153 2293 et
1189 2248 1350 2294 sedem
1383 2249 1576 2312 regiam.
1619 2250 1860 2296 Pioesensit
1886 2250 1979 2296 hoc
2010 2249 2259 2314 praedictus
2295 2247 2514 2310 magister

388 2339 546 2378 meus,
582 2334 627 2370 et
660 2341 756 2388 quo
797 2325 983 2388 longius
1019 2338 1177 2390 posset
1217 2328 1401 2375 scholas
1437 2339 1678 2393 nostrasa
1711 2347 1760 2376 se
1794 2346 2039 2376 removere
2072 2338 2294 2387 conatus,
2341 2326 2513 2390 quibus

389 2404 543 2466 potuit
569 2404 724 2450 modis
750 2405 948 2452 latenter
983 2407 1277 2453 machinatus
1305 2418 1396 2467 est;
1438 2418 1487 2454 ut
1522 2410 1798 2473 priusquam
1824 2425 1850 2454 a
1875 2409 1969 2455 suis
2004 2407 2275 2454 recederem
2308 2405 2480 2453 scholis
2497 2443 2508 2464 ,

389 2493 656 2529 nostrarum
689 2487 1083 2548 praeparationem
1117 2487 1395 2551 praepediret
1415 2491 1461 2546 ¹⁶,
1488 2499 1535 2535 et
1560 2490 1805 2554 provisum
1835 2487 1951 2545 mihi
1982 2486 2143 2534 locum
2169 2487 2387 2533 auferret.
2421 2475 2513 2559 Sed

389 2563 616 2624 quoniam
643 2563 703 2610 de
728 2565 1001 2628 potentibus
1027 2577 1159 2614 terrae
1183 2568 1442 2615 nonnullos
1472 2568 1650 2615 ibidem
1678 2568 1883 2615 habebat
1907 2568 2129 2627 aemulos,
2170 2567 2313 2613 fretus
2346 2583 2512 2612 eorum

391 2642 560 2688 auxilio
588 2645 687 2690 voti
721 2645 814 2690 mei
844 2662 1042 2710 compos
1074 2647 1228 2706 extiti,
1270 2658 1316 2694 et
1356 2648 1674 2712 plurimorum
1711 2648 1827 2695 mihi
1866 2637 2109 2696 assensum
2134 2640 2296 2712 'ipsius
2337 2645 2512 2707 invidia

392 2723 635 2787 manifesta
658 2725 956 2787 conquisivit.
984 2725 1051 2771 Ab
1071 2726 1164 2772 hoc
1183 2738 1340 2773 autem
1365 2728 1637 2775 scholarum
1661 2739 1932 2775 nostrarum
1951 2727 2183 2790 tyrocinio
2203 2726 2226 2750 ¹⁷
2250 2726 2313 2772 ita
2335 2726 2383 2771 in
2413 2735 2511 2771 arte

392 2802 631 2850 dialectica
663 2821 840 2850 nomen
877 2822 1037 2851 meum
1075 2806 1256 2852 dilatari
1283 2808 1449 2872 coepit,
1490 2818 1540 2854 ut
1573 2824 1672 2854 non
1704 2806 1859 2854 solum
1897 2805 2335 2872 condiscipulorum
2372 2821 2511 2851 meo-

392 2899 521 2941 rum,
556 2901 720 2930 verum
743 2886 882 2932 etiam
911 2886 1055 2950 ipsius
1090 2887 1295 2952 magistri
1329 2887 1452 2934 fama
1484 2898 1726 2934 contracta
1749 2887 1976 2952 paulatim
1999 2875 2363 2954 extingueFetur.
2390 2885 2510 2930 Hinc

437 3063 448 3080 ¹
474 3065 527 3098 Sic
547 3066 815 3101 ABGu-Transh
837 3070 951 3112 gallica
970 3083 978 3102 ι
998 3084 1012 3099 u
1032 3070 1072 3104 Et
1089 3082 1162 3115 moy
1180 3073 1232 3115 qui
1250 3073 1352 3105 estoie
1367 3083 1425 3105 son
1476 3072 1501 3089 '¹
1521 3073 1758 3114 Condi-scipulos
1781 3072 1875 3106 RMS.
1892 3090 1934 3096 -
1953 3071 1980 3088 ¹¹
1999 3074 2136 3114 Inferior
2148 3070 2242 3104 RMS.
2256 3085 2300 3093 -
2317 3068 2345 3085 ¹³
2360 3070 2410 3101 ΕΟ
2427 3079 2510 3109 9¹⁴⁰·

396 3134 409 3149 u
430 3120 479 3154 fils
497 3122 666 3161 aisnes,de
684 3125 1053 3170 tantqu’ilrn’avoitplus
1063 3127 1178 3164 chiers,
1194 3128 1235 3161 de
1251 3136 1318 3161 tant
1332 3130 1424 3161 mist·
1473 3132 1540 3161 υἱον
1559 3128 1733 3171 praefigitur
1750 3128 1844 3161 RMS.
1865 3146 1908 3152 —
1928 3127 1954 3144 ¹⁴
1972 3129 2052 3160 Meoe
2072 3127 2164 3159 deest
2187 3125 2218 3157 in
2238 3125 2331 3158 ACD.
2356 3119 2374 3146 '—
2412 3123 2437 3140 ¹⁵
2454 3123 2507 3156 Sic

396 3191 409 3205 «
430 3177 450 3209 il
465 3177 536 3220 plus
550 3185 643 3221 grant
656 3189 745 3218 eure,
764 3187 824 3212 etc.
842 3195 855 3210 n
874 3200 897 3206 -
909 3183 992 3216 Male
1006 3184 1068 3227 leg.
1082 3177 1176 3217 ³Amb.
1192 3192 1224 3218 et
1235 3184 1354 3218 Orell.:
1371 3186 1426 3217 Sic
1473 3184 1526 3216 CD
1546 3192 1575 3216 et
1598 3184 1663 3217 MS.
1680 3185 1773 3217 Amb.
1791 3203 1812 3208 -
1830 3186 2013 3217 Meldumaem
2034 3189 2173 3216 castrum
2183 3181 2250 3214 Ed.
2272 3180 2507 3219 Amo—Hele-

390 3237 644 3277 primoqenitum.
662 3236 743 3269 Vide
759 3244 828 3270 not.
845 3249 899 3270 vn.
917 3257 953 3262 —--
967 3239 978 3256 ²
990 3241 1028 3273 In
1042 3241 1133 3274 deest
1145 3241 1177 3273 in
1191 3240 1282 3275 BCD.
1301 3259 1334 3264 ·-·
1350 3241 1362 3257 ³
1378 3242 1424 3274 Il·
1473 3244 1590 3274 dzmum
1609 3241 1710 3274 Orell.
1727 3241 1808 3274 Vide
1829 3248 1884 3274 not
1912 3253 1944 3274 x.
1958 3258 2000 3264 —-
2016 3239 2044 3258 ¹⁶
2059 3239 2113 3278 Sic
2133 3237 2410 3283 AqssNosti-arum
2421 3246 2509 3285 proe-

393 3293 475 3323 lesus
492 3291 529 3323 D.
547 3309 571 3314 -
587 3294 726 3324 Allectus
750 3293 844 3326 RMS.
859 3313 901 3318 —
920 3295 932 3310 ⁴
948 3298 1126 3330 firmarium
1146 3298 1239 3331 RMS.
1262 3316 1293 3321 ω
1315 3298 1327 3314 ⁵
1343 3297 1424 3329 Vide
1468 3301 1668 3338 parationem
1684 3298 1867 3330 scholarum
1882 3295 2112 3331 CIL—‘Scholas
2127 3301 2253 3328 nostras
2262 3295 2454 3334 praepediret
2468 3291 2504 3324 B.

387 3354 462 3394 „not-
484 3357 549 3381 vn!-
579 3365 617 3370 -
634 3347 646 3364 ⁶
665 3349 845 3382 Certamina
863 3350 957 3384 RMS.
973 3370 1016 3376 —
1031 3353 1040 3369 ⁷
1066 3354 1253 3395 Peraqrans
1275 3354 1366 3387 RMS.
1386 3372 1420 3377 —-
1470 3371 1492 3376 -
1508 3354 1702 3393 Priusquam
1719 3365 1739 3385 a
1755 3356 1820 3385 suis
1837 3342 2036 3390 recederem,
2055 3352 2186 3385 scholas
2203 3357 2330 3382 nostras
2350 3357 2380 3381 et
2394 3351 2503 3389 provi-

396 3393 607 3435 ἑἈνηὸιιίαῑον
621 3403 688 3436 MS.
710 3404 804 3436 Amb.
822 3423 861 3429 --
880 3405 892 3422 ⁹
906 3406 959 3439 Sic
974 3408 1026 3440 CD
1040 3420 1078 3441 ex
1092 3410 1206 3443 mediae
1223 3410 1323 3443 aetatis
1345 3421 1428 3443 con-
1476 3421 1543 3443 sum
1561 3411 1639 3443 mihi
1650 3413 1752 3443 locum
1768 3412 1922 3452 auferret.
1933 3409 2020 3442 Edit.
2038 3402 2183 3441 Ainb.—-
2201 3407 2226 3425 ’⁷
2240 3406 2293 3439 Sic
2304 3405 2384 3438 ACD
2394 3411 2426 3438 et
2440 3403 2504 3437 MS.

395 3457 576 3490 suetudine.
591 3475 613 3482 -
626 3459 770 3492 Parisios
797 3461 882 3494 Edit.
908 3463 999 3496 Amb.
1029 3482 1063 3487 -—
1089 3465 1114 3483 ¹⁰
1140 3465 1220 3498 Vide
1237 3474 1303 3499 not.
1325 3478 1366 3499 ix.
1387 3485 1426 3491 --
1479 3466 1572 3499 Amb.
1586 3485 1607 3491 -
1623 3467 1770 3500 Exordio
1784 3465 1808 3497 B
1824 3473 1856 3498 et
1868 3465 1955 3498 Edit.
1972 3464 2064 3498 Amb.
