2970 4152
573 392 665 438 482
1142 393 1312 439 PETRI
1350 393 1664 441 ABAELARDI
1702 395 1775 441 ΕΤ
1808 395 2110 441 HELOISSAE

568 482 691 531 hene
727 485 991 549 praecipiat,
1021 486 1131 548 quia
1157 485 1378 549 subjectis
1402 486 1524 534 bene
1556 486 1752 535 obedire
1785 488 1957 535 sufficit
1976 524 1988 548 ,
2019 503 2108 535 nec
2142 502 2301 546 suam,
2343 488 2463 534 sicut
2494 489 2689 553 professi

569 575 706 624 sunt,
732 565 814 612 sed
832 566 1135 630 praelatorum
1167 567 1300 630 sequi
1331 567 1643 616 voluntatem.
1669 570 1881 616 Omnino
1897 571 1908 593 ¹
1934 569 2062 616 enim
2081 566 2392 633 prohibemus
2410 577 2462 614 ut
2481 585 2691 632 unquam

569 645 867 692 consuetudo
893 646 1065 692 rationi
1090 657 1422 711 praeponatur,
1450 665 1541 696 nec
1565 666 1779 713 unquam
1809 649 1988 713 aliquid
2014 648 2323 707 defendatur,
2351 648 2464 712 quia
2493 649 2551 695 sit
2575 665 2692 696 con-

567 724 770 772 suetudo
788 761 799 783 ,
829 726 913 773 sed
937 725 1048 789 quia
1074 727 1224 786 ratio3
1254 744 1343 774 nec
1364 729 1476 793 quia
1498 729 1556 776 sit
1582 708 1803 776 usitatum
1822 764 1834 786 ‚
1862 729 1946 776 sed
1962 730 2074 793 quia
2091 720 2275 776 bonum
2300 747 2310 774 ι
2333 738 2379 776 et
2396 738 2529 775 tanto
2545 728 2694 776 liben-

569 807 658 851 tius
684 806 970 871 excipiatur,
999 817 1180 871 quanto
1207 808 1375 855 melius
1398 810 1662 875 apparebit.
1689 810 1907 874 Alioquin
1922 810 2216 873 judaizantes
2235 809 2349 873 legis
2367 809 2693 873 antiquitatem

569 887 824 949 Evangelio
849 887 1168 952 praeferamus.
1195 889 1265 936 Ad
1291 890 1423 954 quod
1442 890 1608 937 beatus
1634 891 1919 954 Augustinus
1934 891 1998 937 de
2015 890 2215 937 consilio
2232 890 2455 955 Cypriani
2470 889 2695 955 pleraque

568 984 779 1014 asserens
797 968 1067 1015 testimonia
1082 1005 1093 1027 ‚
1116 969 1327 1033 quodam
1345 969 1452 1016 loco
1472 971 1536 1016 ait
1554 973 1566 994 ²
1587 988 1597 1015 :
1625 990 1648 1014 «
1671 971 1765 1027 Qui
1784 979 2059 1035 contempta
2078 971 2297 1029 veritate,
2320 970 2562 1035 praesumit
2578 984 2694 1016 con-

569 1047 871 1094 suetudinem
890 1049 1024 1113 sequi
1045 1084 1056 1106 ‚
1087 1059 1168 1096 aut
1193 1050 1317 1096 circa
1337 1050 1502 1096 fratres
1526 1051 1716 1096 invidus
1737 1061 1806 1097 est
1824 1061 1871 1097 et
1890 1050 2125 1114 malignus
2143 1086 2155 1110 ‚
2185 1049 2357 1114 quibus
2380 1049 2551 1096 veritas
2570 1065 2697 1096 reve-

567 1127 720 1186 latur,
755 1139 837 1175 aut
857 1129 980 1176 circa
1003 1131 1158 1176 Deum
1183 1130 1392 1193 ingratus
1418 1139 1514 1188 est,
1538 1130 1672 1192 cujus
1694 1131 2002 1195 inspiratione
2021 1130 2228 1177 Ecclesia
2253 1112 2354 1194 ejus
2381 1129 2642 1176 instruitur.
2671 1147 2682 1171 ›

569 1212 713 1256 ltem³
736 1227 745 1255 :
773 1230 795 1254 «
819 1213 871 1256 ln
892 1210 1147 1274 Evangelio
1169 1211 1402 1257 Dominus
1425 1229 1434 1256 ι
1469 1230 1491 1254 «
1517 1214 1616 1274 Ego
1636 1228 1742 1258 sum
1758 1248 1769 1270 ‚
1798 1230 1820 1255 »
1849 1212 2004 1276 inquit
2019 1213 2054 1270 ⁶,
2083 1231 2105 1256 t<
2127 1211 2324 1258 Veritas.
2354 1229 2376 1253 »
2410 1212 2517 1256 Non
2536 1208 2652 1256 dixit
2681 1228 2691 1255 :

573 1309 593 1332 «
618 1293 715 1353 Ego
747 1307 851 1337 sum
876 1290 1192 1338 consuetudo.
1230 1312 1252 1333 n
1288 1293 1451 1354 Itaque
1476 1291 1674 1339 veritate
1708 1292 2004 1339 manifestata
2022 1328 2034 1351 ,
2072 1291 2210 1339 cedat
2245 1290 2544 1338 consuetudo
2576 1290 2696 1337 veri-

570 1372 666 1416 tati.
694 1390 715 1414 »
742 1374 860 1418 Item
876 1373 888 1396 ⁵
911 1389 920 1417 z
955 1391 977 1415 «
1003 1370 1307 1418 Revelatione
1325 1371 1446 1418 facta
1473 1373 1705 1431 veritatis,
1735 1373 1874 1419 cedat
1898 1389 2033 1420 error
2065 1373 2275 1431 veritati,
2313 1371 2425 1436 quia
2456 1380 2504 1418 et
2532 1373 2698 1419 Petrus

569 1452 650 1514 qui
677 1452 807 1516 prius
838 1450 1208 1498 circumcidebat
1244 1452 1384 1498 cessit
1423 1451 1568 1498 Paulo
1589 1452 1867 1517 praedicanti
1903 1452 2166 1499 veritatem.
2207 1471 2230 1496 »
2267 1452 2400 1498 Idem
2431 1450 2514 1497 lib.
2551 1453 2612 1497 IV
2641 1450 2699 1497 de

568 1533 813 1594 Baptismo
829 1534 842 1556 ⁶
861 1550 874 1577 .-
906 1552 928 1576 «
953 1535 1142 1578 Frustra
1161 1532 1359 1595 quidem
1383 1532 1465 1596 qui
1490 1533 1675 1579 ratione
1701 1533 1982 1590 vincuntur,
2005 1531 2402 1579 consuetudinem
2426 1530 2565 1577 nobis
2581 1529 2699 1594 obji-

569 1612 699 1657 ciunt
716 1647 727 1669 ‚
757 1613 892 1675 quasi
915 1611 1216 1658 ‘consuetudo
1242 1612 1397 1675 major
1429 1613 1488 1659 sit
1512 1613 1708 1660 veritate
1725 1648 1737 1671 ‚
1767 1622 1848 1659 aut
1873 1629 1973 1659 non
1994 1613 2053 1659 sit
2078 1613 2127 1658 in
2152 1610 2472 1676 spiritualibus
2495 1626 2699 1675 sequen-

569 1691 711 1749 dum,
743 1692 877 1755 quod
902 1693 950 1738 in
974 1691 1143 1739 melius
1168 1691 1257 1739 fuit
1281 1709 1308 1739 a
1334 1693 1511 1757 Spiritu
1541 1703 1706 1740 sancto
1736 1692 2015 1740 revelatum.
2044 1710 2067 1737 »
2096 1696 2198 1739 Hoc
2228 1691 2370 1758 plane
2394 1707 2563 1738 verum
2594 1700 2694 1750 est,

568 1771 680 1834 quia
710 1772 830 1818 ratio
849 1781 895 1818 et
916 1772 1086 1818 veritas
1112 1771 1450 1819 consuetudini
1487 1772 1814 1838 praeponenda
1849 1783 1935 1820 est.
1976 1773 2233 1837 Gregorius
2272 1774 2355 1818 VII
2392 1763 2701 1818 Vuimundo⁷

570 1852 795 1918 episcopo
817 1871 827 1899 :
860 1855 963 1898 «Et
986 1862 1113 1900 certe
1133 1889 1145 1911 ,
1177 1863 1229 1899 ut
1257 1852 1384 1900 beati
1400 1854 1625 1918 Cypriani
1654 1863 1844 1900 utamur
1862 1855 2121 1913 sententia,
2156 1852 2378 1918 quaelibet
2400 1851 2700 1899 consuetudo
2736 1859 2741 1862 ’

569 1935 874 1997 quantumvis
904 1944 1089 1981 vetusta
1104 1970 1116 1994 ‚
1140 1935 1446 1998 quantumvis
1468 1934 1681 1999 vulgata,
1711 1936 1897 1983 veritati
1921 1946 1991 1982 est
2017 1935 2218 1983 omnino
2234 1933 2572 2000 postponenda
2587 1935 2631 1992 ⁸3
2655 1942 2702 1979 et

570 2017 683 2060 usus
722 2014 805 2078 qui
847 2015 1035 2061 veritati
1074 2024 1145 2062 est
1183 2015 1481 2074 contrarius,
1526 2014 1791 2062 abolendus
1807 2018 1836 2062 ⁹.
1867 2034 1888 2059 »
1936 2019 2128 2073 Quanto
2157 2015 2300 2063 etiam
2334 2031 2498 2062 amore
2529 2013 2702 2061 veritas

570 2109 763 2157 quoque
795 2094 1054 2141 verborum
1079 2094 1441 2159 amplectenda,
1477 2095 1797 2143 admonemur
1819 2096 1869 2142 in
1900 2096 2226 2143 Ecclesiastico
2258 2112 2409 2160 quum
2445 2094 2695 2142 diciturss:

575 2191 600 2217 «
619 2175 712 2220 Pro
737 2174 896 2221 anima
921 2184 1003 2221 tua
1020 2191 1125 2221 non
1148 2174 1457 2222 confundaris
1482 2175 1643 2223 dicere
1678 2192 1863 2223 verum.
1891 2195 1914 2220 »
1953 2178 2072 2223 Item
2088 2179 2112 2201 ¹¹
2153 2194 2162 2222 :
2212 2195 2236 2220 «
2258 2179 2364 2222 Non
2403 2173 2701 2222 contradicas

574 2273 597 2297 «
620 2252 769 2300 verbo
785 2255 992 2302 veritatis
1009 2255 1107 2301 ullo
1124 2255 1289 2302 modo.
1307 2258 1403 2303 »Et
1421 2256 1595 2304 iterum
1605 2258 1654 2303 ¹²:
1681 2276 1704 2301 «
1722 2259 1841 2303 Ante
1858 2257 2020 2303 omnia
2037 2273 2184 2321 opera
2201 2255 2402 2304 verbum
2422 2271 2564 2302 verax
2582 2271 2701 2320 prae—

571 2334 709 2381 cedat
734 2344 778 2381 te
798 2372 809 2394 ,
840 2345 886 2382 et
914 2346 1024 2383 ante
1052 2352 1247 2383 omnem
1276 2347 1436 2383 actum
1455 2337 1708 2384 consilium
1732 2336 1913 2384 stabile.
1940 2355 1962 2381 »
1993 2337 2118 2384 Nihil
2142 2338 2285 2384 etiam
2303 2338 2352 2383 in
2372 2336 2700 2382 auctoritatem

572 2415 773 2462 ducatur
789 2452 801 2475 ,
830 2417 944 2480 quia
968 2417 1146 2481 geritur
1163 2433 1190 2463 a
1209 2417 1369 2464 multis
1388 2454 1399 2476 ‚
1425 2417 1510 2464 sed
1534 2418 1645 2481 quia
1661 2417 1895 2483 probatur
1911 2434 1936 2464 a
1958 2417 2251 2482 sapientibus
2270 2427 2317 2464 et
2337 2416 2480 2463 bonis
2502 2435 2512 2462 :
2537 2436 2560 2460 «
2581 2415 2703 2463 Stul-

573 2507 731 2543 torum
748 2533 760 2555 ‚
786 2516 809 2541 »
837 2498 991 2561 inquit
1016 2498 1299 2558 Salomon,²³‚
1336 2517 1360 2543 «
1381 2497 1594 2545 infinitus
1618 2509 1688 2545 est
1711 2516 1957 2546 numerus.
1978 2518 2000 2542 »
2023 2502 2081 2545 Et
2100 2498 2234 2562 juxta
2248 2498 2469 2545 Veritatis
2487 2497 2705 2544 assertio·

572 2594 683 2623 nem
701 2579 726 2602 ¹⁵
753 2596 762 2623 :
796 2596 819 2622 ι(
839 2578 974 2624 Multi
996 2580 1180 2637 vocati3
1215 2579 1358 2643 pauci
1379 2595 1497 2625 vero
1521 2578 1675 2626 electi.
1701 2598 1725 2623 »
1754 2582 1875 2626 Rara
1899 2589 2011 2625 sunt
2038 2595 2237 2643 quaeque
2262 2579 2500 2644 pretiosa3
2527 2587 2574 2625 et
2600 2594 2706 2643 quae

571 2657 819 2705 abundant
854 2675 1057 2705 numero
1074 2695 1087 2718 ‚
1128 2659 1413 2706 minuuntur
1428 2659 1609 2724 pretio.
1650 2662 1802 2706 Nemo
1829 2659 1958 2706 enim
1985 2660 2035 2705 in
2063 2658 2263 2705 consilio
2293 2658 2526 2721 majorem
2549 2656 2707 2705 homi-

572 2754 691 2784 num
716 2749 899 2803 partem
919 2775 931 2797 ‚
976 2738 1060 2787 sed
1086 2739 1334 2786 meliorem
1364 2750 1606 2803 sequatur.
1646 2742 1743 2786 Nec
1781 2750 1891 2786 aetas
1927 2739 2137 2786 hominis
2155 2775 2168 2797 ,
2207 2738 2293 2785 sed
2325 2738 2556 2803 sapientia
2593 2752 2707 2785 con-

572 2818 829 2879 sideretur3
869 2836 957 2867 nec
999 2820 1228 2879 amicitia,
1270 2819 1354 2867 sed
1388 2821 1560 2867 veritas
1593 2818 1879 2866 attendatur.
1920 2818 2059 2866 Unde
2093 2828 2138 2865 et
2168 2819 2356 2883 poetica
2382 2828 2457 2865 est
2485 2817 2565 2866 illa
2588 2833 2704 2865 sen-

575 2900 719 2946 tentia
734 2903 788 2946 1⁸⁵:

1059 3059 1382 3068 ........
1416 3029 1494 3068 Fas
1513 3033 1575 3068 est
1594 3032 1634 3068 et
1652 3027 1704 3068 ab
1723 3027 1841 3067 hoste
1861 3026 2014 3068 doceri.

621 3204 630 3220 ¹
660 3205 813 3237 Omnibus
829 3204 895 3237 MS.
918 3204 1179 3239 Amb.—Omnino
1193 3194 1373 3238 etiam‘?—¹
1388 3206 1436 3238 De
1452 3206 1616 3246 Baptismo
1660 3204 1724 3239 col.
1744 3204 1821 3238 488,
1840 3222 1876 3227 -
1894 3203 1907 3222 ⁸
1923 3205 2007 3238 Male
2019 3204 2099 3249 legit
2113 3204 2210 3238 Amh.
2220 3207 2453 3247 proeponenda.
2465 3223 2486 3228 κ
2504 3202 2519 3221 ⁸
2533 3205 2604 3238 Vid.
2614 3206 2703 3240 Cor·-

575 3258 840 3301 contra'nonat„
857 3261 914 3293 lib.
935 3261 1001 3301 111,
1017 3272 1090 3304 cap.
1108 3273 1142 3303 v,
1170 3262 1252 3304 opp.
1275 3269 1300 3295 t.
1315 3261 1378 3303 IX,
1395 3262 1460 3295 col.
1484 3263 1558 3294 111.
1574 3280 1615 3286 -
1658 3272 1719 3302 pus
1734 3261 1822 3294 chris
1839 3272 1971 3300 cenom,
1996 3273 2029 3304 p.
2056 3261 2092 3301 l,
2120 3260 2195 3294 dist.
2226 3272 2304 3301 vm,
2330 3271 2404 3305 cap.
2430 3273 2459 3295 v.
2482 3281 2518 3285 —
2535 3261 2564 3280 '⁰
2580 3264 2703 3302 Eccli„

576 3317 589 3334 ³
606 3317 704 3355 ibid„
727 3328 802 3360 cap.
817 3329 860 3350 vi.
878 3336 914 3340 —
929 3316 944 3334 ⁴
957 3317 1068 3358 Joan.,
1097 3328 1171 3361 cap.
1194 3330 1261 3360 xiv,
1279 3330 1309 3352 v.
1325 3321 1357 3352 6.
1369 3335 1414 3344 —-
1427 3319 1440 3336 ⁸
1454 3319 1533 3362 Cap.
1552 3329 1612 3357 vn,
1661 3328 1736 3360 cap.
1752 3329 1796 3358 iv,
1817 3330 1848 3351 v.
1864 3319 1920 3351 24.
1939 3336 1969 3341 ω
1992 3317 2137 3358 ¹¹1bid.,
2158 3328 2188 3352 v,
2210 3319 2266 3350 30.
2278 3334 2322 3344 —
2340 3317 2368 3335 ¹¹
2385 3318 2484 3359 lbid.‚
2500 3330 2573 3363 cap.
2590 3329 2679 3353 xxvu
2694 3346 2702 3359 ‚

576 3374 640 3406 col.
658 3375 734 3407 112.
746 3373 875 3407 —0Lib.
889 3373 945 3414 IV,
960 3384 1075 3418 cap.v,
1090 3374 1306 3408 col.124.—'¹
1321 3376 1537 3409 Vuillimundo
1548 3375 1615 3408 MS.
1661 3386 1693 3408 v.
1708 3377 1763 3408 20.
1778 3394 1815 3400 -
1830 3374 1860 3392 ⁴³
1875 3376 2020 3414 Eccles„
2036 3385 2110 3418 cap.
2127 3386 2154 3415 i,
2171 3386 2203 3408 v.
2225 3377 2322 3408 15.—
2333 3375 2364 3394 ¹⁴
2377 3375 2507 3416 Matth„
2523 3386 2597 3421 cap.
2613 3388 2682 3411 xxu
2694 3402 2702 3417 ‚

578 3431 671 3464 Amb.
687 3431 733 3463 De
746 3430 808 3464 isto
822 3430 1019 3470 Vuimondo,
1034 3431 1191 3474 episcopo
1207 3442 1378 3471 aversano,
1392 3432 1459 3466 vid.
1475 3431 1615 3474 Ughelli,
1662 3442 1694 3464 v.
1714 3433 1765 3465 14.
1785 3449 1821 3455 -s
1841 3431 1872 3449 ¹⁸
1886 3431 1992 3470 Ovid..
2008 3432 2155 3470 Metam„
2169 3431 2229 3464 lib.
2242 3431 2297 3471 IV,
2318 3443 2346 3465 v.
2367 3434 2443 3466 ⁴28.

578 3488 673 3520 Italia
691 3498 809 3527 sacra,
839 3486 918 3520 edit.
947 3497 1014 3520 sec.
1044 3486 1211 3529 venetiis,
1241 3489 1340 3529 1717,
1369 3488 1496 3530 in-fol.,
1528 3494 1552 3521 ι.
1580 3487 1615 3528 1,
