2970 4152
1196 420 1521 472 SERMONES'.
1560 431 1562 433 ’
2329 425 2426 471 533

831 735 909 794 IN
962 730 1467 792 DEDICATIONE
1514 730 1941 789 ECCLESIAE.·

1195 916 1347 955 SERMO
1380 916 1547 955 xxvnr.

377 1066 702 1129 Dedicationis
735 1078 1011 1127 solemnitas
1038 1088 1274 1143 quantum
1302 1087 1492 1125 caeteras
1521 1075 1794 1135 antecedat,
1823 1092 1923 1123 non
1953 1087 2053 1124 tam
2080 1078 2431 1143 Scripturarum

312 1162 592 1220 auctoritas,
626 1176 771 1224 quam
805 1160 927 1207 ratio
957 1159 1207 1206 manifesta
1231 1157 1458 1205 declarat.
1491 1156 1562 1203 Ab
1591 1157 1682 1203 hac
1706 1157 1884 1221 quippe
1907 1167 2184 1205 caeterarum
2216 1159 2434 1205 omnium

311 1240 563 1288 exordium
595 1249 758 1286 manat
775 1275 787 1298 ,
818 1255 970 1303 quum
1006 1239 1056 1285 in
1085 1238 1177 1285 hac
1210 1238 1345 1284 locus
1374 1246 1697 1294 consecretur,
1723 1252 1821 1300 quo
1845 1246 2023 1283 caeterae
2045 1237 2362 1297 celebrentur,
2390 1249 2436 1284 et

305 1320 556 1377 ,dominica
587 1329 885 1367 sacramenta
909 1318 1246 1366 conficiantur.
1278 1318 1365 1363 Hic
1396 1327 1466 1364 est
1489 1316 1567 1363 ille
1595 1316 1729 1363 locus
1744 1353 1756 1374 ,
1790 1333 1935 1380 quem
1958 1317 2049 1364 sibi
2071 1318 2306 1364 Dominus
2329 1335 2434 1382 spe—

312 1399 712 1462 cialitereligens,
739 1408 786 1445 et
808 1398 1015 1462 propriae
1036 1397 1211 1444 domus
1231 1396 1470 1443 vocabulo
1493 1396 1753 1459 insigniens
1774 1412 1861 1460 per
1883 1398 2078 1461 Moysen
2102 1397 2166 1443 ait
2187 1399 2197 1422 ¹
2227 1415 2236 1442 :
2267 1416 2291 1441 «
2317 1396 2437 1443 Vide

312 1479 568 1526 neofferas
594 1478 877 1526 holocausta
899 1487 983 1524 tua
1003 1478 1053 1523 in
1076 1477 1210 1522 omni
1233 1476 1366 1533 loco,
1393 1475 1478 1522 sed
1500 1475 1583 1521 ubi
1606 1475 1748 1522 fuerit
1771 1477 2006 1524 memoria
2028 1476 2237 1523 nominis
2267 1477 2377 1524 mei.
2414 1497 2433 1520 υ

313 1562 581 1606 Etrursum
603 1561 616 1582 ²
642 1575 654 1602 ε
684 1576 707 1602 (t
727 1560 912 1603 Domus
934 1571 1043 1602 mea
1064 1555 1239 1601 domus
1261 1555 1492 1601 orationis
1523 1555 1793 1601 vocabitur.
1814 1573 1837 1597 »
1865 1559 1921 1601 Et
1944 1566 2220 1602 caeterarum
2242 1556 2437 1619 quidem

312 1638 571 1686 celebratio
609 1637 918 1684 festivitatum
933 1673 947 1695 ,
992 1651 1110 1699 quas
1153 1635 1353 1698 antiquo
1389 1634 1573 1698 populo
1624 1644 1855 1698 tanquam
1898 1623 2160 1700 praecipuas
2203 1636 2438 1704 Dominus

314 1719 541 1775 instituit,
578 1732 884 1781 nequaquam
918 1714 1241 1779 septenarium
1285 1713 1474 1760 dierum
1507 1724 1825 1760 excesserunt.
1873 1714 2055 1779 Templi
2098 1731 2214 1762 vero
2245 1714 2437 1763 dedica-

313 1800 497 1846 tionem
532 1797 802 1863 septenario
833 1796 1075 1859 geminato
1105 1794 1332 1841 Salomon
1363 1804 1410 1841 et
1443 1794 1693 1841 universus
1722 1794 1865 1841 Israel
1900 1795 1949 1841 in
1978 1794 2269 1843 holocaustis
2293 1796 2440 1842 innu-

314 1880 478 1940 meris,
519 1888 567 1925 et
609 1876 860 1942 multiplici
898 1875 1195 1923 musicorum
1228 1875 1659 1922 instrumentorum
1703 1875 2034 1923 modulatione
2077 1876 2439 1940 quatuordecim

313 1959 482 2007 diebus
505 1958 719 2006 exsolvit.
746 1960 814 2003 Ex
844 1973 942 2021 quo
973 1955 1210 2021 liquidum
1241 1966 1312 2003 est
1338 1967 1518 2021 quanta
1540 1957 1770 2020 dignitate
1793 1958 1969 2022 pariter
1991 1967 2133 2021 atque
2161 1959 2441 2006 auctoritate

313 2039 561 2087 celebritas
581 2038 671 2085 ista
692 2038 752 2084 sit
767 2037 987 2102 praedita,
1013 2046 1061 2084 et
1082 2046 1262 2101 quanta
1284 2037 1543 2084 devotione
1566 2038 1626 2084 sit
1650 2037 1710 2085 ab
1733 2037 1960 2085 omnibus
1982 2039 2270 2103 peragenda.
2298 2040 2440 2103 Cujus

312 2118 511 2182 quidem
533 2117 767 2164 institutio
789 2133 890 2163 non
913 2116 1089 2179 alege,
1116 2133 1216 2163 non
1248 2133 1276 2164 a
1303 2117 1565 2182 propheta,
1597 2117 1681 2164 sed
1717 2133 1744 2164 a
1776 2117 2048 2182 patriarcha
2076 2117 2224 2165 Jacob
2253 2119 2440 2165 initium

315 2198 498 2246 habuit.
525 2199 619 2256 Qui
640 2208 689 2245 et
712 2197 855 2244 futuri
870 2196 1184 2262 postmodum
1199 2197 1365 2262 templi
1388 2197 1549 2244 locu-m
1573 2197 1847 2261 designasse
1866 2197 2057 2257 dicitur,
2084 2208 2130 2246 et
2147 2209 2442 2246 sacramenta

315 2279 630 2328 dedicationis
651 2279 834 2344 primus
857 2277 1143 2338 exhibuisse,
1170 2278 1293 2325 sicut
1314 2279 1364 2325 in
1388 2278 1587 2326 historia
1604 2281 1797 2326 Genesis
1818 2281 2131 2326 continetur³.
2158 2281 2245 2327 Hic
2269 2297 2441 2345 nempe

316 2357 489 2405 relictis
510 2357 805 2423 parentibus,
826 2358 1209 2422 persecutionem
1225 2358 1532 2422 primogeniti
1556 2358 1710 2405 fratris
1727 2358 1991 2417 declinans,
2013 2376 2164 2423 quum
2182 2360 2366 2406 veniret
2382 2360 2442 2407 ad

316 2438 576 2502 quemdam
597 2437 760 2484 locum
786 2453 1009 2501 vespere,
1037 2447 1084 2483 et
1108 2437 1156 2483 in
1186 2454 1246 2483 eo
1281 2422 1578 2501 requiescere
1601 2438 1765 2497 vellet,
1794 2439 1900 2486 tulit
1928 2455 2081 2485 unum
2110 2438 2171 2486 de
2205 2439 2444 2504 lapidibus

317 2519 400 2582 qui
417 2518 640 2582 jacebant
661 2518 710 2564 in
735 2527 887 2574 terra,
915 2527 963 2564 et
990 2517 1134 2581 capiti
1165 2533 1254 2564 suo
1283 2534 1562 2582 supponens
1591 2518 1904 2566 obdormivit.
1936 2520 2162 2584 Viditque
2189 2521 2238 2567 in
2263 2521 2443 2568 somnis

318 2597 495 2645 scalam
517 2607 724 2644 stantem
745 2612 888 2661 super
916 2605 1116 2654 terram,
1144 2596 1278 2659 cujus
1301 2612 1531 2644 cacumen
1559 2597 1734 2645 coelum
1756 2598 1997 2662 tangebat.
2026 2599 2228 2663 Angelos
2251 2616 2443 2665 quoque

319 2692 405 2740 per
432 2691 539 2722 eam
573 2674 883 2722 ascendentes
916 2684 964 2721 et
998 2674 1374 2734 descendentes,
1410 2685 1457 2722 et
1491 2677 1754 2724 Dominum
1789 2678 2006 2725 innixum
2041 2679 2177 2726 scalae
2205 2679 2443 2726 dicentem

318 2755 409 2803 sibi
436 2774 446 2802 :
477 2774 500 2799 «
525 2758 719 2802 Terram
747 2755 796 2801 in
819 2770 915 2818 qua
936 2754 1118 2801 dormis
1141 2754 1227 2802 tibi
1251 2755 1402 2814 dabo,
1429 2766 1476 2803 et
1513 2758 1683 2804 semini
1719 2767 1821 2804 tuo.
1854 2777 1875 2802 »
1903 2762 2160 2824 Quumque
2183 2759 2445 2823 evigilasset

319 2836 466 2883 Jacob
488 2837 553 2883 ait
580 2855 590 2882 :
621 2855 644 2880 «
671 2838 828 2893 Quam
850 2835 1072 2882 terribilis
1095 2845 1165 2882 est
1188 2836 1321 2883 locus
1346 2836 1454 2883 iste!
1486 2854 1584 2884 non
1609 2848 1680 2885 est
1700 2838 1780 2885 hic
1803 2839 1932 2886 aliud
1949 2841 2040 2887 nisi
2064 2841 2237 2887 domus
2261 2841 2372 2900 Dei,
2399 2852 2445 2888 et

320 2927 459 2982 porta
491 2917 614 2964 coeli.
646 2935 668 2961 >2
694 2918 899 2980 Surgens
934 2933 1048 2980 ergo
1083 2933 1226 2964 mane
1261 2917 1368 2964 tulit
1399 2916 1632 2983 lapidem,
1667 2936 1826 2984 quem>
1846 2932 2163 2986 suppos-uerat
2197 2922 2362 2987 capiti,
2399 2933 2446 2969 et

319 2997 465 3043 erexit
489 2996 537 3043 in
561 2995 770 3055 titulum,
797 2995 1002 3042 fundens
1024 2995 1185 3043 oleum
1207 2996 1430 3061 desuper.
1456 3001 1640 3045 Votum>
1659 3000 1803 3046 etiam
1824 3001 1958 3047 vovit
1980 3001 2143 3048 dicens
2167 3021 2216 3048 z«
2237 3002 2283 3047 Si
2308 3001 2446 3048 fuerit
2473 2994 2480 3005 ’

320 3082 448 3126 Deus
475 3094 664 3125 mecum
684 3115 694 3136 ‚
720 3086 767 3124 et
789 3076 1069 3124 custodierit
1090 3093 1192 3137 me,
1218 3088 1505 3126 cunctorum
1527 3096 1634 3143 quae
1656 3080 1845 3127 dederis
1868 3081 1988 3128 mihi
2010 3082 2220 3130 decimas
2244 3082 2443 3130 offeram

322 3158 425 3205 tibi.
457 3177 480 3202 υ

387 3241 531 3296 Ecce,
573 3237 762 3295 fratres,
800 3235 1049 3284 historiam
1078 3238 1318 3284 succincte
1340 3240 1681 3303 percurrimus,
1713 3242 1848 3286 Nunc
1872 3240 1933 3287 ad
1957 3241 2319 3290 aedificationem
2356 3260 2444 3289 no—

322 3329 468 3366 stram
498 3317 855 3381 intelligentiam
879 3318 1114 3382 praecipue
1143 3317 1375 3365 moralem
1398 3319 1447 3365 in
1473 3335 1527 3366 ea
1550 3320 1906 3384 perquiramus,
1940 3332 1987 3368 et
2014 3322 2223 3370 melioris
2253 3323 2444 3370 dedica-

370 3489 380 3507 ¹
406 3490 514 3530 Dent„
532 3500 604 3534 cap.
624 3501 686 3531 ιιι,
700 3502 730 3524 v.
750 3492 802 3523 13.
816 3508 860 3516 -
873 3489 885 3507 ³
902 3489 1028 3532 Matth„
1045 3501 1116 3534 cap.
1135 3502 1213 3531 xxi,
1227 3501 1257 3524 v.
1278 3492 1328 3525 13.
1345 3510 1383 3517 -
1398 3491 1411 3509 ³
1428 3493 1555 3532 Genea„
1573 3503 1646 3536 cap.
1668 3504 1768 3527 xxvm
1782 3519 1790 3535 ‚
1809 3505 1837 3527 v.
1866 3496 1899 3527 11
1921 3502 2027 3538 etseq
