2970 4152
1267 400 1583 447 EPISTOLAE.
2397 403 2414 446 4
2430 403 2490 447 57

371 514 470 544 non
497 496 738 545 refrenans
766 494 978 558 linguam
1004 510 1138 541 suam
1155 530 1167 554 ,
1197 494 1280 541 sed
1304 494 1539 541 seducens
1566 508 1650 539 cor
1676 509 1816 539 suum
1837 528 1848 551 ,
1873 492 2014 555 hujus
2032 507 2155 540 vana
2177 503 2242 540 est
2264 494 2445 558 religio.
2468 514 2489 538 »

378 577 496 623 Hinc
533 586 580 622 et
604 576 653 621 in
675 575 940 621 Proverbiis
963 575 1191 639 scriptum
1218 583 1289 621 est
1305 577 1316 598 ¹
1342 592 1352 619 :
1386 592 1408 618 ι(
1433 573 1564 637 Sicut
1588 572 1701 621 urbs
1727 582 1894 637 patens
1916 608 1927 631 ,
1964 581 2011 619 et
2034 571 2213 636 absque
2246 589 2494 620 murorum

372 657 555 706 ambitu
580 676 589 704 ε
620 657 684 703 ita
706 657 778 704 vir
802 657 885 721 qui
910 672 1007 703 non
1035 665 1192 721 potest
1217 655 1269 702 in‘
1294 654 1540 719 loquendo
1569 654 1794 701 cohibere
1825 655 2043 718 spiritum
2065 672 2221 702 suum.
2251 674 2274 700 »
2296 659 2399 703 Hoc
2418 656 2495 702 ille

373 755 516 786 senex
543 737 792 802 diligenter
816 736 1174 796 considerabat,
1205 736 1289 801 qui
1318 735 1380 782 de
1405 735 1684 801 loquacibus
1709 735 1928 797 fratribus
1952 736 1995 782 ei
2016 736 2065 782 in
2091 737 2166 783 via
2189 738 2378 784 sociatis
2392 741 2496 785 ‘An-

374 818 508 867 tonio
531 818 774 865 dicente²z
809 836 831 861 «
857 820 1014 864 Bonos
1039 817 1203 864 fratres
1221 816 1442 864 invenisti
1461 826 1641 875 tecum,
1668 814 1814 874 abba;
1841 834 1864 859 »
1894 815 2141 880 respondit
2164 837 2172 862 2
2207 837 2230 862 «
2251 818 2370 864 Boni
2389 828 2497 864 sunt

374 897 611 962 siquidem
630 933 642 956 ,
671 897 755 944 sed
781 895 1010 944 habitatio
1038 913 1207 944 eorum
1237 913 1338 944 non
1364 895 1509 943 habet
1539 895 1754 959 januam.'
1794 896 2079 959 Quicunque
2109 896 2235 957 vult,
2276 898 2418 944 intrat
2448 899 2496 943 in

379 976 643 1037 stabulum,
691 987 738 1024 et
774 977 913 1024 solvit
941 977 1145 1024 asinum.
1170 996 1194 1022 »
1235 977 1381 1035 Quasi
1408 976 1537 1024 enim
1573 975 1635 1023 ad
1670 987 1879 1041 praesepe
1911 977 2106 1023 Domini
2142 977 2300 1024 anima
2336 988 2498 1025 nostra

379 1056 576 1121 ligatur,
623 1073 765 1104 sacrae
807 1073 857 1104 se
898 1057 1218 1104 meditationis
1267 1058 1315 1103 in
1352 1073 1410 1104 eo
1445 1046 1653 1120 quadam
1696 1055 2014 1102 ruminatione
2055 1055 2302 1116 reficiens,
2341 1074 2368 1104 a
2401 1075 2497 1121 quo

381 1137 575 1201 quidem
606 1139 803 1204 praesepi
832 1137 1057 1198 solvitur,
1090 1147 1231 1202 atque
1261 1137 1357 1184 huc
1386 1147 1434 1184 et
1468 1137 1581 1184 illuc
1615 1146 1717 1183 toto
1743 1135 1928 1183 mundo
1953 1154 2040 1202 per
2066 1138 2375 1202 cogitationes
2409 1139 2500 1185 dis-

378 1220 551 1279 currit,
575 1220 664 1267 nisi
689 1236 794 1271 eam
819 1219 1035 1267 clausura
1057 1219 1384 1266 taciturnitatis
1403 1219 1617 1266 retineat.
1647 1217 1804 1265 Verba
1821 1219 1998 1283 quippe
2018 1218 2312 1266 intellectum
2334 1220 2501 1266 animae

380 1300 643 1347 immittunt
661 1337 674 1361 ,
707 1311 760 1347 ut
785 1301 828 1348 ei
851 1300 983 1364 quod
1008 1299 1226 1364 intelligit
1254 1299 1496 1369 intendat,
1530 1309 1577 1347 et
1607 1316 1693 1364 per
1720 1299 2057 1364 cogitationem
2087 1299 2277 1347 haereat.
2317 1301 2502 1364 Cogita·

380 1380 510 1427 tione
534 1397 649 1428 vero
674 1384 777 1428 Deo
811 1380 1080 1445 loquimur,
1111 1380 1231 1427 sicut
1267 1379 1425 1427 verbis
1461 1378 1755 1427 hominibus.
1790 1382 2012 1444 Dumque
2039 1379 2136 1427 huc
2162 1379 2319 1427 verbis
2348 1380 2503 1427 homi-

377 1476 497 1506 num
524 1460 815 1508 intendimus
833 1497 845 1521 ,
883 1477 1075 1508 necesse
1112 1470 1181 1507 est
1203 1469 1257 1507 ut
1293 1459 1407 1507 inde
1432 1460 1690 1519 ducamur3
1724 1476 1813 1507 nec
1842 1463 1946 1507 Deo
1975 1460 2115 1507 simul
2150 1471 2196 1508 et
2228 1460 2504 1508 hominibus

379 1540 628 1588 intendere
652 1541 878 1589 valemus.
912 1545 1008 1589 Nec
1033 1541 1190 1588 solum
1210 1541 1362 1588 otiosa
1379 1578 1391 1601 ,
1422 1558 1588 1589 verum
1610 1542 1755 1589 etiam
1780 1558 1885 1606 quae
1906 1541 2114 1589 utilitatis
2131 1541 2309 1606 aliquid
2329 1541 2504 1589 habere

382 1621 602 1669 videntur
631 1623 827 1670 vitanda
856 1633 967 1670 sunt
990 1622 1136 1670 verba
1155 1658 1167 1682 ,
1198 1639 1256 1669 eo
1283 1622 1415 1687 quod
1445 1623 1577 1670 facile
1605 1639 1633 1670 a
1659 1623 1933 1670 necessariis
1960 1622 2022 1670 ad
2047 1624 2199 1670 otiosa
2216 1659 2228 1683 ,
2262 1623 2322 1670 ab
2341 1624 2503 1670 otiosis

380 1701 441 1748 ad
469 1703 611 1749 noxia
633 1704 864 1751 veniatur.
898 1723 919 1748 «
940 1704 1119 1767 Lingua
1142 1722 1165 1747 υ
1191 1703 1371 1769 quippe
1387 1739 1399 1763 ,
1429 1713 1482 1750 ut
1506 1702 1737 1751 Jacobus³
1774 1703 1864 1763 ait,
1907 1723 1929 1748 «
1951 1704 2219 1768 inquietum
2246 1703 2451 1763 malum,
2477 1723 2500 1747 »

380 1785 478 1846 quo
515 1783 692 1830 caeteris
730 1783 888 1829 minor
924 1793 993 1830 est
1029 1793 1110 1830 aut
1137 1783 1356 1830 subtilior
1385 1782 1638 1843 membris,
1671 1793 1803 1831 tanto
1834 1782 2059 1830 mobilior
2085 1793 2132 1830 et
2160 1783 2337 1831 caeteris
2369 1793 2503 1829 motu

379 1862 717 1912 lacessentibus
734 1901 746 1923 ‚
778 1866 880 1931 ipsa
907 1881 1058 1930 quum
1085 1866 1186 1911 non
1219 1874 1441 1912 movetur
1475 1865 1720 1929 fatigatur,
1753 1875 1797 1912 et
1825 1865 1959 1929 quies
1987 1865 2087 1929 ipsa
2127 1865 2171 1911 ei
2201 1864 2254 1911 fit
2280 1881 2498 1912 onerosa.

381 1945 497 2001 Quae
524 1955 705 2009 quanto
733 1945 782 1991 in
808 1945 948 1992 nobis
977 1944 1223 2005 subtilior,
1255 1955 1302 1993 et
1327 1962 1382 1992 ex
1412 1944 1610 1992 mollitie
1635 1942 1852 2010 corporis
1877 1946 2027 1991 nostri
2063 1943 2337 2004 flexibilior,
2372 1956 2503 1992 tauto

381 2023 607 2072 mobilior
630 2035 677 2072 et
701 2026 750 2072 in
775 2025 920 2073 verba
947 2026 1148 2092 pronior
1176 2026 1356 2085 existit,
1387 2035 1434 2072 et
1459 2025 1617 2072 omnis
1645 2025 1831 2072 malitiae
1857 2026 2163 2073 seminarium
2190 2035 2334 2090 patet.
2363 2028 2505 2083 Quod

380 2104 429 2152 in
461 2104 598 2152 vobis
625 2107 861 2179 praecipue
888 2107 1054 2155 vitium
1085 2106 1341 2172 Apostolus
1371 2116 1571 2165 notans,
1611 2106 1811 2152 omnino
1842 2105 2028 2152 feminis
2054 2107 2102 2152 in
2142 2106 2338 2154 ecclesia
2374 2107 2505 2172 loqui

381 2185 645 2246 interdicit,
671 2203 760 2234 nec
778 2186 839 2233 de
866 2187 922 2234 iis
946 2187 1088 2234 etiam
1116 2203 1221 2251 quae
1245 2185 1307 2233 ad
1326 2189 1485 2234 Deum
1506 2186 1777 2251 pertinent,
1811 2186 1900 2232 nisi
1920 2185 2052 2233 domi
2070 2187 2197 2233 viros
2217 2187 2507 2252 interrogare

380 2266 637 2330 permittit,
669 2277 716 2315 et
753 2268 803 2314 in
836 2268 892 2315 iis
926 2268 1067 2315 etiam
1096 2267 1363 2327 discendis,
1405 2267 1479 2314 vel
1513 2267 1880 2332 quibuscunque
1909 2267 2134 2314 faciendis
2153 2304 2165 2327 ,
2209 2267 2396 2315 silentio
2431 2285 2508 2315 eas

303 2393 314 2406 ,
379 2347 617 2412 praecipue
644 2347 858 2412 subjicit,
890 2348 1140 2396 Timotheo
1169 2365 1311 2414 super
1339 2348 1413 2396 his
1438 2348 1502 2395 ita
1526 2347 1766 2395 scribens*
1788 2366 1797 2394 :
1831 2367 1854 2392 «
1877 2347 2046 2395 Mulier
2070 2348 2117 2394 in
2147 2348 2333 2395 silentio
2360 2348 2510 2396 discat

382 2443 492 2474 cum
531 2429 664 2475 omni
696 2428 1005 2492 subjectione.
1036 2431 1221 2476 Docere
1249 2438 1410 2475 autem
1439 2427 1627 2475 mulieri
1651 2444 1748 2475 non
1788 2428 2012 2492 permitto
2030 2464 2042 2486 ,
2084 2444 2240 2492 neque
2271 2427 2508 2475 dominari

382 2508 428 2554 in
457 2508 611 2555 virum
627 2544 639 2568 ,
667 2508 750 2556 sed
771 2525 870 2556 esse
892 2509 941 2555 in
965 2508 1170 2556 silentio.
1196 2527 1218 2551 n
1245 2508 1386 2566 Quod
1411 2508 1450 2555 si
1471 2508 1602 2556 laicis
1619 2518 1665 2555 et
1679 2508 1942 2572 conjugatis
1961 2508 2147 2555 feminis
2164 2509 2226 2555 ita
2245 2508 2306 2555 de
2322 2508 2508 2555 silentio

381 2588 672 2651 providerit,
699 2588 815 2654 quid
838 2588 975 2636 vobis
998 2599 1068 2636 est
1094 2587 1401 2636 faciendum?
1428 2588 1522 2645 Qui
1546 2604 1708 2635 rursus
1729 2587 1885 2634 eidem
1909 2604 1996 2634 cur
2018 2587 2111 2634 hoc
2133 2588 2408 2653 praeceperit
2438 2589 2510 2634 in-

381 2685 534 2717 nuens
551 2705 563 2729 ,
595 2668 819 2716 verbosas
842 2686 920 2717 eas
950 2679 997 2716 et
1028 2668 1280 2734 loquentes
1313 2685 1465 2732 quum
1499 2684 1597 2715 non
1622 2677 1838 2733 oportet,
1865 2668 2033 2731 arguit.
2062 2668 2181 2715 Huic
2203 2668 2344 2732 igitur
2373 2679 2512 2715 tanta»,

383 2750 501 2814 pesti
535 2749 802 2797 remedium
838 2749 1034 2814 aliquod
1056 2749 1390 2815 providentes,
1428 2748 1503 2795 his
1540 2748 1707 2796 saltem
1740 2749 1929 2814 penitus
1960 2748 2076 2796 locis
2107 2748 2182 2796 vel
2217 2748 2511 2813 temporibus

383 2829 595 2894 linguam
617 2831 844 2877 continua
867 2830 1187 2878 taciturnitate
1203 2829 1481 2877 domemus⁸
1501 2849 1511 2876 :
1539 2830 1588 2876 in
1613 2830 1829 2877 oratione
1846 2827 2027 2877 ¹scilicet
2042 2866 2054 2889 ,
2081 2831 2129 2876 in
2153 2829 2376 2889 claustro,
2403 2830 2513 2877 dor-

383 2911 605 2971 mitorio,
641 2910 892 2959 refectorio
909 2947 921 2971 ,
958 2921 1004 2958 et
1036 2911 1084 2957 in
1119 2891 1574 2958 omni‘comestione
1597 2920 1644 2957 et
1665 2911 1871 2975 coquina
1896 2930 1905 2956 :
1946 2920 1992 2957 et
2014 2920 2124 2976 post
2145 2910 2512 2976 completorium

383 2990 608 3056 deinceps
629 2990 724 3038 hoc
749 2991 954 3038 maxime
978 2989 1040 3037 ab
1063 2989 1289 3037 omnibus
1312 2989 1610 3037 observetur.
1641 2990 1795 3055 Signis
1818 3007 1931 3038 vero
1954 2990 2028 3036 his
2050 2989 2166 3037 locis
2185 2990 2260 3037 vel
2284 2993 2514 3056 tempori-

383 3070 472 3118 bus
487 3071 565 3131 ‚·si
587 3071 906 3118 necessarium
928 3080 1026 3131 est,
1055 3087 1145 3136 pro
1169 3070 1328 3118 verbis
1351 3079 1557 3117 utamur.
1579 3072 1649 3117 De
1673 3069 1846 3134 quibus
1860 3070 2001 3117 etiam
2018 3070 2162 3134 signis
2178 3071 2408 3118 docendis
2430 3089 2510 3118 seu

384 3151 685 3199 addiscendis
716 3151 916 3216 diligens
946 3150 1179 3200 habeatur
1208 3167 1322 3199 cura
1338 3187 1350 3211 ‚
1389 3167 1475 3216 per
1498 3167 1604 3215 quae
1630 3151 1771 3198 etiam
1795 3150 1834 3197 si
1862 3149 2019 3197 verbis
2043 3167 2236 3215 quoque
2261 3168 2382 3217 opus
2413 3162 2508 3209 est,

386 3231 446 3278 ad
478 3231 772 3296 colloquium
802 3232 1026 3279 invitetur
1047 3230 1157 3278 loco
1185 3247 1400 3295 congruo
1417 3266 1429 3290 ,
1466 3241 1513 3278 et
1536 3230 1597 3278 ad
1618 3230 1714 3277 hoc
1737 3230 1966 3278 instituto.
1995 3233 2053 3278 Et
2082 3230 2278 3295 expletis
2308 3231 2511 3278 breviter

431 3442 440 3458 ⁴
464 3443 579 3482 Pron„
592 3452 668 3486 cap.
686 3454 765 3484 xxv,
779 3455 810 3477 v.
827 3445 882 3486 28.
908 3463 937 3470 -
951 3445 963 3462 ¹
979 3445 1016 3479 ln
1035 3445 1114 3480 Vitis
1126 3445 1262 3479 Parrum
1275 3470 1286 3483 ,
1308 3456 1340 3487 p.
1359 3446 1433 3478 537.
1451 3463 1494 3469 —
1509 3444 1521 3463 ⁸
1538 3445 1669 3484 Jacob„
1691 3454 1764 3486 cap.
1793 3454 1848 3483 ιιι,
1866 3455 1896 3476 v.
1914 3444 1947 3475 8.
1962 3460 2004 3467 -
2022 3442 2033 3458 ⁴
2060 3443 2195 3475 Timoth.
2214 3442 2250 3479 Ι,
2267 3451 2339 3483 cap.
2363 3452 2382 3471 ιι
2396 3466 2404 3478 ,
2427 3452 2453 3471 v.
2477 3442 2510 3469 11

386 3491 856 3537 etim—⁸60m‘5WB.
1318 3516 1321 3518 ·
