2970 4152
564 410 659 457 632
1360 411 1530 460 PETRI
1565 413 1877 463 ABAELARDI

562 519 687 567 aqua
709 502 1050 551 circumfusum
1072 502 1226 563 dicat,
1251 504 1373 551 sicut
1394 520 1518 570 aqua
1551 516 1727 555 terram
1753 517 1870 555 tunc
1903 507 2104 562 omnino
2132 504 2368 564 ambibat,
2394 505 2471 552 vel
2499 505 2673 554 coelum

562 599 720 630 aerem
743 561 916 642 ambit,
945 575 992 630 et
1014 583 1107 631 tale
1130 584 1190 631 sit
1210 584 1431 649 spiritum
1452 583 1568 634 tunc
1587 587 1723 635 illum
1749 587 1950 634 volitare
1977 603 2121 652 super
2148 602 2319 651 aquas,
2343 587 2480 650 quasi
2506 587 2673 635 mobili

560 681 643 711 sua
673 665 862 712 levitate
884 620 986 712 illa's
1008 664 1219 726 ambire;
1242 665 1432 714 videtur
1458 666 1560 715 haec
1590 685 1784 733 quoque
1815 668 2050 715 sententia
2083 666 2288 715 naturali
2323 683 2484 714 rerum
2515 667 2674 714 ordini

560 745 847 803 consentire,
868 746 960 793 nisi
983 745 1104 792 forte
1120 745 1254 809 quod
1275 763 1426 811 quum
1441 747 1502 794 de
1521 765 1628 796 aere
1651 748 1825 795 dicitur
1846 748 2055 812 spiritus,
2076 747 2267 796 additur
2287 747 2483 794 Domini
2504 764 2515 793 ε
2540 747 2674 811 quod

560 842 864 890 nequaquam
888 825 949 873 de
971 836 1096 874 terra
1117 826 1193 874 vel
1214 828 1392 875 caeteris
1415 827 1597 876 dictum
1619 838 1690 875 est
1711 828 1975 876 elementis.
2003 828 2097 876 Sed
2118 828 2316 876 fortasse
2340 837 2475 876 tanto
2497 826 2547 874 id
2571 826 2676 874 dili-

559 908 744 968 gentius
778 906 1014 971 propheta
1051 907 1239 972 scripsit
1253 945 1265 967 ,
1302 918 1485 973 quanto
1526 909 1780 974 perfectius
1816 924 1920 956 rem
1957 910 2137 972 gestam
2169 908 2310 956 simul
2343 917 2391 955 et
2426 908 2674 971 mysticam

558 986 941 1050 comprehendit.
968 986 1078 1034 Tale
1115 997 1185 1035 est
1221 1004 1334 1052 ergo
1360 989 1595 1054 «spiritus
1629 989 1826 1035 Domini
1859 988 2091 1036 volitabat
2116 1004 2260 1053 super
2287 1003 2457 1052 aquas,
2480 1006 2503 1032 n
2536 1003 2592 1034 ac
2634 987 2674 1033 si

559 1065 737 1112 diceret
749 1103 760 1123 ,
783 1075 954 1112 ventus
976 1066 1025 1112 in
1045 1066 1113 1113 eis
1134 1066 1369 1131 spirabat,
1390 1077 1559 1132 typum
1575 1084 1742 1131 gerens
1760 1067 1961 1133 Spiritus
1983 1068 2135 1115 sancti
2153 1083 2299 1131 aquas
2317 1067 2366 1114 in
2382 1066 2673 1131 baptismum

557 1160 642 1190 sua
664 1145 813 1208 gratia
834 1144 1152 1192 foecundaturi
1174 1156 1221 1193 et
1242 1147 1378 1211 quasi
1398 1146 1493 1193 1100
1514 1145 1802 1194 beneficium
1824 1147 1890 1194 eis
1917 1147 2208 1212 inspiraturi.

622 1226 783 1280 Qu'um
806 1240 918 1287 ergo
941 1224 1177 1290 propheta
1207 1225 1267 1272 de
1296 1225 1417 1272 coelo
1441 1234 1488 1272 et
1509 1235 1636 1273 terra
1657 1225 1958 1273 manifestam
1982 1226 2114 1291 prius
2138 1225 2322 1272 fecisset
2346 1225 2642 1271 mentionem
2658 1260 2671 1282 ,

558 1303 720 1350 dicens
745 1322 755 1349 :
783 1322 808 1348 «
826 1305 1013 1351 Creavit
1034 1304 1210 1351 coelum
1231 1315 1279 1352 et
1299 1314 1501 1364 terram,
1521 1323 1545 1350 »
1568 1315 1615 1371 et
1635 1306 1685 1352 in
1711 1305 1806 1352 hoc
1827 1315 2048 1371 patenter
2069 1305 2167 1352 duo
2189 1304 2426 1352 elementa
2452 1319 2673 1368 compre-

557 1384 816 1443 hendisset,
834 1385 994 1449 ignem
1005 1384 1234 1448 ,videlicet
1252 1402 1307 1433 30
1328 1395 1523 1446 terram,
1544 1387 1806 1451 praesertim
1822 1402 1972 1450 quum
1994 1386 2192 1432 nomine
2208 1385 2315 1432 coeli
2331 1394 2379 1432 et
2393 1393 2529 1431 terrae
2552 1400 2674 1431 non-

556 1465 645 1510 nisi
668 1475 911 1511 terrenum
932 1464 1223 1515 elementum
1241 1475 1292 1512 et
1312 1465 1506 1528 igneum
1528 1482 1584 1512 ex
1607 1482 1705 1528 quo
1728 1475 1799 1511 est
1815 1501 1827 1523 ,
1853 1475 2063 1512 extrema
2084 1463 2255 1511 mundi
2276 1464 2451 1529 spatia,
2475 1463 2571 1510 hoc
2602 1473 2674 1510 est

556 1543 780 1601 aetherea,
806 1560 910 1607 quae
931 1544 1126 1607 proprie
1149 1544 1323 1588 coelum
1345 1543 1761 1606 dicitur,·intelligi
1788 1543 1940 1590 soleat
1963 1562 1973 1589 ι
2003 1543 2101 1589 duo
2133 1539 2327 1607 quoque
2356 1543 2472 1601 alia,
2494 1541 2674 1590 scilicet

556 1638 731 1685 aquam
753 1631 800 1667 et
820 1637 978 1668 aerem
1000 1630 1351 1684 consequenter
1372 1622 1637 1686 exprimere
1653 1622 1864 1683 curavit:
1885 1638 1989 1685 quae
2007 1621 2125 1674 dum
2141 1638 2241 1668 non
2257 1622 2406 1668 creari
2422 1631 2539 1668 tunc
2552 1621 2674 1670 sicut

555 1703 634 1749 illa
662 1712 880 1767 patenter
909 1702 1101 1760 dixerit,
1134 1702 1378 1766 quamvis,
1409 1711 1463 1748 ut
1491 1696 1718 1761 diximus,
1749 1701 1851 1748 haec
1884 1717 2080 1766 quoque
2109 1702 2160 1748 in
2194 1718 2377 1761 eorum,
2397 1700 2674 1749 nominibus

556 1784 934 1849 comprehendat
945 1821 957 1844 ,
977 1783 1163 1831 curavit
1184 1782 1432 1831 manifeste
1449 1799 1580 1831 nunc
1596 1799 1653 1832 ea
1671 1782 1980 1848 distinguere,
1998 1793 2053 1831 ut
2068 1782 2318 1847 diligenter
2333 1792 2485 1831 totam
2502 1781 2672 1830 mundi

556 1867 947 1914 constitutionem
968 1867 1017 1913 in
1041 1877 1248 1931 quatuor
1269 1866 1368 1915 istis
1390 1866 1649 1916 consistere
1674 1863 1952 1916 declararet.

625 1968 647 1991 «
669 1948 795 1994 Dixit
817 1964 1010 2011 quoque
1032 1951 1159 1995 Deus
1178 1964 1187 1994 t
1209 1949 1351 1996 «Fiat
1373 1948 1469 1995 lux.
1492 1968 1516 1994 »
1536 1949 1730 1996 Dictum
1750 1949 1899 2015 ipsius
1918 1946 2007 1995 Dei
2029 1956 2100 1995 est
2120 1945 2332 1995 Verbum
2348 1946 2515 2005 Patris,
2538 1945 2672 2010 quod

557 2028 655 2089 ejus
689 2037 976 2075 coaeternam
1010 2028 1292 2092 sapientiam
1328 2027 1633 2092 intelligimus
1651 2066 1663 2088 ,
1688 2029 1737 2076 in
1771 2045 1868 2093 qua
1900 2028 2120 2093 primitus
2156 2028 2321 2074 omnia
2353 2025 2674 2091 disponuntur

557 2123 703 2170 quam
726 2124 872 2171 opere
894 2107 1249 2172 compleantur;
1278 2109 1399 2155 sicut
1419 2109 1650 2173 scriptum
1672 2117 1743 2156 est
1763 2127 1774 2156 :
1800 2128 1824 2153 «
1845 2109 1939 2165 Qui
1961 2108 2071 2155 fecit
2091 2124 2196 2171 quae
2218 2107 2375 2154 futura
2395 2115 2532 2164 sunt;
2554 2124 2578 2150 »
2604 2105 2671 2151 fe·
2689 2166 2702 2175 “

556 2187 641 2243 cit,
671 2187 895 2250 inquam,
922 2186 1226 2251 disponendo
1249 2197 1507 2251 antequam
1528 2187 1703 2235 faceret
1730 2202 1876 2252 opere
1905 2185 2214 2251 complendo.
2245 2186 2376 2232 Sicut
2404 2194 2474 2232 est
2511 2185 2671 2249 itaque

517 2268 519 2270 ’
556 2267 757 2313 verbum
780 2269 900 2326 oris,
925 2268 990 2314 ita
1012 2279 1058 2315 et
1080 2267 1282 2315 verbum
1303 2254 1478 2314 dicitur
1498 2267 1676 2328 cordis,
1696 2268 1831 2332 juxta
1852 2266 1970 2314 illud
1985 2270 1998 2293 ¹
2020 2285 2031 2314 :
2058 2269 2154 2313 «In
2177 2265 2323 2313 corde
2345 2275 2392 2312 et
2419 2264 2566 2312 corde
2598 2264 2671 2312 lo·

556 2349 651 2394 cuti
675 2358 802 2394 sunt.
828 2367 851 2392 »
877 2351 1039 2406 Quum
1060 2349 1202 2411 igitur
1223 2348 1460 2413 propheta
1480 2349 1530 2395 in
1553 2347 1751 2395 diversis
1772 2364 1933 2394 rerum
1955 2345 2277 2394 creationibus
2297 2344 2524 2392 faciendis
2551 2360 2671 2409 prae-

556 2430 699 2476 mittit
729 2448 739 2475 :
770 2430 937 2476 «Dixit
957 2432 1109 2488 Deus;
1133 2447 1157 2474 »
1183 2438 1231 2475 et
1258 2428 1318 2475 ad
1346 2428 1530 2475 dictum
1557 2430 1718 2476 statim
1741 2428 1964 2475 effectum
1992 2427 2230 2491 adjungit,
2255 2425 2419 2473 dicens
2443 2443 2454 2472 :
2483 2443 2507 2470 «
2523 2425 2671 2472 Etfa-

555 2519 685 2555 ctum
708 2519 801 2567 est;
824 2527 848 2553 »
875 2509 940 2556 ita
962 2518 1134 2555 cuncta
1156 2511 1312 2555 Deum
1334 2507 1607 2575 condidisse
1622 2509 1673 2555 in
1690 2507 1851 2555 Verbo
1864 2544 1876 2566 ,
1897 2507 1994 2554 hoc
2011 2507 2147 2554 estin
2163 2506 2395 2571 sapientia
2410 2520 2494 2552 sua
2515 2514 2674 2553 osten-

555 2589 699 2648 ditur,
726 2589 776 2636 id
798 2599 895 2649 est,
922 2589 1042 2636 nihil
1062 2588 1222 2636 subito
1244 2588 1321 2636 vel
1343 2599 1549 2647 temere,
1575 2588 1661 2636 sed
1688 2589 1853 2636 omnia
1879 2586 2226 2635 rationabiliter
2259 2601 2315 2633 ac
2347 2585 2566 2651 provide.
2601 2588 2672 2632 De

554 2686 652 2732 quo
675 2679 723 2716 et
743 2669 1014 2716 Psalmista²
1040 2689 1050 2715 :
1081 2689 1104 2714 «
1129 2670 1280 2728 Dixit,
1305 2688 1328 2713 »
1353 2670 1532 2733 inquit,
1562 2688 1584 2714 «
1609 2678 1657 2716 et
1684 2669 1808 2716 facta
1835 2677 1969 2726 sunt,
1994 2687 2016 2712 »
2041 2667 2092 2714 id
2114 2676 2210 2726 est,
2235 2666 2421 2713 ratione
2442 2674 2489 2712 et
2509 2666 2671 2730 provi-

555 2749 717 2796 dentia
753 2759 993 2814 praeeunte
1031 2760 1204 2797 cuncta
1236 2749 1455 2797 condidit
1488 2750 1588 2796 sive
1621 2748 1879 2796 ordinavit.
1911 2747 2006 2805 Qui
2035 2747 2180 2794 etiam
2213 2745 2326 2794 alibi
2353 2745 2556 2793 verbum
2577 2745 2672 2793 hoc

555 2831 763 2893 apertius
785 2830 1120 2877 demonstrans
1144 2846 1245 2876 non
1268 2846 1369 2876 esse
1386 2828 1589 2876 verbum
1612 2828 1822 2877 audibile
1843 2837 1892 2875 et
1912 2826 2258 2885 transitorium,
2277 2824 2362 2872 sed
2380 2824 2672 2889 intelligibile

556 2926 610 2956 ac
633 2926 943 2973 permanens,
969 2911 1060 2958 ait³
1087 2929 1096 2956 ε
1127 2929 1149 2954 «
1171 2911 1265 2967 Qui
1290 2909 1399 2957 fecit
1420 2909 1566 2956 coelos
1588 2910 1637 2956 in
1659 2908 1927 2966 intellectu3
1950 2926 1975 2951 »
1999 2907 2157 2972 primo
2179 2904 2400 2954 videlicet
2419 2920 2506 2969 per
2529 2905 2673 2952 ratio·

555 3008 666 3037 nem
690 2991 818 3056 apud
841 3008 891 3039 se
913 3008 995 3040 eos
1017 2990 1356 3039 constituendo
1379 3008 1525 3055 quam
1548 3006 1694 3055 opere
1716 2988 2033 3054 complend03
2058 2989 2195 3053 quasi
2222 2987 2337 3035 bina
2364 2987 2424 3034 sit
2453 2987 2671 3034 omnium

555 3087 714 3118 rerum
735 3072 912 3119 creatio
941 3090 952 3119 ε
979 3087 1076 3118 11113
1098 3070 1295 3135 quidem
1322 3071 1535 3135 primum
1563 3070 1613 3116 in
1644 3070 1748 3135 ipsa
1781 3068 1953 3116 divinae
1985 3056 2300 3134 providentioe
2332 3065 2636 3113 ordinatione
2655 3102 2667 3124 ,

554 3149 700 3197 altera
722 3152 771 3197 in
795 3167 956 3216 opere.
975 3150 1251 3199 Secundum
1272 3166 1391 3215 quas
1413 3150 1557 3197 etiam
1578 3148 1698 3196 duas
1719 3149 1984 3196 creationes
2006 3147 2129 3195 duos
2147 3162 2248 3194 esse
2265 3144 2496 3203 mundos,
2519 3159 2671 3190 unum

552 3228 772 3276 videlicet
793 3230 1136 3294 intelligibilem
1149 3269 1161 3289 ,
1186 3230 1389 3278 alterum
1409 3227 1683 3276 sensibilem
1703 3227 1977 3275 adstruxere
1998 3224 2293 3292 philosophi.
2318 3223 2462 3281 Quod
2491 3221 2670 3277 nectab

554 3310 825 3373 evangelica
845 3311 1042 3360 dissidet
1064 3311 1339 3376 disciplina,
1364 3311 1403 3359 si
1425 3309 1669 3358 sententiae
1690 3309 1940 3357 veritatem
1960 3308 2110 3373 magis
2137 3322 2282 3372 quam
2315 3304 2575 3353 verborum
2595 3313 2671 3351 at-

602 3487 611 3503 ¹
636 3487 755 3522 13331111.
773 3499 824 3528 xi,
844 3499 876 3520 v.
894 3490 925 3521 3.
942 3505 984 3513 —
999 3488 1011 3505 ⁸
1027 3488 1146 3522 Psalm.
1162 3499 1253 3522 xxxn
1266 3514 1275 3528 ,
1293 3499 1325 3522 v.
1342 3489 1376 3522 9.
1388 3506 1429 3513 —
1445 3487 1458 3506 ⁸
1475 3486 1592 3521 Psalm.
1612 3497 1734 3540 cxxxv,
1748 3496 1780 3519 v.
1794 3487 1827 3519 5.
