2970 4152
555 419 650 470 626
1353 422 1523 472 PETRI
1559 425 1871 474 ABAELARDI
1937 476 1945 483 ,

1406 649 1824 742 PR-AEFATIO·

618 795 723 842 Tria
744 805 855 843 sunt
875 795 925 842 in
946 797 1096 845 veteri
1110 806 1394 846 testamento
1411 798 1518 848 loca
1536 817 1641 865 quae
1657 800 1719 848 ad
1738 799 2099 864 intelligendum
2114 789 2383 847 difficiliora
2400 816 2501 847 esse
2519 802 2673 849 Sacrae

555 876 805 939 Scripturae
826 876 964 940 periti
994 888 1299 926 censuerunt.
1323 880 1614 944 Principium
1636 880 1813 927 scilicet
1834 882 2075 928 Geneseos
2089 917 2101 938 ,
2126 880 2393 927 secundum
2422 881 2574 946 ipsam
2596 881 2670 929 di-

555 955 675 1001 vinae
706 956 1003 1019 operationis
1038 956 1310 1019 historiam,
1342 968 1389 1006 et
1422 960 1672 1008 Canticum
1702 960 2000 1007 canticorum
2018 997 2030 1019 ,
2058 969 2106 1007 et
2126 959 2432 1024 prophetiam
2453 960 2671 1028 Ezechiel

555 1035 605 1080 in
637 1035 792 1099 prima
823 1036 1061 1100 praecipue
1086 1037 1271 1085 visione
1295 1038 1366 1085 -de
1386 1039 1670 1086 animalibus
1690 1049 1745 1086 et
1778 1040 1919 1099 rotis,
1945 1050 1993 1087 et
2010 1040 2063 1086 in
2086 1049 2295 1087 ext-rema
2317 1039 2377 1087 de
2399 1039 2599 1088 aedificio
2620 1041 2670 1088 in

555 1123 721 1160 monte
744 1115 1021 1162 constituto.
1048 1116 1186 1163 Unde
1207 1117 1337 1181 apud
1357 1117 1581 1165 Hebraeos
1602 1118 1871 1165 institutum
1893 1135 1994 1165 esse
2021 1120 2155 1166 aiunt
2186 1119 2523 1182 praedictorum
2556 1120 2671 1166 scri·

556 1201 751 1256 ptorum
781 1194 1128 1258 expositionem
1149 1211 1246 1260 prae
1266 1197 1414 1243 nimia
1436 1196 1714 1244 difficultate
1736 1198 1808 1244 sui
1830 1198 2023 1244 nonnisi
2045 1198 2244 1245 maturis
2264 1197 2481 1245 sensibus
2512 1198 2673 1245 senio·

556 1288 665 1319 rum
698 1273 1094 1322 committendam
1125 1291 1250 1334 esse;
1274 1276 1396 1322 sicut
1423 1285 1470 1323 et
1492 1276 1721 1339 Origenes
1750 1278 1969 1324 meminit
1989 1278 2146 1342 prima
2167 1278 2216 1324 in
2239 1277 2436 1325 Cantico
2459 1278 2671 1325 cantico·

556 1367 665 1398 rum
686 1351 921 1412 homelia,
946 1353 1109 1401 dicens
1142 1372 1153 1400 :
1183 1356 1370 1401 «Aiunt
1400 1364 1448 1401 et
1479 1354 1722 1403 observari
1760 1355 1890 1421 apud
1918 1356 2143 1403 Hebraeos
2175 1356 2309 1420 quod
2345 1357 2436 1403 nisi
2467 1356 2574 1420 quis
2611 1357 2673 1404 ad

557 1439 743 1478 aetatem
764 1431 1024 1495 perfectam
1045 1441 1378 1497 maturamque
1397 1435 1693 1498 pervenerit,
1717 1433 1893 1481 librum
1913 1433 2044 1481 hunc
2065 1436 2115 1481 in
2146 1434 2366 1482 manibus
2386 1445 2550 1483 tenere
2571 1451 2672 1483 non

555 1511 849 1574 permittitur.
867 1530 878 1558 :
898 1511 983 1558 sed
1005 1511 1123 1558 illud
1144 1512 1208 1559 ab
1233 1513 1299 1559 eis
1325 1514 1594 1578 accepimus
1616 1513 1870 1572 custodiri,
1896 1513 2026 1579 apud
2055 1530 2137 1561 eos
2168 1530 2336 1561 omnes
2368 1515 2625 1578 scripturas
2646 1530 2674 1562 a

557 1589 835 1637 doctoribus
857 1590 981 1638 tradi
1003 1591 1180 1655 pueris,
1206 1590 1268 1639 ad
1289 1591 1512 1640 ultimum
1534 1602 1740 1657 quatuor
1760 1592 1910 1640 libros
1930 1593 2185 1652 reservari,
2207 1592 2255 1640 id
2272 1603 2366 1652 est,
2385 1593 2673 1658 principium

556 1669 752 1716 Genesis
765 1686 862 1734 quo
879 1670 1049 1717 mundi
1065 1680 1281 1718 creatura
1302 1671 1605 1731 describitur,
1627 1682 1675 1719 et
1692 1672 1909 1720 Ezechiel
1927 1671 2173 1738 prophetae
2186 1672 2421 1738 principia
2437 1672 2488 1719 in
2501 1671 2690 1736 quibus.

557 1750 618 1799 de
636 1751 887 1799 cherubim
908 1750 1128 1810 refertur,
1149 1750 1296 1799 finem
1310 1768 1504 1816 quoque
1526 1753 1578 1800 in
1601 1769 1700 1817 quo
1722 1752 1888 1818 templi
1904 1751 2155 1800 aedificatio
2172 1752 2462 1812 continetur,
2483 1761 2530 1799 et
2542 1750 2674 1800 hunc

555 1833 740 1880 Cantici
773 1833 1071 1880 canticorum
1100 1830 1294 1879 librum.
1320 1851 1343 1878 »
1370 1833 1492 1880 Hinc
1515 1843 1564 1880 et
1583 1833 1702 1881 illud
1734 1834 2014 1898 Hieronymi
2047 1834 2097 1881 in
2133 1833 2336 1899 prologo
2366 1833 2674 1899 expositionis

555 1929 651 1960 suae
683 1913 732 1960 in
761 1912 1057 1960 Ezechielem
1084 1930 1094 1959 t
1125 1931 1148 1956 «
1169 1911 1425 1977 Aggrediar
1457 1913 1676 1961 Ezechiel
1708 1913 1996 1979 prophetam
2012 1950 2026 1973 ,
2064 1914 2199 1977 cujus
2232 1913 2562 1961 difficultatem
2588 1916 2677 1961 He·

555 1992 796 2041 braeorum
816 1992 991 2058 probat
1011 1992 1223 2040 traditio.
1242 1996 1364 2040 Nam
1379 1994 1471 2041 nisi
1483 1994 1596 2058 quis
1616 1994 1746 2059 apud
1767 2011 1850 2042 eos
1872 2004 2059 2042 aetatem
2080 1993 2386 2042 sacerdotalis
2405 1995 2671 2053 ministerii,

557 2071 607 2119 id
629 2083 700 2120 est
720 2074 1015 2138 trigesimum
1037 2089 1220 2121 annum
1247 2073 1539 2138 impleverit,
1565 2090 1655 2121 nec
1684 2074 1976 2139 principium
2003 2076 2268 2133 Geneseos,
2296 2089 2393 2120 >nec
2425 2067 2676 2122 Canticum

558 2152 879 2211 canticorum,
905 2168 995 2200 nec
1016 2151 1157 2216 hujus
1184 2151 1443 2200 voluminis
1471 2153 1723 2200 exordium
1741 2155 1798 2200 'et
1830 2151 2162 2217 finem,legere
2191 2152 2499 2217 permittitur,
2530 2161 2584 2198 ut
2614 2150 2676 2199 ad

557 2230 817 2296 perfectam
847 2231 1118 2292 scientiam,
1149 2241 1198 2279 et
1222 2232 1456 2296 *mysticos
1489 2227 1756 2280 intellectus
1786 2230 1986 2297 plenum
2015 2230 2238 2279 humanae
2274 2240 2456 2279 naturae
2488 2240 2676 2297 tempus

558 2311 769 2358 accedat.
788 2330 812 2354 »
836 2310 1160 2376 supplicando
1181 2311 1340 2376 itaque
1359 2311 1590 2376 postulas,
1616 2321 1663 2359 et
1685 2310 1975 2377 postulando
2001 2310 2258 2376 supplicaS,
2283 2326 2422 2358 soror
2442 2309 2673 2370 Heloissa‚

557 2393 605 2438 in
634 2391 806 2439 saeculo
834 2391 1083 2456 quondam
1107 2408 1247 2452 cara,
1277 2409 1411 2439 nunc
1439 2393 1490 2439 in
1525 2391 1715 2440 Christo
1749 2393 1992 2439 carissima
2007 2428 2020 2451 ,
2058 2402 2292 2456 quatenus
2330 2391 2677 2456 expositionem

555 2469 733 2517 horum
753 2480 889 2518 tanto
911 2470 1170 2517 studiosius
1189 2470 1464 2530 intendam,
1488 2479 1672 2535 quanto
1701 2469 2020 2518 difficiliorem
2053 2486 2155 2518 esse
2188 2479 2379 2518 constat
2409 2469 2676 2533 intelligen-

528 2611 530 2613 .
556 2551 672 2598 tiam
686 2586 703 2611 ,v
724 2560 772 2598 et
792 2550 1063 2616 spiritaliter
1083 2549 1179 2597 hoc
1200 2550 1288 2598 tibi
1309 2560 1358 2598 et
1377 2550 1566 2598 filiabus
1593 2551 1686 2598 tuis
1715 2550 2006 2616 spiritalibus
2033 2550 2320 2615 persolvam.
2349 2549 2489 2597 Unde
2515 2558 2564 2596 et
2594 2564 2675 2596 ro·

558 2641 722 2694 gantes
742 2647 830 2679 vos
851 2647 995 2695 rog0,
1023 2641 1076 2678 ut
1097 2632 1211 2696 quia
1231 2647 1310 2679 me
1341 2630 1561 2695 rogando
1583 2630 1647 2679 ad
1675 2630 1772 2678 hoc
1803 2629 2088 2696 compellitis
2106 2667 2118 2690 ,
2154 2629 2341 2678 orando
2371 2632 2528 2676 Deum
2558 2628 2677 2677 mihi

559 2713 819 2761 efficaciam
835 2713 1123 2777 impetretis3
1145 2723 1194 2760 et
1210 2713 1460 2778 quoniam,
1482 2723 1535 2760 ut
1551 2713 1646 2761 dici
1667 2712 1812 2773 solet,
1833 2722 1883 2761 et
1900 2713 2055 2778 capite
2073 2711 2403 2760 inchoandum
2425 2720 2520 2771 est,
2540 2719 2676 2759 tanto

559 2809 636 2840 me
659 2793 862 2858 amplius
893 2794 943 2840 in
966 2793 1163 2840 exordio
1185 2796 1426 2841 Geneseos
1449 2803 1615 2841 vestrae
1642 2794 1884 2842 orationes
1917 2792 2172 2856 adjuvent,
2204 2801 2388 2857 quanto
2426 2791 2526 2855 ejus
2558 2789 2679 2839 diffi·
2731 2821 2738 2827 -

560 2871 784 2919 cultatem
805 2872 983 2919 caeteris
1004 2881 1193 2919 constat
1214 2887 1315 2919 esse
1337 2873 1571 2935 majorem
1588 2891 1600 2932 ;
1626 2873 1749 2920 sicut
1772 2872 2126 2937 expositionum
2145 2872 2312 2919 raritas
2334 2872 2439 2936 ipsa
2457 2879 2674 2918 testatur.

560 2955 720 3009 Quum
741 2952 871 2998 enim
894 2950 1031 2998 multi
1056 2951 1229 2998 multas
1250 2952 1473 3014 mysticas
1496 2952 1571 2999 vel
1594 2951 1800 3000 morales
1819 2953 1871 2999 in
1886 2952 2120 3000 Genesim
2147 2951 2442 2999 confecerint
2463 2948 2681 3015 explana·

560 3033 736 3091 tiones,
761 3031 908 3079 solius
930 3031 1059 3096 apud
1090 3047 1178 3078 nos
1204 3030 1465 3079 beatissimi
1487 3033 1735 3096 Augustini
1764 3032 2013 3097 perspicax
2044 3032 2290 3096 ingenium
2323 3030 2573 3077 historiam
2599 3026 2680 3076 hic

562 3127 803 3175 aggressus
831 3122 902 3160 est
930 3129 1185 3176 exponere.
1211 3114 1369 3170 Quam
1398 3111 1520 3159 adeo
1549 3112 1793 3160 difficilem
1813 3113 2120 3177 recognovit,
2146 3122 2216 3171 ut,
2243 3127 2350 3176 quae
2378 3110 2446 3157 ibi
2480 3109 2677 3166 dixerit,

562 3206 617 3236 ex
639 3191 867 3254 opinione
887 3192 1047 3256 potius
1074 3207 1220 3255 quam
1248 3207 1305 3238 ex
1333 3191 1593 3239 assertione
1627 3192 1872 3239 sententiae
1901 3191 2178 3257 protulerit;
2203 3189 2279 3238 vel
2300 3186 2561 3254 quaerendo
2586 3202 2681 3234 ma-

563 3270 630 3332 gis
651 3279 880 3333 tanquam
901 3270 1049 3319 dubia
1063 3307 1075 3330 ,
1099 3287 1247 3335 quam
1267 3270 1553 3319 diffiniendo
1575 3280 1806 3335 tanquam
1835 3281 1988 3330 certa,
2015 3271 2150 3336 quasi
2181 3267 2531 3317 Aristotelicum
2560 3266 2679 3314 illud

563 3349 812 3397 attendens
845 3350 1097 3398 consilium
1121 3370 1131 3398 :
1160 3371 1183 3397 «
1208 3354 1452 3412 Fortasse,
1476 3370 1499 3396 υ
1531 3351 1728 3415 inquit¹,
1764 3370 1789 3396 «
1813 3351 2006 3399 difficile
2040 3352 2100 3399 sit
2130 3350 2193 3399 de
2225 3347 2502 3414 hujusmodi
2536 3346 2680 3427 rebus

609 3491 618 3508 ¹
643 3491 771 3534 Categ.,
787 3501 860 3534 cap.
879 3502 933 3525 vu.
