2970 4152
1186 435 1504 483 EP1sT0LAE.
1546 494 1548 496 ,
2315 437 2400 484 204

292 528 391 576 llaec
414 531 578 579 omnia
601 548 702 581 esse
726 531 935 598 duplicia
961 531 1242 580 indumenta
1262 567 1275 592 ,
1306 532 1427 579 sicut
1443 531 1504 579 ad
1530 531 1733 579 litteram
1749 532 1799 578 in
1818 530 1960 578 laude
1984 530 2118 578 fortis
2139 539 2187 577 et
2201 531 2413 596 providae

293 609 502 658 mulieris
541 611 769 659 Salomon
799 612 890 660 ait¹
930 630 941 660 :
987 632 1011 658 «
1033 615 1140 659 Non
1176 611 1363 659 timebit
1387 611 1555 659 domui
1585 628 1681 659 suae
1713 628 1742 659 a
1776 610 2029 675 frigoribus
2053 610 2190 657 nivis,
2235 612 2415 657 Omnes

291 690 419 746 enim
447 691 695 740 domestici
719 692 820 757 ejus
841 694 995 741 vestiti
1020 692 1307 758 duplicibus.
1336 712 1361 737 »
1388 688 1608 750 Quorum
1632 693 1696 739 ita
1720 692 1780 739 sit
1803 691 2050 739 moderata
2066 690 2317 756 longitudo
2331 727 2344 751 ,
2366 701 2418 739 ut

292 770 413 817 ultra
445 788 578 819 oram
615 772 896 820 sotularium
923 783 1023 821 no'n
1062 773 1356 839 procedant,
1399 789 1462 820 ne
1496 772 1746 838 pulverem
1783 781 2022 819 moveant.
2067 772 2261 819 Manicae
2302 787 2415 819 vero

291 854 615 901 extensionem
640 854 948 902 brachiorum
972 866 1019 903 et
1049 872 1282 902 manuum
1312 871 1412 902 non
1435 854 1682 902 excedant.
1716 855 1866 901 Crura
1888 870 2004 900 vero
2025 864 2071 901 et
2087 842 2417 919 pedes'caligae

290 932 488 996 pedules
515 945 563 982 et
591 935 822 983 sotulares
851 937 1085 983 muniant.
1115 938 1211 984 Nec
1236 953 1450 1000 unquam
1476 936 1727 983 occasione
1750 934 1990 999 religionis
2014 934 2155 982 nudae
2181 934 2329 1000 pedes
2350 935 2418 981 in·

291 1013 480 1062 cedant.
503 1018 557 1062 In
575 1015 708 1063 lectis
727 1016 923 1064 culcitra
946 1033 1044 1064 una
1061 1053 1073 1077 ,
1095 1017 1318 1082 pulvinar
1332 1053 1345 1075 ,
1365 1016 1629 1064 auriculare
1642 1052 1655 1076 ,
1675 1015 1807 1063 lodix
1825 1025 1871 1063 et
1889 1014 2139 1062 linteolum
2161 1013 2411 1062 sufficiant.

290 1095 443 1159 Caput
467 1112 581 1142 vero
608 1097 827 1144 muniant
855 1097 969 1144 vitta
997 1097 1231 1158 candida,
1263 1107 1310 1145 et
1345 1097 1505 1144 velum
1529 1096 1735 1161 desuper
1760 1097 1948 1160 nigrum
1965 1094 1993 1154 ,‘
2019 1105 2066 1142 et
2098 1111 2188 1160 pro
2220 1103 2415 1141 tonsura

291 1174 573 1240 capillorum
598 1177 778 1242 pileum
806 1177 1061 1241 agninum,
1092 1195 1244 1242 quum
1275 1195 1396 1244 opus
1425 1178 1564 1225 fuerit
1591 1187 1904 1243 supponatur.

357 1261 454 1306 Nec
489 1259 538 1305 in
572 1258 700 1306 victu
735 1269 921 1307 tantum
955 1270 1037 1307 aut
1066 1261 1236 1307 vestitu
1271 1261 1571 1326 superfluitas
1597 1260 1826 1319 evitetur,
1867 1275 2035 1307 verum
2060 1268 2107 1306 et
2136 1258 2186 1304 in
2211 1256 2417 1304 aedificiis

290 1350 372 1397 aut
410 1338 699 1403 quibuslibet
739 1340 1136 1405 possessionibus.
1183 1345 1235 1388 ln
1275 1341 1484 1388 aedificiis
1513 1341 1709 1406 quidem
1749 1340 1844 1387 hoc
1890 1339 2136 1387 manifeste
2176 1337 2415 1402 dignosci-

290 1429 394 1480 tur,
430 1421 468 1467 si
504 1437 559 1468 ea
597 1419 779 1484 majora
813 1420 889 1467 vel
918 1421 1192 1486 pulchriora
1223 1439 1370 1486 quam
1399 1438 1593 1470 necesse
1625 1422 1685 1468 sit
1719 1429 2105 1487 componantur,
2142 1419 2217 1466 vel
2256 1419 2295 1465 si
2329 1434 2416 1465 nos

289 1500 388 1565 ipsa
426 1500 678 1566 sculpturis
713 1499 788 1547 vel
822 1501 1020 1565 picturis
1056 1511 1310 1562 ornantes,
1354 1519 1454 1550 non
1490 1502 1757 1550 habitacula
1793 1517 2058 1567 pauperum
2096 1498 2413 1557 aedificemus,

289 1581 373 1630 sed
408 1581 581 1646 palatia
605 1596 771 1644 regum
803 1580 1054 1645 erigamus.
1100 1601 1123 1626 «
1151 1582 1293 1630 Filius
1317 1582 1552 1642 hominis,
1574 1602 1598 1627 »
1635 1582 1790 1648 inquit
1818 1582 2138 1646 Hieronymus
2166 1584 2179 1606 ²
2197 1617 2210 1640 ,
2256 1600 2280 1625 «
2318 1596 2415 1626 non

288 1661 434 1709 habet
460 1661 542 1709 ubi
572 1669 716 1726 caput
755 1658 977 1720 reclinet,
1023 1672 1070 1709 et
1105 1672 1154 1709 tu
1190 1663 1373 1728 amplas
1415 1664 1628 1729 porticus
1670 1674 1718 1711 et
1748 1663 1955 1727 ingentia
1992 1673 2228 1710 tectorum
2268 1662 2417 1727 spatia

289 1743 501 1790 metiris?
516 1762 540 1787 »
560 1746 721 1801 Quum
743 1744 961 1809 pretiosis
977 1743 1053 1790 vel
1077 1742 1290 1808 pulchris
1314 1743 1609 1792 delectamur
1637 1744 1913 1809 equitaturis
1929 1780 1941 1804 ,
1962 1760 2062 1791 non
2080 1743 2237 1791 solum
2256 1758 2446 1807 super„

288 1823 471 1883 fluitas‚
527 1823 611 1870 sed
647 1822 864 1871 elationis
909 1824 1091 1870 vanitas
1130 1823 1400 1870 innotescit.
1446 1828 1608 1882 Quum
1641 1835 1800 1873 autem
1838 1825 2115 1872 animalium
2150 1841 2313 1889 greges
2343 1823 2419 1870 vel

287 1915 498 1953 terrenas
539 1904 909 1969 multiplicamus
939 1903 1263 1969 possessiones
1281 1940 1293 1963 ‚
1326 1914 1440 1951 tunc
1467 1922 1517 1952 se
1549 1904 1611 1952 ad
1636 1907 1868 1952 exteriora
1901 1905 2066 1953 dilatat
2100 1905 2297 1952 ambitio
2328 1923 2338 1951 ι
2373 1916 2420 1952 et

287 1995 469 2050 quanto
491 1985 631 2051 plura
654 1984 956 2050 possidemus
978 1985 1027 2031 in
1053 1995 1176 2031 terra
1197 2020 1209 2043 ,
1239 1994 1372 2031 tanto
1396 1984 1599 2049 amplius
1617 1984 1679 2032 de
1701 1986 1812 2049 ipsis
1831 1986 2038 2049 cogitare
2056 1986 2272 2049 cogimur
2292 2022 2303 2044 ‚
2331 1996 2377 2033 et
2392 2002 2417 2031 a

289 2066 697 2131 contemplatione
722 2064 986 2113 coelestium
1019 2064 1329 2111 devocamur.
1360 2067 1419 2111 Et
1453 2064 1562 2112 licet
1590 2082 1794 2130 corpore
1827 2065 2040 2113 claustris
2077 2066 2414 2124 recludamur3
2484 2113 2496 2119 ,

287 2147 387 2195 haec
413 2157 573 2194 tamen
599 2163 705 2211 quae
730 2146 843 2193 soris
867 2155 979 2193 sunt
997 2181 1010 2205 ,
1037 2155 1084 2193 et
1106 2145 1256 2210 diligit
1279 2146 1467 2193 animus
1483 2182 1495 2205 ‚
1527 2147 1662 2210 sequi
1686 2146 1872 2210 cogitur
1888 2182 1900 2206 ,
1927 2156 1974 2193 et
1995 2164 2044 2194 se
2069 2147 2245 2212 pariter
2260 2146 2357 2194 huc
2373 2158 2419 2194 et

286 2227 397 2275 illuc
431 2244 543 2275 cum
572 2227 661 2274 illis
690 2226 945 2286 diffundit,
986 2236 1031 2274 et
1055 2243 1154 2291 quo
1180 2226 1317 2292 plura
1346 2227 1654 2293 possidentur
1681 2244 1786 2292 quae
1815 2227 1966 2275 amitti
1989 2238 2220 2293 possunt,
2250 2227 2418 2291 majori

286 2324 376 2355 nos
404 2315 536 2375 metu
559 2308 804 2366 cruciant;
841 2317 888 2355 et
916 2323 1014 2372 quo
1046 2307 1327 2373 pretiosiora
1357 2317 1493 2367 sunt,
1524 2307 1728 2374 amplius
1760 2307 2049 2372 diliguntur,
2079 2319 2126 2356 et
2157 2307 2417 2356 ambitione

286 2389 358 2436 sui
377 2390 603 2436 miserum
620 2388 768 2453 magis
784 2387 1042 2453 illaqueant
1058 2388 1291 2453 animum.
1321 2387 1459 2435 Unde
1478 2389 1680 2435 omnino
1695 2388 2051 2454 providendum
2074 2399 2161 2449 est,
2184 2400 2236 2436 ut
2251 2389 2417 2436 domui

286 2478 458 2516 nostrae
478 2467 841 2533 sumptibusque
864 2469 1038 2515 nostris
1062 2478 1246 2515 certum
1277 2468 1576 2533 praefigamus
1611 2469 1810 2516 modum
1829 2505 1841 2528 ,
1877 2486 1965 2517 nec
1990 2486 2132 2535 supra
2158 2471 2418 2518 necessaria

286 2549 362 2596 vel
381 2559 661 2614 appetamus
686 2548 842 2613 aliqua
862 2583 874 2605 ,
906 2548 981 2596 vel
1002 2548 1286 2613 recipiamus
1305 2548 1464 2596 oblata
1484 2586 1495 2609 ‚
1515 2549 1591 2596 vel
1611 2551 1900 2597 retineamus
1915 2560 2149 2615 suscepta.
2171 2550 2415 2615 Quidquid

286 2631 414 2677 enim
447 2631 714 2678 necessitati
748 2639 993 2694 superest,
1036 2630 1085 2676 in
1112 2630 1276 2695 rapina
1308 2630 1637 2695 possidemus;
1669 2640 1716 2678 et
1745 2640 1816 2677 tot
1848 2646 2116 2696 pauperum
2144 2632 2311 2678 mortis
2351 2633 2417 2678 rei

286 2732 481 2775 sumus,
529 2725 649 2780 quot
684 2710 798 2762 inde
836 2723 1100 2762 sustentare
1145 2715 1405 2779 potuimus.
1444 2713 1649 2778 Singulis
1689 2715 1830 2779 igitur
1861 2714 1996 2761 annis
2032 2731 2183 2778 quum
2219 2714 2416 2762 collecta

286 2797 460 2844 fuerint
482 2796 700 2844 victualia
720 2833 732 2857 ,
760 2795 1115 2861 providendum
1142 2805 1214 2842 est
1236 2805 1471 2860 quantum
1494 2795 1696 2843 sufficiat
1720 2813 1807 2861 per
1831 2812 2043 2854 annum3
2073 2806 2120 2843 et
2144 2796 2183 2842 si
2213 2812 2307 2860 qua
2337 2813 2414 2843 su-

285 2878 574 2942 perfuerint,
610 2876 901 2943 pauperibus
933 2893 1032 2923 non
1061 2887 1157 2923 tam
1182 2876 1343 2924 danda
1375 2886 1488 2924 sunt
1524 2893 1670 2941 quam
1694 2875 1960 2924 reddenda.
1991 2878 2110 2923 Sunt
2139 2877 2222 2940 qui
2256 2878 2414 2941 provi·

285 2957 458 3006 dentiae
482 2957 684 3005 modum
711 2958 1010 3022 ignorantes,
1045 2974 1197 3022 quum
1222 2957 1436 3004 redditus
1461 2974 1641 3023 paucos
1667 2957 1905 3017 habeant,
1935 2958 2133 3005 multam
2152 2957 2329 3004 habere
2349 2957 2415 3004 fa·-

285 3039 464 3086 miliam
489 3038 714 3103 gaudent.
746 3041 816 3085 De
856 3038 992 3101 cujus
1027 3037 1224 3102 quidem
1257 3039 1596 3103 procuratione
1632 3038 1749 3086 dum
1785 3048 2069 3103 gravantur,
2113 3037 2417 3103 impudenter

283 3118 410 3167 hanc
438 3129 703 3184 quaerentes
736 3118 1038 3179 mendicant,
1081 3118 1155 3166 vel
1183 3135 1289 3183 quae
1313 3135 1412 3166 non
1437 3118 1618 3167 habent
1646 3118 1878 3166 violenter
1899 3118 1960 3166 ab
1985 3118 2086 3166 aliis
2111 3129 2410 3183 extorquent.

283 3198 415 3247 Tales
443 3201 584 3247 etiam
599 3199 700 3263 jam
720 3198 981 3246 nonnullos
1005 3200 1408 3247 monasteriorum
1438 3210 1596 3265 patres
1619 3200 1970 3265 conspicimus,
2005 3202 2088 3264 qui
2116 3200 2177 3248 de
2208 3200 2417 3248 multitu-

284 3278 397 3327 dine
421 3289 686 3327 conventus
715 3279 996 3344 gloriantes,
1023 3295 1124 3327 non
1153 3289 1251 3326 tam
1276 3279 1433 3327 bonos
1459 3279 1582 3327 filios
1606 3296 1753 3344 quam
1787 3279 1965 3327 multos
1988 3279 2166 3328 habere
2191 3280 2384 3328 student
2400 3317 2411 3339 ,

286 3370 330 3407 et
357 3361 516 3424 magni
539 3360 763 3407 videntur
793 3361 839 3406 in
870 3359 1021 3407 oculis
1046 3360 1171 3419 suis,
1199 3360 1237 3407 si
1257 3361 1381 3407 inter
1411 3360 1587 3407 multos
1616 3361 1819 3424 majores
1847 3361 2128 3409 habeantur.
2156 3364 2290 3419 Quos
2314 3362 2416 3425 qui-

333 3544 341 3560 ⁴
370 3545 482 3584 Prov.,
502 3555 576 3589 cap.
595 3557 671 3578 χιιι
685 3571 692 3585 ,
714 3558 743 3578 v.
765 3548 818 3579 21.
839 3565 871 3570 —
893 3545 905 3562 ¹
923 3545 1026 3589 Epist.
1047 3557 1080 3586 v,
1098 3548 1144 3579 ad
1158 3547 1386 3583 Heliodorum,
1408 3546 1488 3586 Ορρ.
1508 3552 1530 3577 t.
1550 3544 1607 3585 Ν,
1625 3545 1688 3578 col.
1707 3546 1739 3577 9.

449 3614 461 3642 ι
2204 3605 2254 3642 26
