2970 4152
484 395 536 441 74
551 398 580 442 Ο
1388 393 1706 442 APPENDIX.

485 490 704 536 niacensis
728 498 992 547 conventus,
1014 498 1146 550 rogat
1169 489 1263 551 ipse
1287 504 1369 550 per
1391 505 1453 548 se,
1478 506 1561 551 per
1578 507 1677 550 nos,
1700 507 1782 553 per
1800 492 2089 552 praesentium
2109 491 2272 539 latores
2289 493 2404 539 filios
2425 504 2610 550 vestr03‚

486 587 567 632 per
589 569 690 627 has,
724 585 832 630 quas
857 578 906 613 ut
933 567 1174 613 scriberem
1204 568 1380 631 rogavit
1404 567 1574 615 litteras
1592 606 1603 628 ,
1633 580 1684 616 ut
1709 570 1904 632 reliquos
1928 571 2022 617 dies
2048 572 2147 617 vitae
2173 583 2217 618 et
2239 574 2479 619 senectutis
2504 589 2611 631 suae,

486 651 565 712 qui
594 650 781 695 fortasse
812 666 903 694 non
931 648 1060 694 multi
1084 659 1215 709 sunt,
1251 650 1298 694 in
1324 648 1542 696 Cluniaco
1568 661 1711 696 vestra
1738 669 1841 697 eum
1865 669 2178 700 consummare
2194 655 2414 716 jubeatis,
2441 665 2485 700 et
2511 670 2567 700 ne
2591 669 2616 697 a

487 731 642 789 domo,
670 748 804 793 quam
823 729 946 779 ,velut
969 747 1138 793 passer,
1167 748 1224 776 ne
1246 748 1270 776 a
1294 730 1421 790 nido,
1447 749 1579 794 quem
1605 730 1725 777 velut
1749 743 1901 779 turtur
1923 734 2144 781 invenisse
2168 753 2214 781 se
2237 736 2419 799 gaudet,
2442 735 2617 798 aliquo-

488 829 588 857 rum
615 813 826 858 instantia
850 823 927 858 aut
952 811 1142 874 expelli,
1171 823 1248 858 aut
1276 813 1550 858 commoveri
1575 812 1734 871 valeat,
1763 831 1889 860 more
1910 832 2001 878 quo
2024 833 2179 863 omnes
2208 817 2353 863 bonos
2376 815 2547 875 colitis,
2574 825 2620 860 et

488 894 620 939 etiam
642 894 776 940 istum
803 893 1040 953 dilexistis,
1069 904 1195 940 scuto
1217 894 1490 940 defensionis
1514 893 1769 957 apostolicae
1792 898 2052 960 protegatis.

1508 1406 1606 1465 IV.

804 1588 825 1609 ⁶
1346 1590 1779 1659 EPISTOLA

857 1758 1155 1809 EJUSDEM
1209 1757 1405 1808 ΡΕΤΒ]
1463 1756 1745 1809 ΑΒΒΑΤιε
1789 1756 2269 1811 GLUNIACENSIS

1002 1905 1076 1949 ΑΙ)
1104 1903 1411 1950 HELOISSAM
1442 1904 1731 1949 PARACLITI
1764 1904 2120 1949 ABBATISSAM.

951 2037 1055 2086 [Pag.
1095 2039 1253 2073 337·338
1282 2038 1366 2075 edit.
1399 2039 1503 2074 Amh.
1537 2037 1593 2072 Cf.
1628 2051 1710 2085 pag.
1741 2040 1778 2072 71
1816 2038 1921 2086 hujus
1951 2036 2173 2085 voluminis.]

1480 2215 1657 2223 ———-

507 2393 735 2434 Venerabili
754 2398 794 2433 et
819 2396 863 2432 in
884 2392 1048 2434 Christo
1058 2394 1289 2446 plurimum
1309 2392 1467 2432 dilectae
1485 2394 1614 2432 sorori
1634 2392 1824 2431 Heloissae
1852 2391 2085 2437 abbatissae,
2103 2389 2268 2442 fratrer
2294 2389 2444 2428 Petrus
2468 2386 2636 2427 humilis

782 2463 1113 2504 Cluniacensium
1133 2463 1276 2510 abbas,
1299 2462 1494 2511 salutem,
1519 2473 1643 2514 quam
1660 2463 1855 2514 promisit
1878 2462 1989 2502 Deus
2013 2460 2282 2512 diliqentibus
2299 2471 2353 2498 se.

527 2606 530 2610 '
567 2596 774 2657 Acceptis
806 2594 965 2641 litteris
998 2595 1228 2641 charitatis
1258 2597 1383 2653 tuae¹,
1414 2611 1524 2657 quas
1546 2594 1658 2639 mihi
1682 2610 1829 2656 nuper
1852 2609 1934 2655 per
1965 2591 2108 2637 filium
2144 2608 2295 2636 meum
2325 2588 2636 2635 Theobaldum

504 2677 685 2734 misisti,
719 2677 916 2739 gavisus,
945 2687 990 2721 et
1009 2693 1080 2722 eas
1105 2677 1324 2722 mittentis
1350 2676 1494 2739 gratia
1517 2673 1815 2721 amicabiliter
1833 2672 2060 2737 amplexus
2086 2690 2200 2719 sum.
2230 2671 2366 2718 Volui
2393 2671 2542 2716 statim
2567 2685 2638 2714 re-

503 2757 698 2802 scribere
723 2756 846 2818 quod
864 2757 1015 2802 animo
1040 2756 1266 2802 insederat
1290 2774 1301 2801 :
1325 2756 1402 2802 sed
1420 2755 1772 2818 impedientibus
1789 2754 2061 2817 importunis
2081 2769 2290 2799 curarum
2310 2750 2634 2808 exactionibus,

504 2838 668 2901 quibus
684 2837 968 2900 plerumque,
989 2838 1081 2882 imo
1102 2854 1217 2900 pene
1240 2854 1433 2900 semper,
1458 2837 1616 2883 cedere
1640 2835 1911 2899 compellor,
1937 2853 2030 2881 non
2057 2835 2202 2898 potui.
2230 2835 2318 2879 Vix
2341 2844 2492 2879 tamen
2516 2848 2540 2877 a
2565 2842 2638 2876 tu-

505 2919 720 2965 multibus
751 2918 932 2964 tandem
963 2918 1234 2981 interpolata
1261 2919 1351 2978 die,
1375 2918 1499 2982 quod
1520 2934 1840 2980 conceperam,
1861 2917 2094 2963 attentavi.
2122 2916 2280 2962 Visum
2300 2924 2366 2959 est
2384 2924 2434 2959 ut
2459 2911 2639 2958 affectui

506 3011 585 3045 tuo
609 3016 714 3061 erga
733 3016 822 3056 me,
845 3015 979 3061 quem
994 3009 1039 3044 et
1054 3008 1164 3044 tunc
1180 3016 1231 3044 ex
1252 2998 1429 3058 litteris,
1450 3009 1495 3044 et
1518 2999 1643 3061 prius
1660 3015 1712 3044 ex
1738 2998 1845 3043 mihi
1874 2998 2017 3043 missis
2039 2996 2180 3042 xeniis
2199 2998 2497 3058 cognoveram
2520 3010 2529 3037 :
2551 2990 2638 3037 sal-

507 3089 595 3123 tem
615 3078 857 3124 verborum
881 3079 1025 3124 vicem
1052 3079 1301 3141 rependere
1329 3079 1586 3124 festinarem
1602 3113 1614 3137 ,
1638 3088 1683 3123 et
1707 3078 1994 3140 quantumin
2018 3075 2155 3123 corde
2178 3092 2279 3121 meo
2297 3074 2446 3120 locum
2466 3072 2549 3118 tibi
2568 3070 2639 3115 di·

429 3203 433 3227 a
507 3161 686 3207 lationis
708 3163 754 3207 in
774 3163 975 3208 Domino
1004 3179 1244 3222 servarem,
1275 3162 1576 3208 ostenderem.
1613 3163 1787 3207 Revera
1813 3161 1934 3206 enim
1960 3178 2052 3206 non
2082 3176 2203 3205 nunc
2230 3158 2425 3222 primum
2453 3153 2639 3216 diligere

432 3230 442 3265 ὶ-
508 3242 695 3304 incipio,
717 3260 849 3306 quam
870 3261 923 3288 ex
947 3242 1088 3290 multo
1114 3253 1318 3307 tempore
1338 3260 1409 3289 me
1435 3241 1639 3288 dilexisse
1663 3243 1946 3288 reminiscor.
1977 3240 2180 3288 Necdum
2209 3238 2340 3302 plene
2363 3245 2503 3281 metas
2529 3233 2638 3279 ado-

508 3323 730 3370 lescentiae
765 3342 1065 3384 excesseram,
1098 3325 1291 3372 necdum
1329 3327 1375 3370 in
1405 3323 1620 3388 juveniles
1653 3341 1795 3370 annos
1828 3340 2078 3381 evaseram,
2112 3320 2295 3384 quando
2320 3334 2511 3375 nomen,
2547 3331 2639 3360 non

536 3482 545 3498 ⁴
576 3483 630 3514 Ηυξ
664 3484 778 3515 litterae
794 3494 856 3516 non
875 3489 1015 3516 exstant.
