2970 4152
1292 447 1607 494 EPlSTOLAE.
1824 474 1831 477 „
2423 448 2476 493 24
2490 447 2518 493 9

468 540 546 587 Ex
565 542 760 588 concilio
780 542 999 599 toletano,
1024 558 1129 606 cap.
1152 545 1464 589 v.—--Omnes
1485 542 1670 588 feminae
1685 541 1928 597 venientes
1950 539 2010 587 ad
2034 556 2215 588 sacram
2242 539 2518 603 religionem

403 629 450 665 et
480 620 623 685 pallio
649 623 802 687 capita
826 632 1103 686 contegant,
1131 631 1178 669 et
1205 622 1522 686 conscriptam
1548 621 1917 684 roboratamque
1941 619 2287 685 professionem
2317 619 2516 677 faciant,

403 710 657 765 postquam
696 702 890 749 ulterius
921 718 1019 748 non
1054 702 1269 749 sinantur
1293 701 1439 748 relabi
1459 701 1521 747 ad
1545 690 1942 765 praevaricationis
1967 699 2231 746 audaciam.
2261 701 2377 756 Quae
2406 714 2520 744 vero

404 796 459 826 ex
483 781 538 828 iis
565 782 788 830 omnibus
813 782 986 830 fuerint
1009 793 1205 847 repertae
1231 783 1444 829 animum
1468 791 1549 828 aut
1570 791 1750 828 vestem
1779 781 1826 826 in
1856 780 2280 843 transgressionem
2306 778 2489 825 dedisse
2507 814 2518 836 ,

405 864 910 910 excommunicationis
934 865 1215 910 sententiam
1243 864 1421 924 ferant,
1450 873 1497 910 et
1520 879 1681 909 rursus
1709 871 1890 908 mutato
1915 860 2078 907 habitu
2092 897 2104 921 ,
2130 861 2180 908 in
2205 861 2520 920 monasteriis,

404 941 562 990 donec
602 944 729 990 diem
776 943 994 991 ultimum
1031 944 1281 1004 claudant,
1319 943 1409 991 sub
1441 943 1664 991 aerumnis
1698 941 1856 989 arduae
1890 942 2176 1007 poenitentiae
2215 950 2524 1007 permaneant

405 1022 621 1087 religatae.

468 1107 547 1151 Ex
566 1106 777 1151 Decretis
804 1105 983 1152 Gelasii
999 1105 1149 1169 papae
1181 1104 1249 1151 ad
1276 1105 1532 1151 sicilienses
1562 1105 1800 1168 episcopos
1831 1104 2007 1160 missis,
2047 1119 2152 1166 cap.
2189 1119 2254 1148 1x.
2277 1129 2346 1139 —-·
2361 1104 2525 1165 Neque

403 1183 569 1232 viduas
596 1186 657 1232 ad
678 1186 865 1250 nuptias
891 1186 1091 1233 transire
1119 1185 1354 1250 patimur,
1384 1202 1489 1249 quae
1515 1186 1564 1232 in
1593 1184 1813 1249 religioso
1838 1183 2087 1249 proposito
2112 1182 2336 1230 diuturna
2360 1182 2525 1229 obser-

402 1266 593 1313 vatione
616 1276 996 1330 permanserunt.
1033 1265 1256 1312 Similiter
1288 1266 1492 1330 virgines
1523 1265 1706 1312 nubere
1730 1263 2071 1330 prohibemus,
2111 1280 2228 1328 quas
2252 1263 2389 1310 annis
2421 1262 2526 1327 plu-

403 1346 532 1392 rimis
558 1347 606 1392 in
637 1347 931 1394 monasteriis
953 1356 1139 1394 aetatem
1165 1347 1312 1410 egisse
1338 1347 1602 1410 contigerit.

466 1428 544 1472 Ex
562 1427 760 1491 epistola
786 1429 1005 1493 Gregorii
1015 1444 1165 1491 papae
1189 1429 1334 1473 missa
1358 1427 1426 1473 ad
1446 1426 1764 1486 Bom'fcoeium.
1781 1454 1847 1462 —
1867 1425 2042 1472 Viduas
2068 1442 2094 1472 a
2113 1425 2361 1491 proposito
2380 1424 2529 1472 disce-

403 1506 569 1554 dentes
595 1507 835 1554 viduitatis
853 1543 865 1567 ,
901 1525 1045 1572 super
1069 1506 1243 1571 quibus
1268 1524 1357 1554 nos
1382 1507 1634 1554 consulere
1658 1506 1810 1554 voluit
1835 1506 2025 1553 dilectio
2053 1515 2133 1552 tua
2149 1542 2161 1565 ,
2192 1505 2334 1552 trater
2357 1504 2532 1551 charis—

404 1587 551 1646 sime,
581 1586 726 1634 credo
758 1597 803 1634 te
830 1604 972 1634 nosse
1006 1604 1034 1635 a
1065 1597 1230 1634 sancto
1268 1586 1413 1633 Paulo
1440 1596 1486 1634 et
1518 1586 1677 1633 multis
1715 1586 1889 1633 sanctis
1931 1585 2170 1651 patribus,
2205 1586 2295 1633 nisi
2333 1602 2530 1632 conver-

404 1676 587 1726 tantur,
614 1667 727 1714 olim
755 1684 856 1715 esse
882 1668 1147 1715 damnatas.
1169 1670 1298 1725 Quas
1326 1677 1372 1714 et
1395 1684 1486 1714 nos
1511 1666 1768 1731 apostolica
1791 1666 2070 1714 auctoritate
2087 1681 2188 1714 esse
2206 1665 2526 1725 damnandas,

404 1757 450 1794 et
473 1763 500 1793 a
525 1748 868 1795 communione
896 1747 1136 1808 fidelium,
1166 1757 1308 1812 atque
1333 1763 1361 1794 a
1383 1746 1624 1794 liminibus
1651 1746 1866 1794 Ecclesiae
1890 1746 2119 1793 arcendas
2145 1746 2246 1794 fore
2262 1762 2526 1804 censemus,

405 1844 652 1892 usquequo
679 1827 904 1874 obediant
930 1829 1026 1875 suis
1051 1828 1310 1894 episcopis,
1341 1837 1387 1874 et
1405 1826 1467 1874 ad
1491 1827 1675 1874 bonum
1701 1826 1835 1891 quod
1859 1836 2128 1892 coeperunt,
2157 1826 2313 1873 invitae
2338 1836 2419 1873 aut
2448 1842 2531 1872 vo-

403 1906 617 1955 luntariae
642 1917 952 1955 revertantur.
987 1911 1059 1954 De
1085 1906 1343 1972 virginibus
1372 1917 1533 1954 autem
1558 1923 1658 1954 non
1686 1906 1877 1967 velatis,
1910 1907 1947 1952 si
1972 1906 2266 1954 deviaverint
2285 1942 2297 1966 ,
2320 1916 2533 1953 asanctae

404 1988 646 2035 memoriae
682 1988 1030 2054 praedecessore
1068 1998 1235 2036 nostro
1261 2005 1385 2054 papa
1410 1987 1563 2035 taliter
1596 1986 1843 2035 decretum
1877 1986 2127 2034 habemus.
2170 1991 2250 2034 Hae
2286 2002 2401 2034 vero
2429 2003 2534 2050 quae

405 2069 613 2117 necdum
632 2086 767 2116 sacro
791 2069 1025 2117 velamine
1042 2079 1175 2117 tectae
1191 2105 1203 2129 ,
1228 2079 1388 2116 tamen
1414 2069 1461 2115 in
1483 2068 1732 2134 proposito
1752 2067 1968 2132 virginali
1986 2084 2176 2133 semper
2196 2066 2540 2114 simulaverunt

405 2167 455 2197 se
477 2167 786 2216 permanere,
828 2150 939 2198 licet
976 2150 1139 2198 velatae
1170 2167 1268 2197 non
1309 2150 1508 2208 fuerint,
1548 2150 1586 2197 si
1616 2149 1891 2215 nupserint,
1929 2148 2173 2213 aliquanto
2212 2158 2429 2213 tempore
2466 2146 2539 2194 his

405 2231 587 2296 agenda
612 2232 891 2298 poenitentia
913 2242 1011 2292 est,
1042 2233 1152 2297 quia
1175 2233 1370 2298 sponsio
1395 2249 1560 2280 earum
1587 2248 1613 2279 a
1642 2232 1853 2279 Domino
1885 2231 2150 2279 tenebatur.
2185 2232 2233 2278 Si
2257 2232 2386 2279 enim
2416 2233 2539 2279 inter

404 2312 625 2361 homines
651 2313 770 2362 solet
796 2313 935 2362 honae
959 2313 1069 2361 fidei
1095 2323 1368 2361 contractus
1405 2313 1534 2360 nulla
1573 2313 1756 2360 ratione
1793 2312 2012 2373 dissolvi,
2053 2322 2235 2378 quanto
2272 2313 2419 2377 magis
2455 2313 2538 2359 ista

406 2393 713 2458 pollicitatio,
753 2411 901 2459 quam
926 2411 1037 2450 cum
1073 2397 1176 2442 Deo
1216 2395 1420 2460 pepigit,
1453 2394 1572 2441 solvi
1613 2395 1717 2441 sine
1743 2394 1952 2441 vindicta
1979 2411 2076 2441 non
2103 2394 2313 2459 poterit?
2349 2397 2467 2440 Nam
2499 2396 2538 2440 si

405 2474 610 2539 virgines
629 2474 846 2522 nondum
866 2475 1029 2522 velatae
1047 2475 1201 2522 taliter
1216 2475 1496 2539 poenitentia
1514 2474 1703 2540 publica
1726 2475 2016 2540 puniuntur,
2044 2485 2091 2522 et
2109 2491 2138 2522 a
2153 2484 2277 2521 coetu
2299 2474 2531 2533 fidelium,

409 2570 657 2618 usquequo
682 2554 744 2601 ad
768 2554 1133 2602 satisfactionem
1158 2554 1374 2613 veniant,
1413 2553 1757 2613 excluduntur3
1799 2563 1980 2618 quanto
2009 2554 2169 2619 potius
2209 2553 2390 2611 viduae,
2432 2572 2536 2619 quae

406 2634 699 2700 perfectioris
725 2635 870 2682 aetatis
887 2670 900 2695 ,
943 2646 986 2682 et
1014 2635 1285 2682 maturioris
1312 2635 1552 2700 sapientiae
1577 2645 1719 2699 atque
1744 2634 1929 2682 consilii
1954 2635 2186 2695 existunt,
2227 2635 2535 2700 virorumque

407 2717 649 2763 consortio
677 2715 951 2763 multotiens
973 2733 1067 2763 usae
1089 2725 1228 2775 sunt,
1263 2726 1309 2762 et
1332 2714 1550 2762 habitum
1580 2714 1820 2780 religionis
1847 2724 2232 2780 assumpserunt,
2267 2725 2315 2763 et
2338 2714 2534 2763 demum

407 2806 821 2862 apostataverunt,
845 2805 986 2861 atque
1004 2795 1066 2843 ad
1091 2796 1302 2861 priorem
1329 2796 1562 2843 vomitum
1587 2805 1700 2843 sunt
1718 2812 1915 2842 reversae
1929 2831 1941 2855 ,
1964 2811 1992 2842 a
2010 2795 2150 2842 nobis
2168 2805 2216 2843 et
2233 2794 2294 2843 ab
2310 2795 2534 2843 omnibus

408 2874 629 2923 fidelibus
653 2893 680 2923 a
701 2875 944 2923 liminibus
969 2874 1214 2935 Ecclesiae,
1243 2885 1291 2923 et
1316 2891 1343 2923 a
1369 2884 1494 2922 coetu
1519 2873 1735 2922 fidelium
1764 2891 1913 2940 usque
1941 2874 2003 2922 ad
2030 2875 2396 2923 satisfactionem
2424 2886 2534 2923 sunt

408 2955 708 3003 eliminanda:
725 2966 773 3004 et
790 2954 1058 3004 carceribus
1079 2955 1350 3004 tradendae?
1370 2954 1584 3014 Qualiter
1597 2955 1730 3019 juxta
1744 2955 1940 3003 beatum
1963 2955 2179 3016 Paulum,
2201 2975 2224 3000 ι(
2244 2955 2429 3003 tradere
2446 2955 2534 3002 hu-

403 3037 616 3100 jusmodi
641 3037 888 3084 hominem
916 3038 1119 3096 Satanae,
1149 3046 1202 3084 ut
1225 3037 1416 3104 spiritus
1440 3035 1596 3083 salvus
1621 3037 1681 3083 sit
1716 3036 1765 3083 in
1796 3035 1873 3083 die
1901 3036 2112 3083 Domini.
2133 3055 2156 3080 υ
2188 3039 2259 3083 De
2290 3035 2462 3084 talibus
2489 3047 2533 3086 et

408 3118 643 3165 Dominus
667 3134 753 3182 per
777 3119 989 3181 Moysem
1010 3116 1252 3182 loquitur:
1286 3137 1308 3162 α
1332 3117 1518 3165 Auferte
1544 3117 1724 3164 malum
1749 3116 1810 3164 de
1836 3116 1996 3164 medio
2026 3116 2182 3163 vestri.
2209 3135 2232 3161 υ
2260 3119 2331 3164 De
2360 3117 2532 3182 quibus

410 3209 457 3246 et
476 3215 563 3264 per
589 3198 875 3264 prophetam
900 3198 994 3245 ait:
1027 3196 1322 3265 «Laetabitur
1344 3197 1500 3261 justus
1529 3214 1679 3262 quum
1709 3196 1966 3244 vindictam
1995 3196 2192 3257 viderit,
2223 3214 2394 3245 manus
2426 3214 2534 3245 suas

408 3277 583 3326 lavabit
604 3279 653 3326 in
678 3279 906 3344 sanguine
933 3277 1209 3343 peccatoris.
1240 3295 1263 3322 »
1287 3280 1358 3325 De
1385 3277 1554 3325 talibus
1577 3293 1785 3341 namque
1801 3312 1813 3336 ,
1843 3286 1890 3323 et
1913 3292 2081 3324 eorum
2106 3276 2362 3338 similibus,
2391 3287 2533 3342 atque

409 3357 587 3405 eisdem
613 3357 1020 3405 consentientibus
1042 3356 1215 3404 dicitur
1232 3394 1244 3417 ,
1273 3357 1386 3422 quia
1417 3376 1441 3402 «
1463 3373 1562 3404 non
1595 3356 1751 3404 solum
1776 3356 1858 3420 qui
1884 3355 2061 3403 faciunt
2077 3392 2089 3415 ,
2119 3356 2202 3404 sed
2235 3366 2282 3404 et
2311 3357 2397 3421 qui,
2419 3373 2531 3403 con-

409 3438 620 3485 sentiunt
647 3438 924 3486 facientibus
951 3438 1018 3485 rei
1042 3447 1168 3485 sunt.
1195 3457 1218 3482 υ

479 3521 554 3563 Ex
572 3517 771 3582 epis-tola
797 3517 987 3566 Nic-olai
1006 3534 1176 3582 papae,
1207 3535 1310 3581 cap.
1341 3534 1388 3564 v.
1406 3515 1709 3564 -Nicolaus
1734 3532 1897 3564 servus
1926 3533 2174 3564 servorum
2199 3516 2286 3564 Dei
2313 3532 2529 3564 reveren-
