2970 4152
498 428 594 474 272
1075 439 1078 442 ’
1193 426 1494 474 HELOlSSAE
1525 427 1920 477 PROBLEMA'I'A

1224 572 1466 604 PROBLEMA
1498 573 1720 607 HELOISSAE
1754 576 1866 606 xxn.

563 656 689 713 Quid
716 666 786 702 est
813 655 930 702 illud
954 656 1003 702 in
1027 655 1245 704 Matthaeo
1262 657 1323 705 de
1352 657 1447 706 fide
1473 646 1764 707 centurionis
1788 660 1997 723 rogantis
2018 676 2108 724 pro
2127 662 2285 707 servo¹
2307 652 2324 706 :⁴
2350 678 2375 705 «
2401 660 2608 709 Audiens

497 746 654 782 autem
685 738 841 795 Jesus,
868 736 1063 783 miratus
1087 746 1184 796 est,
1213 746 1260 784 et
1284 737 1590 802 sequentibus
1614 756 1666 787 se
1696 739 1842 786 dixit:
1867 758 1890 783 «
1911 742 2060 786 Amen
2082 738 2191 786 dico
2216 739 2378 799 vobis,
2407 756 2507 786 non
2531 742 2607 787 in-‘

499 836 521 859 «
543 817 650 863 veni
669 825 848 863 tantam
868 815 1010 863 fidem
1031 817 1080 863 in
1106 816 1277 864 lsrael?
1302 836 1325 861 »
1346 820 1450 865 Non
1468 819 1597 866 enim
1614 818 1793 883 aliquid
1809 819 1970 866 mirari
1988 818 2228 878 dicuntur,
2250 819 2339 866 nisi
2357 820 2441 884 qui
2455 820 2610 885 inspe-

495 906 649 942 ratum
675 895 853 960 aliquid
884 896 1097 944 accidere
1130 897 1319 957 vident,
1346 898 1479 962 quod
1502 898 1770 946 nullatenus
1792 909 2073 947 eventurum
2100 909 2238 947 antea
2263 899 2498 960 sciebant,
2534 900 2611 947 vel

497 974 768 1022 credebant.

1306 1066 1341 1110 S
1341 1064 1484 1110 olatio
1517 1067 1563 1110 A
1564 1062 1775 1110 [κείαν-ἀί.

562 1161 753 1208 Miratus
776 1177 877 1209 esse
903 1161 1093 1221 dicitur,
1125 1163 1237 1227 quia
1264 1163 1466 1211 similem
1491 1164 1683 1210 miranti
1709 1179 1759 1211 se
1783 1164 1916 1224 fecit3
1938 1163 2034 1212 vel’
2057 1164 2168 1229 quia
2187 1164 2347 1211 mirari
2371 1163 2487 1211 alios
2506 1164 2612 1212 fecit

498 1242 558 1288 de
583 1241 677 1289 fide
696 1242 1012 1301 centurionis,
1036 1260 1180 1307 quem
1204 1244 1460 1292 i1'1'tantum
1480 1243 1660 1291 extulit.

1217 1375 1461 1406 PROBLEMA
1493 1374 1716 1406 HELOISSAE
1749 1373 1882 1405 xxm.

562 1460 689 1517 Quid
712 1469 781 1507 est
799 1459 916 1507 illud
933 1461 982 1507 in
999 1462 1142 1507 Luca³
1162 1480 1170 1504 :
1203 1481 1225 1505 «
1249 1461 1579 1525 Omnipotenti
1597 1460 1778 1519 tribue,
1800 1470 1848 1508 et
1869 1460 1952 1524 qui
1976 1460 2145 1520 aufert,
2171 1476 2277 1524 quae
2293 1470 2373 1508 tua
2396 1470 2528 1520 sunt,
2551 1477 2614 1509 ne

499 1541 719 1605 repetas?
750 1560 772 1584 »
2538 1551 2541 1553 ’

1318 1626 1498 1674 Solatz'o
1530 1625 1787 1674 Abaelardi.

562 1732 722 1787 Quum
748 1730 836 1789 ait,
864 1748 887 1773 «
914 1728 1093 1788 tribue,
1122 1747 1144 1773 »
1172 1745 1270 1775 non
1292 1727 1561 1792 subjunxit,
1589 1727 1707 1775 illud
1732 1727 1865 1793 quod
1888 1728 2036 1793 petit:
2065 1727 2151 1775 sed
2172 1728 2220 1774 in
2243 1727 2338 1775 hoc
2353 1728 2509 1775 innuit
2530 1744 2613 1775 ne·

496 1811 674 1858 minem
698 1820 939 1875 petentem
965 1827 1054 1857 nos
1075 1827 1282 1858 vacuum
1304 1827 1331 1857 a
1352 1810 1485 1857 dono
1505 1810 1742 1858 dimittere
1756 1846 1768 1870 ‚
1791 1820 1844 1857 ut
1861 1809 2028 1858 saltem
2047 1810 2096 1857 in
2118 1819 2278 1857 nostra
2302 1810 2614 1875 responsione

495 1907 584 1937 nos
615 1892 954 1938 convenienter
978 1889 1280 1949 excusando,
1307 1907 1407 1937 non
1440 1889 1575 1937 illum
1610 1889 1891 1938 exacerbare
1908 1927 1920 1949 ,
1943 1889 2027 1938 sed
2051 1890 2244 1938 caritate
2273 1889 2322 1936 in
2352 1905 2410 1936 eo
2433 1889 2617 1937 studea-

497 1986 603 2016 mus
626 1970 857 2018 aedificare
880 1989 889 2016 z
912 1980 964 2017 ut
986 1970 1163 2017 blanda
1188 1970 1262 2017 vel
1290 1971 1581 2018 conveniens
1603 1971 1850 2035 responsio
1865 2006 1877 2030 ,
1906 1970 2102 2035 aliquod
2134 1970 2193 2016 sit
2225 1970 2382 2034 gratiae
2409 1969 2610 2016 donum.

501 2054 636 2097 «Tua
649 2067 710 2097 ne
727 2060 929 2115 repetas,
943 2050 1075 2097 »hoc
1092 2061 1177 2109 est,
1195 2051 1306 2115 quia
1320 2061 1400 2098 tua
1414 2060 1541 2110 sunt,
1561 2061 1612 2098 ut
1623 2051 1672 2097 in
1689 2060 1734 2097 te
1747 2050 1966 2098 videlicet
1977 2051 2291 2116 potiusquam
2303 2051 2353 2097 in
2364 2053 2467 2097 Deo
2479 2067 2615 2117 repe-

498 2131 674 2178 titionis
689 2131 835 2177 finem
845 2131 1120 2179 constituas.
1137 2134 1243 2178 Non
1259 2131 1385 2178 enim
1401 2131 1646 2195 religiosus
1665 2130 1867 2190 excedit,
1879 2131 1916 2178 si
1926 2147 2022 2195 qua
2035 2128 2123 2177 sihi
2137 2123 2295 2177 oblata
2304 2147 2410 2195 quae
2421 2140 2616 2196 propter

498 2213 652 2258 Deum
671 2210 945 2276 possidebat
959 2247 971 2270 ‚
996 2221 1190 2276 propter
1205 2212 1362 2276 ipsum
1381 2219 1562 2276 repetat
1574 2213 1603 2271 ⁴,
1630 2220 1678 2258 et
1701 2210 1779 2257 illa
1803 2210 1852 2258 in
1869 2209 2026 2267 bonos
2042 2227 2155 2257 usus
2170 2209 2432 2275 expendat,
2455 2219 2503 2256 et
2518 2210 2617 2256 vio-

498 2291 914 2339 lentorumliberet
929 2308 955 2337 a
976 2291 1156 2356 rapina.
1180 2294 1299 2338 Nam
1316 2301 1361 2338 et
1375 2307 1526 2356 quum
1543 2291 1592 2338 in
1610 2291 1830 2356 proximo
1845 2290 2096 2356 supponit¹⁵
2116 2308 2126 2335 :
2154 2309 2177 2335 «
2197 2293 2254 2336 Et
2273 2290 2311 2337 si
2323 2289 2512 2354 diligitis
2533 2306 2617 2338 eos

499 2371 580 2434 qui
606 2387 689 2417 vos
708 2371 929 2435 diligunt,
959 2381 1005 2418 et
1020 2370 1199 2418 sibene
1219 2371 1420 2419 feceritis
1437 2372 1504 2418 eis
1527 2371 1610 2435 qui
1627 2371 1750 2418 bene
1768 2370 1947 2417 faciunt
1967 2369 2104 2416 vobis
2125 2389 2134 2416 z
2156 2386 2261 2434 quae
2278 2369 2416 2417 vobis
2432 2380 2502 2417 est
2516 2386 2617 2434 gra·

500 2450 589 2498 tia?
615 2471 637 2495 »
660 2455 821 2509 Quum
841 2451 954 2498 dicit
972 2470 981 2497 :
1009 2471 1031 2495 α
1053 2452 1147 2509 Qui
1160 2467 1244 2498 vos
1262 2450 1486 2515 diligunt,
1511 2449 1701 2498 »simile
1717 2460 1787 2498 est
1803 2450 1846 2497 ei
1865 2469 1875 2496 z
1901 2469 1924 2495 «
1945 2452 2013 2497 Ne
2029 2459 2214 2514 repetas
2231 2466 2336 2513 quae
2349 2459 2429 2497 tua
2445 2459 2573 2509 sunt,
2591 2469 2614 2494 »

499 2532 593 2578 hoc
611 2542 705 2592 est,
739 2532 849 2595 quia
873 2548 959 2578 vos
978 2531 1180 2595 diligunt
1203 2532 1346 2590 sicut,
1373 2532 1486 2595 quia
1509 2541 1591 2578 tua
1621 2541 1748 2578 sunt.
1780 2530 1999 2594 Alioquin
2023 2530 2242 2594 iniquum
2262 2539 2382 2578 esset
2404 2547 2504 2578 non
2528 2547 2618 2595 nos

500 2611 692 2676 diligere
718 2628 801 2658 eos
827 2628 854 2658 a
878 2610 1052 2675 quibus
1087 2610 1351 2675 diligimur,
1379 2627 1530 2675 quum
1555 2627 1724 2658 omnes
1742 2609 1936 2675 diligere
1960 2610 2290 2676 praecipiamur
2314 2628 2326 2657 ε
2353 2627 2441 2658 nec
2464 2612 2620 2678 ipsum

502 2693 667 2751 etiarn,
696 2692 779 2756 qui
809 2708 897 2738 nos
926 2691 1102 2755 diligit,
1126 2694 1306 2750 Deum,
1340 2692 1460 2739 sicut
1477 2692 1677 2757 ipsemet
1693 2691 1810 2738 ait⁶z
1838 2709 1862 2736 α
1888 2693 1988 2755 Ego
2013 2690 2288 2755 diligentem
2307 2707 2385 2738 me
2400 2679 2569 2756 diligo,
2595 2711 2618 2736 υ

503 2789 646 2836 quem
671 2772 829 2837 potius
851 2781 1047 2836 propter
1065 2772 1245 2837 ipsum,
1268 2772 1382 2835 quia
1403 2788 1590 2819 summe
1612 2771 1771 2818 bonus
1788 2780 1880 2830 est,
1902 2786 2049 2835 quam
2067 2771 2201 2835 quod
2221 2770 2362 2818 nobis
2379 2770 2505 2819 utilis
2531 2767 2619 2831 est,

503 2868 689 2898 summo
721 2867 885 2898 amore
914 2850 1143 2898 debemus
1176 2850 1385 2915 diligere.
1415 2853 1524 2897 Haec
1553 2860 1624 2898 est
1648 2849 1868 2898 ordinata
1898 2850 2090 2910 caritas,
2122 2861 2176 2898 ut
2202 2843 2616 2916 unumquemque,

503 2941 645 2996 prout
665 2930 833 2978 melior
855 2947 910 2979 ac
933 2931 1121 2995 dignior
1136 2941 1228 2990 est,
1250 2931 1314 2978 ob
1330 2930 1426 2978 hoc
1449 2930 1651 2996 amplius
1675 2930 1949 2994 diligamus3
1975 2930 2071 2978 hoc
2096 2940 2192 2990 est,
2218 2921 2276 2978 ut
2300 2931 2344 2979 ei
2371 2930 2540 2979 melius
2562 2932 2621 2978 sit

504 3012 829 3059 desideremus
845 3049 857 3071 ,
886 3012 1006 3058 sicut
1024 3021 1069 3059 et
1090 3012 1272 3074 justum
1297 3021 1381 3059 est.

1229 3153 1474 3185 PROBLEMA
1505 3131 1729 3184 Remissa-i
1764 3154 1892 3184 xxw.

568 3245 826 3302 Quomodo
850 3246 963 3293 dicit
980 3246 1239 3293 Dominus⁷
1263 3263 1273 3291 :
1300 3265 1324 3290 «
1345 3247 1452 3292 Non
1472 3243 1605 3308 quod
1633 3244 1775 3291 intrat
1797 3245 1847 3291 in
1873 3260 1928 3292 os
1947 3244 2225 3308 coinquinat
2242 3243 2487 3291 hominem
2502 3278 2515 3303 ‚
2537 3244 2621 3291 sed

550 3397 559 3413 ¹
586 3396 714 3436 Matth„
736 3407 810 3440 cap.
828 3408 881 3430 viu
894 3423 903 3438 ‚
920 3408 952 3430 v.
978 3400 1029 3431 10.
1044 3416 1088 3424 —
1100 3398 1114 3416 ⁹
1130 3398 1213 3432 Cod.
1235 3398 1321 3431 Vict.
1333 3416 1355 3425 -·
1371 3399 1428 3431 Vel
1449 3397 1543 3431 deest
1587 3399 1641 3431 3¹2.
1654 3413 1698 3423 —
1712 3398 1725 3416 ⁶
1744 3398 1857 3437 Prov„
1873 3407 2014 3441 capam
2028 3407 2059 3430 v·
2076 3398 2127 3430 17.
2144 3414 2174 3421 -
2196 3396 2433 3440 'Matth.,cap.
2447 3408 2501 3437 xv,
2519 3407 2549 3430 v.
2568 3400 2619 3430 11.

508 3452 589 3485 Edd.
608 3471 651 3476 —
677 3452 691 3469 ⁸
706 3453 803 3494 Luc„
825 3464 897 3497 cap.
916 3457 963 3491 vi,
983 3465 1013 3487 v.
1033 3457 1085 3487 30.
1107 3473 1149 3479 —
1174 3455 1186 3472 ⁴
1203 3456 1239 3488 Si
1257 3457 1318 3488 sibi
1334 3465 1405 3496 quoe
1433 3456 1543 3488 oblata

510 3516 639 3549 propter
659 3509 758 3541 Deum
771 3511 953 3550 poseidehat
964 3509 1047 3543 cod.
1062 3510 1143 3543 vict.
1167 3530 1183 3534 ο
1215 3511 1228 3528 ⁸
1241 3511 1336 3551 Luc„
1350 3520 1421 3553 cap.
1446 3522 1473 3543 vi
1486 3535 1495 3551 ‚
1514 3521 1545 3543 v.
