2970 4152
575 413 667 459 520
1373 413 1544 460 PETRI
1579 414 1891 463 ABAELARDI

572 507 715 570 Cujus
738 523 826 553 nos
848 507 1123 575 intercessio
1146 507 1211 552 ita
1233 506 1282 552 in
1305 517 1470 554 sancto
1493 508 1747 556 confirmet
1769 509 2019 574 proposito
2033 544 2044 566 ,
2071 517 2123 555 ut
2145 507 2207 555 ad
2234 507 2352 555 illud
2381 511 2685 574 supernum¹,

572 603 668 650 quo
691 587 791 650 ipse
813 587 1038 633 invitatus
1057 596 1152 645 est,
1179 587 1456 634 convivium
1478 590 1763 659 perveniatis
1787 609 1796 636 ε
1824 599 1877 636 ut
1899 589 1994 636 illic
2016 598 2229 635 mentem
2242 588 2421 636 felicius
2442 605 2588 654 quam
2608 589 2689 635 hic

571 684 765 714 carnem
787 667 1029 727 reficiatis,
1055 684 1234 732 sponso
1256 678 1416 716 vestro
1439 669 1617 717 coelesti
1639 671 1913 734 perenniter
1941 668 2230 732 conjunctae,
2256 669 2389 733 cujus
2410 669 2654 734 praesentis
2675 671 2691 692 ²

574 747 689 792 visio
712 747 812 811 ipsa
835 756 905 793 est
926 763 1113 795 summa
1135 748 1402 796 beatitudo·

988 1148 1066 1206 IN
1115 1147 1631 1208 AssUMPTmNE
1678 1149 1938 1209 BEATAE
1982 1150 2266 1210 MARIAE.
2307 1127 2312 1133 ’

1471 1308 1618 1338 SERMO
1653 1309 1766 1340 XXVI
1775 1330 1782 1338 .

633 1441 762 1488 Sicut
783 1458 838 1489 ex
861 1442 998 1490 dictis
1021 1443 1449 1491 ecclesiasticorum
1471 1443 1728 1492 doctorum
1750 1444 2050 1509 collegimus,
2078 1444 2289 1491 Domino
2324 1443 2611 1492 ascendente
2637 1442 2688 1493 in

568 1523 714 1570 coelos
737 1523 935 1587 quidam
957 1521 1236 1588 angelorum
1261 1525 1559 1585 dubitantes,
1584 1527 1660 1574 vel
1682 1528 1842 1592 potius
1865 1527 2178 1585 admirantes,
2205 1525 2265 1572 de
2287 1535 2420 1573 tanta
2442 1524 2692 1590 glorificati

567 1602 775 1649 hominis
797 1603 1175 1667 magnificentia,
1201 1616 1396 1652 caeteros
1419 1606 1689 1653 assistentes
1711 1624 1812 1654 non
1836 1606 1982 1653 semel
2011 1605 2418 1670 interrogabant³z
2440 1624 2463 1650 κ
2477 1605 2595 1663 Quis
2619 1615 2692 1652 est

564 1683 650 1729 iste
686 1700 766 1730 rex
795 1683 954 1747 gloriae
983 1685 1001 1730 Ρ
1029 1703 1051 1728 »
1090 1685 1165 1731 Sic
1198 1695 1246 1732 et
1279 1686 1328 1732 in
1360 1684 1597 1733 hodierna
1629 1687 1882 1737 dominicae
1915 1687 2080 1733 matris
2116 1686 2441 1750 assumptione
2469 1684 2530 1732 de
2557 1694 2691 1732 tanta

565 1761 742 1808 infirmi
776 1780 913 1810 sexus
941 1763 1229 1811 exaltatione
1267 1781 1368 1812 non
1397 1765 1662 1829 incongrue
1691 1783 1777 1831 per
1805 1766 2070 1830 angelicam
2103 1765 2471 1813 admirationem
2507 1764 2691 1820 dictum

564 1858 665 1889 esse
686 1843 926 1890 credimus
947 1845 961 1869 ⁶
986 1863 997 1891 :
1028 1863 1051 1889 «
1078 1847 1194 1902 Quae
1215 1854 1286 1892 est
1313 1845 1403 1892 ista
1430 1862 1535 1910 quae
1562 1845 1778 1892 ascendit
1800 1846 1921 1893 sicut
1948 1862 2122 1894 aurora
2149 1861 2465 1909 consurgens,
2490 1843 2694 1909 pulchra

565 1932 616 1968 ut
637 1922 774 1982 luna,
807 1923 956 1971 electa
983 1934 1037 1971 ut
1064 1924 1165 1984 sol,
1196 1925 1420 1972 terribilis
1449 1935 1503 1972 ut
1539 1936 1807 1973 castrorum
1830 1927 1954 1974 acies
1983 1925 2231 1974 ordinata?
2256 1944 2278 1969 n
2308 1929 2490 1972 Aurora
2512 1923 2690 1989 quippe

564 2020 855 2068 consurgens
876 2005 1082 2069 primam
1111 2005 1375 2053 claritatem
1397 2006 1492 2053 diei
1514 2007 1667 2054 affert.
1693 2009 1895 2071 Surgere
1917 2018 2078 2055 autem
2099 2006 2363 2054 electorum
2383 2015 2478 2065 est,
2503 2005 2599 2052 hoc
2620 2013 2693 2052 est

565 2084 625 2129 ad
647 2084 836 2131 culmen
860 2085 1109 2144 virtutum,
1136 2096 1183 2132 et
1206 2086 1268 2132 ad
1291 2087 1805 2150 comprehendendum
1827 2090 1983 2134 Deum
2004 2104 2106 2134 sese
2129 2087 2344 2135 attollere
2363 2105 2373 2133 :
2390 2086 2511 2133 sicut
2533 2102 2559 2132 e
2580 2101 2692 2132 con-

564 2166 710 2211 trario
740 2164 1062 2229 reproborum
1084 2165 1279 2223 cadere,
1313 2176 1455 2230 atque
1483 2167 1533 2212 in
1561 2166 1860 2230 profundum
1888 2167 2117 2213 vitiorum
2145 2183 2195 2212 se
2224 2166 2522 2229 immergere.
2553 2165 2691 2212 Unde

566 2246 625 2292 ad
658 2255 902 2310 torpentes
924 2262 1097 2292 somno
1121 2245 1439 2309 negligentiae,
1466 2256 1515 2292 et
1546 2247 1594 2293 in
1625 2263 1710 2294 sua
1732 2247 1946 2310 jacentes
1968 2247 2179 2311 ignavia,
2206 2263 2299 2292 vox
2321 2245 2398 2293 illa
2422 2255 2492 2293 est
2514 2245 2690 2292 exhor·

566 2325 808 2375 tationis¹⁵2
830 2328 1017 2389 «Surge
1040 2326 1122 2390 qui
1144 2325 1349 2384 dormis,
1376 2336 1422 2373 et
1445 2343 1641 2391 exsurge
1664 2343 1694 2373 a
1714 2327 1933 2388 mortuis,
1959 2337 2006 2373 et
2027 2325 2316 2373 illuminabit
2337 2336 2384 2373 te
2407 2318 2639 2373 Christus.
2662 2344 2687 2370 »

568 2406 771 2470 Surgunt
792 2405 990 2470 quidam
1013 2415 1060 2452 et
1080 2421 1167 2470 per
1194 2406 1528 2470 poenitentiam
1556 2422 1583 2453 a
1612 2416 1767 2453 morte
1797 2406 1968 2453 animae
2001 2406 2137 2470 quasi
2165 2405 2377 2452 suscitati
2408 2414 2685 2469 resurgunt,

568 2485 647 2532 sed
682 2485 743 2533 ad
774 2495 906 2532 tanta
933 2486 1166 2531 virtutum
1198 2485 1368 2532 merita
1397 2502 1498 2531 non
1537 2496 1874 2544 excreverunt,
1911 2495 1965 2532 ut
1998 2486 2047 2532 in
2084 2484 2355 2550 exemplum
2383 2485 2690 2550 perfectionis

568 2565 739 2611 assumi
763 2575 965 2628 queant,
991 2581 1082 2611 nec
1104 2565 1240 2628 quasi
1266 2581 1439 2611 aurora
1461 2564 1724 2612 claritatem
1747 2565 2000 2625 doctrinae,
2030 2565 2105 2612 his
2135 2565 2219 2630 qui
2252 2564 2314 2611 ad
2347 2564 2690 2629 perfectionem

570 2645 672 2691 vitae
693 2662 740 2693 se
762 2645 957 2692 student
979 2645 1217 2704 attollere,
1233 2645 1394 2692 valent
1416 2645 1657 2693 exhibere.
1684 2649 1827 2693 Beata
1847 2663 1963 2693 vero
1986 2642 2075 2692 Dei
2098 2645 2298 2709 genitrix
2321 2654 2503 2709 quanto
2527 2645 2575 2690 in
2592 2639 2689 2691 vir-

569 2725 743 2773 tutibus
772 2727 978 2774 excrevit
1019 2725 1297 2790 perfectius,
1335 2735 1469 2773 tanto
1508 2726 1814 2791 perfectionis
1851 2743 1946 2773 suae
1973 2726 2261 2784 claritatem,
2293 2741 2429 2771 more
2456 2723 2691 2787 surgentis

567 2823 765 2866 aurorae,
790 2807 992 2872 amplius
1014 2806 1247 2864 dilatavit,
1264 2815 1311 2852 et
1330 2806 1554 2853 candoris
1576 2807 1777 2870 virginei
1799 2806 2049 2872 proposito
2072 2806 2227 2871 prima
2249 2821 2523 2868 resurgens,
2549 2803 2691 2867 hujus

568 2888 865 2949 perfectionis
886 2888 1031 2945 viam,
1057 2903 1152 2950 qua
1174 2885 1285 2932 solae
1315 2886 1522 2949 virgines
1546 2902 1724 2950 agnum
1747 2896 2013 2951 sequuntur
2035 2901 2326 2950 quocunque
2348 2883 2471 2942 ierit,
2490 2883 2689 2948 proprio

567 2965 821 3014 declaravit
842 2966 1060 3031 exemplo
1088 2983 1097 3012 :
1124 2966 1246 3013 sicut
1267 2975 1315 3012 et
1337 2981 1533 3024 aurora,
1558 2976 1612 3012 ut
1633 2966 1816 3013 dictum
1838 2976 1931 3025 est,
1957 2966 2113 3031 prima
2134 2965 2227 3012 diei
2245 2964 2510 3011 claritatem
2531 2961 2684 3009 affert.

569 3048 663 3092 Etsi
696 3048 825 3094 enim
859 3046 1080 3093 nonnulli
1101 3045 1306 3109 virgines
1330 3062 1437 3092 eam
1459 3048 1750 3111 praecessisse
1783 3046 2056 3106 credantur,
2095 3047 2218 3093 sicut
2254 3045 2314 3092 de
2345 3044 2469 3102 Elia,
2499 3042 2575 3089 vel
2613 3046 2688 3090 Je-

570 3128 735 3186 remia,
759 3128 834 3175 vel
857 3128 1076 3187 Daniele,
1101 3126 1176 3174 vel
1199 3126 1490 3191 quibusdam
1517 3127 1618 3174 aliis
1641 3128 1900 3188 aestimant3
1934 3144 2034 3175 non
2068 3127 2196 3175 hanc
2225 3142 2308 3173 eos
2335 3125 2561 3171 virtutem
2590 3134 2688 3171 tam

568 3223 620 3251 ex
645 3205 899 3255 devotione
922 3208 1043 3254 sacri
1071 3207 1306 3272 propositi
1340 3223 1487 3271 quam
1524 3223 1580 3254 ex
1614 3209 1893 3255 necessitate
1931 3207 2168 3272 quadam,
2201 3215 2343 3270 atque
2377 3203 2688 3269 oppressione

568 3289 908 3350 persecutionis
931 3288 1168 3335 credimus
1189 3288 1413 3335 habuisse
1435 3307 1445 3335 :
1471 3290 1731 3352 praesertim
1754 3306 1904 3353 quum
1921 3306 1980 3336 eo
2003 3299 2221 3352 tempore
2234 3285 2559 3334 maledictioni
2573 3284 2686 3332 sub-

613 3427 623 3443 ¹
638 3428 826 3461 Fraternum
842 3429 908 3462 MS.
926 3430 1013 3463 Eius.
1035 3449 1072 3455 —
1091 3430 1103 3448 ¹
1125 3431 1191 3464 MS.
1213 3431 1299 3464 Eius.
1315 3449 1337 3455 -
1352 3432 1541 3464 Praesemiae
1554 3430 1617 3464 Ed.
1633 3430 1726 3464 Amb.
1741 3448 1780 3454 —
1797 3430 1809 3448 ¹
1825 3431 1943 3464 Psalm.
1960 3440 2060 3471 xxm,
2080 3441 2112 3462 v.
2127 3431 2160 3462 8.
2181 3446 2208 3453 ·-
2231 3427 2244 3445 ⁴
2260 3429 2369 3467 Cant„
2385 3437 2458 3471 cap.
2476 3438 2524 3468 vi,
2545 3438 2574 3459 v.
2592 3428 2625 3459 9.
2646 3445 2684 3451 —

571 3484 583 3499 ¹
609 3485 744 3527 Ephes.,
760 3497 833 3529 cap.
853 3498 883 3529 v,
901 3499 929 3520 v.
949 3489 985 3519 14
