2970 4152
1235 414 1553 461 EPISTOLAE.
2367 414 2451 460 171

345 523 459 560 tunc
487 512 747 577 disciplinae
773 512 922 575 magis
961 521 1031 559 est
1071 509 1432 575 invigilandum.
1469 509 1604 555 Multi
1630 507 1771 556 etiam
1811 509 2061 556 occasione
2093 508 2338 573 hospitum
2374 507 2462 555 sihi

345 594 493 657 magis
524 610 670 657 quam
693 593 960 658 hospitibus
982 593 1176 659 propitii
1203 602 1315 639 sunt
1330 627 1342 651 ,
1370 601 1416 639 et
1440 590 1554 637 hinc
1579 591 1784 637 maxima
1814 592 2082 656 suspicione
2105 590 2342 638 laeduntur
2358 589 2464 637 abs-

345 685 478 722 entes
512 685 559 733 et
583 685 901 722 murmurant.
942 678 1001 722 Et
1026 684 1159 722 tanto
1186 673 1368 739 praelati
1409 662 1568 720 minor
1601 683 1672 720 est
1707 674 1990 732 auctoritas,
2027 683 2207 737 quanto
2238 673 2340 736 ejus
2370 673 2466 719 vita

345 757 441 803 suis
478 767 547 804 est
586 757 735 820 magis
773 757 1030 820 incognita.
1062 760 1194 804 Tunc
1218 771 1413 820 quoque
1441 753 1733 802 tolerabilior
1764 754 1987 801 omnibus
2017 754 2235 819 quaelibet
2265 753 2468 802 habetur

345 837 507 902 inopia
527 873 540 896 ‚
574 854 725 902 quum
749 837 810 884 ab
835 837 1059 884 omnibus
1088 854 1222 901 aeque
1245 836 1580 902 participatur,
1615 835 1821 882 maxime
1844 852 1960 883 vero
1985 852 2012 882 a
2036 836 2252 901 praelatis.
2275 836 2404 882 Sicut
2420 836 2468 882 in

345 921 526 965 Catone
550 935 745 982 quoque
769 918 1038 965 didicimus.
1069 919 1155 965 Hic
1185 919 1394 984 quippe,
1427 927 1481 964 ut
1504 918 1732 982 scriptum
1757 926 1853 973 est,
1884 917 2068 982 populo
2096 932 2258 964 secum
2286 917 2471 964 sitiente

346 998 562 1046 oblatum
585 999 675 1046 sibi
700 997 834 1064 aquae
857 999 1105 1064 paululum
1133 1001 1314 1065 respuit
1341 1009 1388 1046 et
1414 997 1581 1046 effudit
1597 1035 1608 1057 ‚
1635 998 1912 1062 suffecitque
1938 998 2162 1045 omnibus
2179 1001 2206 1045 ¹.

410 1081 572 1137 Quum
595 1080 736 1143 igitur
758 1079 960 1144 praelatis
985 1080 1190 1127 maxime
1212 1077 1443 1126 sobrietas
1459 1080 1517 1126 sit
1540 1079 1804 1126 necessaria
1820 1114 1832 1138 ‚
1859 1089 1993 1125 tanto
2014 1079 2080 1125 eis
2102 1077 2298 1143 -parcius
2319 1088 2390 1124 est
2405 1078 2474 1123 vi-

346 1159 586 1221 vendum,
617 1170 800 1225 quanto
828 1177 915 1225 per
936 1177 1019 1207 eos
1053 1161 1230 1207 caeteris
1255 1170 1326 1207 est
1363 1159 1735 1225 providendum.
1767 1160 1861 1217 Qui
1885 1160 2026 1206 etiam
2051 1176 2112 1206 ne
2144 1159 2329 1205 donum
2352 1158 2468 1216 Dei,

349 1238 444 1287 hoc
466 1251 536 1287 est
559 1240 884 1306 praelationem
911 1240 1001 1288 sibi
1025 1255 1302 1288 concessam
1325 1242 1375 1287 in
1403 1230 1674 1306 superbiam
1702 1250 2012 1300 convertant,
2048 1250 2096 1287 et
2129 1240 2332 1286 maxime
2360 1238 2471 1285 sub-

342 1320 478 1382 jectis
506 1337 595 1385 per
620 1321 715 1368 hoc
748 1321 1005 1381 insultent,
1038 1321 1234 1369 audiant
1274 1321 1407 1385 quod
1443 1321 1671 1386 scriptum
1702 1331 1772 1368 est
1800 1339 1809 1367 :
1843 1340 1866 1365 «
1896 1320 2003 1367 Noli
2036 1336 2136 1367 esse
2163 1320 2284 1366 sicut
2315 1319 2392 1366 leo
2423 1319 2472 1365 in

347 1399 496 1447 domo
527 1411 636 1461 tua,
682 1412 899 1449 evertens
932 1401 1222 1449 domesticos
1265 1413 1403 1462 tuos,
1443 1413 1490 1449 et
1521 1402 1798 1467 opprimens
1833 1400 2070 1465 subjectos
2102 1400 2233 1447 tibi’.
2274 1399 2475 1447 Odibilis

347 1496 512 1528 coram
529 1485 633 1529 Deo
655 1492 701 1530 et
726 1483 1003 1530 hominibus
1026 1493 1097 1530 est
1123 1483 1346 1549 superbia
1362 1486 1391 1530 ³.
1422 1483 1568 1531 Sedes
1592 1484 1770 1530 ducum
1796 1482 2114 1548 superborum
2133 1481 2365 1535 destruxit
2380 1484 2475 1528 Do-

339 1561 506 1608 -minus
523 1597 537 1621 ‚
565 1572 613 1610 et
637 1562 803 1610 sedere
829 1563 937 1610 fecit
963 1564 1102 1611 mites
1122 1580 1212 1630 pro
1238 1565 1306 1611 eis
1320 1565 1349 1611 ⁴.
1383 1567 1632 1611 Rectorem
1658 1574 1703 1611 te
1724 1573 2016 1630 posuerunt,
2046 1563 2147 1610 noli
2165 1562 2341 1610 extolli.
2364 1565 2476 1608 Esto

351 1642 399 1688 in
425 1641 515 1688 illis
537 1644 672 1706 quasi
693 1661 817 1690 unus
842 1661 897 1691 ex
918 1645 1029 1709 ipsis
1046 1647 1074 1690 ¹⁵.
1096 1663 1120 1689 »
1141 1647 1199 1691 Et
1213 1644 1466 1710 Apostolus
1484 1645 1787 1691 Timotheum
1808 1662 1919 1709 erga
1942 1644 2179 1708 subjectos
2202 1645 2441 1690 instruens
2459 1661 2469 1688 ι

353 1740 376 1765 ιι
396 1723 644 1770 Seniorem
658 1759 671 1783 ‚
698 1742 722 1768 »
749 1725 943 1788 inquit⁶,
976 1744 999 1769 «
1021 1741 1083 1771 ne
1107 1725 1447 1791 increpaveris,
1467 1725 1551 1773 sed
1568 1725 1766 1772 obsecra
1780 1735 1834 1772 ut
1849 1735 2032 1790 patrem
2051 1761 2064 1785 ,
2082 1724 2297 1788 juniores
2313 1734 2366 1770 ut
2384 1723 2475 1769 fra-

351 1810 444 1848 tres
459 1837 471 1860 ,
498 1818 617 1849 anus
635 1813 689 1850 ut
706 1813 906 1861 matres,
921 1804 1226 1866 juvenculas,
1247 1814 1300 1851 ut
1317 1821 1522 1851 sorores.
1545 1824 1568 1849 »
1603 1824 1626 1848 «
1643 1808 1748 1852 Non
1766 1821 1852 1852 vos
1868 1822 1962 1863 me,
1978 1823 2002 1868 η
2027 1805 2181 1868 inquit
2200 1804 2471 1862 Dominus⁷,

354 1900 376 1925 ι(
399 1880 600 1945 elegistis
619 1918 632 1943 ,
658 1881 855 1946 sed'ego
881 1883 999 1947 elegi
1022 1899 1128 1934 vos.⁴
1150 1902 1174 1928 »
1213 1885 1425 1931 Universi
1446 1884 1524 1930 alii
1554 1885 1734 1949 ptaelati
1759 1901 1786 1932 a
1812 1885 1974 1948 subjec
1995 1886 2034 1931 is
2060 1884 2321 1948 eliguntur,
2345 1893 2393 1931 et
2417 1882 2478 1930 ab

350 1961 418 2008 eis
438 1973 660 2010 creantur
683 1973 731 2011 et
754 1964 1138 2022 constituuntur3
1168 1965 1279 2028 quia
1304 1980 1404 2011 non
1424 1965 1486 2011 ad
1507 1965 1795 2024 dominium,
1824 1965 1909 2013 sed
2017 1966 2331 2012 ministerium
2350 1981 2479 2012 assu-

353 2051 565 2089 muntur.
598 2044 685 2090 Hic
711 2054 870 2091 autem
901 2044 1031 2091 solus
1063 2061 1175 2092 vere
1208 2055 1279 2092 est
1305 2046 1542 2093 Dominus
1562 2082 1574 2105 ,
1618 2056 1665 2093 et
1697 2046 1936 2110 subjectos
1964 2047 2052 2094 sibi
2080 2045 2142 2093 ad
2176 2046 2480 2093 serviendum

355 2122 499 2171 habet
525 2124 712 2189 eligere.
743 2128 840 2172 Nec
861 2135 1021 2173 tamen
1047 2142 1097 2172 se
1116 2125 1370 2173 dominum
1387 2164 1399 2187 ,
1432 2127 1517 2174 sed
1540 2127 1811 2175 ministrum
1834 2128 2046 2176 exhibuit
2065 2165 2078 2188 ,
2104 2138 2149 2176 et
2167 2143 2279 2175 suos
2297 2128 2397 2191 jam
2420 2127 2482 2174 ad

353 2202 591 2268 dignitatis
614 2221 771 2252 arcem
792 2206 1055 2271 aspirantes
1078 2207 1277 2272 proprio
1300 2207 1514 2255 confutat
1532 2208 1753 2274 exemplo
1771 2245 1783 2268 ,
1812 2208 2028 2256 dicens‘:
2056 2228 2079 2254 «
2101 2211 2247 2273 Reges
2267 2209 2480 2273 gentium

352 2284 661 2333 dominantur
684 2303 853 2334 eorum
873 2323 885 2346 ‚
912 2296 959 2334 et
976 2287 1058 2351 qui
1077 2297 1362 2352 potestatem
1385 2288 1566 2336 habent
1590 2305 1733 2354 super
1759 2306 1842 2336 eos
1863 2289 2067 2337 benefici
2096 2299 2345 2337 vocantur.
2384 2292 2480 2336 Vos

354 2375 514 2414 autem
551 2382 652 2414 non
682 2367 764 2414 sic.
790 2386 814 2411 »
844 2369 991 2432 Reges
1015 2368 1156 2432 igitur
1180 2369 1393 2433 gentium
1423 2369 1633 2416 imitatur
1662 2370 1877 2435 quisquis
1900 2370 1948 2417 in
1974 2370 2197 2434 subjectis
2220 2369 2480 2416 dominium

355 2446 535 2511 appetit
558 2447 707 2511 magis
731 2463 878 2511 quam
903 2449 1245 2505 ministerium,
1287 2458 1336 2496 et
1364 2450 1521 2497 timeri
1555 2450 1703 2514 magis
1739 2466 1885 2514 quam
1922 2451 2070 2497 amari
2105 2450 2300 2514 satagit,
2341 2459 2388 2496 et
2420 2449 2480 2496 de

354 2526 639 2589 praelationis
674 2543 769 2575 suae
807 2529 1077 2592 magisterio
1115 2529 1435 2576 intumescens
1451 2566 1463 2590 ,
1501 2540 1628 2577 amat
1651 2531 1833 2595 primos
1857 2530 2099 2578 recubitus
2132 2532 2183 2578 in
2217 2530 2395 2589 coenis,
2434 2540 2481 2578 et

355 2608 533 2671 primas
556 2607 807 2655 cathedras
831 2609 879 2656 in
905 2610 1154 2674 synagogis
1168 2645 1180 2669 ,
1209 2620 1257 2657 et
1281 2610 1586 2658 salutationes
1610 2611 1660 2658 in
1688 2611 1793 2658 foro
1813 2647 1826 2671 ,
1862 2621 1909 2658 et
1930 2612 2092 2658 vocari
2117 2611 2177 2659 ab
2202 2611 2480 2659 hominibus

356 2686 520 2734 Rabbi.
551 2688 696 2751 Cujus
720 2688 917 2752 quidem
940 2689 1205 2737 vocationis
1230 2689 1468 2738 honorem
1488 2727 1500 2750 ‚
1541 2698 1591 2737 ut
1626 2707 1717 2739 nec
1741 2691 2018 2738 nominibus
2043 2691 2302 2756 gloriemur
2317 2728 2329 2752 ,
2359 2702 2406 2740 et
2430 2693 2478 2740 in

355 2768 581 2815 omnibus
603 2769 858 2817 humilitati
881 2770 1191 2835 provideatur
1214 2788 1223 2816 :
1258 2789 1283 2815 «
1304 2773 1402 2818 Vos
1429 2780 1588 2818 autem
1606 2808 1618 2830 ,
1644 2790 1667 2815 υ
1689 2772 1843 2836 inquit
1860 2773 2096 2819 Dominus
2112 2774 2153 2832 ⁹,
2186 2792 2209 2817 «
2230 2772 2377 2820 nolite
2398 2789 2479 2820 vo—

356 2849 453 2896 cari
489 2849 638 2897 Rabbi
655 2885 668 2910 ,
711 2861 759 2898 et
793 2860 977 2916 patrem
1016 2850 1164 2899 nolite
1187 2867 1360 2910 vocare
1384 2868 1528 2917 super
1563 2862 1754 2900 terram.
1784 2872 1807 2898 »
1835 2855 1894 2900 Et
1927 2862 2171 2919 postremo
2210 2854 2478 2901 universam

402 3048 412 3065 ·
439 3049 475 3082 1η
494 3048 568 3082 cod.
579 3048 639 3081 Ms.
654 3058 749 3092 quem
763 3047 948 3081 Rawtinson
967 3059 1002 3081 se
1019 3049 1195 3082 contulisse
1210 3049 1307 3090 dicit,
1326 3048 1395 3082 haec
1584 3051 1675 3081 Miles.
1691 3039 1782 3078 in'bac
1795 3052 1876 3078 turba
1887 3060 2002 3078 vacuum
2015 3054 2116 3078 virtute
2129 3053 2249 3087 putasti?

359 3105 544 3138 inseruntur
556 3106 699 3138 carmina
712 3115 730 3137 e
740 3104 871 3137 Lucano
882 3111 1048 3148 excerpta,
1068 3104 1109 3137 lx
1120 3131 1128 3145 ,
1147 3116 1180 3138 v.
1195 3106 1256 3139 ⁴98
1274 3113 1306 3140 et
1319 3117 1368 3150 sq.
1384 3119 1393 3139 :
1584 3101 1674 3135 (ΝΜ
1686 3101 1755 3127 “¹0⁰
1767 3101 1868 3131 “¹⁰¹¹32·
1882 3101 2033 3136 primisque
2044 3101 2183 3127 ⁶⁸¹⁰¹⁵⁵b¹¹³
2196 3102 2285 3136 ¹¹¹⁸?ss

1583 3151 1648 3175 Sum
1661 3150 1753 3175 viius?
1765 3151 1869 3181 Quanto
1881 3158 1959 3184 poena
1973 3155 2002 3174 tu
2015 3149 2128 3183 dignior
2144 3150 2192 3175 ista
2205 3169 2213 3180 ,

1562 3209 1570 3216 ·
1583 3199 1636 3229 Qui
1650 3199 1751 3233 populo
1762 3198 1872 3223 sitiente
1883 3196 1981 3224 bibas?
1992 3208 2007 3222 »
2021 3199 2065 3224 Sic
2076 3199 2199 3225 concitus
2211 3199 2252 3225 ir·
2259 3218 2267 3230 ‚

1583 3248 1708 3274 Excussit
1722 3252 1840 3282 gateam.
1852 3246 2017 3282 suffecitque
2030 3248 2158 3274 omnibus
2171 3248 2254 3275 unda.

500 3188 588 3222 thue
600 3187 675 3213 calor
688 3186 784 3217 solvit,
798 3195 880 3221 quem
893 3191 1008 3213 torserat
1019 3195 1082 3213 nen
1094 3192 1191 3215 vontus
1198 3206 1208 3219 ,

500 3237 681 3271 incensusque
695 3236 769 3267 dien
783 3240 894 3261 manant
903 3235 1050 3262 sudoribus
1064 3241 1154 3268 utun

500 3287 585 3311 Arent
597 3293 645 3311 ore
657 3285 715 3313 siti.
728 3285 876 3319 Conspecta
888 3288 926 3310 est
938 3291 1021 3319 parv·
1034 3284 1155 3319 maligno

502 3333 579 3360 Unde
594 3334 689 3368 procul
701 3342 769 3360 veno
784 3341 884 3368 aquam
899 3334 944 3359 vix
957 3342 971 3358 e
983 3333 1096 3368 pulvere
1107 3331 1185 3360 mile·
1445 3351 1459 3368 ⁸
1471 3352 1566 3384 Ecch.
1608 3361 1644 3382 ca
1697 3361 1726 3382 Π
1756 3361 1773 3382 v
1804 3351 1845 3382 35
1869 3368 1912 3374 —
1925 3350 1938 3367 ³
1956 3350 2038 3383 lbid‘
2069 3362 2106 3384 ca
2158 3362 2178 3384 x
2214 3363 2232 3383 v
2262 3354 2277 3384 7
2302 3351 2367 3376 —4
2379 3352 2448 3385 lbid

499 3382 674 3416 eon-ripiens,
690 3383 812 3417 patulum
827 3383 903 3416 galea
917 3381 1082 3408 confuditin
1097 3382 1204 3412 orbem.
1570 3375 1593 3389 '’
1616 3406 1627 3423 Β
1647 3362 1687 3412 p',
1732 3375 1741 3389 ’
1778 3374 1787 3383 ⁶
1850 3377 1855 3383 ”
2045 3375 2053 3390 ’
2109 3361 2142 3424 ζ’
2182 3377 2200 3417 ,⁹
2238 3376 2244 3384 ¹
2285 3376 2294 3384 ⁶
2453 3377 2476 3391 ''

502 3433 677 3467 Porrexitque
688 3431 764 3459 duci.
780 3431 945 3466 Squalebant
958 3431 1069 3465 pulvere
1081 3431 1172 3457 fauces
1443 3418 1472 3439 v·
1492 3408 1544 3440 ¹⁷·
1562 3425 1587 3430 ”
1643 3406 1739 3445 und*
1756 3417 1828 3450 cap·
1846 3418 1937 3439 ¹¹¹„
1948 3432 1957 3447 ⁹
1975 3418 2005 3440 v·
2022 3410 2049 3440 ¹·
2066 3426 2098 3431 ⁴*
2152 3409 2286 3442 Τιωωὴ·
2306 3410 2341 3448 Ῑ)
2357 3419 2430 3452 ⁰⁸1¹·
2446 3421 2476 3449 ’ν

502 3481 682 3511 cunctor-mm
695 3480 892 3514 minimumque
904 3484 997 3505 tenens
1008 3479 1064 3505 dux
1078 3479 1262 3514 ipseliquoris
1444 3474 1473 3496 V·
1497 3468 1523 3497 ¹·
1543 3481 1583 3487 “““
1602 3463 1612 3479 ⁷
1630 3463 1740 3503 Joan.,
1769 3474 1842 3507 cap·
1874 3475 1928 3505 xv·
1955 3475 1986 3498 V·
2010 3466 2062 3497 ¹6·
2078 3480 2123 3490 ⁸*
2135 3464 2148 3481 ⁸
2166 3465 2294 3506 Malth„
2314 3476 2388 3509 αἶψ’
2408 3477 2451 3498 ¹¹
2467 3492 2475 3506 ι

505 3529 659 3554 tnvidiosus
671 3533 740 3557 orat.
754 3529 869 3559 uMoue,
885 3529 989 3563 iuquit,
1003 3528 1137 3560 degener.
1149 3537 1233 3554 unum
1249 3548 1255 3557 .
1443 3531 1473 3552 V.
1491 3522 1545 3553 25.
1568 3537 1604 3544 --
1627 3519 1639 3534 ⁹
1655 3519 1754 3559 lbid.,
1768 3529 1843 3564 Cap.
1863 3530 1962 3559 xxm,
1976 3532 2006 3555 V.
2027 3522 2045 3552 8
2063 3528 2095 3554 et
2109 3532 2159 3566 sq.
