2970 4152
705 396 1018 446 INVECTIVA
1051 395 1111 445 IN
1146 395 1443 453 QUEMDAM
1477 395 1749 444 IGNARUM
1781 395 2178 443 DIALECTICES.
2413 396 2507 445 699

379 493 501 541 latus
539 492 606 540 eis
645 492 885 540 contulit:
914 501 966 539 ut
1004 509 1093 557 per
1130 507 1345 538 amorem
1388 490 1735 557 philosophos,
1787 501 1834 539 et
1874 508 1961 557 per
2000 492 2243 539 rationum
2286 492 2509 540 virtutem

378 590 594 622 summos
621 573 829 621 efficeret
852 573 1049 637 logicos.
1081 571 1221 619 Unde
1244 571 1369 619 bene
1396 572 1596 636 Spiritus
1619 572 1670 618 in
1701 573 1825 636 ignis
1853 582 1901 620 et
1933 572 2208 636 linguarum
2244 573 2400 638 specie
2439 584 2509 621 est

379 655 756 714 demonstratus,
783 655 866 719 qui
897 655 964 701 eis
994 666 1211 702 amorem
1235 662 1283 700 et
1307 640 1632 717 eloquentiam
1655 654 1706 700 in
1738 654 1873 700 omni
1901 670 2073 717 genere
2095 653 2368 718 linguarum
2389 670 2507 702 con-

378 734 538 782 ferret.
576 736 694 793 Quis
739 735 947 800 denique
981 735 1139 800 ipsum
1179 734 1323 781 etiam
1364 734 1630 780 Dominum
1661 736 1823 781 Jesum
1855 733 2098 781 Christum
2130 734 2310 781 crebris
2343 733 2506 800 dispu-

379 814 639 862 tationibus
678 814 866 862 Judaeos
899 815 1088 878 ignoret
1122 813 1414 873 convicisse,
1448 822 1496 860 et
1528 822 1627 860 tam
1662 814 1839 879 scripto
1865 830 2013 879 quam
2037 815 2223 861 ratione
2246 814 2508 862 calumnias

378 911 547 942 eorum
582 897 858 960 repressisse
885 914 895 943 :
921 913 1023 944 non
1047 895 1206 942 solum
1228 895 1444 960 potentia
1474 894 1840 955 miraculorum,
1868 913 2038 943 verum
2060 896 2233 944 virtute
2249 896 2508 943 verborum

377 973 524 1022 fidem
557 976 819 1042 plurimum
842 977 1129 1024 astruxisse?
1157 979 1253 1023 Cur
1284 993 1384 1023 non
1419 975 1532 1023 solis
1556 992 1670 1023 usus
1696 986 1767 1022 est
1791 976 2054 1035 miraculis,
2093 986 2147 1023 ut
2172 975 2273 1024 haec
2306 977 2503 1037 faceret,

377 1053 551 1119 quibus
587 1056 793 1103 maxime
833 1056 1005 1116 Judaei,
1052 1056 1136 1120 qui
1166 1056 1300 1119 signa
1340 1065 1535 1120 petunt,
1567 1065 1993 1103 commoverentur
2014 1074 2024 1102 ε
2045 1056 2136 1102 nisi
2170 1057 2284 1120 quia
2307 1057 2506 1121 proprio

376 1151 467 1183 nos
505 1137 724 1202 exemplo
767 1138 999 1185 instruere
1037 1137 1272 1197 decrevit,
1315 1137 1519 1202 qualiter
1558 1146 1605 1184 et
1645 1152 1754 1197 eos,
1810 1138 1893 1201 qui
1939 1137 2222 1202 sapientiam
2259 1148 2503 1201 quaerunt,

376 1217 641 1266 rationibus
690 1218 752 1266 ad
788 1218 935 1266 fidem
971 1218 1397 1284 pertraheremus?
1436 1221 1553 1276 Quae
1595 1217 1695 1265 duo
1730 1218 1984 1284 Apostolus
2033 1218 2358 1281 distinguens,
2387 1219 2503 1265 ait¹:

298 1335 306 1339 .
379 1316 403 1341 α
431 1301 552 1345 Nam
573 1309 619 1346 et
655 1299 805 1346 Judaei
829 1300 962 1363 signa
982 1308 1176 1365 petunt,
1219 1309 1266 1347 et
1296 1300 1446 1346 Graeci
1486 1299 1771 1364 sapientiam
1805 1309 2042 1364 quaerunt.
2071 1318 2094 1343 >2
2135 1302 2239 1346 Hoc
2262 1310 2333 1347 est
2370 1300 2508 1347 ratio·

375 1377 518 1425 nibus
541 1378 803 1443 plurimum
822 1379 925 1439 isti,
957 1380 1080 1426 sicut
1098 1379 1164 1426 illi
1193 1380 1398 1427 maxime
1425 1380 1571 1444 signis
1600 1380 1662 1427 ad
1691 1379 1837 1427 fidem
1862 1390 2136 1428 moventur.
2163 1383 2326 1437 Quum
2347 1390 2508 1428 autem

375 1458 719 1505 miraculorum
745 1459 847 1523 jam
881 1459 1017 1523 signa
1044 1459 1328 1519 defecerint,
1355 1476 1453 1506 una
1490 1459 1630 1507 nobis
1665 1470 1836 1508 contra
1861 1460 2102 1524 quoslibet
2124 1460 2507 1507 contradicentes
2545 1473 2550 1477 ·

375 1550 592 1604 superest
632 1558 825 1605 pugna,
861 1551 917 1588 ut
964 1540 1100 1605 quod
1142 1541 1276 1588 factis
1319 1558 1421 1588 non
1467 1558 1752 1606 possumus,
1787 1542 1947 1590 verbis
1981 1544 2327 1589 convincamus
2355 1561 2365 1588 ε
2391 1559 2508 1606 prae-

374 1620 539 1666 sertim
579 1638 730 1685 quum
765 1621 896 1686 apud
928 1621 1159 1669 discretos
1190 1622 1289 1669 vim
1323 1622 1557 1685 majorem
1593 1623 1803 1670 rationes
1839 1639 1984 1687 quain
2017 1623 2244 1670 miracula
2283 1633 2503 1681 teneant,

374 1715 480 1763 quae
512 1710 675 1747 utrum
714 1701 872 1748 illusio
909 1701 1149 1749 diabolica
1183 1701 1352 1760 faciat,
1394 1701 1573 1766 ambigi
1608 1702 1743 1749 facile
1787 1712 1962 1767 potest.
2006 1702 2145 1750 Unde
2186 1712 2234 1749 et
2268 1702 2501 1762 Veritas²,

379 1798 404 1825 ι(
419 1782 641 1844 Surgent‚
670 1800 694 1826 »
722 1782 895 1846 inquit,
926 1801 950 1827 «
970 1782 1449 1848 pseudo-prophetae,
1475 1793 1522 1830 et
1541 1782 1727 1830 dabunt
1749 1784 1884 1847 signa
1906 1800 2080 1847 magna
2103 1792 2150 1830 et
2171 1783 2415 1848 prodigia,
2441 1783 2508 1830 ita

374 1871 428 1909 ut
460 1862 511 1909 in
551 1879 765 1931 errorem
803 1863 1112 1923 inducantur,
1154 1864 1193 1911 si
1228 1863 1332 1911 fieri
1362 1874 1552 1929 potest,
1590 1864 1734 1912 etiam
1775 1865 1928 1912 electi.
1959 1884 1983 1910 »
2025 1867 2084 1912 At
2122 1881 2267 1923 vero,
2291 1864 2502 1928 inquies,

374 1942 487 2007 quia
520 1953 568 1990 et
600 1943 650 1990 in
687 1944 1001 1993 rationalibus
1044 1945 1279 2010 plurimus
1317 1962 1453 1992 error
1486 1962 1536 1993 se
1579 1946 1781 2010 ingerit,
1835 1956 1889 1994 ut
1928 1963 2029 1993 non
2068 1946 2203 1994 facile
2240 1945 2502 2004 discernat,

374 2040 526 2088 quum
553 2025 763 2072 rationes
786 2026 1083 2073 inducuntur
1105 2037 1500 2090 argumentorum
1516 2064 1527 2086 ,
1553 2044 1658 2091 quae
1683 2037 1731 2075 et
1752 2044 1843 2092 pro
1865 2027 2133 2075 rationibus
2158 2028 2501 2092 suscipiantur,

373 2114 422 2152 et
455 2122 562 2170 quae
598 2116 830 2171 tanquam
864 2108 1160 2173 sophismata
1196 2108 1513 2173 respuantur?
1551 2111 1643 2167 Ita,
1690 2109 1890 2173 inquam
1911 2147 1922 2168 ,
1959 2109 2034 2156 his
2070 2108 2269 2169 accidit,
2309 2109 2393 2173 qui
2428 2125 2507 2173 pe-

373 2186 532 2234 ritiam
570 2198 966 2251 argumentorum
1005 2205 1106 2236 non
1142 2199 1254 2236 sunt
1287 2188 1465 2255 adepti.
1514 2190 1659 2247 Quod
1694 2206 1755 2237 ne
1794 2190 1916 2238 sorte
1951 2190 2165 2250 accidat,
2209 2190 2384 2238 rationi
2408 2190 2505 2237 dis-

373 2265 589 2326 serendi,
615 2266 711 2314 hoc
743 2277 814 2315 est
843 2266 1009 2331 logicae
1031 2267 1320 2334 disciplinae,
1356 2286 1505 2334 opera
1528 2279 1599 2316 est
1621 2269 1781 2317 danda
1800 2307 1811 2329 ‚
1846 2287 1952 2335 quae
1969 2308 1980 2329 ‚
2010 2280 2062 2317 ut
2092 2270 2259 2318 beatus
2288 2270 2506 2317 meminit

373 2346 683 2409 Augustinus,
722 2347 784 2394 'ad
808 2348 972 2395 omnia
1008 2365 1182 2411 genera
1216 2350 1537 2413 quaestionum
1570 2350 1896 2414 penetranda,
1932 2367 2038 2414 quae
2071 2351 2121 2396 in
2154 2351 2298 2397 sacris
2335 2350 2503 2398 litteris

373 2425 623 2486 incidunt,
664 2426 929 2491 plurimum
962 2427 1104 2475 valet.
1158 2429 1253 2476 Sed
1291 2428 1388 2476 hoc
1422 2439 1549 2476 certe
1585 2429 1714 2495 apud
1757 2430 1863 2478 illos
1905 2433 2140 2478 Doctores
2181 2430 2503 2477 necessarium

373 2515 474 2564 est,
508 2507 591 2570 qui
622 2506 865 2554 solvendis
903 2507 1245 2573 quaestionibus
1283 2526 1334 2557 se
1374 2509 1593 2558 sufficere
1630 2509 1947 2573 confidentes,
1974 2528 2053 2561 eas
2092 2512 2289 2560 minime
2314 2511 2501 2559 subter-

375 2583 579 2648 fugiunt.

421 2727 433 2746 ⁸
458 2729 600 2762 Corinth.
618 2729 656 2769 Ι,
673 2737 747 2773 cap.
765 2739 796 2770 1,
812 2740 845 2764 v.
862 2731 916 2764 22.
930 2728 999 2758 —-'
1011 2729 1142 2770 nauh„
1159 2741 1233 2775 cap.
1250 2742 1342 2773 xxiv,
1356 2742 1386 2765 v.
1403 2732 1460 2765 2⁴.
