2970 4152
877 435 936 485 IN
968 435 1195 484 NATALI-
1217 434 1596 484 lNNOCENTUM
1628 435 1845 483 SERMO.
2333 437 2426 484 593

301 530 386 594 qui
407 539 545 577 erant
566 530 617 577 in
640 528 920 578 Bethlehem
936 567 948 589 ,
982 540 1073 577 etc.
1105 548 1128 574 »
1165 528 1334 577 Illusus
1366 546 1396 576 a
1423 531 1573 594 magis
1610 530 1786 578 occidit
1814 531 2095 577 innocentes
2119 530 2201 594 qui
2228 529 2427 577 illudere

305 627 395 658 nec
417 607 617 677 peccare
648 621 889 677 poterant.
926 614 995 659 An
1040 610 1233 659 illusum
1271 620 1346 670 te,
1391 611 1537 675 impie
1555 649 1566 670 ‚
1607 611 1761 658 credis
1785 611 1898 676 quia
1932 611 2100 658 dolum
2138 621 2429 676 conceptum

302 689 532 755 perficere
554 692 742 756 nequis,
768 701 816 739 et
838 684 1303 739 ordinationem'Dei
1326 700 1411 738 tuo
1435 690 1613 738 scelere
1635 691 1897 756 praevenire
1918 708 2020 739 non
2042 691 2333 756 permitteris
2351 728 2362 749 ,
2382 701 2431 737 et

302 771 435 836 prius
470 770 670 819 illudere
694 787 841 835 quam
865 771 1027 830 illudi,
1053 770 1282 822 seducere
1305 787 1453 834 quam
1475 770 1633 836 decipi
1652 808 1663 830 ‚
1691 771 1909 818 fraudem
1932 771 2108 818 inferre
2132 786 2279 835 quam
2301 787 2432 817 erro-

305 867 410 898 rem
431 851 562 917 pati?
598 855 758 915 Usque
793 851 917 901 adeo
951 851 1239 899 insensibilis
1274 850 1424 898 factus
1453 867 1503 897 es
1521 888 1532 909 ‚
1570 860 1624 897 ut
1655 855 1800 916 quem
1829 851 2013 915 justitia
2042 868 2143 898 non
2178 851 2427 915 reprimit,

307 930 582 978 humanitas
597 948 697 978 non
720 942 997 979 commovet
1015 969 1026 991 ,
1051 941 1105 978 ut
1126 931 1202 979 his
1224 948 1347 996 quos
1370 932 1653 990 innocentes
1677 948 1777 978 non
1802 931 1994 979 dubitas
2013 948 2210 996 parcere
2224 942 2431 996 nequeat

307 1008 592 1058 crudelitas?
615 1014 816 1059 Insanus
838 1012 888 1058 in
913 1011 1030 1059 alios
1054 1011 1205 1059 factus
1223 1049 1234 1070 ,
1260 1012 1311 1058 in
1333 1021 1382 1059 te
1402 1012 1561 1076 ipsum
1584 1011 1825 1058 crudelior
1857 1028 1906 1059 es
1941 1021 2181 1076 repertus,
2208 1012 2291 1076 qui
2314 1011 2432 1058 dum

306 1087 459 1136 filium
479 1084 568 1136 Dei
586 1092 904 1155 persequeris,
917 1101 1116 1139 tuorum
1138 1091 1261 1139 filios
1283 1092 1463 1139 occidis
1481 1111 1493 1151 ;
1519 1109 1610 1140 nec
1632 1093 1733 1157 ipse
1755 1091 1878 1139 filius
1900 1102 2009 1139 tuus
2032 1109 2060 1140 a
2082 1102 2225 1140 tantae
2244 1093 2434 1140 malitiae

307 1167 587 1217 crudelitate
608 1171 817 1235 persistit
838 1172 1084 1219 immunis.
1105 1175 1215 1230 Quo
1237 1172 1435 1237 quidem
1465 1190 1576 1220 cum
1592 1173 1773 1220 caeteris
1792 1172 2061 1232 interfecto,
2087 1173 2319 1221 illusionis
2342 1183 2433 1220 tuae

308 1249 563 1298 crudelitas
582 1251 973 1316 incomparabilis
995 1253 1046 1299 in
1069 1252 1239 1300 ludum
1271 1253 1516 1318 proverbii
1541 1270 1773 1301 conversa
1792 1291 1803 1310 ,
1830 1253 2022 1300 titulum
2051 1253 2138 1300 tibi
2161 1271 2307 1319 quem
2329 1270 2430 1301 me-

308 1346 473 1378 rueras
495 1331 780 1396 inscriptum
803 1331 1059 1396 dereliquit
1073 1369 1084 1391 ,
1112 1350 1212 1380 non
1237 1349 1264 1379 a
1286 1333 1436 1380 Pilato
1456 1372 1467 1393 ‚
1498 1344 1549 1380 ut
1583 1334 1748 1381 titulus
1770 1334 1966 1381 Domini
1990 1334 2039 1380 in
2073 1334 2172 1398 ejus
2194 1333 2434 1381 honorem

309 1410 632 1475 compositus,
658 1410 743 1457 sed
765 1411 828 1459 ab
849 1414 1061 1475 Augusto
1095 1412 1144 1457 in
1180 1411 1401 1459 illusione
1436 1414 1506 1459 tui
1541 1423 1774 1478 perpetua
1803 1414 2179 1479 promulgatum.
2217 1402 2355 1460 Unde
2391 1424 2437 1460 et

310 1490 605 1551 Macrobius,
626 1491 1015 1539 Saturnalioram
1040 1491 1165 1539 libro
1188 1496 1228 1539 ΙΙ
1254 1492 1316 1540 de
1339 1496 1551 1557 Augusto
1573 1504 1620 1541 et
1634 1494 1756 1558 jocis
1779 1494 1879 1558 ejus
1902 1495 2026 1541 inter
2048 1504 2217 1542 caetera
2244 1494 2311 1541 sic
2335 1511 2436 1542 me·

311 1571 451 1619 minit
474 1590 484 1618 :
515 1590 538 1616 «
565 1573 728 1629 Quum
754 1573 966 1621 audisset
988 1574 1113 1621 inter
1135 1590 1311 1639 pueros
1342 1591 1465 1639 quos
1487 1574 1536 1621 in
1565 1575 1701 1639 Syria
1728 1591 1811 1621 rex
1844 1574 2119 1621 Judaeorum
2144 1573 2359 1621 Herodes
2388 1575 2437 1620 in

310 1650 561 1699 tribunatu
578 1651 719 1715 jussit
739 1648 972 1713 interfici,
999 1653 1151 1701 filium
1174 1670 1369 1718 quoque
1392 1654 1493 1718 ejus
1517 1655 1731 1702 occisum
1747 1692 1758 1713 ,
1786 1655 1851 1702 ait
1878 1672 1888 1700 :
1919 1674 1942 1699 «
1963 1653 2129 1701 Melius
2143 1664 2214 1701 est
2236 1652 2438 1701 Herodis

316 1751 340 1777 (ι
367 1749 572 1798 porcum
594 1749 695 1780 esse
713 1750 860 1798 quam
880 1734 1049 1782 filium.
1077 1753 1100 1780 υ
1127 1735 1365 1783 Credebat
1386 1736 1566 1801 quippe
1590 1738 1825 1800 Augustus
1849 1736 2006 1800 ipsum
2029 1736 2174 1782 etiam
2196 1735 2441 1782 Herodem

314 1827 476 1875 regem
498 1811 774 1860 Judaeorum
795 1830 933 1861 more
958 1814 1126 1879 populi
1167 1815 1240 1862 sui
1268 1831 1297 1862 a
1334 1831 1479 1862 carne
1517 1814 1757 1862 abstinere
1799 1815 2023 1879 porcina,
2049 1824 2097 1863 et
2113 1814 2178 1862 ob
2202 1814 2298 1862 hoc
2329 1831 2442 1862 eum

314 1907 621 1956 nequaquam
643 1908 819 1957 porcos
838 1893 1058 1941 occidere
1087 1894 1225 1954 velle,
1252 1911 1280 1942 a
1301 1912 1510 1959 quorum
1534 1912 1623 1942 usu
1646 1894 1922 1942 decreverat
1938 1894 2178 1942 abstinere
2197 1913 2241 1941 ».
2270 1897 2443 1941 Utrum

315 1988 431 2020 vero
450 1971 546 2020 hoc
568 1973 772 2021 scienter
799 1990 862 2021 an
897 1991 983 2040 per
1011 1975 1334 2039 ignorantiam
1368 1975 1430 2023 ad
1458 1975 1679 2039 generale
1702 1975 1914 2023 edictum
1951 1974 2119 2039 regalis
2156 1974 2345 2039 imperii
2383 1975 2443 2021 sit

316 2051 513 2113 factum,
539 2071 639 2102 non
660 2055 772 2103 satis
785 2071 841 2103 ex
861 2056 1099 2121 praedictis
1120 2056 1279 2104 verbis
1301 2056 1482 2121 liquide
1502 2066 1718 2122 apparet.
1747 2056 1907 2103 Potuit
1928 2056 2107 2121 quippe
2134 2054 2237 2102 fieri
2255 2093 2266 2115 ,
2293 2065 2346 2102 ut
2360 2056 2443 2119 qui

317 2150 407 2199 pro
429 2151 529 2182 uno
551 2135 771 2183 turbatus
798 2136 1007 2197 infante,
1034 2137 1096 2185 ab
1119 2137 1346 2185 omnibus
1368 2138 1642 2195 verebatur,
1667 2154 1809 2185 suum
1837 2153 2032 2202 quoque
2055 2136 2208 2184 filium
2231 2137 2441 2201 suspica-

316 2225 448 2263 retur
466 2253 477 2275 ,
505 2233 592 2281 per
609 2233 759 2281 quem
779 2234 981 2281 regnum
1001 2218 1240 2266 amitteret
1258 2256 1268 2277 ,
1294 2219 1371 2266 vel
1392 2219 1441 2265 in
1467 2236 1526 2266 eo
1553 2218 1773 2267 dolorem
1804 2217 2009 2265 aliorum
2031 2217 2170 2265 leniri
2192 2217 2411 2264 crederet
2429 2254 2439 2275 ‚

317 2304 365 2343 et
387 2295 452 2343 ob
475 2295 571 2344 hoc
591 2297 738 2345 etlam
757 2298 917 2362 ipsum
939 2299 1096 2346 occidi
1124 2299 1258 2346 furor
1281 2299 1629 2347 immoderatus
1651 2299 1954 2364 praeciperet,
1975 2308 2028 2345 ut
2050 2298 2116 2345 sic
2141 2297 2330 2345 sceleris
2353 2298 2445 2344 im-

319 2377 544 2425 mensitas
563 2378 613 2425 in
637 2378 956 2427 admiratione
975 2381 1051 2427 sui
1069 2390 1270 2427 cunctos
1289 2390 1636 2428 commoveret.
1664 2379 1810 2438 Quod
1831 2381 1870 2427 si
1893 2396 1953 2426 eo
1976 2380 2252 2443 ignorante,
2276 2378 2443 2425 divino

314 2456 527 2519 J'udicio,
556 2475 844 2523 quacunque
860 2459 1115 2506 occasione
1137 2459 1187 2507 id
1211 2470 1371 2508 actum
1385 2497 1396 2519 ,
1423 2461 1482 2507 sit
1499 2459 1781 2507 benedictus
1806 2461 1931 2506 Deus
1954 2459 2038 2523 qui
2061 2458 2195 2522 impii
2216 2457 2444 2521 gaudium

320 2538 512 2586 retorsit
545 2539 594 2585 in
623 2539 781 2603 ipsum
799 2576 810 2598 ,
837 2549 885 2587 et
905 2542 1074 2604 quam¹
1098 2556 1125 2588 a
1147 2541 1347 2606 proprio
1370 2540 1470 2588 filio
1494 2541 1691 2599 avertit,
1730 2540 1778 2587 in
1812 2538 2122 2587 maledictum
2144 2555 2339 2602 germen
2364 2555 2446 2586 ne-

321 2618 606 2682 quissimum
633 2620 886 2667 convertit.
924 2622 1081 2678 Quem
1109 2620 1318 2685 denique
1350 2621 1515 2668 divina
1537 2621 1656 2668 ultio
1689 2621 1736 2668 in
1762 2629 1946 2668 tantam
1983 2619 2219 2666 insaniam
2248 2618 2443 2682 dejecit,

322 2708 375 2745 ut
397 2715 549 2763 quum
568 2699 669 2764 ipse
686 2698 968 2747 miserabilis
987 2700 1156 2747 mortis
1178 2701 1417 2749 cruciatus
1436 2701 1559 2748 ferre
1574 2717 1672 2748 non
1692 2710 1854 2766 posset
1871 2736 1883 2760 ,
1909 2699 2129 2765 proprias
2145 2698 2237 2745 sibi
2253 2698 2449 2746 inferret

322 2800 517 2838 manus,
544 2793 597 2830 ut
625 2784 708 2848 qui
737 2793 811 2831 tot
834 2784 1150 2832 innocentum
1181 2785 1331 2832 vitam
1360 2785 1617 2850 eripuerat,
1646 2785 1747 2850 ipse
1770 2774 1907 2832 suam
1922 2819 1936 2843 ,
1963 2799 2061 2830 non
2088 2781 2236 2840 alius,
2265 2781 2447 2846 eripere

311 2873 603 2912 mereretur.
621 2866 659 2911 A
674 2864 824 2928 magis
846 2863 1039 2925 illusus,
1067 2865 1129 2913 ab
1152 2867 1363 2929 Augusto
1386 2865 1580 2913 delusus
1597 2902 1608 2924 ,
1635 2881 1664 2913 a
1686 2881 1736 2912 se
1752 2865 1858 2930 ipso
1882 2862 2176 2921 interfectus,
2199 2877 2317 2926 quas
2342 2878 2443 2926 poe-

325 2959 410 2991 nas
433 2943 607 2998 meruit
622 2980 634 3003 ,
661 2953 761 2991 tam
782 2944 890 2991 vitae
911 2945 1222 3009 perversitate
1245 2961 1391 3010 quam
1414 2944 1736 3010 perversitatis
1759 2961 1853 2992 suae
1869 2943 1965 2990 fine
1989 2951 2208 3008 patenter
2231 2940 2440 2987 edocuit.

325 3024 576 3072 Neminem
598 3024 789 3072 malitiae
809 3041 905 3072 suae
927 3041 1201 3090 praeconem
1222 3036 1323 3074 tam
1345 3036 1531 3073 certum
1553 3025 1723 3074 habuit
1746 3041 1893 3090 quam
1915 3040 1965 3071 se
1988 3024 2163 3088 ipsum.

389 3103 536 3162 Quod
571 3103 672 3168 ejus
708 3113 927 3169 tempore
961 3104 1177 3152 Christus
1215 3115 1492 3153 nasceretur
1526 3105 1782 3171 prophetia
1818 3102 2124 3168 praedixerat,
2171 3098 2306 3164 quod
2349 3099 2449 3163 ejus

326 3183 493 3232 fraude
516 3184 731 3232 Christus
753 3184 1035 3250 perderetur
1057 3185 1236 3233 malitia
1258 3187 1358 3251 ejus
1383 3186 1689 3252 disponebat.
1717 3183 2025 3249 Completum
2058 3191 2128 3229 est
2160 3180 2295 3246 quod
2329 3196 2450 3246 pro-

316 3263 488 3329 phetia
510 3263 650 3324 dixit,
676 3281 776 3312 non
801 3265 933 3329 quod
958 3264 1099 3313 dolus
1122 3266 1378 3329 cogitavit3
1405 3283 1505 3313 non
1530 3267 1659 3314 enim
1690 3265 1846 3311 furere
1876 3263 2163 3329 permissus,
2191 3261 2280 3308 nisi
2315 3260 2446 3325 prius

328 3345 378 3391 in
402 3347 659 3410 AEgyptum
696 3343 910 3392 Christus
938 3345 1095 3393 infans
1126 3356 1247 3393 esset
1278 3347 1599 3394 transmissus.
1642 3347 1804 3403 Quum
1841 3342 2105 3392 occultatus
2143 3340 2356 3388 Christus
2400 3340 2450 3386 in

376 3518 386 3536 ⁴
412 3518 471 3559 uic
484 3527 592 3554 necem
609 3526 662 3554 aut
677 3520 783 3555 simile
797 3519 920 3564 aliquid
936 3519 1051 3555 deesse
1064 3520 1203 3555 videtur.

489 3588 504 3625 1
2240 3576 2292 3616 75
