2970 4152
1216 419 1533 468 EPISTOLAE.
2373 424 2435 470 99

327 510 690 574 pudentissimas
728 512 928 560 referam
963 511 1250 577 pollutiones
1260 549 1281 573 „
1312 526 1422 577 quae
1453 515 1729 579 conjugium
1752 514 2119 580 praecesserunt?
2151 514 2279 572 Quid
2310 531 2438 560 sum·

327 606 455 640 mam
475 591 686 657 denique
709 592 1027 658 proditionem
1054 609 1239 653 meam,
1276 611 1370 658 qua
1405 594 1467 645 de
1498 605 1543 642 te
1579 596 1680 661 ipsa
1713 606 1872 655 tuum,
1910 612 2022 642 cum
2052 611 2150 659 quo
2178 595 2365 642 assidue
2388 595 2436 640 in

327 670 428 733 ejus
453 670 601 718 domo
626 672 962 733 convivebam,
991 671 1278 723 avunculum
1309 684 1406 722 tam
1439 676 1638 740 turpiter
1667 676 1863 724 seduxi?
1892 677 2007 733 Quis
2030 692 2107 722 me
2139 674 2199 722 ab
2226 691 2288 722 eo
2315 675 2439 738 juste

328 750 470 814 prodi
487 768 587 799 non
607 763 818 813 censeat,
847 771 991 818 quem
1015 764 1113 801 tam
1137 742 1459 820 impudenter¹
1479 765 1588 802 ante
1612 756 1711 821 ipse
1734 755 2070 820 prodideram?
2097 758 2236 802 Putas
2252 755 2314 802 ad
2336 765 2441 802 tan-

331 839 491 878 torum
522 833 778 880 criminum
806 834 1039 881 ultionem
1070 845 1460 883 momentaneum
1483 835 1610 885 illius
1634 835 1780 901 plagae
1811 835 2028 883 dolorem
2058 835 2307 882 sufficere?
2340 837 2442 881 Imo

331 911 471 962 tantis
499 912 634 959 malis
663 923 848 960 tantum
872 914 1088 962 debitum
1118 932 1219 962 esse
1253 915 1594 963 commodum?
1625 918 1780 974 Quam
1808 916 1995 981 plagam
2026 916 2213 981 divinae‘
2229 916 2443 963 sufficere

329 990 517 1052 justitiae
535 992 689 1040 credis
708 993 774 1040 ad
799 1004 979 1042 tantam
1003 996 1481 1055 contaminationem,
1511 1006 1563 1044 ut
1590 996 1817 1055 diximus,
1846 997 2085 1043 sacerrimi
2109 989 2201 1043 loci
2225 1013 2319 1043 suae
2343 1012 2443 1042 ma-

333 1071 447 1120 tris?
482 1076 617 1122 Certe
644 1075 735 1122 nisi
761 1075 1068 1123 vehementer
1094 1093 1226 1136 erro,
1263 1094 1362 1125 non
1394 1087 1492 1124 tam
1520 1077 1599 1124 illa
1625 1076 1934 1124 saluberrima
1958 1077 2096 1141 plaga
2126 1077 2176 1123 in
2212 1076 2443 1123 ultionem

333 1149 508 1201 horum
542 1170 771 1203 conversa
802 1166 896 1215 est,
930 1173 1077 1220 quam
1112 1174 1217 1221 quae
1254 1158 1468 1222 quotidie
1507 1157 1831 1205 indesinenter
1871 1158 2098 1204 sustineo.
2141 1157 2271 1203 Nosti
2304 1158 2443 1204 etiam

332 1232 527 1295 quando
564 1244 611 1281 te
640 1235 881 1298 gravidam
920 1237 967 1283 in
1006 1253 1163 1284 meam
1190 1238 1427 1284 transmisi
1456 1238 1680 1303 patriam,
1726 1254 1860 1300 sacro
1889 1237 2053 1284 habitu
2086 1236 2302 1283 indutam
2343 1252 2447 1282 mo-

332 1311 506 1361 nialem
533 1323 578 1361 te
605 1314 818 1375 finxisse,
844 1326 892 1364 et
921 1316 1000 1364 tali
1026 1316 1327 1365 simulatione
1353 1328 1472 1377 tuae,
1508 1335 1654 1382 quam
1676 1334 1806 1364 nunc
1834 1313 2004 1376 habes,
2039 1317 2253 1381 religioni
2278 1317 2449 1363 irreve-

333 1403 492 1441 renter
521 1394 735 1443 illusisse.
775 1396 913 1443 Unde
943 1398 1087 1443 etiam
1114 1414 1262 1462 pensa
1296 1415 1441 1462 quam
1478 1398 1817 1445 convenienter
1843 1397 1905 1444 ad
1938 1397 2063 1444 hanc
2094 1407 2140 1443 te
2173 1396 2448 1460 religionem

330 1469 497 1520 ‘divina
508 1473 708 1536 justitia,
740 1475 838 1522 imo
869 1475 1016 1538 gratia
1043 1477 1236 1523 traxerit
1265 1476 1508 1523 nolentem
1525 1512 1537 1536 ,
1565 1477 1643 1524 cui
1666 1477 1815 1524 verita
1836 1493 1935 1523 non
1956 1493 2005 1523 es
2032 1476 2257 1536 illudere,
2287 1477 2452 1524 volens

337 1553 456 1600 utin
478 1553 583 1618 ipso
601 1553 704 1600 luas
721 1552 884 1600 habitu
905 1554 1038 1618 quod
1057 1555 1106 1600 in
1125 1555 1282 1619 ipsum
1307 1555 1569 1619 deliquisti,
1592 1565 1640 1603 et
1659 1555 1972 1603 simulationis
1989 1555 2240 1602 mendacio
2259 1556 2360 1621 ipsa
2385 1558 2450 1603 rei

338 1633 507 1680 veritas
522 1632 788 1681 remedium
803 1644 1015 1699 praestet,
1038 1644 1087 1682 et
1106 1634 1352 1682 falsitatem
1373 1635 1611 1683 emendet.
1636 1636 1779 1694 Quod
1795 1637 1832 1683 si
1849 1636 2020 1683 divinae
2039 1636 2088 1682 in
2114 1635 2254 1683 nobis
2264 1637 2453 1700 justitiae

338 1721 550 1760 nostram
579 1713 694 1760 velis
723 1713 970 1761 utilitatem
998 1714 1281 1778 adjungere,
1314 1731 1412 1762 non
1439 1725 1535 1762 tam
1556 1715 1787 1778 justitiam
1813 1732 1959 1780 quam
1987 1716 2183 1779 gra-tiam
2209 1716 2297 1762 Dei
2322 1717 2452 1780 quod

344 1802 457 1840 tunc
476 1793 570 1857 egit
586 1793 635 1840 in
654 1793 795 1840 nohis
817 1795 997 1858 poteris
1019 1795 1271 1860 appellare.
1294 1796 1496 1843 Attende
1521 1796 1703 1860 itaque,
1724 1796 1914 1843 attende
1927 1831 1939 1853 ,
1961 1795 2256 1854 charissima,
2277 1795 2451 1860 quibus

338 1872 671 1930 misericordiae
698 1890 791 1921 suae
819 1873 998 1920 retibus
1025 1891 1054 1921 a
1083 1873 1324 1939 profundo
1352 1874 1494 1938 hujus
1525 1885 1621 1922 tam
1652 1875 1906 1940 periculosi
1935 1877 2078 1922 maris
2106 1891 2197 1923 nos
2222 1876 2457 1923 Dominus

339 1955 610 2019 piscaverit,
639 1964 686 2005 et
707 1971 735 2002 a
762 1965 950 2020 quantae
974 1954 1224 2002 Charibdis
1246 1956 1472 2020 voragine
1497 1955 1748 2020 naustagos
1773 1955 1883 2004 licet
1906 1956 2077 2003 invitos
2100 1956 2377 2013 extraxerit,
2407 1964 2458 2003 ut

342 2035 510 2083 merito
523 2045 723 2100 uterque
742 2045 958 2083 nostrum
978 2037 1027 2083 in
1046 2036 1175 2083 illam
1193 2052 1503 2102 perrumpere
1519 2039 1533 2061 ²
1548 2052 1690 2101 posse
1711 2035 1927 2083 videatur
1944 2038 2160 2083 vocem³:
2185 2036 2459 2083 «Dominus

342 2115 568 2164 sollicitus
608 2126 678 2164 est
705 2117 815 2164 mei.
838 2135 860 2161 n
884 2117 1048 2181 Cogita
1073 2127 1120 2164 et
1138 2117 1365 2181 recogita,
1396 2116 1445 2163 in
1470 2116 1660 2180 quantis
1689 2117 1778 2182 ipsi
1800 2133 1888 2164 nos
1907 2115 2127 2181 periculis
2153 2117 2461 2164 constituera-
2522 2126 2535 2131 ··

343 2214 448 2245 mus
465 2199 501 2257 ⁶,
521 2207 567 2246 et
590 2214 620 2245 a
640 2197 830 2262 quantis
845 2213 935 2244 nos
953 2198 1126 2245 eruerit
1146 2197 1406 2255 Dominus;
1430 2206 1476 2243 et
1493 2213 1632 2244 narra
1650 2213 1837 2261 semper
1860 2213 1972 2244 cum
2000 2213 2186 2244 summa
2204 2198 2459 2261 gratiarum

344 2278 556 2338 actione,
596 2296 619 2323 «
654 2288 831 2342 quanta
862 2277 970 2326 fecit
1004 2278 1241 2325 Dominus
1277 2278 1447 2325 animae
1491 2287 1663 2324 nostrae
1687 2280 1722 2336 ⁵,
1750 2297 1773 2321 υ
1819 2287 1867 2324 et
1900 2277 2137 2341 quoslibet
2169 2278 2359 2343 iniquos
2401 2278 2461 2325 de

345 2357 555 2406 bonitate
587 2359 780 2407 Domini
811 2358 1116 2423 desperantes
1147 2368 1312 2405 nostro
1353 2358 1601 2406 consolare
1638 2357 1885 2424 exemplo,
1932 2368 1984 2405 ut
2013 2358 2263 2405 advertant
2293 2375 2461 2405 ornnes

344 2437 460 2502 quid
475 2437 851 2503 supplicantibus
869 2448 1011 2503 atque
1028 2437 1300 2504 petentibus
1319 2437 1416 2497 fiat,
1437 2455 1587 2503 quum
1606 2449 1703 2486 tam
1715 2440 1728 2463 ⁶
1750 2438 2078 2504 peccatoribus
2092 2448 2144 2485 et
2162 2439 2318 2485 invitis
2334 2448 2461 2485 tanta

344 2528 623 2583 praestentur
645 2517 893 2565 beneficia.
925 2518 1171 2582 Perpende
1196 2518 1473 2567 altissimum
1492 2519 1541 2565 in
1562 2518 1702 2566 nobis
1719 2518 1891 2566 divinae
1909 2517 2159 2565 consilium
2186 2518 2370 2583 pietatis
2384 2554 2396 2577 ,
2417 2529 2463 2564 et

344 2615 490 2663 quam
508 2597 874 2646 misericorditer
886 2598 1121 2661 judicium
1146 2615 1287 2645 suum
1303 2599 1538 2647 Dominus
1557 2599 1605 2644 in
1622 2599 1978 2662 correptionem
1995 2597 2210 2655 verterit,
2242 2607 2289 2644 et
2318 2613 2462 2661 quam

345 2678 608 2743 prudenter
624 2681 636 2703 ³
656 2678 791 2730 malis
817 2694 1011 2742 quoque
1036 2678 1148 2743 ipsis
1172 2694 1284 2725 usus
1309 2678 1391 2738 sit,
1420 2688 1468 2726 et
1491 2678 1783 2743 impietatem
1809 2677 1886 2743 pie
1917 2677 2212 2742 deposuerit,
2241 2686 2294 2723 ut
2324 2676 2465 2723 unius

346 2760 491 2824 partis
508 2759 722 2824 corporis
747 2759 839 2805 mei
861 2758 1117 2822 justissima
1134 2758 1271 2824 plaga
1288 2757 1476 2806 duabus
1496 2758 1768 2806 mederetur
1794 2757 2059 2805 animabus.
2084 2757 2258 2804 Confer
2282 2757 2463 2822 pericu-

347 2840 448 2887 lum
467 2849 514 2886 et
534 2839 823 2886 liberationis
847 2838 1064 2886 modum.
1094 2838 1270 2886 Confer
1292 2838 1573 2903 languorem
1602 2849 1649 2886 et
1674 2838 1977 2887 medicinam.
2001 2838 2276 2885 Meritorum
2302 2853 2467 2884 causas

347 2920 527 2984 inspice
541 2955 553 2979 ,
577 2929 623 2966 et
641 2919 956 2967 miserationis
974 2918 1170 2967 affectus
1189 2919 1442 2967 admirare.
1473 2920 1604 2967 Nosti
1629 2919 1818 2983 quantis
1842 2917 2214 2983 turpitudinibus
2234 2916 2467 2964 immode-

350 3010 452 3048 rata
465 3015 573 3047 mea
590 2998 739 3048 libido
754 2999 768 3022 ⁸
782 3015 986 3064 corpora
1003 3009 1166 3047 nostra
1183 2999 1429 3048 addixerat
1442 3003 1471 3060 ⁹,
1492 3010 1545 3048 ut
1563 2999 1693 3047 nulla
1711 2999 1969 3047 honestatis
1992 2998 2066 3046 vel
2094 2999 2181 3046 Dei
2204 2997 2466 3045 reverentia

350 3082 398 3127 in
429 3079 542 3145 ipsis
570 3079 711 3127 etiam
740 3077 908 3125 diebus
939 3078 1190 3129 dominicae
1214 3080 1470 3144 passioniS,
1500 3079 1575 3127 vel
1605 3088 2084 3144 quantarumcunque
2114 3076 2466 3125 solemnitatum

350 3160 411 3207 ab
442 3159 582 3223 hujus
616 3158 707 3207 luti
738 3157 990 3206 volutabro
1014 3175 1096 3207 me
1132 3170 1390 3208 revocaret.
1423 3159 1519 3207 Sed
1551 3169 1598 3207 et
1622 3169 1668 3206 te
1692 3158 1960 3218 nolentem,
2001 3168 2048 3205 et
2060 3160 2087 3184 ¹⁰
2111 3168 2256 3223 prout
2278 3167 2468 3222 poteras

352 3241 660 3287 reluctantem
682 3250 728 3286 et
747 3239 1099 3287 dissuadentem
1114 3276 1125 3298 ,
1148 3257 1254 3304 quae
1273 3251 1441 3287 natura
1458 3239 1693 3287 infirmior
1712 3255 1831 3298 eras,
1854 3238 2022 3304 saepius
2043 3238 2184 3285 minis
2202 3255 2258 3285 ac
2276 3236 2468 3301 flagellis

398 3384 407 3400 ¹
426 3385 539 3417 Animo
555 3391 620 3417 tam
636 3387 764 3426 inyraeo
781 3384 873 3418 Rus.
887 3402 932 3410 —
945 3383 957 3401 ⁸
978 3385 1190 3427 Prorumpere
1206 3385 1272 3419 MS.
1289 3385 1383 3418 Amb.
1433 3385 1445 3401 ⁷
1460 3386 1640 3418 Prudentia
1659 3392 1781 3426 quanta
1798 3384 1891 3422 Rus.
1906 3401 1946 3408 -—
1965 3383 1978 3401 ⁸
1991 3385 2186 3420 Immodicas
2198 3393 2285 3416 meus
2298 3390 2329 3415 et
2339 3384 2468 3416 illicitus

354 3459 391 3464 —
410 3441 423 3457 ³
442 3441 560 3474 Psaim.
576 3452 697 3479 xxxix.
711 3451 742 3474 v,
765 3442 817 3475 18.
834 3460 872 3466 -
891 3441 904 3458 ⁴
922 3442 976 3475 Sic
991 3441 1027 3475 D.
1044 3459 1066 3466 -
1080 3442 1248 3475 Constituti
1261 3452 1387 3474 eramus
1432 3450 1529 3476 cestus
1544 3441 1639 3476 Rus,
1651 3460 1691 3466 —
1703 3440 1716 3458 ⁹
1732 3442 1935 3474 Addixmnt
1947 3439 2125 3475 Rus—¹⁰
2141 3440 2226 3473 Totis
2239 3441 2355 3473 viribus
2372 3438 2464 3472 RMS.

356 3497 416 3529 Ed.
435 3496 529 3530 Amb.
546 3515 583 3520 —
601 3497 614 3515 ⁸
631 3497 748 3531 Psalm.
766 3508 841 3540 uv,
861 3509 890 3531 v.
910 3501 958 3531 16.
978 3516 1014 3522 ο-
1032 3498 1045 3515 ⁶
1063 3499 1136 3531 Jam
1152 3499 1216 3532 MS.
1234 3498 1328 3532 Amb.
1346 3517 1386 3522 —-
