2970 4152
1286 412 1604 460 EPISTOLAE.
2417 413 2512 461 207

387 509 564 557 nesciat
576 519 738 556 utrum
754 510 803 556 in
820 507 1204 556 maledictionem
1222 509 1380 573 potius
1393 525 1537 572 quam
1547 507 1933 554 benedictionem
1955 505 2170 553 inducas.
2194 506 2416 570 'Denique
2435 508 2518 570 qui

386 590 637 655 Scripturae
654 606 755 636 non
773 589 952 636 habent
969 588 1345 652 intelligentiam,
1371 587 1622 651 quomodo
1642 587 1877 634 sermonis
1892 585 2255 634 aedificationem
2271 585 2361 633 sibi
2380 587 2517 633 mini·

385 668 625 729 strabunt,
652 679 734 716 aut
752 670 892 716 etiam
913 668 1127 733 regulam
1147 683 1386 733 exponere
1401 667 1477 714 vel
1491 666 1774 731 intelligere,
1798 676 1880 713 aut
1894 667 2062 713 vitiose
2078 666 2262 731 prolata
2278 666 2516 730 corrigere

385 750 647 798 valebunt?
669 751 809 798 Unde
833 766 932 797 non
958 750 1262 797 mediocriter
1285 748 1517 795 miramur
1540 765 1646 813 quae
1674 749 1854 795 inimici
1884 748 2119 812 suggestio
2145 748 2192 794 in
2218 747 2517 795 monasteriis

385 830 480 878 hoc
504 832 614 897 egit,
637 841 689 878 ut
704 830 834 878 nulla
852 831 919 877 ibi
941 830 1002 877 de
1027 829 1344 894 intelligendis
1368 830 1612 894 scripturis
1636 829 1728 875 sint
1753 827 1931 887 studia,
1967 828 2052 875 sed
2078 827 2138 875 de
2160 838 2302 875 cantu
2329 837 2516 875 tantum

386 912 461 959 vel
485 912 547 960 de
569 912 726 960 verbis
743 911 1050 959 solummodo
1065 910 1349 970 formandis,
1367 927 1468 957 non
1482 909 1801 973 intelligendis
1814 946 1827 969 ,
1845 909 2079 956 habeatur
2095 908 2363 974 disciplina:
2382 909 2517 973 quasi

386 994 550 1042 ovium
570 994 755 1042 balatus
773 993 880 1059 plus
896 993 1106 1040 utilitatis
1122 992 1322 1053 habeat,
1347 1009 1491 1057 quam
1510 1002 1689 1058 pastus.
1720 991 1864 1039 Cibus
1887 992 2068 1056 *quippe
2086 1000 2155 1037 est
2169 991 2338 1037 animae
2357 1001 2404 1038 et
2421 991 2516 1056 spi-

385 1073 531 1122 ritalis
543 1074 736 1122 refectio
748 1074 835 1140 ipsi
846 1073 1007 1120 divina
1017 1072 1323 1136 intelligentia
1337 1074 1605 1138 Scripturae.
1625 1071 1763 1119 Unde
1774 1082 1821 1119 et
1833 1070 2126 1119 Ezechielem
2141 1070 2297 1136 proph
2303 1081 2425 1118 etam
2434 1074 2447 1097 ²
2457 1072 2518 1118 ad

385 1153 743 1218 praedicandum
758 1154 995 1201 Dominus
1008 1152 1268 1212 destinans,
1296 1170 1408 1200 eum
1427 1153 1559 1218 prius
1582 1152 1825 1199 volumine
1850 1152 1997 1212 cibat,
2022 1151 2156 1216 quod
2179 1152 2335 1199 statim
2351 1151 2399 1198 in
2417 1151 2517 1215 ejus

386 1235 662 1303 orexfactum
681 1245 751 1282 est
763 1234 863 1282 mel
889 1234 1045 1281 dulce.
1081 1237 1152 1281 De
1171 1250 1270 1298 quo
1287 1234 1430 1281 etiam
1448 1233 1556 1280 cibo
1582 1233 1812 1299 scriptum
1838 1243 1910 1280 est
1931 1233 1979 1280 in
2006 1233 2254 1280 Jeremia’:
2288 1252 2310 1277 «
2331 1232 2518 1280 Parvuli

389 1315 628 1379 petierunt
643 1330 818 1379 panem
832 1350 844 1374 ‚
873 1324 920 1362 et
943 1330 1043 1361 non
1070 1323 1170 1361 erat
1189 1314 1272 1378 qui
1289 1313 1523 1378 frangeret
1542 1314 1625 1360 eis.
1647 1333 1670 1358 »
1699 1316 1875 1361 Panem
1900 1314 2078 1378 quippe
2093 1312 2303 1378 parvulis
2324 1312 2514 1377 frangit,

389 1395 473 1458 qui
494 1394 659 1442 litterae
677 1411 869 1443 sensum
893 1393 1259 1460 simplicioribus
1280 1395 1446 1459 aperit.
1473 1394 1531 1440 Hi
1551 1410 1666 1441 vero
1692 1393 1877 1459 parvuli
1899 1410 2072 1459 panem
2092 1393 2241 1457 frangi
2255 1393 2513 1458 postulant,

388 1491 537 1540 quum
558 1475 619 1523 de
638 1476 944 1541 intelligentia
962 1475 1214 1541 Scripturae
1233 1475 1443 1522 animam
1467 1475 1670 1539 saginari
1688 1474 1984 1534 desiderant,
2013 1475 2134 1521 sicut
2153 1473 2264 1521 alibi
2282 1474 2518 1521 Dominus

388 1558 631 1603 testatur⁸:
660 1557 924 1603 «Emittam
944 1558 1118 1603 famem
1144 1556 1192 1602 iu
1219 1565 1363 1612 terra,
1393 1572 1491 1602 non
1518 1555 1691 1603 famem
1716 1556 1878 1621 panis,
1909 1571 2065 1619 neque
2093 1554 2218 1601 sitim
2244 1571 2405 1619 aquae,
2435 1555 2517 1622 sed

387 1635 614 1684 audiendi
627 1637 829 1684 verbum
845 1636 1057 1684 Domini.
1078 1655 1100 1679 υ
1118 1636 1239 1683 Hinc
1255 1645 1416 1683 autem
1437 1653 1462 1683 e
1481 1637 1723 1684 contrario
1741 1637 1964 1700 antiquus
1979 1635 2128 1682 hostis
2142 1635 2315 1682 famem
2333 1645 2379 1683 et
2392 1637 2515 1682 sitim

374 1710 615 1765 ⁶audiendi
639 1717 784 1765 verba
808 1718 1088 1777 hominum,
1112 1727 1158 1764 et
1181 1733 1398 1764 rumores
1423 1716 1597 1776 seculi,
1627 1716 1842 1763 claustris
1868 1717 2268 1763 monasteriorum
2295 1717 2513 1775 immisit,

388 1806 441 1845 ut
458 1798 733 1863 vaniloquio
758 1808 981 1846 vacantes
1010 1798 1170 1845 divina
1196 1807 1328 1845 tanto
1353 1798 1556 1863 amplius
1587 1797 1881 1845 fastidiamus
1909 1798 2123 1863 eloquia,
2156 1808 2336 1862 quanto
2370 1800 2517 1863 magis

387 1878 488 1926 sine
504 1878 758 1927 dulcedine
771 1879 845 1927 vel
862 1879 1174 1942 condimento
1192 1879 1511 1943 intelligentiae
1521 1878 1661 1925 nobis
1676 1877 1796 1926 fiunt
1807 1878 2028 1944 insipida.
2042 1879 2180 1926 Unde
2195 1889 2240 1926 et
2254 1878 2512 1937 Psalmista‚

387 1967 440 2006 ut
456 1974 599 2025 supra
627 1959 979 2007 meminimus⁴z
1014 1978 1039 2004 «
1055 1959 1212 2017 Quam
1234 1957 1391 2005 dulcia
1417 1957 1632 2006 faucibus
1660 1958 1778 2005 meis
1803 1957 1990 2022 eloquia
2022 1957 2123 2005 tua!
2154 1975 2296 2024 super
2320 1958 2415 2005 mel
2447 1961 2518 2005 ori

386 2055 511 2087 meo,
536 2042 702 2098 »Quae
729 2039 925 2105 quidem
952 2039 1159 2087 dulcedo
1173 2040 1219 2086 in
1238 2056 1336 2104 quo
1355 2040 1634 2086 consisteret
1647 2040 1805 2086 statim
1827 2039 2054 2086 annexuit
2073 2038 2263 2087 dicens:
2291 2059 2315 2085 «
2333 2042 2365 2086 A
2384 2056 2516 2087 man-

384 2118 506 2167 datis
530 2121 622 2168 tuis
646 2114 870 2168 intellexi.
895 2139 918 2164 »
940 2120 994 2167 ld
1014 2130 1110 2180 est,
1133 2136 1159 2167 a
1178 2119 1416 2167 mandatis
1442 2120 1533 2167 tuis
1557 2120 1717 2185 potius
1745 2136 1892 2184 quam
1915 2119 2138 2167 humanis
2157 2119 2512 2184 intelligentiam

382 2201 571 2266 accepi3
596 2201 685 2248 illis
710 2201 928 2249 videlicet
953 2200 1166 2249 eruditus
1193 2211 1335 2266 atque
1364 2202 1635 2249 instructus.
1671 2201 1816 2265 Cujus
1843 2200 2039 2265 quidem
2064 2201 2382 2266 intelligentiae
2410 2219 2512 2266 quae

381 2280 439 2328 sit
462 2281 637 2330 utilitas
654 2299 753 2330 non
779 2282 1103 2348 praetermisit,
1133 2282 1451 2347 subjungens:
1486 2301 1508 2327 «
1531 2285 1788 2348 Propterea
1807 2281 1938 2329 odivi
1958 2298 2155 2329 omnem
2184 2283 2310 2329 viam
2333 2283 2511 2346 iniqui-

381 2362 500 2409 tatis.
520 2381 544 2407 »
571 2362 728 2410 Multae
748 2364 927 2429 quippe
954 2363 1212 2428 iniquitatis
1240 2363 1324 2410 viae
1349 2364 1412 2410 ita
1438 2379 1523 2428 per
1551 2379 1601 2410 se
1632 2373 1743 2410 sunt
1762 2373 1952 2429 apertae,
1977 2373 2030 2410 ut
2050 2363 2182 2410 facile
2209 2362 2435 2410 omnibus
2463 2363 2510 2409 in

382 2442 548 2490 odium
566 2444 643 2491 vel
661 2454 992 2510 contemptum
1010 2445 1227 2503 veniant,
1256 2444 1338 2492 sed
1361 2461 1555 2491 omnem
1574 2444 1833 2508 iniquitatis
1853 2445 1979 2492 viam
1999 2461 2097 2491 non
2118 2444 2209 2491 nisi
2224 2461 2311 2509 per
2327 2444 2514 2508 eloquia

381 2522 542 2571 divina
571 2541 945 2590 cognoscamus,
971 2535 1022 2572 ut
1046 2541 1215 2572 omues
1240 2526 1417 2572 evitare
1443 2525 1697 2589 possimus.
1729 2525 1850 2571 Hinc
1877 2535 1923 2572 et
1951 2524 2068 2572 illud
2098 2527 2218 2572 est¹⁵z
2250 2545 2273 2570 «
2297 2528 2348 2571 ln
2370 2524 2515 2572 corde

381 2621 490 2652 meo
509 2604 740 2652 abscondi
759 2605 949 2670 eloquia
976 2615 1079 2666 tua,
1105 2616 1158 2653 ut
1175 2622 1275 2652 non
1301 2622 1498 2671 peccem
1518 2605 1619 2652 tibi.
1642 2624 1665 2650 »
1694 2608 1747 2652 In
1774 2604 1921 2652 corde
1950 2606 2109 2670 potius
2134 2605 2379 2652 recondita
2406 2616 2515 2653 sunt

379 2701 525 2749 quam
543 2685 593 2733 in
622 2702 707 2733 ore
731 2686 967 2745 sonantia,
985 2702 1135 2750 quum
1150 2702 1320 2733 eorum
1339 2685 1698 2749 intelligentiam
1718 2684 1963 2732 meditatio
1989 2695 2153 2732 nostra
2171 2686 2356 2732 retinet.
2386 2688 2515 2743 Quo-

379 2782 486 2813 rum
521 2766 716 2831 quidem
750 2766 1069 2831 intelligentiae
1096 2777 1277 2831 quanto
1312 2767 1470 2813 minus
1503 2767 1775 2826 studemus,
1816 2767 1973 2814 minus
2004 2766 2090 2813 has
2123 2766 2382 2830 iniquitatis
2417 2766 2514 2813 vias

379 2848 711 2910 cognoscimus
737 2858 879 2912 atque
908 2849 1136 2908 vitamus,
1163 2858 1210 2895 et
1233 2848 1392 2895 minus
1415 2864 1442 2895 a
1470 2858 1668 2913 peccato
1693 2847 1834 2895 nobis
1860 2847 2114 2913 providere
2138 2848 2366 2895 valemus.
2398 2849 2513 2905 Quae

379 2926 576 2992 quidem
600 2927 883 2992 negligentia
909 2938 1042 2976 tanto
1065 2927 1269 2993 amplius
1294 2929 1342 2975 in
1371 2929 1648 2988 monachis,
1690 2929 1773 2994 qui
1805 2929 1866 2976 ad
1897 2928 2239 2995 perfectionem
2273 2928 2508 2993 aspirant,

380 3018 448 3055 est
464 3009 707 3073 arguenda
721 3045 733 3068 ,
756 3018 938 3074 quanto
956 3008 1058 3056 haec
1076 3009 1143 3056 eis
1162 3008 1343 3056 facilior
1360 3019 1482 3056 esset
1498 3008 1717 3057 doctrina
1731 3045 1743 3069 ,
1767 3010 1847 3073 qui
1869 3019 1916 3056 et
1935 3009 2078 3056 sacris
2094 3008 2342 3056 abundant
2362 3007 2508 3067 libris,

379 3098 427 3136 et
443 3090 615 3153 quietis
631 3089 731 3136 otio
756 3089 1082 3154 perfruuntur.
1116 3091 1251 3147 Quos
1271 3089 1467 3154 quidem
1493 3089 1554 3137 de
1585 3089 1891 3137 multitudine
1916 3090 2203 3154 scriptorum
2229 3088 2508 3152 gloriantes,

380 3168 463 3224 sed
476 3168 537 3216 ab
550 3186 719 3217 eorum
735 3169 940 3218 lectione
958 3179 1197 3230 vacanteS,
1220 3187 1364 3218 senex
1380 3169 1458 3218 ille
1478 3171 1525 3218 in
1544 3173 1666 3217 Vitis
1678 3174 1879 3217 Patrum
1897 3170 2081 3234 egregie
2097 3170 2274 3234 arguit,
2297 3168 2505 3217 dicens⁶z

385 3268 408 3294 «
427 3249 678 3316 Prophetae
704 3251 997 3316 scripserunt
1022 3249 1191 3310 libros,
1220 3260 1379 3316 patres
1397 3261 1557 3299 autem
1584 3251 1733 3298 nostri
1757 3260 1990 3298 venerunt
2008 3258 2118 3315 post
2136 3266 2243 3308 eos,
2265 3260 2311 3298 et
2329 3252 2512 3317 operati

425 3462 435 3479 ⁸
462 3462 596 3502 zacch..
615 3471 689 3505 cap.
714 3472 769 3502 m,
786 3472 818 3495 v.
837 3463 869 3495 3.
885 3479 929 3487 -
946 3460 958 3477 ⁸
977 3461 1121 3495 lomene.
1149 3462 1271 3496 Jcrem.
1292 3474 1364 3508 cap.
1398 3475 1448 3503 iv,
1472 3475 1502 3496 v.
1527 3464 1556 3496 ⁴.
1579 3481 1616 3486 --
1641 3462 1654 3480 ⁸
1676 3463 1794 3501 Amos,
1825 3473 1896 3506 cap.
1925 3474 1997 3501 vm,
2024 3474 2056 3495 v.
2095 3465 2143 3495 n.
2159 3479 2200 3487 --
2218 3462 2231 3478 ⁴
2253 3462 2369 3495 Psalm.
2390 3473 2485 3494 cxvm
2501 3488 2509 3502 ‚

368 3532 409 3554 ·v.
434 3523 507 3554 103.
526 3538 566 3545 -
581 3521 594 3538 ⁸
617 3520 715 3560 ibid„
735 3531 766 3554 v.
787 3523 839 3554 11.
863 3537 908 3546 -
931 3519 944 3538 ⁰
965 3521 1023 3553 Vie.
1046 3521 1197 3560 Puerum,
1214 3529 1300 3565 part.
1326 3523 1370 3557 11.
