2970 4152
758 423 992 472 CONTRA
1029 419 1322 479 QUEMDAM
1357 419 1699 468 CANONICUM
1732 418 2114 466 REGULAREM.
2411 419 2506 466 693

375 538 540 570 revera
564 519 887 587 periculosum
911 533 1013 564 esse
1034 515 1503 564 administrationem
1527 514 1894 561 ecclesiasticam
1918 515 2161 579 suscipere
2176 551 2186 570 ,
2213 530 2267 560 ac
2291 514 2511 561 difficilli-

376 618 510 648 mum
532 602 581 647 in
605 617 661 647 ea
676 637 687 659 ,
714 608 950 664 quantum
973 604 1165 661 oportet
1189 595 1426 643 desudare
1447 613 1457 641 :
1485 595 1570 641 sed
1589 595 1807 659 profecto
1830 604 1966 641 tanto
1989 594 2174 657 majora
2197 604 2385 641 constat
2407 612 2508 641 esse

374 682 592 745 praemia,
630 689 812 744 quanto
849 677 962 724 huic
990 676 1147 724 labori
1176 676 1330 739 major
1358 674 1596 721 incumbit
1629 673 1900 722 difficultas.
1938 675 2026 720 Cui
2057 674 2267 739 primum
2290 674 2408 720 illud
2431 691 2506 721 re—

373 761 594 826 spondeo
627 760 896 807 Tullianum
935 776 946 804 z
972 776 996 803 «
1018 756 1162 815 Quod
1185 757 1225 803 si
1246 755 1567 814 laboriosum,
1594 772 1694 801 non
1719 755 1880 802 statim
1896 755 2194 820 praeclarum.
2218 775 2239 800 »
2283 755 2505 820 Alioquin

374 839 423 886 in
452 839 662 887 Ecclesia
696 839 808 897 Dei,
842 838 926 902 qui
955 836 1248 901 quotidianis
1283 836 1562 901 nuptiarum
1597 835 1827 882 molestiis
1850 845 1897 882 et
1919 835 2319 882 sollicitudinibus
2350 836 2506 901 impli-

373 929 544 968 cantur
566 919 789 978 assiduis,
818 918 893 964 his
914 917 1187 982 preferendi
1204 927 1384 975 essent,
1404 916 1488 980 qui
1504 914 1725 962 coelibem
1740 916 1890 962 vitam
1910 915 2156 975 ducentes,
2178 917 2336 963 minus
2360 933 2506 964 onere

373 1001 529 1049 saeculi
563 1010 867 1066 premuntur,
894 1009 942 1046 et
964 998 1029 1046 ob
1052 998 1149 1045 hoc
1171 998 1366 1045 liberius
1389 1007 1533 1062 atque
1555 997 1722 1062 purius
1744 999 1847 1043 Deo
1871 1006 2066 1055 vacant,
2093 1007 2325 1061 tanquam
2348 997 2508 1044 lectuli

371 1082 583 1147 quietem
612 1081 790 1146 adepti.
823 1080 1043 1144 Denique
1065 1079 1104 1125 si
1127 1096 1217 1143 pro
1238 1088 1498 1142 augmento
1528 1078 1813 1124 meritorum
1836 1094 1918 1124 eos
1941 1077 2149 1136 extollis,
2177 1079 2260 1142 qui
2283 1078 2343 1125 de
2366 1080 2509 1125 virtu-

373 1161 500 1209 tibus
523 1162 619 1209 suis
649 1160 972 1220 confidentes,
998 1177 1183 1225 pugnas
1205 1160 1530 1207 tentationum
1551 1167 1599 1205 et
1620 1157 1867 1204 illecebras
1896 1158 2066 1205 mundi
2096 1159 2244 1221 magis
2275 1159 2508 1207 sustinere

370 1257 518 1306 quam
553 1242 715 1306 fugere
749 1241 1092 1300 decreverunt,
1118 1240 1229 1287 vide
1253 1250 1416 1287 utrum
1437 1239 1538 1298 his,
1565 1239 1648 1303 qui
1670 1238 2018 1285 continentiam
2042 1249 2304 1298 voverunt,
2330 1257 2505 1286 consu-

371 1322 567 1370 lendum
603 1323 686 1382 sit,
713 1332 766 1369 ut
795 1323 843 1369 in
867 1321 1179 1387 lupanaribus
1196 1359 1207 1381 ,
1230 1322 1305 1369 vel
1330 1321 1413 1368 ubi
1439 1321 1632 1368 crebras
1656 1320 2105 1378 fornicationes¹...,
2129 1320 2239 1367 vide
2268 1331 2350 1367 aut
2380 1322 2506 1368 hanc

365 1394 595 1450 xvirtutem
612 1403 843 1450 >studeant
866 1420 1152 1451 conservare
1167 1440 1178 1461 ,
1198 1413 1246 1450 et
1270 1420 1320 1449 se
1340 1413 1513 1468 sponte
1536 1402 1759 1468 periculis
1785 1401 2093 1465 objicientes,
2119 1402 2204 1448 sed
2229 1419 2334 1466 quae
2356 1403 2506 1466 magis

370 1484 566 1548 angelos
581 1522 592 1544 ,
618 1501 765 1549 quam
786 1484 1010 1532 homines
1034 1484 1360 1543 attendentes,
1388 1494 1522 1532 tanta
1544 1483 1797 1531 securitate
1816 1483 1889 1530 sui
1913 1486 2068 1529 Deum
2088 1494 2379 1547 praesumant
2401 1494 2507 1531 ten-

370 1573 489 1612 tare.
517 1567 613 1612 Cur
635 1565 780 1612 etiam
802 1564 962 1612 clerici
984 1564 1186 1612 feminas
1205 1565 1256 1611 in
1276 1564 1598 1612 contubernio
1616 1581 1704 1611 suo
1723 1563 1903 1611 habere
1924 1562 2264 1628 prohibentur,
2283 1564 2374 1610 nisi
2390 1564 2506 1611 tales

370 1646 799 1711 consanguinitatis
828 1663 1083 1711 personas,
1111 1647 1171 1694 de
1194 1646 1370 1711 quibus
1399 1645 1532 1693 nulla
1559 1646 1768 1711 suspicio
1797 1645 2108 1710 turpitudinis
2134 1646 2284 1710 possit
2311 1645 2506 1693 haberi?

370 1727 500 1783 Quas
522 1743 718 1792 quoque
740 1736 897 1774 vester
919 1727 1150 1786 maxime,
1176 1737 1230 1774 ut
1253 1727 1433 1786 dicitis,
1459 1736 1726 1792 praeceptor
1751 1726 2038 1789 Augustinus
2067 1714 2116 1772 in
2145 1736 2333 1773 tantum
2357 1725 2499 1773 decli·

371 1823 485 1855 nare
508 1807 744 1867 decrevit,
770 1817 824 1854 ut
847 1824 936 1855 nec
961 1808 1310 1855 sanctissimam
1338 1824 1557 1854 sororem
1580 1824 1744 1854 secum
1766 1806 1986 1853 habitare
2009 1806 2283 1872 pertulerit,
2305 1807 2469 1854 dicens
2489 1826 2498 1853 :

372 1907 396 1932 «
423 1890 540 1945 Quae
574 1905 686 1935 cum
710 1905 876 1936 sorore
898 1905 1007 1936 mea
1028 1898 1163 1948 sunt,
1190 1905 1379 1936 sorores
1403 1905 1519 1935 meae
1541 1905 1641 1935 non
1668 1897 1797 1935 sunt.
1824 1906 1848 1932 »
1874 1890 1970 1934 Cur
1993 1896 2039 1933 et
2061 1904 2148 1934 vos
2170 1887 2260 1952 ipsi
2283 1887 2504 1936 canonici

369 1968 608 2032 regulares
631 1985 657 2016 a
680 1969 819 2017 vobis
854 1969 967 2034 ipsis
993 1970 1182 2016 noviter
1210 1969 1459 2035 appellati,
1486 1970 1607 2016 sicut
1632 1978 1680 2015 et
1702 1968 1892 2015 noviter
1916 1968 2091 2025 exorti,
2118 1985 2295 2032 magno
2319 1969 2503 2016 ambitu

369 2066 619 2097 murorum
642 2050 847 2097 claustra
869 2060 1026 2098 vestra
1047 2051 1307 2115 sepientes,
1335 2067 1471 2097 more
1500 2049 1856 2097 monachorum
1874 2086 1885 2108 ,
1901 2049 1980 2096 ab
2009 2048 2243 2096 illecebris
2274 2059 2321 2095 et
2346 2060 2501 2097 tenta-

368 2130 580 2178 tionibus
602 2131 758 2179 saeculi
782 2131 985 2178 manetis
1009 2131 1176 2178 divisi?
1199 2131 1247 2177 Si
1270 2147 1403 2194 ergo,
1430 2141 1484 2178 ut
1504 2148 1592 2178 vos
1608 2147 1804 2195 quoque
1827 2130 2028 2188 docetis,
2045 2139 2092 2176 et
2109 2129 2335 2176 omnibus
2351 2140 2499 2195 patet,

366 2211 680 2260 imbecillitati
708 2211 931 2259 humanae
960 2212 1110 2275 magis
1139 2211 1383 2276 provideri
1405 2212 1634 2259 convenit
1657 2227 1686 2258 a
1707 2210 1930 2276 periculis
1946 2248 1957 2269 ,
1984 2227 2131 2275 quam
2155 2210 2282 2257 ultro
2305 2228 2355 2258 se
2379 2211 2502 2275 obji—

366 2307 474 2339 cere
508 2291 623 2351 illis3
661 2292 880 2357 profecto
903 2291 1158 2339 consilium
1187 2302 1257 2339 est
1286 2292 1451 2339 omnia
1473 2301 1787 2351 tentamenta,
1813 2291 1977 2356 quoad
1999 2308 2278 2355 possumus,
2305 2292 2498 2350 evitare,

367 2373 627 2436 praesertim
650 2373 689 2419 si
712 2388 819 2419 eam
840 2372 1070 2435 eligamus
1091 2373 1257 2431 vitam,
1280 2389 1386 2436 quae
1403 2382 1450 2419 et
1469 2373 1664 2435 majoris
1686 2372 1746 2418 sit
1768 2372 1948 2430 meriti,
1970 2381 2017 2418 et
2039 2372 2198 2418 minus
2222 2381 2382 2435 pateat
2405 2382 2505 2419 ten-

367 2451 554 2498 tationi.
594 2451 739 2508 Quod
761 2460 861 2498 tam
885 2451 1168 2499 auctoritate
1197 2454 1414 2510 Patrum,
1442 2467 1588 2515 quam
1615 2451 1755 2497 certis
1778 2467 1939 2497 rerum
1963 2450 2233 2497 declaratur
2253 2451 2497 2516 exemplis.

366 2532 525 2579 Vitam
550 2532 996 2596 contemplationis,
1022 2532 1234 2597 quietem
1253 2531 1559 2579 tumultuosae
1585 2531 1801 2578 fidelium
1825 2531 2005 2578 actioni
2028 2541 2217 2579 constat
2239 2549 2267 2579 a
2288 2533 2500 2580 Domino

366 2612 610 2677 praelatam
634 2612 776 2659 fuisse
800 2630 810 2659 ε
838 2622 885 2659 et
907 2613 1064 2660 Mariae
1087 2623 1298 2677 partem,
1327 2629 1474 2677 quam
1503 2612 1738 2677 optimam
1761 2612 1900 2670 dixit,
1934 2612 2058 2676 parti
2092 2612 2288 2660 Marthae
2316 2624 2502 2661 certum

365 2703 437 2740 est
471 2693 713 2741 anteferri.
753 2693 983 2750 Quamvis
1016 2694 1146 2740 enim
1174 2693 1362 2741 Martha
1390 2693 1607 2740 reficeret
1628 2694 1916 2751 Dominum,
1944 2692 2124 2739 felicius
2147 2694 2293 2740 Maria
2317 2694 2499 2741 reficie-

366 2773 509 2821 batur
530 2790 558 2821 a
582 2775 812 2832 Domino,
829 2783 876 2820 et
893 2773 1036 2837 longe
1054 2773 1303 2820 meliorem
1327 2774 1564 2821 Dominus
1586 2790 1734 2837 quam
1757 2773 1942 2820 Martha
1966 2773 2268 2821 ministrabat
2289 2775 2503 2822 refectio-

367 2857 521 2902 nem’.
555 2854 752 2902 Marthae
783 2854 1069 2902 ministratio
1102 2864 1172 2902 est
1200 2855 1468 2902 necessaria
1492 2854 1710 2919 corporis
1741 2854 2019 2919 providere,
2048 2854 2249 2901 verbum
2272 2855 2500 2920 praedica-

368 2936 511 2983 tionis
534 2952 748 3000 erogare,
771 2936 975 2983 aliorum
998 2937 1173 3000 magis,
1199 2953 1255 2983 ex
1278 2935 1440 2983 officio
1460 2936 1658 3000 proprio
1672 2972 1683 2994 ,
1721 2952 1868 3000 quam
1891 2936 1963 2983 sui
1989 2953 2154 2983 curam
2178 2953 2356 3000 gerere.
2394 2940 2501 2985 Non

366 3017 497 3064 enim
525 3016 744 3063 Ecclesiae
776 3026 1018 3082 pastores,
1054 3018 1102 3064 in
1132 3033 1191 3064 eo
1220 3017 1354 3082 quod
1383 3027 1599 3082 pastores
1629 3027 1766 3077 sunt,
1801 3026 1898 3064 tam
1933 3017 1994 3064 de
2023 3018 2228 3082 propriis
2259 3035 2405 3082 quam
2439 3019 2500 3066 de

365 3095 692 3160 subjectorum
717 3096 906 3161 pabulis
928 3096 1110 3144 habent
1132 3098 1363 3160 cogitare,
1389 3114 1480 3144 nec
1503 3098 1551 3144 in
1573 3097 1669 3144 hoc
1691 3107 1791 3144 tam
1812 3096 1903 3144 sibi
1927 3114 2074 3161 quam
2098 3096 2200 3144 aliis
2221 3097 2497 3162 proficiunt.

367 3177 505 3225 Unde
529 3188 577 3225 et
599 3178 837 3225 Dominus
865 3194 1016 3242 quum
1045 3179 1096 3225 in
1127 3178 1223 3226 hoc
1252 3178 1414 3226 officio
1445 3182 1638 3226 Petrum
1660 3180 1973 3226 constitueret
1990 3217 2001 3238 ,
2036 3196 2342 3244 nequaquam
2371 3182 2459 3229 ait⁸
2485 3201 2494 3229 :

370 3275 393 3302 α
412 3259 556 3305 Pasce
578 3258 803 3323 teipsum,
825 3276 848 3303 »
874 3258 978 3317 sed,
1007 3277 1032 3303 «
1050 3274 1191 3323 pasce
1214 3275 1329 3306 oves
1351 3275 1501 3318 meas,
1522 3278 1545 3303 υ
1572 3259 1690 3318 sive,
1720 3275 1910 3323 «agnos
1934 3276 2086 3318 meos,
2109 3278 2133 3304 >³
2162 3259 2258 3307 hoc
2280 3271 2349 3308 est
2374 3277 2499 3326 pane

366 3337 588 3402 spiritalis
611 3338 843 3386 doctrinae
871 3337 947 3386 vel
974 3330 1320 3386 exhortationis
1348 3339 1478 3405 ipsos
1502 3339 1687 3387 instrue
1709 3339 1785 3387 vel
1808 3338 2060 3387 confirma.
2087 3342 2159 3388 De
2180 3358 2279 3405 quo
2302 3341 2499 3405 quidem

411 3521 419 3538 ⁸
444 3520 578 3556 videtur
594 3522 646 3557 hic
663 3521 786 3566 aliquid
805 3521 930 3556 deesse.
950 3540 990 3546 —
1007 3520 1020 3538 ¹
1036 3521 1131 3564 Luc.‚
1153 3532 1225 3568 cap.
1244 3534 1285 3564 x,
1302 3534 1332 3557 v.
1350 3523 1391 3556 39
1404 3529 1522 3567 etseq.
1538 3540 1577 3548 -
1596 3523 1610 3542 ⁸
1622 3523 1732 3564 Joan,
1746 3531 1820 3566 cap.
1842 3533 1916 3563 xxi,
1933 3532 1965 3557 v.
1986 3524 2025 3556 15
2040 3529 2073 3556 et
2089 3523 2140 3555 17.
