2970 4152
1224 418 1551 467 SERMONES.
2359 416 2443 465 494

730 702 807 760 IN
856 700 1092 760 FERIA
1135 699 1473 759 SECUNDA
1517 677 2052 758 PENTECOSTES.

1247 883 1397 914 SERMO
1430 883 1510 912 XIX
1518 901 1528 912 .

394 1012 649 1058 Maximam
673 1011 803 1076 apud
829 1028 916 1058 vos
945 1012 1248 1059 festivitatem
1273 1014 1573 1059 pentecostes
1603 1019 1786 1077 quanto
1815 1008 1997 1073 majore
2024 1009 2182 1056 studio
2214 1009 2453 1056 celebrare

330 1091 560 1150 nitimini,
582 1101 717 1138 tanto
733 1091 950 1156 pluribus
966 1092 1357 1139 exhortationum
1378 1090 1681 1139 sermonibus
1705 1090 1767 1137 ad
1789 1089 1884 1137 hoc
1909 1090 2079 1155 cupitis
2098 1090 2299 1137 incitari.
2331 1091 2453 1137 Octo

330 1173 489 1237 itaque
511 1173 680 1220 diebus
703 1189 810 1220 eam
829 1172 1147 1232 celebrantes,
1174 1173 1223 1219 in
1247 1173 1444 1237 singulis
1466 1173 1566 1220 istis
1585 1171 1796 1236 singulos
1819 1171 1999 1235 exigitis
2026 1188 2286 1218 sermones.
2311 1170 2454 1229 Quod

330 1262 383 1299 ut
404 1252 633 1317 perficere
649 1270 845 1318 queam,
871 1253 966 1300 hoc
985 1253 1046 1300 ab
1066 1254 1171 1318 ipso
1195 1253 1373 1318 Spiritu
1396 1253 1516 1300 mihi
1532 1253 1702 1300 vestris
1726 1250 1948 1317 precibus
1970 1251 2236 1317 impetrate.
2257 1254 2316 1299 Et
2332 1268 2454 1316 quo-

330 1333 460 1380 niam
478 1333 612 1396 juxta
638 1334 934 1380 dominicam
958 1334 1270 1381 assertionem
1285 1371 1296 1392 ,
1324 1334 1481 1381 scriba
1512 1334 1683 1380 doctus
1712 1333 1760 1379 in
1786 1349 1935 1397 regno
1964 1333 2052 1379 Dei
2079 1332 2244 1380 similis
2267 1342 2338 1380 est
2363 1332 2454 1380 ho-

331 1412 472 1471 mini,
495 1414 577 1478 qui
594 1407 777 1478 profert
797 1413 858 1460 de
883 1413 1109 1461 thesauro
1134 1431 1222 1461 suo
1249 1430 1379 1461 nova
1397 1423 1444 1460 et
1459 1423 1644 1472 vetera,
1666 1412 1793 1460 hanc
1812 1413 2048 1477 imperitia
2064 1428 2171 1459 mea
2187 1404 2456 1459 doctrinam

328 1504 564 1557 quantum
582 1494 724 1553 valet,
744 1495 942 1560 cupiens
957 1494 1150 1553 imitari,
1169 1494 1231 1541 de
1246 1497 1382 1542 Novo
1396 1497 1698 1542 Testamento
1715 1493 1777 1541 ad
1790 1495 1973 1541 Veteris
1991 1493 2264 1540 testimonia
2281 1493 2456 1557 stylum

330 1583 609 1621 convertere
645 1583 781 1620 curat
811 1593 822 1620 ε
857 1584 910 1620 ut
947 1591 1005 1620 eo
1039 1574 1217 1637 gratior
1250 1574 1352 1621 haec
1386 1573 1663 1621 solemnitas
1694 1572 1952 1632 habeatur,
1987 1589 2086 1638 quo
2119 1573 2219 1637 ejus
2252 1572 2456 1636 dignitas

330 1654 535 1719 amplius
558 1655 942 1701 commendatur.
971 1657 1104 1701 Hanc
1129 1654 1290 1719 itaque
1314 1655 1467 1702 sancti
1491 1654 1692 1719 Spiritus
1710 1663 1810 1701 tam
1829 1645 2087 1717 gloriosam
2105 1653 2456 1700 solemnitatem

330 1751 416 1799 per
435 1735 660 1783 eumdem
674 1737 903 1801 Spiritum
919 1736 1165 1783 Psalmista
1182 1736 1465 1801 praevidens,
1481 1751 1702 1800 eamque,
1718 1745 1771 1783 ut
1784 1745 1993 1801 oportet,
2008 1735 2286 1782 Ascensioni
2298 1734 2455 1781 domi-

331 1815 448 1863 nicae
473 1816 728 1881 copulam,
763 1817 824 1864 ad
847 1817 946 1881 ejus
968 1817 1321 1881 jucunditatem
1348 1816 1688 1864 celebrandam
1712 1834 1802 1863 nos
1826 1816 2134 1864 vehementer
2169 1816 2452 1873 admonens,

328 1895 545 1958 quodam
564 1896 672 1943 loco
699 1897 781 1944 ait¹
803 1916 813 1944 ε
841 1916 865 1942 «
885 1900 1047 1961 Regna
1074 1908 1233 1957 terrae,
1264 1907 1453 1944 cantate
1478 1899 1606 1955 Deo,
1643 1896 1829 1961 psallite
1856 1897 2085 1943 Domino.
2118 1896 2302 1943 Psallite
2327 1898 2451 1953 Deo,

330 1977 413 2038 qui
436 1977 650 2025 ascendit
669 1995 811 2043 super
830 1978 1005 2025 coelum
1027 1979 1134 2026 coeli
1158 1978 1219 2026 ad
1243 1979 1495 2026 orientem.
1517 1980 1638 2024 Ecce
1657 1977 1791 2024 dabit
1808 1978 1917 2024 voci
1943 1993 2038 2025 suae
2053 1993 2225 2024 vocem
2242 1977 2452 2035 virtutis,

330 2055 440 2103 date
471 2056 671 2120 gloriam
700 2059 803 2104 Deo
835 2074 978 2122 super
1009 2058 1151 2106 lsrael
1185 2076 1195 2104 ι
1229 2056 1582 2122 magnificentia
1612 2056 1712 2119 ejus
1748 2066 1795 2103 et
1826 2056 1976 2104 virtus
2005 2056 2105 2120 ejus
2134 2056 2184 2102 in
2222 2055 2451 2103 nubibus.

329 2137 556 2185 Mirabilis
580 2141 707 2185 Deus
733 2139 782 2186 in
813 2140 989 2186 sanctis
1014 2140 1135 2199 suis,
1158 2142 1286 2186 Deus
1312 2139 1455 2187 Israel
1485 2157 1495 2185 :
1522 2139 1623 2204 ipse
1646 2137 1780 2184 dabit
1806 2139 2031 2185 virtutem
2051 2147 2098 2185 et
2125 2137 2457 2186 fortitudinem

330 2218 458 2283 plebi
488 2236 582 2267 suae
609 2219 890 2267 benedictus
909 2222 1054 2268 Deus.
1080 2240 1103 2265 υ
1133 2221 1310 2268 Divino
1339 2221 1500 2285 itaque
1519 2220 1687 2285 spiritu
1718 2219 2012 2267 illuminatus
2037 2219 2284 2268 Psalmista
2310 2221 2454 2268 etiam

330 2283 439 2362 post
458 2300 787 2347 ascensionem
803 2300 1018 2359 Domini,
1038 2300 1404 2348 descensionem
1422 2300 1636 2364 ejusdem
1657 2300 1859 2365 Spiritus
1880 2299 2150 2348 mirabilem
2163 2338 2174 2359 ,
2192 2311 2238 2348 et
2258 2302 2456 2364 gratiam

330 2378 379 2424 in
409 2379 628 2427 nationes
651 2380 896 2427 universas
921 2379 1122 2428 effusam
1137 2418 1148 2440 ,
1177 2397 1267 2427 nec
1283 2382 1386 2445 jam
1404 2391 1457 2427 ut
1477 2391 1589 2428 ante
1612 2381 1661 2426 in
1685 2380 1846 2428 Judaea
1863 2383 2019 2428 Deum
2035 2381 2325 2445 intelligens,
2347 2382 2453 2429 uni-

330 2475 467 2506 versa
489 2475 634 2524 regna
642 2450 744 2524 jain
758 2477 845 2525 per
860 2459 987 2508 hanc
1005 2461 1205 2524 gratiam
1220 2463 1323 2507 Deo
1341 2461 1595 2524 acquisita,
1621 2459 1682 2506 ad
1699 2461 1857 2524 ipsum
1875 2460 2241 2528 glorificandum
2260 2462 2451 2521 invitat,

331 2538 522 2586 dicens:
543 2559 565 2584 «
585 2542 747 2604 Regna
758 2550 912 2599 terrae‚
930 2550 1118 2588 cantate
1132 2543 1235 2587 Deo
1247 2578 1259 2600 ,
1281 2540 1467 2606 psallite
1483 2540 1713 2599 Domino,
1733 2559 1757 2585 »
1780 2539 1875 2587 hoc
1892 2550 1963 2587 est
1981 2559 1990 2587 :
2010 2541 2249 2588 Universae
2265 2552 2450 2605 gentes,

331 2636 436 2684 quae
447 2620 549 2683 jam
565 2637 592 2667 a
611 2621 835 2667 servitute
854 2620 1034 2668 diaboli
1052 2620 1260 2668 liberatae
1276 2637 1476 2685 regnare
1492 2620 1699 2685 coepistis
1713 2657 1724 2679 ‚
1751 2619 2010 2684 glorificate
2027 2638 2171 2686 super
2188 2621 2283 2669 hoc
2299 2625 2453 2670 Deum

333 2716 451 2747 voce
475 2700 740 2759 cantando,
767 2717 822 2747 ac
846 2700 988 2748 simul
1010 2701 1289 2766 operatione
1318 2700 1585 2766 psallendo.
1616 2703 1681 2746 Ac
1710 2716 1772 2746 ne
1796 2703 1952 2747 Deum
1976 2717 2281 2764 negaremus,
2309 2719 2453 2766 quem

326 2782 458 2843 juxta
483 2780 832 2828 humanitatem
856 2792 1173 2846 assumptam,
1200 2781 1403 2829 localem
1430 2781 1506 2829 vel
1541 2779 1772 2828 mobilem
1804 2781 2079 2828 audiremus
2104 2801 2114 2828 ε
2144 2801 2168 2827 «
2190 2783 2309 2847 Ipsi,
2327 2802 2351 2828 »
2386 2784 2455 2830 in-

331 2862 458 2925 quit,
492 2861 717 2926 «psallite
742 2861 825 2926 qui
850 2863 1085 2922 ascendit,
1114 2873 1205 2910 etc.
1221 2882 1245 2907 »
1265 2863 1490 2928 Superius
1514 2861 1712 2928 quidem
1735 2861 1946 2909 dixerat:
1981 2881 2005 2907 «
2024 2866 2117 2909 Iter
2141 2863 2279 2911 facite
2305 2864 2347 2911 ei
2370 2867 2451 2929 qui

331 2941 545 2989 ascendit
569 2959 712 3007 super
734 2959 974 2989 occasum.
999 2962 1022 2987 »
1050 2945 1186 2990 Nunc
1207 2960 1322 2990 vero
1347 2943 1463 2990 dicit
1482 2964 1491 2989 ;
1524 2962 1547 2987 «
1566 2943 1659 3000 Qui
1683 2942 1898 2989 ascendit
1918 2959 2060 3008 super
2076 2942 2250 2990 coelum
2266 2944 2372 2991 coeli
2391 2946 2452 2991 ad

333 3022 585 3070 orientem.
608 3042 632 3068 »
663 3024 797 3070 Prius
822 3024 981 3088 itaque
1009 3024 1070 3071 de
1101 3025 1471 3083 resurrectione,
1506 3024 1628 3071 sicut
1651 3024 1862 3088 primum
1892 3024 2015 3071 facta
2045 3034 2138 3083 est,
2166 3024 2284 3072 illud
2309 3026 2448 3085 dixit3

334 3118 463 3148 nunc
487 3119 602 3149 vero
634 3103 695 3150 de
723 3104 1000 3150 ascensione
1030 3103 1125 3151 hoc
1152 3104 1414 3168 subjungit.
1446 3105 1683 3151 Occasum
1711 3104 1871 3168 itaque
1896 3104 1996 3150 veri
2017 3103 2128 3151 solis
2153 3105 2451 3170 corporalem

333 3181 433 3245 ejus
451 3182 638 3230 obitum
657 3183 772 3230 dicit
790 3221 800 3242 ,
821 3183 882 3230 de
901 3201 999 3248 quo
1017 3184 1117 3249 ipse
1136 3183 1337 3232 dixerat’
1360 3203 1370 3232 x
1396 3184 1533 3231 «Nisi
1551 3200 1752 3247 granum
1772 3183 1997 3230 frumenti
2020 3184 2196 3231 cadens
2212 3185 2261 3231 in
2276 3195 2452 3233 terram

335 3272 579 3309 mortuum
603 3263 765 3323 fuerit,
795 3274 885 3311 etc.
910 3283 934 3309 »
962 3266 1114 3329 Super
1144 3264 1275 3311 hunc
1302 3265 1445 3329 igitur
1467 3280 1693 3311 occasum
1716 3264 1953 3323 ascendit,
1986 3264 2183 3329 quando
2211 3264 2272 3311 de
2298 3277 2451 3314 morte

336 3343 609 3402 resurrexit,
641 3361 774 3391 more
806 3343 1024 3391 videlicet
1046 3344 1158 3392 solis
1177 3382 1188 3402 ‚
1217 3346 1299 3409 qui
1322 3356 1431 3411 post
1461 3361 1686 3392 occasum
1714 3344 1994 3392 conscendit
2022 3345 2084 3392 ad
2109 3354 2286 3393 ortum.
2318 3349 2385 3394 lta
2410 3349 2452 3394 ei

383 3505 392 3522 ⁴
420 3506 538 3540 Psalm.
557 3519 659 3550 nvn,
678 3491 765 3542 [⁴:33
781 3517 812 3543 et
829 3521 900 3553 seq.
917 3529 953 3534 —
970 3510 982 3527 ¹
999 3511 1110 3553 Joan.,
1123 3522 1198 3556 cap.
1217 3523 1281 3553 xn,
1303 3524 1333 3545 v.
1404 3539 1411 3545 .
