2970 4152
1242 395 1556 444 EPISTOLAE.
2392 398 2408 441 v1
2421 395 2450 440 3

347 496 432 543 uni
457 511 534 541 me
565 494 748 541 feminae
780 468 988 539 dicaisem
1005 527 1018 550 ,
1054 500 1100 537 et
1127 490 1410 556 turpitudini
1437 499 1577 535 tantae
1607 489 1922 552 suhjicerem'.
1952 487 2282 535 Detestabatur
2312 487 2451 533 vehe-

348 584 533 621 menter
562 573 656 620 hoc
681 573 1061 631 matrimonium,
1083 570 1217 635 quod
1242 570 1358 617 mihi
1381 586 1468 635 per
1494 570 1656 616 omnia
1685 568 1970 634 probrosum
1995 578 2138 627 esset,
2171 577 2312 631 atque
2337 583 2451 613 one-

346 656 549 701 rosum'.
583 652 906 701 Praetendebat
923 651 1166 700 infamiam
1191 652 1286 699 mei
1309 651 1489 716 pariter
1508 660 1556 696 et
1579 648 1876 697 difficultates
1900 648 2218 708 matrimonii,
2250 647 2311 694 ad
2335 664 2452 711 quas

346 733 541 796 quidem
564 732 780 780 vitandas
797 748 887 779 nos
905 731 1157 779 exhortans
1175 730 1418 796 apostolus
1443 730 1531 776 ait³
1552 747 1563 775 τ
1595 748 1620 774 «
1645 729 1835 776 Solutus
1859 746 1908 776 es
1932 729 1993 776 ab
2011 727 2193 776 uxore?
2211 727 2312 774 noli
2334 744 2454 791 quae-

347 830 451 860 rere
484 827 699 860 uxorem·¹
733 813 781 859 Si
811 822 971 859 autem
1006 812 1240 877 acceperis
1268 826 1468 858 uxorem
1484 846 1497 869 ,
1531 825 1630 856 non
1662 810 1883 874 peccasti.
1912 812 1968 856 Et
1992 810 2033 855 si
2055 809 2267 874 nupserit
2290 809 2448 872 virgo,

345 909 445 940 non
480 892 710 958 peccabit.
756 892 1126 940 Tribulationem
1164 902 1323 939 tamen
1360 891 1514 938 carnis
1543 889 1789 937 habebunt
1820 888 2110 953 hujusmodi.
2158 891 2256 952 Ego
2295 899 2453 936 autem

345 988 487 1037 parco
522 972 671 1037 vobis.
699 992 722 1016 »
753 976 811 1019 Et
840 973 1012 1019 iterum
1035 991 1045 1018 :
1072 992 1095 1016 «
1125 972 1247 1019 Volo
1278 981 1436 1020 autem
1459 987 1546 1018 vos
1575 971 1676 1017 sine
1700 969 2015 1017 sollicitudine
2045 985 2160 1016 esse.
2188 988 2210 1012 υ
2244 970 2387 1026 Quod
2416 972 2452 1016 si

343 1069 431 1099 nec
462 1053 663 1118 apostoli
693 1053 943 1101 consilium
962 1089 975 1113 ,
1005 1069 1096 1100 nec
1127 1062 1402 1101 sanctorum
1419 1051 1772 1099 exhortationes
1796 1050 1857 1098 de
1880 1060 2013 1098 tanto
2034 1050 2322 1097 matrimonii
2335 1052 2451 1115 jugo

343 1133 657 1197 susciperem:
682 1133 873 1193 saltem,
902 1133 1056 1197 inquit
1071 1169 1084 1194 ,
1110 1133 1425 1199 philosophos
1443 1131 1763 1191 consulerem,
1797 1140 1844 1178 et
1869 1147 1974 1194 quae
2004 1146 2146 1195 super
2163 1129 2257 1176 hoc
2281 1130 2363 1176 ab‘
2387 1131 2452 1176 eis
2485 1134 2488 1139 '

342 1212 418 1259 vel
444 1212 504 1260 de
529 1214 594 1260 eis
617 1214 790 1279 scripta
814 1224 947 1273 sunt,
975 1213 1307 1261 attenderem⁵.
1345 1212 1487 1271 Quod
1516 1212 1783 1277 plerunque
1811 1211 1953 1258 etiam
1977 1210 2125 1257 sancti
2150 1209 2211 1256 ad
2237 1211 2452 1275 increpa-

342 1293 523 1340 tionem
556 1304 768 1342 nostram
802 1294 1050 1359 diligenter
1080 1295 1273 1342 faciunt.
1315 1293 1467 1351 Quale
1499 1292 1616 1339 illud
1651 1302 1720 1340 est
1751 1292 1878 1339 beati
1906 1291 2183 1355 Hieronymi
2216 1291 2264 1336 in
2297 1292 2453 1355 primo

345 1375 522 1423 Contra
551 1377 898 1432 Jovz'nz'cznam⁰,
939 1374 1018 1422 ubi
1057 1374 1232 1422 scilicet
1269 1383 1617 1421 commemorat
1658 1372 2036 1438 Theophrastum
2077 1370 2453 1418 intolerabilibus

340 1454 612 1518 nuptiarum
655 1454 908 1514 molestiis,
949 1453 1242 1518 assiduisque
1282 1443 1691 1517 inquietudinibus
1724 1469 1778 1499 ex
1821 1467 1991 1515 magna
2031 1460 2165 1515 parte
2207 1449 2456 1513 diligenter

341 1534 562 1597 expositis
581 1570 594 1594 ,
622 1521 833 1609 uxorem,
853 1535 1051 1599 sapienti
1076 1550 1175 1581 non
1212 1550 1312 1580 esse
1345 1532 1617 1580 ducendam
1646 1531 2008 1579 evidentissimis
2041 1529 2303 1576 ratiOnibus
2326 1532 2338 1553 ⁷
2370 1529 2453 1576 ad-

341 1613 621 1673 strinxisse⁸,
663 1613 745 1660 ubi
782 1611 836 1661 et'·
860 1615 960 1678 ipse
991 1613 1092 1660 illas
1123 1613 1467 1660 exhortationis
1494 1611 1834 1677 philosophicae
1863 1612 2070 1657 rationes
2103 1609 2183 1657 tali
2212 1609 2307 1656 fine
2341 1626 2455 1656 con-

340 1691 537 1739 cludens
569 1711 579 1738 :
617 1713 639 1737 «
672 1696 801 1750 Hoc,
833 1711 857 1737 η
891 1693 1069 1756 inquit,
1103 1711 1126 1736 «
1151 1702 1199 1738 et
1225 1691 1500 1754 hujusmodi
1527 1691 1881 1755 Theophrastus
1899 1690 2134 1737 disserens
2150 1726 2162 1749 ,
2185 1706 2329 1754 quem
2355 1707 2453 1737 non

339 1772 580 1819 suffundat
591 1772 986 1819 christianorum?
1009 1772 1176 1818 »Idem
1195 1773 1244 1818 in
1261 1771 1434 1818 eodem
1452 1789 1462 1816 z
1491 1771 1707 1830 «Cicero,
1722 1790 1746 1815 »
1775 1771 1943 1834 inquit,
1969 1780 2197 1834 «rogatus
2216 1770 2276 1817 ab
2295 1771 2458 1817 Hircio

340 1862 391 1899 ut
419 1862 529 1917 post
558 1852 812 1918 repudium
842 1852 1088 1912 Terentiae,
1117 1867 1333 1899 sororem
1359 1851 1461 1914 ejus
1484 1850 1707 1910 duceret3
1742 1851 1941 1897 omnino
1975 1850 2127 1897 facere
2161 1851 2449 1916 supersedit,

342 1932 505 1980 dicens
543 1949 642 1980 non
676 1946 815 1998 posse
846 1950 897 1981 se
935 1942 983 1980 et
1012 1932 1149 1979 uxori
1179 1941 1227 1979 et
1260 1930 1573 1997 philosophiae
1612 1947 1809 1996 operam
1849 1931 2025 1995 pariter
2063 1930 2198 1977 daret
2246 1933 2351 1977 Non
2394 1932 2455 1977 ait

342 2030 538 2080 operam
564 2013 700 2073 dare,
728 2014 812 2062 sed
836 2013 1051 2078 adjunxit
1075 2013 1277 2078 pariter,
1303 2011 1474 2059 nolens
1498 2012 1755 2076 quicquam
1789 2027 1928 2075 agere
1951 2010 2084 2075 quod
2114 2010 2272 2058 studio
2304 2027 2456 2075 aequa—

340 2105 470 2142 retur
497 2094 825 2160 philosophiae.
852 2113 876 2139 υ
914 2098 977 2141 Ut
1006 2103 1164 2141 autem
1199 2093 1295 2140 hoc
1327 2092 1647 2158 philosophici
1683 2092 1825 2139 studii
1859 2108 1989 2139 nunc
2017 2092 2232 2139 omittam
2260 2092 2457 2158 impedi—

342 2185 586 2234 mentum,
614 2175 771 2241 ipsum
793 2174 989 2222 consule
1014 2174 1225 2222 honestae
1257 2173 1630 2220 conversationis
1662 2172 1871 2241 statum7
1889 2175 2005 2231 Quae
2037 2173 2166 2219 enim
2202 2173 2457 2220 conventio

341 2253 630 2302 scholarium
657 2254 719 2302 ad
749 2254 1083 2321 pedissequas,
1115 2254 1473 2319 scriptoriorum
1505 2253 1567 2300 ad
1595 2253 1862 2313 cunabula,
1900 2252 2132 2300 librorum
2163 2252 2262 2299 sive
2285 2252 2459 2299 tabula-

342 2351 449 2381 rum
477 2334 538 2381 ad
561 2334 720 2395 colos,
749 2321 962 2383 stilorum
989 2335 1087 2382 sive
1110 2333 1405 2381 calamorum
1429 2332 1492 2380 ad
1512 2333 1671 2380 fusos?
1702 2333 1821 2390 Quis
1846 2331 2054 2398 denique
2084 2333 2228 2380 sacris
2257 2332 2331 2379 vel
2360 2333 2459 2398 phi-

341 2414 596 2479 losophicis
612 2414 1000 2464 meditationibus
1020 2415 1229 2462 intentus
1242 2449 1262 2472 ‚.
1278 2413 1482 2479 pueriles
1507 2414 1713 2478 vagitus,
1736 2414 1974 2461 nutricum
2003 2430 2107 2478 quae
2127 2412 2220 2460 hos
2244 2413 2457 2477 mitigant

341 2495 545 2554 naenias,
581 2494 922 2542 tumultuosam
952 2493 1136 2542 familiae
1175 2503 1272 2541 tam
1306 2494 1355 2540 in
1387 2494 1500 2541 viris
1536 2510 1679 2558 quam
1713 2494 1762 2540 in
1795 2493 1980 2540 feminis
2007 2493 2195 2540 turbam
2226 2494 2455 2550 sustinere

341 2575 555 2638 poterit?
591 2575 708 2632 Quis
746 2575 888 2641 etiam
918 2575 1193 2622 inhonestas
1216 2573 1326 2620 illas-
1344 2573 1653 2639 parvulorum
1679 2572 1844 2620 sordes
1875 2572 2082 2620 assiduas
2102 2572 2304 2620 tolerare
2327 2573 2453 2620 vale·

324 2648 439 2700 Bit?
467 2654 546 2714 ld,
569 2655 779 2719 inquies,
809 2654 976 2702 divites
1003 2663 1230 2719 possunt,
1262 2670 1470 2717 quorum
1503 2653 1676 2719 palatia
1704 2652 1779 2699 vel
1811 2652 1984 2699 domus
2003 2651 2171 2718 amplae
2195 2652 2452 2699 diversoria

317 2731 541 2794 habent,
566 2751 772 2799 quorum
790 2735 1030 2801 opulentia
1060 2751 1163 2782 non
1179 2735 1320 2782 sentit
1347 2750 1576 2800 expensas
1591 2770 1604 2793 ‚
1635 2750 1724 2782 nec
1748 2733 2036 2798 quotidianis
2060 2733 2453 2781 sollicitudinibus

337 2815 588 2861 cruciatur.
618 2814 712 2862 Sed
747 2831 846 2862 non
880 2825 977 2872 est,
1014 2816 1208 2879 inquam
1226 2850 1238 2874 ,
1276 2814 1377 2861 haec
1406 2814 1618 2861 conditio
1647 2813 2047 2880 philosophorum
2075 2830 2179 2878 quae
2211 2813 2408 2861 divitum
2419 2816 2448 2871 ⁹,

337 2910 425 2941 nec
456 2895 539 2958 qui
563 2894 734 2959 opibus
760 2895 954 2943 student
979 2895 1052 2943 vel
1085 2894 1384 2943 saecularibus
1407 2895 1710 2960 implicantur
1741 2895 1893 2954 curis,
1926 2894 2096 2942 divinis
2131 2911 2213 2941 seu
2248 2894 2453 2959 philoso-

336 2966 763 3037 phicisIvacabunt
802 2975 984 3022 officiis.
1026 2975 1163 3023 Unde
1202 2986 1250 3023 et
1284 2976 1489 3040 insignes
1522 2975 1639 3023 olim
1671 2973 1946 3041 philosophi
1978 2974 2211 3023 mundum
2246 2977 2452 3023 maxime

338 3065 698 3103 contemnentes
709 3058 758 3114 ¹⁰,
803 3072 890 3103 nec
932 3066 1026 3103 tam
1063 3055 1383 3121 relinquentes
1422 3056 1647 3104 saeculum
1686 3073 1830 3121 quam
1864 3055 2117 3120 fugienteS,
2156 3072 2324 3104 omnes
2364 3056 2451 3103 sibi

338 3134 605 3199 voluptates
639 3134 982 3183 interdixerunt
994 3171 1011 3197 ,-
1060 3146 1111 3182 ut
1140 3137 1188 3182 in
1235 3136 1373 3183 unius
1409 3135 1722 3201 philosophiae
1755 3135 2103 3200 requiescerent
2138 3136 2447 3202 amplexibus.

385 3295 393 3311 ¹
421 3295 475 3328 Sic
492 3296 817 3340 ABc.-Subjacerem
832 3296 920 3331 Edit.
938 3298 1030 3332 Δῃὼ.
1047 3316 1091 3323 -
1110 3297 1123 3315 ’
1143 3300 1373 3332 Inhonorosum
1417 3302 1643 3341 efficacissimis
1668 3300 1863 3342 aryumemis
1886 3297 1980 3332 RMS.
2002 3316 2035 3323 ·-
2061 3297 2073 3315 ⁸
2090 3300 2271 3331 astruxisse
2301 3298 2393 3330 ΑΒΕ.
2412 3315 2450 3320 -

339 3351 405 3384 MS.
424 3351 519 3385 Amb.
537 3368 581 3377 -—
602 3353 615 3371 ³
634 3354 776 3401 Corinth.
791 3356 826 3394 I,
849 3364 923 3398 cap.
945 3365 1007 3396 vu,
1025 3366 1053 3388 v.
1073 3357 1127 3396 27,
1147 3357 1188 3389 28
1209 3362 1242 3388 et
1261 3356 1315 3388 32.
1331 3372 1375 3380 —
1418 3353 1431 3372 ⁹
1450 3356 1519 3389 Non
1538 3364 1645 3390 manet
1660 3366 1734 3388 vero
1750 3357 1861 3387 eadem
1880 3364 1950 3388 sors
1969 3343 2231 3397 philosophorum
2258 3366 2297 3386 ac
2323 3357 2451 3387 divitum

341 3408 353 3424 ⁴
371 3408 506 3449 Scriptis
536 3413 601 3443 suis
628 3412 729 3444 latent
758 3413 921 3445 accuratis
949 3410 1042 3446 RMS.
1067 3429 1112 3438 —
1134 3412 1147 3429 '⁵
1170 3413 1375 3447 observarem
1420 3411 1513 3446 RMS.
1532 3432 1570 3436 -
1589 3411 1619 3429 '⁰
1639 3413 1854 3452 Aspemames
1870 3409 1963 3443 RMS.
2355 3407 2361 3412 ’

339 3463 434 3498 Rus.
452 3481 496 3490 —
516 3464 529 3482 ⁶
550 3466 628 3507 Opp.
665 3473 690 3499 t.
721 3466 777 3506 IV,
807 3467 870 3501 col.
901 3468 973 3500 189.
1004 3486 1037 3491 --
1058 3468 1068 3485 '¹
1092 3467 1324 3502 Potentissimis
1347 3477 1376 3500 et
