2970 4152
870 433 988 480 CUM
1023 431 1193 479 PETRI
1228 433 1542 480 ABAELARDl
1579 433 2013 481 SOLUTIONIBUS.
2409 433 2503 480 253

388 530 501 577 hinc
518 529 718 576 transire
735 527 798 576 ad
814 544 902 575 vos
915 562 928 588 ,
950 512 1052 575 non
1069 527 1252 592 possint
1264 563 1277 587 ,
1301 543 1458 591 neque
1477 526 1590 574 inde
1606 527 1703 574 huc
1723 526 2040 574 transmeare?
2057 545 2079 570 »
2101 525 2359 583 Quomodo
2379 529 2507 573 enim

388 612 533 676 aliqui
556 611 773 659 excaecati
791 620 924 670 sunt,
947 619 1000 656 ut
1019 609 1081 656 de
1105 609 1350 673 refrigerio
1361 618 1502 656 tantae
1526 608 1696 673 quietis
1720 608 1781 655 ad
1805 625 1971 674 poenas
1996 607 2332 654 damnatorum
2354 616 2506 654 trans·

389 692 457 740 ire
482 690 652 748 velint,
681 690 759 739 vel
785 690 852 738 eis
878 689 1073 754 aliquod
1101 688 1380 754 impendere
1408 687 1697 736 beneficium
1710 688 1810 752 jam
1829 690 2029 736 omnino
2047 688 2250 736 inaniter
2267 687 2504 747 affectent,

370 787 511 835 ·quos
535 786 564 817 a
587 768 912 818 misericordia
938 769 1025 816 Dei
1049 769 1238 834 penitus
1267 767 1482 817 exclusos
1506 767 1702 815 vident?

1214 892 1394 940 Solutio
1417 891 1675 940 Aboelardc'.

457 1000 716 1059 Abraham,
745 1001 795 1047 in
820 1001 955 1064 cujus
979 1001 1086 1048 sinu
1113 1003 1314 1048 Lazarus
1343 1010 1413 1048 est
1438 981 1707 1065 susceptus,
1734 1002 1863 1046 Deus
1890 1009 1981 1058 est,
2016 999 2099 1063 qui
2129 998 2292 1047 fideles
2316 1016 2426 1047 suos
2450 1000 2511 1047 de

391 1080 532 1144 hujus
554 1080 660 1127 vitae
677 1080 877 1127 miseriis
901 1079 964 1126 ad
987 1079 1155 1127 futurae
1172 1080 1279 1127 vitae
1299 1079 1595 1144 refrigerium
1613 1078 1753 1126 nobis
1771 1077 1931 1126 adhuc
1955 1077 2197 1125 occultum
2215 1088 2443 1143 tanquam
2462 1081 2510 1126 in

390 1159 636 1224 quoddam
661 1169 896 1207 secretum
914 1160 1085 1224 quietis
1102 1160 1313 1225 suscipit.
1339 1158 1408 1206 Ad
1428 1158 1559 1206 hunc
1577 1148 1737 1205 anima
1760 1157 1983 1205 damnata
2006 1157 2218 1223 loquitur
2241 1159 2375 1222 quasi
2394 1176 2513 1224 sup-

390 1238 643 1306 plicand0,
669 1239 786 1288 dum
811 1256 921 1287 eum
947 1239 1021 1286 sui
1045 1238 1285 1287 desideret
1309 1239 1537 1286 misereri.
1568 1237 1805 1286 Abraham
1830 1238 1874 1285 ei
1892 1237 1954 1284 de
1978 1238 2210 1286 sententia
2234 1253 2318 1285 sua
2342 1240 2515 1286 consti-

390 1329 492 1367 tuta
514 1319 797 1385 respondet,
826 1335 978 1385 quum
1002 1335 1114 1367 eum
1131 1318 1392 1384 inteHigere
1417 1318 1526 1365 facit
1551 1318 1754 1366 inaniter
1772 1308 1883 1365 eum
1899 1316 2191 1378 desiderare,
2214 1316 2346 1382 quod
2364 1317 2514 1364 nulla-

390 1409 527 1447 tenus
555 1399 711 1447 eidem
745 1409 904 1464 potest
936 1399 1143 1447 evenire.
1179 1402 1284 1446 Hoc
1317 1408 1389 1446 est
1421 1408 1581 1446 autem
1614 1397 1745 1463 quod
1777 1400 1917 1446 eum¹
1946 1397 2204 1462 intelligere
2229 1397 2359 1458 facit,
2383 1399 2515 1463 quod

390 1477 661 1543 subjungit:
686 1497 711 1524 «
725 1479 842 1527 Etin
858 1479 934 1526 his
952 1479 1175 1528 omnibus
1194 1480 1318 1528 inter
1333 1496 1423 1527 nos
1442 1489 1488 1527 et
1506 1495 1592 1527 vos
1607 1478 1753 1526 chaos
1769 1495 1996 1543 magnum
2013 1478 2255 1526 firmatum
2274 1487 2361 1540 est,
2384 1488 2473 1526 etc.
2487 1499 2508 1522 »

392 1580 415 1606 «
431 1560 484 1607 In
509 1559 583 1608 his
608 1560 856 1620 omnibus,
878 1580 901 1606 υ
920 1561 1015 1609 hoc
1038 1555 1134 1622 est,
1156 1562 1206 1608 in
1226 1562 1436 1626 utrisque
1460 1561 1719 1627 praedictis,
1741 1560 1802 1609 de
1820 1560 2147 1608 consolatione
2166 1559 2340 1608 scilicet
2358 1560 2511 1624 justo·

389 1655 495 1687 rum
528 1649 575 1687 et
603 1641 813 1688 cruciatu
842 1640 1079 1689 malorum
1097 1677 1110 1702 ,
1147 1661 1171 1687 «
1192 1640 1337 1689 chaos
1362 1657 1590 1706 magnum
1623 1640 1863 1688 firmatum
1893 1651 1991 1700 est,
2016 1660 2040 1685 »
2067 1650 2114 1688 et
2143 1639 2237 1692 hoc
2263 1650 2334 1688 est
2364 1641 2512 1706 impe·

389 1718 658 1768 dimentum
689 1730 876 1768 tantum
907 1720 1072 1768 divino
1100 1720 1283 1785 judicio
1316 1721 1590 1786 perenniter
1620 1722 1930 1768 constitutum
1960 1740 1970 1768 :
2006 1740 2030 1766 ι(
2053 1722 2114 1768 Ut
2136 1719 2219 1785 qui
2250 1719 2420 1767 volunt
2452 1720 2512 1767 ad

391 1815 476 1846 vos
495 1798 609 1846 hinc
626 1800 828 1848 transire
851 1816 952 1848 non
973 1801 1172 1866 possint.
1194 1820 1218 1846 »
1238 1801 1455 1849 Transire
1473 1800 1693 1849 hocloco
1713 1801 1774 1849 de
1794 1801 2035 1867 refrigerio
2055 1801 2294 1865 justorum
2323 1800 2384 1848 ad
2413 1818 2511 1866 poe-

390 1892 476 1925 nas
497 1878 734 1926 malorum
758 1878 1064 1944 intelligimus
1091 1879 1211 1928 velle
1233 1879 1306 1927 his
1324 1897 1519 1945 quoque
1538 1879 1813 1941 subvenire,
1834 1881 1918 1945 qui
1938 1880 2151 1928 damnati
2169 1890 2278 1927 sunt
2305 1890 2352 1928 et
2377 1882 2512 1945 quasi

388 1957 484 2005 hoc
509 1957 796 2008 heneficium
816 1959 1056 2024 justorum
1086 1960 1176 2008 illis
1204 1960 1398 2022 afferre3
1428 1961 1503 2008 vel
1531 1960 1643 2009 inde
1674 1960 1769 2008 huc
1798 1961 1905 2008 illos
1931 1961 2134 2009 educere
2150 1997 2163 2022 ,
2202 1961 2323 2009 sicut
2349 1960 2512 2009 fideles

388 2038 601 2103 quotidie
626 2039 803 2087 faciunt
826 2041 874 2087 in
902 2039 994 2088 hac
1020 2041 1145 2101 vita,
1173 2040 1291 2088 dum
1317 2041 1613 2089 orationibus
1639 2041 1714 2089 vel
1750 2041 2063 2104 eleemosynis
2090 2042 2186 2088 suis
2214 2041 2289 2088 his
2318 2058 2511 2106 quoque

388 2118 643 2168 subvenire
674 2118 910 2181 nituntur,
941 2137 1065 2185 quos
1089 2121 1139 2168 in
1167 2122 1321 2186 poenis
1352 2121 1636 2187 purgatoriis
1668 2138 1770 2169 esse
1803 2130 1998 2186 putant,
2026 2137 2175 2186 quum
2201 2121 2401 2168 omnino
2421 2122 2515 2168 sint

390 2197 634 2247 damnati.·
652 2202 757 2247 Non
786 2216 900 2265 ergo
926 2199 988 2248 de
1012 2199 1220 2265 illis.qui
1248 2201 1296 2248 in
1321 2200 1403 2248 illo
1429 2200 1670 2266 refrigerio
1696 2211 1828 2261 sunt,
1861 2198 2189 2266 intelligimus,
2218 2210 2271 2248 ut
2297 2200 2422 2248 hanc
2451 2200 2512 2247 de

390 2279 627 2326 damnatis
657 2280 1037 2345 compassionem
1053 2279 1278 2328 ‘habeant
1295 2317 1308 2340 ,
1337 2281 1422 2329 sed
1450 2281 1512 2329 de
1549 2281 1815 2329 viventibus
1844 2280 2026 2341 adhuc,
2056 2281 2177 2328 sicut
2204 2280 2385 2328 dictum
2416 2290 2507 2338 est,

391 2356 624 2406 fidelibus.
648 2361 754 2406 Non
790 2360 920 2408 enim
955 2359 1193 2408 Abraham
1218 2360 1357 2421 dixit,
1386 2371 1440 2408 ut
1467 2361 1518 2408 hi
1545 2361 1606 2409 de
1632 2362 1729 2408 istis
1763 2362 1846 2426 qui
1873 2371 1984 2409 sunt
2007 2360 2111 2420 hic,
2140 2360 2308 2408 volunt
2334 2360 2396 2407 ad
2426 2377 2512 2407 vos

389 2436 502 2485 hinc
526 2437 750 2499 transire,
779 2438 864 2486 sed
882 2439 1158 2505 simpliciter
1173 2432 1290 2487 dixit
1310 2458 1321 2487 :
1343 2460 1366 2485 «
1389 2440 1447 2487 Hi
1471 2441 1555 2505 qui
1579 2440 1769 2507 volunt,
1795 2459 1819 2486 »
1847 2441 1946 2488 sive
1973 2439 2132 2488 adhuc
2155 2440 2272 2500 vivi,
2295 2441 2394 2488 sive
2412 2441 2512 2503 jam

390 2515 617 2563 defuncti.
647 2518 744 2563 Nos
767 2526 952 2578 autem,
982 2528 1034 2565 ut
1057 2517 1286 2579 diximus,
1315 2529 1512 2584 propter
1539 2520 1751 2566 viventes
1781 2519 1877 2566 hoc
1911 2519 2091 2566 dictum
2117 2520 2401 2584 accipimus,
2431 2521 2513 2583 qui

391 2594 662 2658 parabolice
686 2595 911 2650 dicuntur
934 2595 996 2645 de
1022 2597 1264 2662 refrigerio
1293 2599 1533 2662 justorum
1567 2599 1765 2646 transire
1795 2598 1857 2645 ad
1894 2598 2000 2645 loca
2026 2597 2231 2663 poenalia
2260 2598 2511 2646 damnato-

390 2691 515 2734 rum,
532 2674 606 2722 vel
625 2675 738 2723 inde
755 2675 851 2723 huc
868 2685 1159 2725 transmeare
1182 2696 1192 2724 :
1212 2693 1318 2741 quae
1329 2677 1552 2724 videntur
1570 2677 1784 2740 ejusdem
1803 2693 1905 2725 esse
1926 2678 2185 2725 sententiae.
2208 2677 2317 2726 Tale
2333 2679 2511 2744 quippe

390 2764 460 2802 est
483 2770 566 2802 eos
588 2754 649 2802 de
676 2755 916 2821 refrigerio
930 2755 1169 2820 justorum
1202 2757 1402 2804 transire
1435 2756 1498 2804 ad
1515 2773 1682 2822 poenas
1706 2756 2066 2817 damnatorum,
2098 2757 2173 2805 vel
2192 2757 2288 2805 huc
2315 2774 2472 2805 meare
2496 2778 2505 2804 ε

391 2843 616 2899 tanquam
637 2835 726 2883 illis
749 2853 967 2901 quoque,
989 2837 1072 2901 qui
1092 2836 1304 2884 damnati
1322 2846 1456 2896 sunt,
1480 2837 1544 2884 ita
1561 2838 1794 2902 compati,
1825 2846 1877 2884 ut
1895 2836 2035 2885 bonis
2059 2836 2285 2903 operibus
2303 2838 2398 2885 suis
2416 2837 2511 2885 hoc

392 2914 687 2979 refrigerium
710 2915 856 2964 velint
874 2916 964 2964 illis
982 2916 1214 2982 impertiri
1225 2918 1255 2977 ²,
1279 2926 1326 2964 et
1343 2916 1708 2981 quodammodo
1725 2926 2072 2983 transportare,
2095 2916 2170 2964 vel
2188 2933 2271 2965 eos
2290 2916 2401 2964 inde
2417 2916 2512 2963 huc

394 2994 619 3054 educere,
648 3005 700 3042 ut
725 2994 893 3043 eadem
918 2997 1149 3044 sententia
1172 2997 1221 3043 in
1245 2995 1442 3044 diversis
1465 2996 1684 3044 videatur
1706 2995 1879 3044 verbiS.

1151 3142 1394 3174 PROBLEMA
1426 3137 1648 3174 HELOISSAE
1683 3143 1747 3173 xl.

458 3238 585 3297 Quid
610 3249 681 3286 est
707 3239 840 3304 quod
868 3240 916 3287 in
941 3239 1114 3287 eodem
1136 3240 1422 3305 evangelista
1449 3240 1648 3306 legimus
1677 3240 1940 3287 Dominum
1967 3239 2126 3286 dicere
2143 3241 2157 3264 ³
2195 3257 2204 3285 :
2241 3259 2263 3284 «
2287 3241 2405 3288 Dico
2430 3257 2511 3288 au-

395 3328 489 3364 tem
518 3317 654 3365 vobis
673 3354 686 3378 ,
728 3318 862 3382 quod
891 3319 956 3366 ita
984 3318 1211 3383 gaudium
1238 3320 1327 3367 erit
1360 3321 1408 3368 in
1450 3320 1572 3368 coelo
1597 3336 1739 3384 super
1770 3336 1868 3367 uno
1905 3329 2153 3384 peccatore
2183 3320 2510 3384 poenitentiam

441 3507 451 3523 ¹
471 3507 553 3540 Eum
572 3506 664 3542 deest
680 3507 761 3541 Cod.
779 3507 864 3542 vict.
881 3527 919 3533 -—
938 3508 951 3525 ²
973 3510 1137 3551 impertire
1150 3510 1234 3544 eod.
1256 3509 1340 3544 vict.
1361 3528 1398 3534 —
1416 3510 1428 3527 ³
1447 3510 1544 3550 Luc.‚
1559 3519 1631 3552 cap.
1651 3519 1704 3549 xv,
1726 3520 1754 3541 v.
1778 3511 1814 3542 7.
