2970 4152
525 431 620 477 452
1323 428 1494 476 PETRI
1530 429 1844 477 ABAELARDI

526 524 690 571 derem
702 534 749 571 et
762 524 1002 583 docerem,
1018 539 1106 569 nec
1126 538 1295 570 manus
1311 523 1361 570 in
1377 540 1454 571 me
1467 512 1691 572 ausi⁰estis
1705 523 1976 582 extendere,
1996 539 2086 570 nec
2101 533 2217 571 tunc
2235 525 2379 572 etiam
2391 542 2541 590 quum
2558 542 2640 573 eos

525 605 783 669 flagellatos
802 605 1020 668 ejicerem
1039 603 1099 650 de
1117 603 1315 669 templo.
1336 605 1562 652 Nondum
1579 606 1709 654 enim
1724 615 1920 653 venerat
1935 604 2034 668 ejus
2054 603 2208 670 [hora]
2221 642 2234 665 ,
2253 604 2348 653 hoc
2366 615 2641 672 est.tempus

525 686 734 750 passioni
758 701 1049 748 congruum,
1075 684 1208 749 quod
1230 685 1280 731 in
1304 685 1403 749 ejus
1426 685 1738 752 dispositione
1762 686 1914 732 fuerat
1936 684 2197 750 praefixum.
2219 689 2287 732 Ex
2305 702 2402 750 quo
2424 695 2642 751 patenter

527 766 757 825 ostendit,
784 765 903 812 nihil
925 783 1008 814 eos
1031 766 1080 812 in
1103 782 1162 813 eo
1187 782 1324 829 agere
1349 783 1512 831 posse,
1540 768 1630 814 nisi
1653 784 1711 814 eo
1734 767 2040 831 permittente
2063 782 2117 814 ac
2141 765 2443 831 disponente.
2471 787 2495 812 «
2513 770 2643 814 Hora

526 856 680 892 vestra
703 846 823 892 sicut
847 855 894 892 et
917 862 1039 893 mea.
1062 865 1085 889 »
1111 848 1279 893 Vestra
1301 847 1497 910 quidem
1532 846 1593 894 ad
1623 845 1949 912 perdendum,
1987 862 2094 893 mea
2116 863 2231 893 vero
2255 846 2316 894 ad
2339 846 2638 894 salvandum.

531 945 552 969 «
576 929 785 972 Potestas
809 926 1138 985 tenebrarum,
1160 945 1182 970 υ
1209 925 1304 973 hoc
1328 937 1397 973 est
1421 926 1557 973 vobis
1581 927 1714 973 caecis
1732 943 1759 973 a
1776 943 1852 973 me
1875 927 1979 991 ipso
2003 927 2052 973 in
2074 943 2151 974 me
2169 927 2416 993 permissa.
2443 926 2492 974 Si
2514 926 2643 973 enim

526 1009 888 1070 cognovissent,
916 1023 1165 1071 nunquam
1185 1007 1343 1070 gloriae
1360 1009 1624 1055 Dominum
1651 1007 2008 1055 crucifixissent.
2040 1027 2062 1053 «
2090 1011 2192 1055 Hoc
2215 1019 2376 1056 autem
2400 1018 2584 1067 totum,
2617 1026 2639 1052 υ

527 1087 586 1133 de
615 1085 837 1150 captione
867 1086 1043 1134 scilicet
1075 1088 1294 1145 Domini,
1334 1097 1380 1133 et
1410 1087 1686 1152 proditione
1721 1086 1868 1133 Judae.
1902 1090 2011 1133 Haec
2047 1088 2190 1134 etiam
2226 1087 2372 1135 verba
2406 1103 2508 1134 non
2544 1097 2642 1134 tam

526 1169 822 1232 evangelistae
850 1185 996 1233 quam
1029 1169 1225 1215 Domini
1260 1185 1360 1215 esse
1397 1168 1634 1214 videntur.
1664 1168 1802 1215 Unde
1834 1178 1881 1215 et
1915 1167 2135 1215 subditur
2167 1187 2176 1215 ε
2210 1187 2233 1213 «
2260 1171 2392 1216 Tunc
2425 1165 2645 1232 discipuli

526 1265 711 1295 omnes.
737 1267 759 1294 »
788 1251 851 1295 Ac
874 1250 913 1296 si
935 1249 1172 1296 diceretur
1197 1268 1206 1294 :
1229 1251 1391 1305 Quum
1414 1265 1526 1294 eum
1551 1247 1773 1294 audirent
1795 1264 2003 1294 asserere
2032 1248 2093 1294 de
2124 1264 2210 1295 sua
2243 1248 2465 1312 passione
2498 1246 2648 1295 sanci-

524 1337 627 1373 tum
650 1329 699 1374 in
723 1329 970 1393 prophetis
1005 1346 1129 1386 esse,
1157 1345 1245 1375 nec
1281 1326 1516 1374 ullatenus
1540 1328 1606 1374 eis
1629 1326 1892 1374 vindictam
1914 1328 2213 1392 permittere,
2241 1327 2485 1391 fugerunt,
2513 1327 2650 1373 inno-

524 1419 660 1456 cente
684 1410 841 1474 impiis
863 1409 1108 1467 derelicto,
1135 1419 1182 1455 et
1204 1409 1327 1473 lupis
1351 1425 1492 1471 agno.
1520 1411 1623 1454 Hoc
1646 1408 1777 1454 enim
1799 1417 1846 1454 et
1868 1409 1969 1473 ipse
1991 1409 2273 1472 praedixerat
2296 1426 2351 1456 ex
2371 1408 2647 1456 testimonio

522 1489 786 1554 prophetiae
809 1489 1033 1536 dicentis¹
1055 1507 1064 1534 :
1087 1508 1109 1532 «
1126 1489 1391 1535 Percutiam
1413 1498 1677 1553 pastorem,
1703 1497 1750 1533 et
1773 1486 2106 1550 dispergentur
2129 1504 2243 1533 oves
2267 1489 2436 1550 gregis.
2458 1506 2481 1531 >J
2508 1490 2648 1533 Hunc

523 1569 876 1616 adolescentem
901 1568 1097 1632 quidam
1119 1567 1389 1631 intelligunt
1418 1571 1653 1614 Joannem
1682 1582 1780 1631 prae
1801 1566 1980 1613 caeteris
2003 1581 2033 1613 a
2054 1566 2265 1613 Domino
2289 1565 2540 1624 dilectum,
2566 1566 2649 1630 qui

521 1648 699 1695 caeteris
717 1648 881 1711 junior
903 1648 1179 1706 aestimatur,
1206 1646 1428 1693 nonnulli
1450 1647 1683 1693 Jacobum
1707 1645 1902 1694 fratrem
1925 1646 2138 1693 Domini.
2163 1645 2291 1693 Beda
2314 1647 2364 1692 ιή
2388 1647 2555 1692 Marco
2577 1660 2652 1692 su-

521 1746 605 1793 per
626 1729 757 1776 hunc
781 1729 968 1776 locum2
990 1748 999 1775 :
1027 1729 1184 1786 «Quis
1207 1729 1294 1775 iste
1317 1728 1595 1776 adolescens
1619 1727 1782 1788 fuerit,
1810 1727 2099 1792 evangelista
2120 1744 2221 1775 non
2247 1727 2379 1774 dicit.
2413 1746 2436 1771 »
2463 1729 2607 1774 Item⁸
2634 1743 2644 1770 :

523 1829 546 1853 «
577 1813 739 1876 Neque
762 1809 942 1875 aliquid
970 1819 1099 1856 vetat
1127 1808 1324 1872 intelligi
1346 1809 1476 1855 hunc
1499 1813 1750 1856 Joannem.
1783 1828 1806 1853 »
1838 1810 2064 1856 Jeremias
2093 1810 2143 1855 in
2173 1809 2349 1855 minori
2374 1808 2616 1855 Breviario
2632 1845 2644 1866 ,

521 1883 689 1954 psalm.
716 1907 864 1937 xxxvl
893 1909 902 1937 :
935 1910 957 1936 κ
987 1890 1136 1937 Judaei
1158 1891 1258 1937 vim
1281 1889 1519 1937 faciebant
1542 1890 1617 1937 vel
1639 1893 1778 1938 Petro
1803 1907 1954 1954 quum
1978 1890 2192 1937 dicerent
2218 1909 2227 1936 :
2257 1909 2279 1934 «
2304 1892 2425 1937 Nam
2446 1898 2495 1936 et
2516 1899 2569 1935 tu
2591 1905 2648 1935 ex

525 1955 647 2018 ξῖἰΠὶε
660 1989 736 2031 es;
758 1991 781 2017 »
800 1972 876 2019 vel
892 1971 1089 2031 Jacobo,
1111 1972 1193 2036 qui
1210 1989 1359 2036 quum
1378 1960 1664 2031 traderetur,
1682 1972 1887 2019 sindone
1901 1971 2088 2031 relicta,
2105 1971 2265 2018 nudus
2282 1971 2479 2035 aufugit.
2495 1989 2519 2014 »
2538 1972 2650 2017 «Su-

522 2070 608 2117 per
629 2053 788 2113 nudo,
811 2073 833 2098 »
860 2054 949 2101 sub
972 2055 1077 2118 ipso
1102 2054 1354 2112 existente,
1375 2071 1526 2118 quum
1549 2070 1692 2118 super
1708 2053 1963 2101 sindonem
1978 2053 2165 2100 nullum
2182 2052 2383 2100 haberet
2398 2051 2650 2100 indumen·

522 2144 641 2180 tum.
669 2135 896 2182 Fortassis
921 2135 1050 2181 enim
1076 2134 1137 2181 ad
1160 2134 1459 2181 dominicum
1489 2135 1673 2181 dictum
1702 2135 1914 2181 tunicam
1942 2151 2101 2193 suam,
2134 2133 2211 2181 vel
2241 2132 2371 2180 aliud
2400 2132 2651 2180 indumen-

522 2223 626 2259 tum
654 2229 744 2278 pro
775 2213 931 2276 gladio
961 2213 1167 2261 emendo
1204 2213 1423 2272 dederat,
1463 2213 1538 2260 vel
1571 2231 1662 2279 pro
1695 2213 1963 2261 mutuando
1998 2222 2241 2278 posuerat.
2270 2211 2415 2269 Quod
2443 2211 2642 2259 dicitur:

527 2311 549 2335 «
569 2295 844 2339 Tenuerunt
866 2310 993 2351 eum,
1015 2312 1038 2338 »
1065 2309 1232 2357 quum,
1260 2294 1438 2340 caeteris
1457 2294 1558 2357 jam
1580 2293 1822 2358 dispersis,
1848 2310 1960 2340 eum
1982 2303 2261 2357 sequentem
2285 2293 2558 2340 invenirent
2579 2308 2652 2338 so-

521 2372 645 2433 lum,
672 2383 890 2438 patenter
913 2374 1129 2420 innuitur
1150 2390 1456 2438 nequaquam
1479 2391 1562 2421 eos
1587 2374 1730 2422 fuisse
1760 2391 1901 2421 ausos
1931 2373 2125 2438 aggredi
2154 2374 2422 2438 apostolos,
2449 2372 2567 2419 dum
2596 2373 2654 2420 si-

523 2452 623 2498 mul
646 2453 815 2500 armati
838 2453 1049 2500 Domino
1074 2454 1362 2501 assisterent.

586 2532 772 2579 Cohors
794 2550 934 2597 ergo,
961 2543 1009 2580 et
1031 2533 1251 2580 tribunus
1264 2571 1275 2592 ,
1302 2543 1348 2580 et
1371 2534 1576 2581 ministri
1598 2534 1891 2593 Judaeorum,
1918 2534 2002 2599 qui
2024 2533 2448 2600 apprehenderunt
2470 2535 2648 2591 Jesum,

522 2613 785 2675 ligaverunt
820 2631 955 2672 eum,
995 2624 1040 2660 et
1077 2613 1382 2662 adduxerunt
1413 2614 1475 2661 ad
1507 2617 1694 2662 Annam
1730 2616 1957 2680 primum.
1991 2614 2230 2662 Tribunus
2262 2614 2452 2662 cohorti
2491 2611 2651 2676 gentili

522 2705 735 2758 praeerat.
763 2695 947 2742 Dicitur
970 2705 1130 2742 autem
1153 2696 1374 2743 tribunus
1397 2697 1496 2744 sive
1520 2713 1548 2744 a
1569 2696 1745 2756 tribus,
1772 2696 1849 2744 vel
1872 2714 1900 2745 a
1920 2696 2141 2744 tribubus
2155 2734 2166 2756 ,
2193 2696 2244 2743 id
2266 2706 2337 2743 est
2358 2693 2576 2760 plebibus
2603 2702 2650 2739 et

522 2775 804 2824 minoribus.
844 2780 955 2823 Tres
986 2777 1165 2842 quippe
1196 2777 1474 2840 hujusmodi
1503 2778 1723 2843 praelatos
1753 2778 1927 2825 dicitur
1949 2778 2161 2843 primum
2185 2792 2415 2824 romanus
2442 2773 2650 2840 populus
2673 2818 2685 2830 ,

520 2857 609 2903 sibi
628 2858 924 2923 praecepisse,
937 2867 991 2906 ut
1009 2857 1421 2922 quemadmodum
1440 2859 1586 2906 duces
1605 2859 1851 2918 militibus,
1875 2860 1940 2907 ita
1958 2860 2034 2907 isti
2050 2868 2307 2924 praeessent
2322 2855 2558 2922 plebibus.
2580 2855 2650 2901 Li-

521 2949 750 3001 gaverunt
772 2955 884 2986 eum
905 2949 1138 3003 tanquam
1161 2956 1217 2986 ex
1238 2940 1439 2987 consilio
1464 2940 1588 2988 illius
1611 2941 1693 3005 qui
1717 2940 1900 2988 dixerat
1920 2959 1929 2987 :
1951 2959 1973 2986 «
1991 2944 2050 2987 Et
2069 2939 2228 2986 ducite
2251 2947 2389 2985 caute
2402 2974 2413 2995 ,
2440 2953 2502 2983 ne
2523 2935 2652 2982 vide-

520 3018 628 3065 licet
649 3029 809 3083 posset
832 3019 1095 3083 effugere.»
1128 3021 1170 3065 Ο
1195 3018 1324 3066 caeci!
1354 3020 1576 3085 nunquid
1599 3021 1638 3067 is
1661 3021 1744 3085 qui
1767 3037 1933 3068 aurem
1955 3030 2056 3067 tam
2078 3020 2174 3067 cito
2197 3018 2425 3074 restituit,
2458 3015 2652 3062 vincula

522 3099 778 3147 dissolvere
801 3117 902 3147 non
925 3110 1110 3165 posset,
1137 3101 1176 3147 si
1199 3100 1366 3147 vellet?
1390 3101 1484 3147 Sed
1506 3102 1699 3149 vincula
1723 3102 2236 3166 sustinetjmpiorum,
2262 3108 2316 3145 ut
2337 3099 2387 3144 in
2412 3097 2547 3143 omni
2569 3112 2649 3161 pa-

521 3178 683 3225 tientia
708 3179 956 3243 probatus,
987 3179 1174 3227 vincula
1197 3179 1402 3227 solveret
1424 3190 1751 3245 peccatorum.
1779 3182 1972 3245 Ligatur
1995 3197 2023 3228 a
2046 3180 2193 3228 servis
2221 3177 2457 3225 Dominus
2481 3175 2543 3223 ad
2564 3175 2649 3222 ho-

521 3274 647 3316 ram,
667 3259 750 3322 qui
773 3259 946 3306 fortem
969 3270 1206 3308 armatum
1221 3260 1439 3324 religaret
1455 3261 1730 3325 perenniter
1746 3271 1978 3309 satanam.
2000 3261 2199 3308 Vinctus
2221 3267 2274 3305 ut
2292 3257 2414 3304 latro
2434 3255 2644 3313 ducitur,

568 3458 578 3475 ¹
604 3457 755 3498 Zachar.‚
774 3468 849 3502 cap.
870 3470 927 3492 xm
941 3485 949 3500 ,
969 3473 1001 3494 v.
1021 3464 1053 3495 7.
1072 3481 1107 3487 —
1127 3462 1140 3480 ²
1157 3463 1231 3497 Vid.
1258 3463 1449 3497 venerabilis
1474 3463 1570 3498 Bedae
1596 3465 1692 3506 opp„
1718 3464 1863 3499 Coloniae
1889 3463 2075 3509 Agrippinae
2088 3488 2097 3505 ,
2121 3463 2223 3502 1612,
2243 3459 2372 3501 in-fol.‚
2386 3466 2410 3492 t.
2426 3458 2467 3499 V,
2488 3457 2550 3491 col.
2570 3457 2645 3489 197.

524 3536 563 3542 -
583 3518 595 3535 ³
614 3517 712 3557 lbid„
729 3517 808 3551 ibid.
