2970 4152
1194 429 1198 434 -
1238 423 1241 444 ;
1298 398 1494 446 No'nAE.
2393 390 2456 439 63

1174 535 1272 572 Nota
1296 535 1416 580 XLV,
1441 546 1527 583 pag.
1554 535 1613 571 25.

389 632 601 669 oratorium
618 629 809 680 quoddam
824 630 862 664 in
880 629 1028 664 nomme
1042 633 1186 663 sanctoe
1206 627 1460 675 Trinitatis-‘22
1469 625 1725 667 construxi—
1737 623 1939 659 'facet-hoc
1950 621 2033 657 loco
2042 648 2053 665 ,
2066 619 2168 670 quod
2184 618 2274 656 alibi
2289 618 2403 655 refert
2417 631 2457 654 ac

339 704 431 744 sape
443 695 598 744 repetit,
619 692 825 730 oratorium
841 689 936 726 illud
951 702 1000 734 se,
1021 701 1138 739 quum
1156 689 1196 736 in
1213 686 1366 726 nomine
1383 694 1514 724 sanctae
1531 687 1727 723 Trinitatis
1745 685 1942 722 fundatum
1956 696 1998 721 ac
2016 682 2229 720 dedicatum
2245 687 2354 726 esset,
2369 681 2456 729 quia

339 763 463 794 tamen
480 757 534 793 ibi
549 755 732 805 profugus
754 765 796 790 ac
818 753 896 801 jam
909 752 1135 801 ⁴desperatus
1151 751 1283 788 divinae
1301 751 1420 799 gratia
1437 749 1700 793 consolationis
1717 747 1989 797 aliquantulum
2007 746 2239 794 respirasset,
2259 744 2300 779 in
2316 754 2458 779 memo-

339 820 432 855 riam
453 818 564 866 hujus
585 816 757 853 beneficii
774 814 1006 851 Paracletum
1025 814 1099 850 sive
1115 813 1340 850 Paraclitum
1358 812 1585 848 n6minasse.
1600 810 1713 857 Quod
1733 816 1902 846 asserunt
1928 809 2041 845 etiam
2067 806 2255 843 Robertus
2272 804 2457 842 Autissio-

339 880 526 924 dorensis,
547 878 753 915 chronicon
775 876 901 914 Sancti
919 876 1022 912 Petri
1039 875 1126 914 Vivi
1145 875 1352 920 Senonum,
1372 881 1411 911 et
1427 874 1504 910 alii.
1522 872 1816 920 Construxitque
1842 870 1935 907 illud
1959 871 1996 906 in
2015 880 2113 918 pago
2139 867 2318 912 trecensi,
2349 878 2459 914 super

337 942 492 993 fluvium
509 940 750 977 Arduzonem
767 938 842 974 sive
859 937 1108 981 Ardiconem,
1127 938 1167 972 in
1191 936 1368 985 parochia
1391 935 1589 982 Quinceii,
1613 933 1732 970 vicina
1761 933 1934 981 Nogento
1962 943 2073 980 super
2097 930 2319 978 Sequanam.
2349 927 2461 963 Guil-

338 1002 469 1039 ldmus
497 1000 666 1050 Nangius
693 1002 733 1036 in
759 1000 938 1036 chronico
957 1014 964 1034 :
986 1012 1003 1031 «t
1019 999 1288 1035 Construxerat
1304 998 1405 1034 enim
1423 996 1692 1033 monasterium
1711 995 1750 1031 in
1767 995 1983 1043 episcopatu
2005 991 2163 1028 trecensi
2184 991 2290 1038 juxta
2308 990 2461 1036 Nogen-

334 1066 416 1100 tum
435 1074 548 1112 super
563 1063 772 1112 Sequanam
790 1061 828 1098 in
847 1060 1012 1110 quodam
1029 1066 1138 1108 prato
1153 1060 1220 1095 ubi
1236 1059 1361 1108 legere
1383 1059 1514 1095 solitus
1529 1057 1663 1094 suerat.
1680 1072 1698 1090 »
1713 1056 1761 1092 Et
1776 1055 2018 1092 Innocentius
2034 1053 2092 1099 ΙΙ,
2111 1053 2150 1089 in
2165 1052 2299 1089 litteris
2317 1051 2365 1087 ad
2382 1051 2461 1088 He-

333 1124 481 1161 loissam
499 1141 505 1159 τ
523 1139 541 1157 τι
557 1124 751 1169 Heloissae,
770 1139 787 1157 »
806 1123 951 1172 inquit,
974 1136 991 1155 κ
1008 1121 1214 1166 abbatissae,
1236 1122 1451 1169 caeterisque
1469 1119 1660 1156 sororibus
1685 1118 1722 1154 in
1746 1117 1912 1154 oratorio
1931 1115 2034 1166 quod
2050 1116 2089 1151 in
2106 1126 2202 1163 pago
2219 1112 2400 1159 trecensi,
2422 1112 2461 1147 in

331 1186 528 1234 parrochia
542 1185 732 1233 Quinceii,
748 1196 859 1233 supra
877 1184 1035 1220 fluvium
1050 1182 1290 1220 Arduconem
1308 1183 1422 1218 situm
1441 1188 1509 1218 est.
1527 1196 1544 1215 »ι
1564 1180 1714 1219 Vocant
1728 1185 1854 1215 autem
1871 1178 1966 1214 illud
1984 1177 2125 1214 romani
2143 1174 2352 1224 pontifices,
2372 1189 2389 1207 ιι
2400 1186 2464 1221 pa-

332 1249 537 1285 racletense
554 1248 787 1292 coenobium,
804 1246 1010 1283 oratorium
1030 1245 1171 1282 Sanctae
1187 1244 1406 1292 Trinitatis,
1423 1243 1677 1286 Paracletum,
1693 1248 1732 1278 et
1743 1241 1949 1278 oratorium
1965 1239 2089 1276 Sancti
2106 1238 2308 1286 Spiritus.»
2326 1235 2400 1273 Sed
2417 1235 2463 1271 de

333 1323 378 1347 eo
394 1310 501 1359 plura
522 1311 647 1346 adhuc
665 1316 804 1359 postea,
827 1309 958 1358 [Adde
975 1308 1077 1358 quod
1092 1309 1228 1344 Petrus
1245 1314 1372 1343 noster
1395 1305 1557 1355 effigiem
1573 1304 1810 1342 sanctissimae
1827 1303 2024 1339 Trinitatis
2041 1303 2079 1338 in
2095 1299 2259 1337 oratorio
2286 1297 2464 1336 Paracleti

331 1371 506 1408 collocari
526 1378 730 1416 curaverat,
742 1383 855 1420 quam
873 1370 1054 1406 Mabillon
1070 1369 1131 1405 his
1149 1368 1270 1405 verbis
1285 1368 1478 1414 describit,
1494 1368 1643 1404 Annal.
1661 1365 1785 1403 ordin.
1807 1366 1848 1403 S.
1862 1364 2006 1401 Bened.
2019 1364 2085 1399 lib.
2103 1361 2278 1405 LXXIV,
2293 1373 2373 1408 cap.
2390 1372 2462 1404 xix,

331 1441 356 1469 t.
379 1434 435 1471 VI
446 1461 456 1479 ,
476 1447 514 1483 p.
532 1437 598 1471 85:
621 1449 638 1467 «
654 1436 869 1482 Antequam
887 1432 1071 1470 Abaelardi
1091 1431 1325 1468 Paracletum
1351 1430 1586 1467 dimittamus
1600 1457 1610 1475 ‚
1628 1429 1732 1465 haud
1750 1428 1797 1465 ab
1815 1440 1855 1464 re
1872 1427 2023 1463 videtur
2042 1427 2105 1462 hic
2128 1425 2322 1461 observare
2350 1424 2462 1458 trium

330 1496 565 1531 sancta-imae
592 1496 791 1531 Trinitatis
809 1495 871 1531 cui
889 1494 1103 1530 dedicatum
1120 1494 1201 1542 ejus
1217 1493 1292 1530 loci
1308 1493 1516 1530 oratorium
1542 1499 1620 1537 est,
1640 1503 1885 1540 personarum
1904 1495 2070 1526 extantes
2086 1488 2241 1536 figuras,
2264 1485 2312 1522 ad
2329 1485 2462 1520 huma-

331 1568 416 1592 num
432 1563 614 1593 staturam
632 1568 675 1593 ex
695 1569 770 1593 uno
790 1555 916 1605 lapide
934 1555 1152 1592 fabrefactas
1165 1583 1175 1600 ,
1197 1565 1290 1604 quas
1306 1553 1524 1592 Ahaelardus
1546 1554 1626 1602 ipse
1652 1552 1823 1589 fabricari
1851 1551 2012 1596 curavit,
2033 1548 2201 1594 insolito,
2221 1555 2263 1584 ut
2283 1548 2321 1583 in
2339 1546 2463 1583 omni-

328 1617 398 1654 bus
424 1618 597 1655 insolitus
626 1626 726 1664 erat,
753 1617 878 1655 modo.
907 1618 1016 1654 Pater
1043 1618 1082 1654 in
1105 1617 1232 1654 medio
1259 1617 1401 1666 positus
1427 1623 1486 1653 est
1508 1628 1596 1652 cum
1620 1622 1710 1664 toga
1729 1614 1854 1659 talari,
1876 1614 1968 1650 stola
1985 1626 2006 1650 e
2025 1611 2119 1648 collo
2141 1610 2328 1660 pendente
2352 1616 2389 1644 et
2418 1608 2463 1644 ad

330 1687 458 1728 pectus
474 1680 681 1725 decussata,
695 1687 808 1729 atque
822 1679 871 1715 ad
883 1678 1077 1727 cingulum
1093 1678 1391 1724 adstricta3cum
1413 1690 1550 1714 corona
1566 1676 1688 1713 clausa
1705 1677 1745 1712 in
1762 1676 1883 1724 capite
1904 1682 1940 1711 et
1961 1674 2072 1722 globo
2088 1674 2128 1709 in
2150 1672 2299 1709 sinistra
2327 1682 2460 1712 manu3

318 1741 439 1790 >pallio
454 1742 747 1791 superindutus,
770 1743 873 1791 quod
895 1741 944 1777 ad
959 1741 1052 1778 duas
1070 1741 1160 1778 inde
1175 1752 1351 1789 personas
1372 1739 1608 1786 extenditur,
1628 1738 1737 1786 cujus
1753 1751 1774 1775 e
1793 1737 1905 1774 fibula
1931 1736 2064 1786 pendit
2093 1734 2236 1772 lembus
2264 1733 2462 1770 deauratus

326 1804 384 1840 bis
411 1804 535 1840 verbis
566 1803 764 1852 adscriptis
782 1819 790 1839 ε
813 1804 934 1840 Filius
953 1816 1057 1839 meus
1076 1816 1117 1839 es
1135 1809 1189 1842 tu.
1207 1803 1268 1839 Ad
1284 1803 1406 1839 Patris
1423 1802 1613 1838 dexteram
1631 1807 1704 1838 stat
1723 1800 1841 1838 Filius
1858 1812 1943 1836 cum
1961 1798 2073 1836 simili
2100 1804 2205 1846 toga,
2232 1795 2296 1832 sed
2325 1795 2461 1842 absque

326 1868 500 1917 cingulo,
521 1868 661 1905 habens
679 1868 720 1904 in
738 1868 911 1905 manibus
927 1880 1078 1904 crucem
1096 1868 1238 1916 pectori
1254 1868 1461 1916 appositam
1473 1895 1484 1913 ,
1501 1873 1540 1903 et
1556 1866 1605 1903 ad
1623 1867 1811 1903 sinistram
1830 1872 1975 1914 partem
2002 1864 2168 1901 lembum
2187 1875 2273 1899 cum
2298 1862 2357 1898 his
2378 1872 2461 1896 ver-

323 1929 381 1965 bis
397 1945 404 1966 :
422 1930 541 1966 Pater
558 1942 663 1966 meus
678 1942 720 1966 es
737 1936 790 1966 tu.
806 1929 869 1967 Ad
886 1929 1075 1966 sinistram
1098 1936 1197 1966 extat
1213 1929 1376 1977 Spiritus
1402 1935 1550 1965 sanctus
1571 1940 1659 1964 cum
1678 1928 1790 1964 simili
1809 1934 1895 1976 toga
1913 1926 2068 1963 indutus
2082 1952 2092 1971 ,
2117 1925 2326 1960 decussatas
2351 1934 2462 1971 super

326 1998 455 2039 pectus
481 1992 622 2028 hahens
640 2003 772 2028 manus
796 2002 883 2028 cum
906 1992 979 2029 hoc
1008 1991 1110 2028 dicto
1129 2008 1137 2027 :
1160 1992 1248 2040 Ego
1266 1993 1459 2041 utriusque
1477 1991 1721 2039 spiraculum.
1739 1989 1858 2027 Filius
1887 2000 2059 2025 coronam
2087 1987 2271 2036 spineam,
2302 1986 2463 2034 Spiritus

326 2060 473 2091 sanctus
490 2054 650 2090 olearem
670 2055 781 2103 gerit.
802 2054 972 2103 Uterque
996 2054 1148 2103 respicit
1165 2055 1314 2091 Patrem
1327 2083 1336 2100 ,
1357 2054 1423 2103 qui
1442 2053 1625 2090 calceatus
1650 2059 1727 2099 est,
1758 2064 1834 2089 non
1851 2051 1933 2088 duae
1962 2050 2040 2087 aliae
2067 2061 2243 2098 personae.
2266 2046 2403 2084 Eadem
2422 2046 2461 2082 iu

331 2116 452 2154 tribue
466 2117 592 2154 vultus
606 2118 748 2166 species
764 2124 803 2155 et
819 2117 955 2154 forma.
973 2132 991 2151 υ
1009 2116 1110 2156 Vide
1131 2116 1246 2154 etiam
1268 2129 1349 2166 quae
1371 2115 1419 2153 de
1434 2115 1567 2153 eodem
1585 2122 1807 2165 argumento
1834 2114 2092 2151 disseruerunt
2108 2112 2156 2147 D.
2173 2110 2350 2149 Gervaise
2362 2136 2371 2152 ,
2394 2109 2463 2144 Vie

327 2178 574 2216 d'Abeillard
584 2208 594 2226 ,
613 2185 643 2217 t.
661 2180 720 2225 11,
738 2191 778 2228 p.
796 2182 891 2225 229;
914 2179 1126 2217 Menandre
1143 2179 1292 2225 Lenoir,
1322 2180 1455 2216 Musei:
1471 2178 1540 2215 des
1557 2184 1793 2216 monunoems
1805 2177 1998 2228 smnqcu's,
2027 2183 2054 2212 t.
2074 2175 2115 2221 I,
2139 2174 2212 2211 tab.
2238 2179 2279 2209 n⁰
2306 2174 2398 2215 5⁴6;
2426 2178 2462 2207 et

325 2240 466 2278 clariss.
480 2242 536 2277 vir
552 2242 752 2288 Re'musat,
772 2242 812 2279 in
828 2254 945 2291 opere
960 2253 1053 2291 saepe
1069 2241 1236 2287 laudato,
1255 2248 1282 2278 t.
1299 2241 1317 2277 I
1329 2269 1340 2285 ,
1358 2253 1395 2289 p.
1414 2243 1483 2278 109
1496 2248 1536 2277 et
1550 2241 1624 2290 sq.]

1170 2354 1266 2390 Nota
1294 2353 1434 2399 XLVI,
1460 2366 1548 2403 pag.
1574 2356 1635 2391 25.

377 2445 487 2494 Quod
502 2455 618 2495 quum
634 2448 894 2495 cognovissent
909 2446 1120 2491 scholares,
1148 2453 1341 2494 coeperunt
1360 2445 1525 2495 undique
1544 2457 1778 2484 concurret-e.
1792 2465 1840 2475 —
1853 2447 1881 2483 F
1882 2446 2074 2489 ranciscus
2086 2443 2302 2491 Petrarcha,
2319 2443 2383 2479 lib.
2403 2442 2458 2486 11,

327 2505 374 2543 de
399 2507 491 2546 Vita
515 2505 679 2544 solitaria
699 2520 706 2540 ε
729 2522 746 2542 α
765 2509 844 2555 Qui
867 2509 1001 2545 Petrus
1027 2507 1267 2554 Abaelardus,
1284 2524 1301 2542 a»
1325 2508 1469 2558 inquit,
1501 2524 1518 2542 «
1539 2509 1685 2546 invidias
1712 2508 1864 2554 cedens,
1895 2507 2107 2544 solitudinis
2133 2506 2311 2543 trecensis
2336 2504 2460 2541 abdita

324 2570 532 2617 penetravit
546 2597 556 2616 ‚
575 2569 644 2605 etsi
676 2580 752 2605 non
779 2570 859 2606 sine
875 2581 1012 2619 magno
1029 2570 1200 2619 undique
1218 2570 1472 2607 studiosorum
1489 2577 1696 2617 conventu,
1723 2582 1817 2620 quos
1838 2583 1859 2607 e
1881 2569 2008 2606 multis
2033 2569 2190 2605 urbibus
2216 2567 2382 2604 solitario
2406 2566 2458 2602 illi

323 2629 527 2680 discipulos
551 2630 730 2668 doctrinae
747 2631 904 2669 celebris
919 2631 1018 2669 sama
1033 2639 1291 2680 contraxerat,
1311 2633 1392 2669 sine
1419 2633 1550 2682 requie
1574 2640 1700 2670 tamen
1730 2639 1876 2682 optata,
1903 2642 2016 2682 quam
2045 2631 2114 2668 sibi
2145 2630 2324 2667 radicitus
2351 2637 2458 2666 tenax

327 2694 443 2739 livor,
461 2693 668 2744 odiumque
686 2693 960 2732 convulserant.
988 2709 1006 2727 υ

1154 2765 1251 2802 Nota
1278 2762 1448 2812 XLVII,
1476 2777 1563 2815 pag.
1589 2766 1649 2805 28.

378 2857 490 2894 Alter
519 2857 752 2905 regularium
779 2859 1043 2895 canonicorum
1065 2860 1203 2904 vitam,
1227 2859 1328 2895 alter
1350 2858 1616 2896 monachorum
1638 2871 1679 2895 se
1708 2860 1951 2894 resuscitasse
1979 2857 2228 2906 gloriabatur.
2249 2874 2295 2883 —
2314 2855 2465 2891 Sanctos

336 2920 587 2956 mortbert-um
602 2919 787 2957 canonice
804 2921 1213 2968 praemonstratensium
1235 2921 1538 2971 congregationis
1563 2921 1838 2966 institutorem,
1866 2927 1904 2957 et
1932 2919 2161 2956 Bernardum
2189 2917 2381 2954 monastici
2413 2918 2465 2953 ci-

333 2982 593 3030 sterciensium
613 2981 755 3018 ordinis
776 2989 1032 3031 promotorem
1056 2984 1287 3033 praecipuum
1313 2983 1509 3032 intelligit.
1534 2984 1711 3031 Quorum
1738 2983 1801 3019 hic
1831 2983 1974 3031 primus
2001 2981 2277 3018 claraevallensis
2304 2979 2462 3016 coenobii

329 3044 460 3090 abbas,
482 3043 701 3081 benedictus
726 3051 782 3080 est
803 3057 824 3080 a
846 3044 1053 3082 Guillelmo
1080 3045 1128 3082 de
1154 3045 1356 3095 Campellis
1384 3046 1560 3095 episcopo
1588 3045 1840 3082 catalaunensi
1859 3044 1929 3081 sub
1948 3056 2086 3081 annum
2112 3044 2225 3084 tm,
2249 3043 2463 3091 episcopatu

329 3105 542 3155 lingonensi
561 3112 734 3151 vacante,
762 3106 858 3143 sicut
874 3106 912 3143 in
930 3107 1112 3144 chronico
1135 3108 1340 3145 victoriano
1357 3108 1512 3157 legitur,
1534 3115 1735 3157 posteaque
1754 3113 2009 3144 trecentorum
2027 3113 2066 3143 et
2082 3105 2243 3155 amplius
2262 3103 2444 3140 monacho

337 3175 547 3217 rumpater
561 3179 640 3205 esse
659 3169 811 3205 meruit.
829 3168 896 3206 ule
914 3181 1018 3215 vere,
1040 3176 1134 3207 teste
1152 3171 1267 3207 veteri
1282 3170 1524 3208 laudunensis
1547 3170 1708 3208 ecclesiae
1733 3169 1932 3215 canonico,
1953 3185 1970 3203 «
1987 3175 2072 3218 post
2089 3179 2224 3217 paucos
2243 3178 2358 3203 annos
2380 3166 2462 3200 novi

334 3229 486 3266 luminis
500 3257 511 3275 ,
531 3240 706 3279 novaeque
720 3230 994 3276 conversionis,
1018 3243 1087 3268 nec
1105 3231 1225 3269 solum
1243 3232 1420 3279 interius,
1443 3233 1507 3270 sed
1523 3234 1637 3270 etiam
1654 3233 1816 3269 exterius
1839 3231 2010 3268 candoris
2032 3242 2150 3268 novus
2167 3231 2338 3266 inventor
2355 3231 2391 3264 et
2406 3227 2464 3262 in-

335 3298 492 3341 coeptor,
509 3291 688 3330 dominus
703 3293 846 3330 scilicet
861 3293 1089 3331 Nortbertus
1100 3322 1111 3340 ,
1129 3294 1178 3331 de
1196 3295 1439 3345 Lotbaringia
1454 3297 1486 3334 F
1487 3296 1649 3333 ranciam
1668 3294 1886 3340 adveniens,
1906 3294 2030 3332 divina
2047 3292 2277 3343 praecedente
2294 3298 2333 3327 et
2349 3289 2464 3326 comi·

331 3359 432 3390 tante
448 3355 567 3403 gratia
586 3356 626 3392 in
639 3356 862 3404 episcopatu
883 3354 1104 3393 laudunensi
1128 3357 1290 3406 primam
1318 3357 1419 3394 illam
1447 3358 1593 3394 vineam
1620 3356 1819 3405 plantavit,
1851 3368 1932 3406 quae
1959 3357 2001 3393 in
2031 3355 2211 3393 charitate
2238 3352 2400 3390 radicata
2428 3358 2463 3385 et

335 3414 488 3453 fundata
502 3417 581 3465 jam
598 3418 724 3455 emisit
739 3418 964 3467 propagines
981 3429 1087 3464 suas,
1105 3425 1144 3456 et
1162 3419 1248 3456 vino
1262 3419 1498 3456 fortitudinis
1513 3431 1607 3464 suae,
1627 3417 1731 3468 quod
1746 3417 1906 3455 laeti-iicat
1921 3430 1986 3455 cor
2003 3417 2188 3462 hominis,
2204 3415 2282 3463 jam
2302 3414 2462 3450 ubertim

337 3479 534 3516 inebriavit
551 3480 677 3528 plures
696 3480 884 3530 principes
901 3487 940 3518 et
952 3479 1099 3529 judices
1115 3488 1240 3529 terrae,
1257 3482 1431 3530 juvenes,
1452 3488 1490 3519 et
1508 3481 1685 3530 virgines,
1709 3492 1814 3518 senes
1831 3493 1916 3518 cum
1933 3480 2162 3528 junioribus.
2180 3479 2236 3515 Ita
2256 3485 2298 3514 ut
2316 3475 2464 3513 sortiter
