2970 4152
802 410 861 458 IN
893 409 1073 456 FERIA
1105 408 1344 466 QUARTA
1379 406 1786 456 PENTECOSTES
1818 405 2033 453 SERMO.
2379 406 2476 454 499

357 506 535 570 quippe
558 505 812 552 dominicae
842 504 1172 570 conceptionis
1193 502 1417 562 exordio,
1443 519 1565 568 quo,
1596 512 1650 550 ut
1677 501 1946 567 expositum
1978 510 2049 548 est
2064 538 2075 560 ,
2100 510 2278 547 terram
2301 501 2474 565 tetigit,

358 586 424 633 ita
445 585 697 650 diligenter
718 585 836 650 quid
858 585 908 632 id
929 585 1022 633 hac
1043 595 1170 632 terra
1190 583 1337 648 egerit
1352 620 1363 642 ,
1388 582 1799 648 comprehendere
1829 582 2034 641 curavit,
2066 591 2119 628 ut
2150 598 2239 628 nec
2272 592 2478 629 mortem

357 666 504 731 ipsius
517 704 528 726 ,
563 683 654 713 nec
683 666 1084 714 resurrectionem
1097 703 1108 725 ,
1147 681 1238 712 nec
1272 663 1602 714 ascensionem
1635 664 2022 728 praetermittens,
2060 662 2122 710 ad
2153 662 2478 710 excellentiam

358 747 620 795 festivitatis
641 746 888 794 hodiernae
909 745 1350 794 commendandam
1374 745 1661 811 perveniret.
1688 747 1913 808 Congruo
1935 744 2132 809 quidem
2166 744 2336 791 ordine
2371 755 2477 792 tan-

355 843 503 891 quam
526 843 553 874 a
574 827 728 891 capite
751 826 813 873 ad
835 826 1054 875 membra
1074 843 1161 892 per
1183 824 1452 873 mirabilem
1474 824 1625 872 sancti
1647 825 1848 890 Spiritus
1870 825 2198 890 operationem
2215 824 2475 883 deducens,

355 924 507 972 quum
529 908 629 972 ipse
651 906 851 965 scilicet,
878 907 1012 971 cujus
1036 907 1317 972 operatione
1339 915 1601 971 conceptus
1623 915 1716 964 est,
1736 905 1972 952 Dominus
1989 905 2237 970 apostolici
2252 906 2477 953 virtutem

355 987 709 1034 consummavit
731 987 979 1034 exercitus.

419 1068 526 1114 Tria
547 1068 708 1132 itaque
731 1084 758 1115 a
780 1067 990 1114 Domino
1014 1077 1139 1115 tacta
1161 1067 1527 1132 quodammodo
1550 1066 1824 1126 tabescunt,
1850 1067 1967 1114 dum
1990 1067 2050 1115 ab
2072 1068 2177 1132 ipso
2205 1067 2477 1115 humanitas

354 1158 597 1213 assumpta
619 1165 770 1212 usque
793 1147 854 1195 ad
877 1147 1244 1195 dissolutionem
1266 1148 1498 1213 perducta
1520 1158 1592 1195 est
1614 1149 1800 1195 mortis.
1828 1147 1967 1195 Unde
1997 1157 2043 1195 et
2070 1148 2272 1213 ipsemet
2300 1148 2360 1194 de
2387 1147 2478 1195 hac

353 1222 667 1276 dissolutione
681 1228 849 1275 mortis
863 1228 925 1275 ad
937 1231 1126 1275 Patrem
1137 1229 1201 1275 ait
1213 1231 1225 1254 ¹
1244 1247 1254 1275 :
1276 1247 1299 1272 «
1312 1231 1365 1275 ln
1380 1228 1628 1294 pulverem
1648 1228 1816 1276 mortis
1827 1228 2062 1276 deduxisti
2076 1245 2203 1275 me.»
2222 1231 2278 1275 Et
2291 1229 2403 1293 quia
2417 1228 2477 1275 de

352 1319 508 1356 morte
521 1310 667 1374 ipsius
684 1309 888 1357 maxime
905 1309 1171 1356 contristati
1193 1309 1397 1374 apostoli
1418 1309 1627 1368 fuerunt,
1646 1309 1773 1357 hanc
1792 1309 2047 1357 maximam
2068 1326 2236 1356 eorum
2246 1309 2477 1373 justitiam

351 1389 533 1436 luctum
546 1389 752 1455 appellat
764 1389 1019 1455 propheta,
1034 1407 1184 1455 quum
1202 1389 1446 1454 subjungit
1461 1409 1471 1437 :
1493 1410 1517 1436 «
1530 1393 1586 1437 Et
1598 1376 1830 1454 lugebunt
1843 1407 2011 1438 omnes
2023 1390 2293 1438 habitantes
2306 1390 2355 1437 in
2369 1407 2473 1437 ea.»

352 1472 422 1516 De
436 1487 535 1534 quo
557 1471 700 1518 etiam
719 1470 850 1518 luctu
866 1471 1001 1535 quasi
1013 1471 1304 1536 vespertino,
1325 1481 1436 1518 ante
1452 1471 1737 1518 matutinam
1754 1471 2113 1519 resurrectionis
2132 1472 2232 1536 ejus
2250 1471 2474 1529 laetitiam,

351 1550 595 1598 Psalmista
606 1551 906 1616 praedixerat¹
919 1571 928 1598 :
947 1572 969 1596 «
982 1551 1055 1598 Ad
1065 1568 1318 1617 vesperum
1329 1551 1659 1600 demorabitur
1672 1553 1827 1612 fletus,
1839 1563 1886 1600 et
1897 1553 1958 1600 ad
1970 1553 2257 1600 matutinum
2267 1552 2440 1600 laetitia.
2453 1572 2475 1595 »

351 1631 403 1677 In
416 1640 541 1679 terra
549 1631 684 1695 quasi
692 1630 965 1679 tabescente
976 1630 1140 1679 fideles
1155 1631 1391 1691 habitant,
1403 1632 1520 1679 dum
1529 1633 1577 1679 in
1587 1643 1838 1698 assumptae
1849 1633 2159 1680 humanitatis
2173 1643 2328 1680 morte
2343 1650 2478 1698 spem

348 1727 444 1759 suae
459 1711 803 1778 redemptionis
825 1713 1080 1761 collocant.
1104 1716 1262 1771 Quam
1282 1713 1503 1762 videlicet
1518 1731 1653 1780 spem
1676 1731 1980 1781 nequaquam
2003 1716 2285 1774 retinerent,
2311 1715 2401 1762 nisi
2417 1715 2477 1762 de

346 1792 516 1840 mortis
532 1809 646 1840 casu
665 1793 1011 1841 conscenderet
1024 1795 1345 1842 resuscitatus.
1366 1794 1503 1842 Unde
1521 1805 1568 1843 et
1583 1795 1804 1842 subditur
1825 1815 1835 1843 :
1860 1815 1883 1840 «
1902 1797 1959 1843 Et
1973 1795 2199 1843 ascendet
2215 1796 2335 1843 sieut
2349 1796 2477 1843 rivus

347 1872 501 1920 amnis
513 1909 525 1931 ,
542 1883 590 1920 et
605 1871 784 1921 defluet
801 1874 922 1921 sicut
939 1874 1109 1922 fluvius
1128 1876 1333 1941 AEgypti.
1355 1895 1379 1920 »
1400 1877 1542 1923 Rivus
1562 1876 1774 1941 quandiu
1793 1877 1842 1923 in
1863 1877 2000 1925 alveo
2015 1894 2103 1932 suo
2120 1877 2373 1924 conclusus
2393 1894 2475 1924 co-

346 1951 556 2012 hibetur,
576 1970 666 2000 nec
688 1970 739 2000 se
754 1955 940 2018 erigens
961 1955 1150 2002 alveum
1167 1956 1368 2015 excedit,
1387 1973 1692 2021 nequaquam
1712 1967 1860 2005 terras
1880 1958 2268 2021 circumjacentes
2282 1959 2475 2022 irrigare

346 2032 486 2081 valet.
498 2034 644 2091 Quasi
655 2051 769 2097 ergo
780 2033 842 2082 de
851 2033 988 2082 alveo
996 2035 1133 2083 vivus
1146 2037 1300 2084 amnis
1313 2037 1544 2096 ascendit,
1555 2055 1706 2103 quum
1714 2039 1958 2086 incarnata
1966 2039 2053 2086 Dei
2064 2039 2295 2104 sapientia
2303 2039 2474 2104 deipso

346 2113 513 2161 mortis
534 2113 643 2162 loco
657 2152 668 2174 ,
688 2132 786 2179 quo
810 2115 1055 2180 depositus
1079 2116 1254 2175 fuerat,
1278 2117 1372 2164 hoc
1394 2129 1465 2165 est
1487 2118 1548 2166 de
1569 2119 1788 2184 sepulcro
1821 2120 2039 2183 resurgit.
2070 2122 2201 2166 Tunc
2233 2119 2477 2184 circumja-

344 2203 531 2241 centem
561 2205 736 2243 terram
764 2196 927 2261 irrigat
955 2207 1006 2244 ut
1036 2197 1320 2246 fructificare
1349 2200 1522 2265 possit,
1551 2200 1668 2248 dum
1691 2201 1943 2267 desperata
1970 2202 2101 2267 prius
2129 2200 2474 2267 discipulorum

343 2274 490 2323 corda
514 2274 609 2323 fide
629 2277 985 2337 corroboravit3
1013 2289 1065 2326 ut
1085 2296 1170 2344 spe
1193 2279 1362 2328 suturae
1382 2280 1678 2341 beatudinis,
1704 2299 1850 2347 quam
1873 2283 1940 2330 eis
1963 2299 2212 2346 resurgens
2234 2283 2445 2331 exhibuit
2459 2323 2469 2342 ,

343 2353 586 2403 bonorum
607 2373 810 2422 operum
833 2357 1012 2430 fructus
1036 2358 1301 2424 proferant.
1328 2361 1473 2418 Quod
1495 2371 1655 2409 autern
1677 2363 1834 2409 rivum
1857 2364 2010 2410 amnis
2031 2363 2163 2428 prius
2185 2363 2467 2429 appellavit,

342 2446 692 2500 consequenter
714 2436 913 2484 fluvium
937 2440 1127 2504 AEgypti
1143 2457 1453 2506 nuncupans,
1475 2442 1727 2506 diligenter
1755 2443 1982 2491 describit
2009 2460 2223 2507 congrua
2243 2444 2470 2509 parabola

340 2513 405 2561 illi
431 2514 579 2562 fluvio
601 2516 813 2582 AEgypti,
842 2517 925 2581 qui
954 2517 1084 2565 Nilus
1120 2519 1404 2584 appellatur,
1443 2523 1707 2569 Dominum
1735 2540 2038 2588 comparans.
2065 2527 2135 2570 De
2162 2524 2257 2571 hoc
2291 2526 2469 2591 quippe

340 2595 511 2656 fluvio,
539 2607 585 2645 et
607 2597 833 2662 singulari
855 2599 1064 2663 quadam
1089 2600 1189 2664 ejus
1212 2611 1383 2650 natura
1406 2603 1532 2652 Beda
1554 2605 1602 2651 in
1626 2604 1750 2652 libro
1779 2604 1836 2652 de
1862 2609 2049 2652 Natura
2083 2610 2257 2652 Rerum
2279 2607 2343 2654 ita
2366 2624 2465 2654 me-

339 2677 503 2725 minit³
523 2697 533 2724 ε
564 2697 588 2723 «
607 2678 713 2726 Nilo
738 2678 936 2726 flumine
957 2696 1048 2745 pro
1071 2680 1243 2745 pluviis
1267 2683 1415 2730 utitur
1435 2687 1686 2750 AEgyptus‚
1710 2696 1909 2752 propter
1930 2687 2042 2734 solis
2061 2686 2272 2734 calorem
2288 2687 2465 2735 imbres

339 2767 385 2804 et
407 2757 573 2805 nubila
595 2775 840 2823 respuens.
868 2760 1029 2807 Mense
1058 2761 1187 2807 enim
1216 2762 1367 2821 maio,
1394 2763 1510 2811 dum
1540 2766 1660 2813 ostia
1693 2766 1793 2830 ejus
1830 2766 2004 2831 quibus
2036 2768 2082 2814 in
2119 2784 2250 2815 mare
2284 2768 2461 2826 influit,

338 2837 549 2903 zephyro
569 2838 738 2900 flante,
758 2839 901 2888 undis
923 2840 1101 2904 ejectis,
1122 2858 1375 2891 arenarum
1397 2846 1599 2894 cumulis
1621 2857 1984 2912 praestruuntur,
2007 2849 2234 2915 paulatim
2256 2849 2462 2896 intume-

338 2934 497 2977 scenS,
524 2935 580 2966 ac
601 2930 729 2967 retro
758 2921 1039 2986 propulsus,
1066 2922 1210 2986 plana
1239 2924 1400 2989 irrigat
1428 2929 1634 2992 AEgypti.
1662 2931 1818 2976 Vento
1842 2940 2002 2993 autem
2024 2940 2260 2989 cessante,
2287 2931 2461 2995 ruptis-

338 3013 432 3060 que
453 3014 707 3046 arenarum
728 3000 954 3058 cumulis,
980 3018 1067 3048 suo
1091 3001 1309 3051 redditur
1337 3005 1492 3053 alveo.
1522 3026 1544 3052 »
1572 3007 1701 3055 Nilus
1730 3009 1890 3074 itaque
1918 3009 1979 3056 de
2008 3009 2230 3075 paradiso
2260 3026 2461 3058 manans

337 3078 438 3143 ipsa
461 3081 548 3127 Dei
570 3081 800 3146 sapientia
814 3092 884 3129 est
900 3082 961 3129 de
973 3085 1190 3148 supernis
1207 3085 1529 3147 descendens,
1550 3099 1602 3136 ut
1618 3107 1707 3137 nos
1725 3090 1785 3137 de
1804 3091 1936 3138 fonte
1951 3108 2067 3138 vero
2085 3101 2295 3156 potaret,
2316 3102 2364 3139 et
2378 3092 2461 3139 hu-

331 3159 408 3221 jus
430 3161 601 3208 mundi
622 3164 903 3227 AEgyptum,
930 3163 980 3210 id
1002 3174 1071 3211 est
1094 3165 1352 3214 tenebras'
1339 3185 1442 3233 ipsa
1463 3171 1618 3217 carnis
1641 3182 1892 3236 assumptae
1913 3172 2162 3236 praesentia
2184 3172 2454 3230 illustraret,

337 3238 397 3285 de
419 3257 516 3304 qua
536 3242 766 3306 scriptum
788 3252 857 3289 est
873 3244 887 3266 ⁴
913 3261 923 3289 ε
953 3262 977 3288 «
1002 3246 1114 3291 Erat
1147 3245 1226 3292 lux
1262 3264 1396 3308 vera,
1435 3267 1540 3314 quae
1574 3251 1832 3309 illuminat,
1866 3262 1957 3299 etc.
1983 3272 2005 3296 υ
2042 3253 2127 3299 Hic
2166 3253 2336 3300 fluvius
2372 3272 2457 3319 per

336 3329 517 3383 septem
538 3322 657 3369 ostia
676 3323 723 3369 in
746 3338 877 3371 mare
895 3322 1068 3370 dicitur
1086 3323 1312 3376 defluere.
1333 3331 1449 3387 Quae
1466 3330 1643 3378 scilicet
1665 3332 1784 3378 ostia
1801 3331 1934 3391 dum,
1952 3342 2096 3379 vento
2116 3333 2278 3391 flante,
2301 3335 2456 3381 arenis

384 3503 390 3518 ¹
418 3503 532 3537 Psalm.
554 3516 628 3544 xxi,
649 3517 679 3538 v.
703 3508 751 3539 16.
770 3526 808 3532 -
823 3508 835 3525 ³
849 3509 967 3542 Psalm.
984 3520 1079 3550 xxnx,
1098 3521 1130 3543 v.
1147 3512 1180 3544 6.
1195 3530 1235 3536 -
1250 3512 1263 3529 ³
1278 3513 1357 3556 Cap.
1377 3525 1471 3554 xtiu,
1492 3515 1574 3555 Opp.
1591 3522 1613 3548 t.
1631 3515 1657 3548 ll
1671 3541 1679 3556 ,
1694 3526 1726 3559 p.
1745 3517 1796 3548 3⁰.
1820 3532 1850 3539 -·
1871 3516 1884 3534 ⁴
1901 3517 2012 3557 Joan.,
2028 3527 2101 3559 cap.
2122 3529 2148 3555 ι,
2168 3527 2198 3549 ν.
2220 3518 2252 3549 9.
