2970 4152
1272 375 1496 425 CARM1N
1499 377 1556 430 A.

409 475 456 509 Et
472 487 547 510 non
563 475 611 511 ad
627 476 790 522 coitum,
810 477 906 512 sicut
921 475 1089 511 adultera
1106 474 1166 511 sit.

362 533 413 568 Ut
428 530 590 580 pec‘udes
607 547 684 583 quo
700 534 780 570 vult
797 533 915 570 trahit
933 535 1140 581 impetuosa
1158 531 1327 580 voluptas
1338 559 1347 576 ,

406 592 467 628 Sic
483 592 655 630 homines
674 595 793 642 agitat
808 594 1019 630 luxuriosus
1033 605 1150 630 amor.

359 651 397 687 Si
417 659 499 700 post
515 661 737 703 conceptum
754 655 940 704 pecudum
958 655 1088 692 satiata
1104 650 1222 690 libido

407 712 520 749 Ferre
538 725 678 751 marem
698 715 810 762 nolit,
831 716 924 765 quid
942 715 1088 760 mulier,
1107 714 1201 764 quid
1218 715 1302 763 agat
1315 715 1354 750 ¹?

358 773 417 807 An
437 784 475 809 se
491 773 646 811 luxuriae
661 775 775 812 solam
790 783 900 825 putet
917 788 994 813 esse
1013 784 1173 812 creatam
1186 805 1195 821 ‚

403 833 464 868 Ad
484 835 604 871 coitus
623 835 788 872 fructum
802 843 1033 874 eaeteranata
1047 837 1168 877 feret?

356 891 512 929 Gratior
528 901 584 930 est
600 895 756 932 humilis
770 897 948 933 meretrix
960 910 1072 947 quam
1091 895 1190 934 casta
1208 898 1386 947 superba,

403 952 680 1004 Perturbatque
696 956 852 993 domum
867 958 997 1006 saepius
1014 959 1083 995 ista
1101 971 1219 996 suam.

354 1012 496 1050 Polluit
511 1014 573 1050 illa
590 1015 746 1052 domum
760 1030 873 1066 quam
890 1018 1058 1055 incendit
1072 1020 1203 1068 saepius
1215 1021 1284 1056 ista
1298 1036 1304 1055 ε

401 1074 520 1111 Sorde
533 1076 548 1096 ²
567 1077 687 1126 magis
703 1077 833 1115 domui
848 1078 998 1115 flamma
1012 1092 1147 1116 nocere
1163 1087 1296 1128 potest.

354 1134 485 1171 Mitior
501 1143 558 1173 est
574 1139 706 1186 anguis
722 1138 899 1188 linguosae
915 1133 1086 1189 conjugis
1104 1141 1160 1176 ira
1176 1157 1183 1175 :

402 1195 479 1242 Qui
495 1203 599 1234 tenet
615 1198 732 1247 hanc,
750 1199 830 1247 ejus
848 1213 925 1236 non
941 1207 1043 1237 caret
1060 1212 1182 1249 angue
1200 1202 1314 1237 sinus.

354 1255 526 1293 Deterior
548 1257 660 1307 longe
680 1259 851 1308 linguosa
873 1268 930 1296 est
950 1261 1088 1297 femina
1104 1269 1224 1298 scorta
1242 1279 1249 1297 ε

399 1316 482 1352 Hoc
500 1317 654 1367 aliquis,
674 1319 787 1356 nullis
802 1320 864 1356 illa
878 1320 1026 1370 placere
1041 1327 1176 1370 potest.

351 1376 415 1412 Est
430 1377 602 1426 linguosa
618 1378 753 1416 domus
766 1380 941 1417 incendia
957 1382 1118 1418 maxima
1134 1382 1288 1430 conjux,

399 1439 478 1476 Hae
495 1439 610 1477 levior
626 1441 774 1478 flamma
790 1441 951 1492 quilibet
968 1442 1067 1491 ignis
1084 1443 1170 1480 erit.
1240 1443 1354 1493 [ignis
1374 1461 1380 1479 :

351 1500 480 1546 Quum
491 1501 683 1542 modicum
695 1502 908 1538 membrum
921 1503 970 1539 sit
983 1503 1125 1552 lingua,
1136 1511 1192 1540 est
1203 1505 1384 1541 maximus

395 1560 430 1595 N
432 1573 481 1596 on
496 1567 554 1597 tot
569 1573 636 1610 per
651 1561 819 1610 gladium
836 1570 930 1612 quot
940 1564 956 1584 ⁸
972 1564 1117 1612 periere
1133 1576 1201 1613 per
1216 1564 1327 1601 hanc.

349 1620 524 1657 Praevalet
538 1621 579 1658 in
594 1621 722 1672 lingua
738 1624 805 1672 qui
823 1637 899 1660 non
916 1632 973 1661 est
990 1626 1097 1662 sortis
1113 1626 1153 1662 in
1172 1627 1297 1662 armis.

396 1681 532 1718 Nullus
547 1683 587 1718 in
605 1683 676 1720 hac
693 1696 819 1732 pugna
836 1685 920 1734 plus
938 1686 1134 1723 meretrice
1150 1694 1284 1736 potest.

349 1740 401 1776 Ex
418 1741 490 1777 hoc
507 1743 691 1792 praecipue
709 1743 850 1782 distant
866 1747 1022 1795 ignavus
1036 1754 1075 1783 et
1089 1747 1207 1784 audax
1220 1777 1229 1793 ,

394 1801 507 1848 Quod
524 1802 630 1840 factis
647 1804 730 1850 iste,
750 1806 920 1854 praevalet
936 1806 999 1843 ille
1015 1807 1129 1844 minis
1146 1824 1152 1843 :

346 1861 384 1897 Si
402 1860 539 1912 linguae
560 1863 701 1901 bellum
721 1878 833 1915 quam
856 1879 1047 1903 armorum
1068 1867 1202 1904 fortius
1223 1876 1337 1914 esset,

394 1922 560 1960 Tersites
578 1925 699 1973 Trojae
717 1926 836 1975 major
850 1927 998 1964 Achille
1013 1928 1123 1965 foret.

344 1981 389 2017 In
406 1983 528 2020 verbis
547 1985 702 2034 pavidus
724 1999 871 2036 semper
885 1988 1007 2025 laetare
1023 1989 1135 2026 fuisse
1153 2006 1159 2024 :

392 2043 436 2079 In
455 2044 560 2082 sactis
576 2046 696 2084 audax
711 2049 759 2084 sis
776 2048 976 2098 aliquando
989 2049 1089 2086 licet.

344 2102 407 2139 Nil
424 2105 542 2153 magis
556 2105 712 2144 offendit
726 2120 839 2157 quam
854 2111 1012 2158 pravus⁴
1025 2122 1148 2146 sermo
1163 2118 1352 2159 potentem
1364 2128 1373 2156 3

390 2163 479 2201 Plus
493 2166 630 2213 probra
646 2167 742 2204 liber
759 2168 873 2205 homo
888 2181 1002 2218 quam
1019 2182 1084 2206 sua
1104 2170 1237 2207 damna
1255 2172 1373 2208 timet.

342 2225 524 2262 Accensas
538 2226 660 2263 mollis
677 2228 869 2276 responsio
888 2229 1037 2278 mitigat
1054 2230 1127 2266 iras
1142 2259 1151 2276 ‚

388 2286 514 2333 Auget
531 2298 592 2323 eas
610 2287 736 2336 potius
753 2287 848 2325 dura
868 2296 1042 2338 creatque
1061 2303 1184 2327 novas.

342 2405 438 2441 Nolo
455 2406 577 2442 virum
594 2406 725 2443 doceas
740 2409 868 2444 uxoris
885 2410 1026 2446 crimen
1045 2417 1191 2455 amatae,

389 2466 501 2511 Quod
519 2466 604 2502 sciri
624 2467 750 2515 potius
764 2481 876 2518 quam
893 2469 973 2505 fieri
988 2477 1114 2518 gravat
1130 2470 1243 2506 hunc.

342 2525 569 2573 Opprobriis
585 2539 713 2563 aurem
728 2529 893 2576 propriis
910 2528 975 2565 dat
993 2542 1103 2566 nemo
1117 2530 1292 2575 libenter,

387 2587 466 2622 Nec
486 2593 542 2632 te,
561 2599 629 2623 nec
644 2581 891 2637 quemquam,
910 2588 997 2625 talia
1014 2589 1108 2626 scire
1125 2589 1223 2626 volet
1234 2591 1261 2626 ⁸.

339 2647 487 2695 Cuique
502 2647 582 2683 viro
596 2654 696 2684 casto
713 2649 849 2696 conjux
865 2661 931 2685 sua
947 2656 1043 2686 casta
1060 2650 1221 2696 videtur,

386 2708 615 2757 Semperque
631 2709 794 2745 incestus
811 2709 1034 2759 suspiciosus
1049 2711 1134 2747 erit.

339 2766 396 2804 Ne
412 2769 462 2804 sis
478 2774 650 2804 natarum
668 2768 719 2805 sic
734 2781 848 2806 caecus
863 2782 988 2807 amore
1002 2777 1153 2807 tuarum
1168 2800 1178 2816 ,

384 2828 438 2864 Ut
455 2840 530 2864 non
546 2829 739 2878 corrumpi
758 2841 864 2878 posse
883 2831 999 2867 rearis
1015 2843 1087 2868 eas.

337 2890 460 2935 Quam
478 2889 553 2925 cito
566 2889 621 2924 sas
635 2889 701 2935 sit,
717 2901 778 2927 eas
791 2890 924 2928 festina
935 2892 1083 2928 tradere
1097 2899 1272 2941 nuptum.

382 2949 542 2988 Vilescit
556 2950 693 2987 mulier
710 2952 921 3000 suspicione
937 2953 1025 2989 cito.

381 3108 390 3124 ¹
406 3108 500 3152 Legit
514 3108 576 3142 Th.
595 3107 727 3152 Wright
740 3111 818 3149 quid
834 3112 950 3151 aqitat.
969 3129 1006 3133 -
1023 3110 1036 3128 ⁸
1052 3111 1154 3144 Corde
1168 3111 1251 3145 Cod.
1267 3111 1365 3144 Burn.

335 3182 373 3188 —
391 3164 405 3182 ³
424 3166 525 3205 Quam
551 3165 633 3199 Cod.
651 3167 739 3200 Cott.
754 3185 791 3192 -
805 3166 819 3184 ⁴
834 3167 962 3200 Parvus
989 3167 1071 3200 Cod.
1087 3167 1175 3201 Cott.
1190 3185 1233 3194 —
1246 3167 1259 3185 ⁸
1276 3169 1369 3201 Valet

333 3221 417 3255 Cod.
435 3221 522 3256 Cott.
542 3241 580 3247 --
595 3222 610 3241 ⁰
625 3222 745 3259 Versus
762 3231 937 3269 sequentes
963 3231 1086 3258 tantum
1105 3225 1137 3258 in
1153 3224 1276 3259 Codice
1291 3224 1369 3259 Bur-

2385 379 2479 427 343

1448 470 1464 490 ⁶
1478 469 1556 505 Nec
1570 476 1673 506 catus
1685 469 1825 518 poterit
1839 471 1976 506 servari
1994 470 2090 519 pelle
2106 471 2249 508 nitente
2258 500 2268 515 ‚

1493 530 1572 567 Nec
1592 530 1726 567 mulier
1734 531 1762 574 ¹,
1781 531 1939 577 cunctis,
1957 532 1987 567 si
2006 532 2192 581 pretiosus
2207 533 2292 569 erit.

1447 592 1569 637 Quam
1587 598 1747 639 nuptum
1762 591 1918 628 tradunt
1935 592 2108 629 studeant
2126 605 2258 630 ornare
2277 594 2435 642 puellam
2450 610 2458 638 3

1494 651 1646 689 Ornatu
1664 653 1809 700 sapiens
1826 652 1883 689 vir
1900 653 1974 690 cito
1988 654 2110 702 privat
2125 666 2220 691 eam.

1446 713 1628 748 Incestam
1647 720 1689 748 ut
1708 719 1844 748 castam
1862 713 1999 749 frustra
2016 725 2159 751 servare
2176 714 2337 759 lab01·es;

1492 772 1578 808 Non
1596 780 1701 821 potes
1713 772 1811 809 hanc
1821 801 1830 818 ‚
1846 772 1950 809 illam
1964 786 2040 810 non
2052 787 2146 823 opus
2161 788 2238 812 esse
2254 777 2355 812 scias.

1443 832 1500 868 De
1517 845 1593 882 quo
1608 832 1765 880 culpasti
1781 831 1976 870 mulierem
1994 835 2096 882 cogis
2113 836 2251 882 amari,

1489 893 1538 929 Et
1554 906 1682 930 verum
1699 893 1789 930 falso
1806 894 1962 930 crimine
1977 907 2069 943 saepe
2088 896 2213 932 struis.

1443 953 1499 990 Ne
1522 953 1671 990 dubites
1689 953 1792 990 illam
1815 955 1974 1003 propriae
1997 955 2165 993 diffidere
2185 957 2327 1002 formae,

1491 1014 1569 1050 Nec
1585 1013 1711 1051 studet
1727 1021 1771 1051 ut
1789 1014 1890 1052 sallat
1907 1029 1975 1064 per
1989 1015 2087 1052 bona
2105 1017 2200 1053 facta
2219 1018 2332 1054 viros..
2474 1039 2494 1054 ·.

1443 1075 1595 1120 Quanto
1613 1074 1696 1122 plus
1713 1074 1855 1123 fragilis
1874 1076 2068 1112 muliebris
2083 1089 2189 1113 sexus
2202 1077 2375 1124 habetur,

1490 1135 1612 1170 Tanto
1631 1134 1710 1182 ejus
1726 1135 1843 1173 virtus
1859 1137 2053 1185 praeminet
2066 1138 2105 1172 in
2123 1139 2280 1174 meritis.

1443 1196 1529 1241 Quo
1547 1194 1621 1230 fuit
1635 1195 1800 1242 asperior
1814 1209 1895 1245 quae
1912 1203 2040 1245 postea
2055 1198 2184 1246 nupsit
2201 1200 2361 1243 amanti,

1490 1256 1612 1291 Tanto
1634 1256 1775 1304 gratior
1796 1263 1851 1293 est
1871 1257 1951 1306 ipsa
1972 1257 2099 1294 futura
2119 1259 2212 1294 viro.

1442 1318 1647 1365 Aspernata
1660 1317 1782 1352 virum
1799 1318 1951 1366 propria
1966 1318 2086 1366 placet
2099 1319 2178 1367 ipsa
2192 1319 2339 1368 repulsa

1489 1378 1535 1413 Et
1555 1376 1734 1412 blandum
1757 1377 1846 1434 facit
1866 1377 1971 1414 hunc
1991 1379 2189 1427 asperitate
2213 1391 2291 1416 sua.

1440 1437 1560 1473 Miror
1575 1437 1606 1473 si
1622 1435 1757 1473 mulier
1771 1438 1985 1486 privignum
2001 1438 2134 1488 diligat
2147 1439 2239 1485 ulla,

1487 1498 1536 1533 Ni
1558 1510 1633 1547 quo
1654 1498 1810 1535 Phaedra
1830 1511 1940 1535 suum
1963 1499 2083 1536 fertur
2103 1513 2242 1537 amasse
2264 1501 2391 1538 modo.

1441 1559 1563 1605 Quem
1582 1558 1639 1594 vir
1663 1566 1762 1595 amat
1783 1559 1984 1607 famulum,
2006 1561 2124 1597 miror
2146 1562 2176 1597 si
2200 1561 2324 1611 diligit
2345 1575 2449 1607 uxor,

1486 1619 1640 1668 Semper
1657 1620 1697 1656 in
1716 1620 1861 1656 insidiis
1883 1620 1986 1657 hunc
2011 1621 2120 1657 timet
2141 1622 2221 1670 ipse
2243 1622 2325 1659 sibi.

1439 1680 1606 1716 Luxuriae
1621 1680 1734 1716 nimis
1750 1687 1807 1717 est
1823 1681 1974 1718 mulieri
1998 1688 2100 1730 grata
2120 1682 2305 1731 voluptaS‚

1485 1741 1525 1778 Si
1538 1740 1621 1788 plus
1635 1753 1746 1790 quam
1765 1742 1915 1778 fratrem
1935 1742 2068 1792 diligat
2083 1742 2146 1779 illa
2170 1744 2302 1779 virum.

1438 1802 1474 1837 Si
1492 1814 1555 1837 sua
1570 1814 1680 1851 quam
1696 1809 1815 1839 mater
1832 1803 2006 1852 cuiquam
2026 1804 2075 1840 sit
2092 1803 2213 1840 carior
2230 1817 2338 1851 uxor,

1483 1863 1636 1899 Constat
1655 1870 1826 1900 naturam
1844 1864 1976 1901 cedere
1993 1864 2157 1901 luxuriae.

1435 1923 1557 1970 Quem
1579 1931 1711 1960 natura
1731 1936 1815 1961 suos
1836 1937 1911 1961 non
1935 1925 2036 1974 cogit
2056 1937 2179 1962 amare
2200 1934 2394 1975 parentes;

1479 1983 1687 2020 Conciliare
1709 1984 1780 2021 tibi
1805 1985 1923 2033 gratia
1948 1985 2050 2021 nulla
2074 1992 2208 2034 potest.

1433 2043 1507 2089 Qui
1534 2045 1630 2092 patri
1655 2044 1772 2080 malus
1795 2051 1871 2091 est,
1898 2044 1992 2082 nulli
2014 2045 2136 2082 bonus
2159 2058 2239 2083 esse
2260 2054 2437 2095 putetur3

1479 2104 1574 2141 Nolo
1592 2117 1700 2154 roges
1715 2118 1783 2154 pro
1799 2117 1874 2155 quo
1886 2118 1962 2142 non
1978 2113 2086 2155 rogat
2101 2107 2180 2156 ipsa
2198 2119 2342 2156 parens.

1431 2165 1487 2201 Ne
1507 2177 1617 2214 super
1638 2165 1792 2202 inducta
1816 2167 1960 2203 crucies
1984 2179 2099 2204 uxore
2119 2175 2307 2215 parentes,

1479 2226 1555 2262 Hos
1571 2225 1683 2274 sepeli
1702 2227 1826 2274 primo
1841 2226 1870 2262 si
1883 2238 2073 2275 superesse
2090 2241 2215 2278 queas.

1430 2286 1493 2322 Est
1510 2285 1613 2322 velox
1630 2285 1793 2323 vindicta
1810 2286 1878 2322 Dei
1898 2286 2111 2324 maledictio
2132 2294 2282 2337 patrum
2298 2307 2307 2334 ;

1476 2346 1595 2382 Nemo
1614 2346 1684 2382 nisi
1698 2345 1850 2383 demens
1863 2347 1959 2383 hanc
1974 2347 2133 2385 tolerare
2148 2356 2282 2397 potest.

1429 2407 1515 2452 Quo
1539 2405 1622 2454 plus
1642 2406 1829 2455 proficiat,
1852 2414 1916 2443 tua
1940 2409 1988 2444 sit
2009 2409 2188 2457 perfectio
2210 2410 2364 2454 blanda;

1475 2468 1617 2515 Aspera
1639 2479 1829 2514 perversos
1851 2480 1926 2504 non
1949 2469 2065 2517 capit,
2090 2470 2206 2505 immo
2231 2479 2364 2507 movet.

1427 2526 1599 2575 Objurga
1620 2527 1767 2575 culpam
1788 2528 1919 2577 pueri,
1940 2529 2162 2579 juvenisque
2183 2530 2347 2579 ssagella;

1469 2587 1679 2623 Exhortare
1692 2599 1819 2624 senem
1830 2587 2111 2639 blanditiisque
2141 2602 2264 2627 mone.

1428 2649 1556 2694 Quum
1578 2654 1616 2684 te
1638 2648 1816 2697 corripiat
1836 2649 1972 2694 senior,
1998 2650 2185 2698 patienter
2207 2651 2343 2688 habeto
2356 2681 2365 2696 ‚

1472 2709 1519 2744 Et
1543 2716 1683 2756 grates,
1706 2715 1885 2759 tanquam
1905 2716 1989 2758 post
2007 2709 2092 2746 data
2118 2723 2274 2759 magna,
2300 2712 2409 2748 refer.

1424 2769 1578 2818 Culpari
1599 2777 1781 2816 metuens,
1803 2770 1950 2819 culpam
1974 2770 2175 2820 praecidere
2195 2778 2326 2808 tentat.

1424 2891 1605 2939 Quisquis
1618 2902 1695 2927 non
1707 2891 1824 2929 fuerit
1840 2892 1985 2941 patiens
1998 2893 2166 2941 parendo
2177 2892 2345 2941 jubenti,

1471 2952 1636 3000 Imperio
1654 2951 1748 2989 nulli
1764 2952 2016 3001 proficiendus
2036 2953 2122 2990 erit.

1421 3110 1546 3143 neiensi
1564 3111 1783 3154 reperiuntur,
1795 3118 1877 3145 teste
1891 3111 1954 3146 Th.
1972 3111 2121 3156 Wright‚
2135 3113 2159 3146 l.
2174 3112 2331 3147 1.-·⁷Sic.
2348 3114 2457 3147 Cultus

1421 3167 1502 3201 Cod.
1522 3167 1557 3200 S.
1585 3167 1669 3202 Aud.

1271 3390 1519 3398 ——--—.
