2970 4152
962 430 1274 479 EXPOSlTlO
1310 429 1369 477 IN
1402 426 1796 476 HEXAMERON.
2343 425 2437 473 663

320 546 471 595 equus
495 539 541 576 et
563 527 625 576 ad
644 526 919 574 usitandum
943 526 1165 583 idoneus,
1186 523 1320 570 bona
1341 532 1503 570 tamen
1528 532 1599 569 est
1616 531 1833 568 creatura
1847 558 1858 580 ,
1885 530 1931 568 et
1954 529 2189 584 quantum
2208 520 2251 566 ei
2268 535 2440 566 conve·
2468 529 2471 533 '

322 612 393 658 nit
415 611 462 659 in
487 610 590 675 ipsa
611 608 852 655 creatione
879 623 906 654 a
929 610 1038 654 Deo·
1056 604 1259 670 accepit,
1287 604 1372 668 qui
1394 602 1515 650 nihil
1537 603 1640 650 sine
1661 603 1848 650 ratione
1877 601 1952 649 vel
1975 601 2085 672 facit
2106 600 2183 648 vel
2206 600 2308 648 fieri
2331 617 2438 665 per-

322 691 483 750 mittit,
501 690 643 737 etiam
659 701 810 753 quum
834 686 1039 734 abortivi
1063 685 1202 732 foetus
1224 683 1560 749 producuntur
1581 683 1658 730 vel
1679 683 1831 729 vitiati
1854 692 2133 730 nascuntur.
2146 684 2218 728 De
2233 697 2442 735 sarmen-

322 773 382 819 tis
404 786 519 818 vero
542 770 814 835 plantarum
836 784 942 832 quae
964 766 1206 832 superflua
1226 765 1470 824 videntur,
1497 773 1545 811 et
1567 780 1594 811 a
1618 763 1760 810 nobis
1791 780 1913 828 saepe
1949 764 2151 811 resecari
2185 763 2412 810 convenit
2427 800 2438 821 ,

322 850 444 898 sicut
467 860 513 898 et
528 849 725 914 capillos
747 857 939 895 nostros
957 846 1034 894 vel
1056 862 1263 910 ungues,
1289 861 1374 892 seu
1397 844 1458 891 de
1476 844 1723 891 venenatis
1746 859 1851 907 quae
1869 843 2074 890 diximus
2102 861 2112 889 ι
2139 842 2258 890 illud
2282 842 2445 890 fortas-

322 932 386 978 sis
408 930 470 978 ad
492 930 783 978 solutionem
806 927 1022 975 sufficere
1039 927 1246 986 videtur,
1263 925 1398 991 quod
1411 925 1498 984 ait,
1522 944 1545 969 «
1563 934 1700 971 erant
1720 923 1860 971 valde
1875 923 2025 982 bona,
2044 941 2066 966 υ
2091 933 2206 970 tunc
2223 922 2444 971 videlicet

324 1019 708 1076 ante'peccatum
725 1008 935 1056 hominis
960 1023 1061 1053 non
1085 1023 1238 1065 nunc,
1261 1006 1457 1070 jamque
1479 1015 1591 1070 post
1612 1014 1865 1070 peccatum
1886 1004 1936 1050 in
1959 1020 2153 1068 poenam
2171 1002 2312 1050 nobis
2334 1020 2447 1050 con-

324 1103 478 1138 versa.
497 1092 696 1137 Constat
716 1088 896 1153 quippe
920 1086 959 1134 si
981 1085 1132 1133 homo
1157 1102 1258 1133 non
1281 1094 1548 1151 peccasset,
1575 1100 1665 1131 nec
1688 1101 1743 1131 ex
1760 1100 1949 1131 veneno
1972 1082 2038 1130 illi
2061 1084 2312 1131 imminere
2328 1083 2447 1148 peri-

323 1170 512 1228 culum,
550 1186 641 1216 nec
675 1185 731 1216 ex
763 1167 922 1232 aliqua
944 1183 996 1214 re
1019 1166 1307 1225 cruciatum,
1348 1165 1434 1213 sed
1469 1164 1634 1212 omnia
1662 1164 1730 1211 illi
1764 1164 1989 1212 animalia
2019 1173 2446 1228 quantumcunque

324 1267 470 1310 saeva,
501 1260 931 1315 quantumcunque
961 1246 1200 1306 crudelia,
1237 1247 1282 1293 ei
1306 1256 1556 1294 mansueta
1578 1245 1714 1311 quasi
1737 1245 2023 1305 domestica,
2048 1244 2153 1292 'fore
2175 1261 2260 1309 per
2283 1243 2447 1291 omnia

324 1332 448 1380 illius
471 1331 688 1379 dominio
717 1330 954 1394 subjecta,
980 1329 1197 1394 quandiu
1232 1328 1310 1375 ille
1347 1345 1434 1376 suo
1464 1328 1669 1375 creatori
1702 1328 1786 1392 qui
1813 1327 1908 1375 hoc
1944 1327 2034 1392 ipsi
2068 1326 2334 1390 subjecerat
2363 1341 2449 1390 per

325 1411 653 1459 obedientiam
675 1410 917 1475 subjectus
940 1419 1079 1458 esset.
1095 1409 1240 1467 Quod
1258 1419 1516 1474 postquam
1539 1408 1617 1456 ille
1640 1407 1867 1472 neglexit,
1895 1407 2047 1455 multa
2067 1406 2135 1454 illi
2157 1423 2214 1454 ex
2235 1405 2310 1453 his
2332 1406 2452 1470 peria·

325 1493 489 1541 culosa
514 1493 636 1540 facta
671 1502 809 1551 sunt,
837 1501 884 1539 et
906 1507 1058 1555 usque
1082 1490 1144 1538 ad
1171 1500 1379 1537 mortem
1403 1490 1452 1536 in
1476 1506 1588 1536 eum
1611 1489 1868 1555 praevalere
1905 1488 2160 1554 permissa,
2198 1497 2252 1534 ut
2285 1503 2341 1533 ex
2377 1485 2452 1532 his

327 1574 470 1621 miser
487 1573 586 1637 jam
612 1572 815 1620 disceret
836 1581 1074 1637 quantum
1097 1569 1352 1635 deliquerit
1374 1586 1475 1617 non
1499 1569 1775 1617 obediendo
1811 1570 1941 1629 Deo,
1968 1569 2051 1633 qui
2077 1568 2180 1615 haec
2207 1566 2376 1614 tandiu
2400 1566 2449 1612 in

327 1663 613 1718 potestatem
634 1652 814 1701 habere
837 1661 1118 1710 mereretur,
1147 1651 1361 1715 quandiu
1382 1649 1462 1697 ille
1483 1666 1681 1697 summae
1703 1649 1927 1715 potestati
1949 1648 2278 1713 subjiceretur,
2307 1663 2335 1694 a
2356 1662 2452 1711 qua

327 1742 576 1798 acceperat
598 1742 651 1780 ut
671 1732 747 1779 his
769 1733 871 1798 ipse
894 1731 1245 1779 dominaretur.
1272 1733 1429 1789 Quem
1453 1747 1567 1795 ergo
1589 1730 1712 1778 ratio
1729 1729 1971 1777 retrahere
1994 1728 2161 1776 debuit
2184 1744 2212 1775 a
2233 1736 2449 1793 peccato,

327 1820 375 1858 et
396 1811 515 1876 quid
538 1811 808 1859 cavendum
832 1821 955 1860 esset
980 1811 1256 1876 praedocere
1270 1849 1281 1871 ,
1308 1810 1660 1859 irrationabiles
1682 1810 1758 1857 vel
1786 1809 2082 1858 insensibiles
2104 1824 2298 1873 quoque
2320 1822 2453 1854 crea-

327 1901 445 1940 turae
467 1909 598 1941 nunc
621 1893 664 1940 ei
686 1892 965 1958 periculosae
998 1891 1131 1940 factae
1153 1902 1374 1958 patenter
1397 1891 1605 1940 edocent
1637 1900 1873 1955 quantum
1905 1889 2182 1954 deliquerit,
2224 1898 2456 1951 tanquam

326 1974 538 2037 quadam
559 1975 607 2022 vi
629 1973 794 2021 divina
815 1973 1073 2021 sentientes
1091 1973 1191 2037 jam
1217 1990 1267 2020 se
1290 1973 1479 2020 homini
1501 1972 1684 2019 nullam
1712 1971 2060 2035 subjectionem
2083 1970 2259 2018 debere
2273 2006 2284 2028 ,
2321 1978 2453 2034 post-

327 2070 474 2118 quam
497 2053 575 2101 ille
597 2057 700 2102 Deo
724 2053 965 2117 subjectus
987 2070 1089 2101 esse
1113 2053 1395 2117 neglexerit,
1433 2062 1601 2118 utpote
1623 2069 1729 2117 quae
1751 2051 1871 2098 nihil
1899 2052 1943 2098 ei
1965 2051 2056 2097 nisi
2078 2059 2276 2115 propter
2298 2052 2456 2095 Deum·

328 2134 576 2182 deberent.
603 2138 671 2182 Ex
693 2152 791 2199 quo
815 2145 862 2182 et
884 2144 1106 2199 patenter·
1127 2135 1229 2198 ipsa
1263 2135 1407 2181 etiam
1443 2150 1548 2197 quae
1571 2134 1757 2181 ratione
1784 2132 1858 2179 vel
1888 2149 2031 2179 sensu
2053 2141 2218 2179 carent
2239 2140 2456 2178 nostram

329 2215 651 2280 insipientiam
673 2214 924 2273 erudiunt,
952 2230 1014 2261 ne
1037 2213 1275 2278 aliquibus
1308 2215 1357 2260 in
1387 2213 1461 2274 liis
1487 2212 1770 2260 obediamus
1801 2228 1907 2277 quae
1929 2222 2099 2260 contra
2122 2215 2278 2259 Deum
2303 2211 2461 2259 facerev

330 2304 640 2361 praesumunt,
659 2307 812 2359 quum
836 2293 957 2341 nihil
977 2295 1204 2359 cuiquam
1226 2294 1315 2341 nisi
1339 2303 1537 2359 propter
1559 2296 1714 2341 Deum
1738 2293 2018 2354 debeamus,
2045 2303 2092 2341 et
2114 2294 2334 2341 omnium
2350 2309 2455 2358 quae

330 2376 512 2441 agimus
533 2375 681 2424 finem
703 2376 753 2422 in
776 2377 879 2422 Deo
905 2375 1133 2423 constitui
1157 2385 1396 2440 oporteat.-
1424 2378 1575 2421 Nemo
1605 2375 1766 2439 itaque
1797 2374 2133 2422 inobedientiae
2157 2385 2228 2422 est
2250 2391 2453 2438 arguen-

331 2456 440 2516 dus,
466 2473 555 2504 nec
577 2457 721 2504 etiam
744 2455 1015 2519 arguendus
1037 2455 1317 2519 ubicunque
1348 2455 1532 2502 offensa
1565 2455 1654 2501 Dei
1688 2465 1900 2514 cavetur,
1925 2472 2030 2519 quae
2064 2454 2166 2503 sola
2194 2454 2459 2519 quemlibet

332 2550 468 2585 reum
490 2536 753 2584 constituit.
781 2538 914 2582 Juret
934 2535 1158 2599 quislibet
1180 2535 1319 2582 alicui
1341 2535 1476 2599 quod
1498 2534 1560 2583 ab
1589 2552 1649 2583 eo
1677 2535 1755 2583 ille
1777 2535 2069 2600 requisierit,-
2100 2545 2148 2583 et
2175 2535 2342 2584 tandiu
2375 2536 2453 2599 ju·

332 2627 604 2665 ramentum
636 2625 823 2674 teneat,
855 2615 1072 2680 quandiu
1102 2632 1202 2663 non
1233 2617 1566 2679 recognoverit
1599 2632 1648 2662 se
1687 2615 1737 2663 id
1771 2615 1906 2680 quod
1934 2616 2111 2680 juravit
2148 2615 2453 2681 exsequendo

333 2700 490 2745 Deum
512 2713 613 2744 esse
637 2695 960 2755 offensurum,
990 2696 1114 2744 sicut
1136 2705 1182 2743 et
1204 2713 1262 2743 ex
1285 2697 1424 2761 ipsis,
1461 2706 1514 2743 ut
1543 2696 1769 2755 diximus,
1797 2713 1902 2761 quae
1924 2696 2110 2744 ratione
2138 2707 2328 2756 carent,
2354 2697 2456 2760 jam

331 2777 494 2824 edocti
521 2792 708 2835 sumus,
744 2791 849 2839 quae
879 2775 981 2839 jam'
1020 2785 1241 2823 nostrum
1277 2793 1376 2823 non
1407 2786 1578 2824 curant
1599 2775 1894 2835 dominium,
1929 2786 2160 2841 tanquam
2194 2776 2459 2840 intelligant

335 2875 424 2905 nos
458 2858 693 2923 respuisse
726 2857 965 2904 divinum,
990 2859 1107 2915 Quae
1141 2857 1259 2905 dum
1283 2875 1372 2905 nos
1395 2859 1639 2924 perimunt
1661 2858 1733 2906 vel
1760 2859 1999 2918 cruciant,
2033 2858 2251 2906 divinum
2279 2859 2327 2904 in
2362 2857 2458 2906 hoc

330 2937 565 3002 judicium
588 2936 856 2984 exercendo
880 2953 935 2984 ac
958 2937 1171 2985 debitam
1194 2955 1389 3003 poenam
1412 2938 1688 2998 inferendo,
1717 2938 1834 2986 salso
1866 2939 1915 2986 in
1938 2939 2005 2986 eis
2028 2955 2175 3004 opera
2202 2938 2290 2986 Dei
2323 2939 2461 3002 quasi

335 3018 462 3066 mala
482 3018 849 3077 calumniamur,
875 3019 987 3083 quia
1016 3018 1159 3067 nobis·
1187 3020 1237 3066 in
1269 3019 1492 3068 dolorem
1521 3036 1611 3086 pro
1643 3021 1824 3068 meritis
1860 3021 2037 3068 nostris
2071 3027 2418 3068 convertuntur
2445 3037 2456 3066 ι

336 3098 548 3163 alioquin
573 3107 619 3145 et
642 3114 836 3163 poenam
858 3098 1012 3163 ipsam
1035 3115 1142 3164 quae
1159 3099 1286 3164 justa
1308 3110 1402 3160 est,
1429 3110 1477 3148 et
1499 3110 1599 3148 tam
1621 3103 1777 3148 Deum
1801 3117 1948 3166 quam
1970 3100 2231 3165 quemlibet
2247 3099 2460 3163 judicem

331 3180 537 3243 justum,
563 3193 714 3244 quum
739 3190 846 3227 reos
869 3180 1032 3245 punit,
1059 3190 1108 3228 et
1125 3181 1259 3246 quod
1282 3181 1428 3229 debet
1450 3183 1568 3246 agit,
1595 3198 1793 3246 arguere
1815 3198 2082 3247 possemus.
2111 3184 2216 3246 Non
2240 3191 2352 3229 sunt
2373 3182 2461 3246 igi-

336 3270 414 3307 tur
437 3275 585 3325 opera
608 3260 696 3306 Dei
719 3254 814 3306 ulla
838 3259 1045 3308 dicenda
1066 3261 1192 3309 mala
1207 3299 1218 3321 ‚
1243 3262 1462 3327 quamvis
1495 3262 1755 3322 nonnulla,
1783 3272 1836 3309 ut
1858 3262 2037 3326 justum
2063 3271 2132 3309 est
2147 3299 2159 3321 ,
2193 3261 2462 3327 periculosa

335 3341 432 3387 sint
453 3357 509 3388 ac
534 3340 729 3399 nociva,
755 3339 830 3387 vel
853 3357 1004 3404 quum
1026 3358 1381 3404 nonnunquam
1397 3343 1582 3406 justum
1603 3343 1887 3408 perimendo
1917 3342 1978 3391 ab
2006 3341 2148 3408 hujus
2176 3342 2283 3389 vitae
2311 3358 2459 3405 angu-

336 3420 437 3467 stiis
464 3419 693 3481 liberant,
719 3420 795 3467 vel
827 3420 1065 3485 aliquibus
1096 3421 1435 3471 afflictionibus
1459 3432 1683 3488 purgant.
1711 3422 1804 3470 Sed
1842 3439 1932 3470 nec
1964 3422 2123 3488 aliqua
2155 3423 2204 3470 in
2235 3422 2462 3470 creaturis

337 3500 580 3565 superflua
611 3510 723 3548 sunt
757 3500 978 3563 dicenda,
1016 3503 1234 3566 quamvis
1256 3520 1346 3551 nos
1380 3520 1733 3568 nonnunquam
1766 3503 1971 3552 maxime
1993 3512 2212 3568 gravent,
2240 3502 2352 3566 quia
2374 3516 2463 3563 pro
