2970 4152
566 415 661 463 534
1363 412 1534 462 PETRI
1569 415 1883 465 ABAELARDI

561 508 705 554 tionis
733 516 902 570 typum
933 505 982 550 in
1012 503 1085 550 his
1114 520 1219 567 quae
1247 515 1377 568 gesta
1407 517 1519 554 sunt
1546 510 1829 574 aperiamus.
1857 487 1985 568 Q‘uid
2014 510 2143 557 enim
2170 510 2408 560 dedicatio
2430 513 2673 572 Ecclesiae,

563 589 652 634 nisi
675 586 755 633 illa
776 595 845 632 est
868 583 1019 630 fidelis
1043 585 1212 630 animae
1233 587 1448 650 sponsio,
1469 605 1575 652 quae
1590 606 1617 657 a
1632 590 1804 636 saeculo
1827 591 2056 637 recedens
2074 607 2124 637 se
2143 593 2333 655 penitus
2349 595 2451 639 Deo
2468 592 2673 651 dedicat,

561 679 608 716 et
630 668 764 731 quasi
792 665 1038 730 propriam
1059 682 1288 729 sponsam
1310 666 1499 715 Christo
1528 686 1578 716 se
1606 671 1821 735 copulat,
1847 681 1900 717 ut
1923 672 1966 718 ei
1988 671 2213 736 deinceps
2235 681 2337 718 tota
2358 682 2516 731 vacet,
2543 683 2590 719 et
2611 674 2678 720 sic

559 750 602 795 ei
624 757 739 794 voto
761 762 857 793 suae
878 745 1185 810 professionis
1209 746 1425 811 obligans
1442 759 1674 814 tanquam
1689 752 1941 816 proprium
1963 751 2197 816 templum
2212 756 2315 799 Deo
2334 770 2384 800 se
2405 754 2679 800 consecrat?

559 830 689 876 Sicut
711 828 839 874 enim
865 828 914 873 in
937 843 1033 874 una
1055 827 1167 875 villa
1189 828 1348 875 multae
1365 829 1619 877 hominum
1643 832 1838 891 domus,
1857 842 1903 879 et
1926 849 2023 879 una
2044 833 2132 879 Dei
2154 832 2344 892 dicitur,
2370 849 2515 897 quam
2536 832 2681 880 eccle-

559 909 678 954 siam
700 922 946 964 vocamUS,
962 906 1028 953 ita
1049 916 1096 953 et
1117 907 1166 953 in
1190 908 1372 972 populo
1396 910 1481 956 Dei
1503 911 1627 956 inter
1648 910 1754 957 illos
1774 911 1856 974 qui
1878 911 2119 974 conjugati
2140 922 2268 971 sunt,
2284 910 2506 976 quaelibet
2521 911 2680 958 anima

560 988 881 1035 conveniente
904 997 1020 1034 voto
1043 990 1145 1034 Deo
1170 1000 1447 1038 consecrata
1469 991 1721 1057 proprium
1745 991 1845 1054 ejus
1866 991 2193 1038 habitaculum
2221 992 2344 1039 facta
2365 1001 2452 1038 est.
2478 990 2680 1049 Qualem

559 1067 755 1131 quidem
795 1067 1006 1114 animam
1041 1068 1294 1132 Apostolus
1330 1068 1629 1128 describens,
1655 1080 1702 1117 et
1736 1070 1836 1133 ejus
1858 1071 2220 1135 praerogativam
2255 1087 2284 1118 a
2311 1071 2489 1117 caeteris
2510 1070 2679 1116 distin-

559 1163 707 1210 guens
724 1182 735 1204 ,
769 1146 835 1193 ait
855 1148 867 1170 ¹
894 1164 904 1193 :
936 1165 959 1190 α
986 1147 1080 1204 Qui
1107 1147 1209 1194 sine
1236 1164 1385 1195 uxore
1414 1158 1507 1207 est,
1542 1148 1770 1196 sollicitus
1805 1159 1875 1196 est
1909 1166 2015 1214 quae
2035 1150 2232 1197 Domini
2258 1159 2399 1209 sunt,
2431 1148 2680 1213 quomodo

558 1226 743 1290 placeat
763 1228 885 1272 Deo.
913 1226 1007 1283 Qui
1029 1236 1191 1274 autem
1213 1244 1324 1275 cum
1346 1245 1495 1276 uxore
1517 1238 1605 1287 est,
1625 1228 1852 1276 sollicitus
1875 1239 1946 1276 est
1962 1246 2067 1294 quae
2088 1239 2200 1276 sunt
2221 1228 2415 1288 mundi,
2431 1227 2681 1292 quomodo

558 1307 742 1371 placeat
762 1307 921 1366 uxori,
948 1316 996 1354 et
1017 1307 1194 1355 divisus
1213 1319 1300 1356 est.
1319 1311 1377 1356 Et
1390 1308 1561 1356 mulier
1582 1310 1787 1374 innupta
1805 1319 1852 1357 et
1868 1310 2002 1374 virgo
2016 1310 2194 1374 cogitat
2210 1326 2316 1374 quae
2337 1309 2533 1356 Domini
2550 1317 2678 1367 sunt,

556 1398 607 1434 ut
630 1388 690 1434 sit
711 1397 875 1434 sancta
897 1396 944 1434 et
966 1404 1170 1452 corpore
1193 1399 1240 1436 et
1260 1390 1446 1453 spiritu.
1478 1409 1501 1434 υ
1523 1390 1671 1438 Jacob
1693 1391 1854 1455 itaque
1876 1390 2259 1455 persecutionem
2275 1427 2288 1448 ,
2314 1399 2368 1436 ut
2391 1389 2575 1436 dictum
2592 1398 2680 1446 est,

557 1467 861 1531 primogeniti
886 1466 1041 1514 fratris
1065 1467 1272 1531 fugiens,
1297 1469 1461 1517 relicta
1490 1469 1639 1517 domo
1662 1480 1918 1533 parentum
1952 1470 2304 1532 peregrinatus,
2340 1468 2494 1515 fidelis
2524 1468 2684 1514 anima

557 1556 627 1593 est
648 1546 709 1592 de
731 1546 891 1592 seculo
915 1546 977 1593 ad
999 1547 1265 1594 Dominum
1287 1565 1542 1607 conversa,
1566 1565 1671 1612 quae
1693 1548 1958 1594 carnalium
1981 1548 2292 1595 affectionum
2308 1549 2461 1612 ruptis
2480 1547 2684 1594 vinculis

556 1641 691 1672 more
713 1624 935 1683 Abrahae,
962 1625 1023 1671 de
1045 1635 1173 1672 terra
1193 1642 1280 1673 sua
1301 1636 1349 1673 et
1371 1627 1431 1673 de
1452 1627 1741 1690 cognatione
1764 1626 2086 1691 progreditur,
2111 1637 2160 1674 et
2174 1626 2236 1674 de
2257 1627 2407 1674 domo
2429 1636 2685 1691 parentum

556 1704 774 1769 procedit
795 1703 858 1752 ad
879 1704 1163 1764 claustrum,
1189 1705 1308 1753 illud
1329 1706 1586 1754 Psalmistae
1608 1723 1708 1754 non
1731 1706 1888 1754 solum
1910 1706 2133 1767 audiens,
2162 1723 2331 1754 verum
2353 1706 2611 1755 exaudiens
2630 1709 2645 1731 '¹
2670 1724 2682 1752 z

560 1805 583 1830 «
610 1786 755 1845 Audi,
787 1786 907 1846 filia,
936 1796 984 1833 et
1012 1786 1146 1846 vide,
1178 1796 1226 1834 et
1252 1787 1454 1847 inclina,
1481 1797 1573 1835 etc.
1598 1806 1622 1832 »
1647 1790 1743 1835 Nec
1766 1805 1867 1835 non
1897 1798 1943 1835 et
1970 1787 2089 1835 illud
2122 1788 2319 1835 Domini
2340 1787 2686 1835 documentum

556 1867 872 1932 amplectens⁸
896 1886 907 1915 z
938 1887 961 1913 «
982 1868 1077 1925 Qui
1098 1884 1198 1916 non
1217 1867 1321 1915 odit
1341 1878 1529 1934 patrem
1550 1885 1692 1916 suum
1713 1878 1761 1916 et
1782 1879 1986 1917 matrem
2000 1906 2013 1928 ,
2032 1886 2132 1916 non
2154 1879 2225 1916 est
2240 1884 2320 1916 me
2338 1868 2529 1932 dignus.
2549 1886 2574 1912 »
2590 1867 2687 1914 Pri-

556 1948 826 2010 mogenitus
849 1947 954 1994 talis
983 1948 1154 1994 animae
1176 1946 1321 1995 frater
1348 1964 1461 1996 caro
1491 1958 1563 1996 est
1591 1949 1642 1996 in
1676 1965 1824 1996 unam
1853 1965 2112 2013 personam
2135 1949 2305 1996 animae
2334 1947 2615 2010 conjuncta,
2641 1956 2687 1993 et

554 2028 685 2092 prius
707 2028 757 2074 in
786 2037 923 2075 utero
947 2027 1153 2075 formata
1181 2045 1328 2093 quam
1349 2029 1393 2076 ei
1416 2029 1577 2076 anima
1603 2029 1664 2076 sit
1685 2029 1858 2077 infusa.
1892 2029 2037 2093 Cujus
2058 2028 2256 2094 quidem
2278 2028 2435 2075 carnis
2460 2026 2686 2074 tentatio-

554 2123 663 2165 nes,
694 2106 755 2153 de
777 2107 951 2171 quibus
973 2108 1205 2172 scriptum
1232 2118 1304 2155 est
1324 2110 1338 2133 ⁵
1365 2126 1375 2154 :
1406 2127 1430 2153 «
1457 2111 1580 2156 Caro
1603 2109 1901 2172 concupiscit
1926 2109 2156 2156 adversus
2192 2108 2440 2172 spiritum,
2472 2105 2590 2153 dum
2612 2105 2687 2152 fu-

555 2187 709 2249 gimus
725 2202 754 2233 a
767 2186 939 2233 saeculo
962 2186 1263 2246 recedentes,
1289 2187 1426 2252 quasi
1447 2187 1755 2252 primogeniti
1777 2186 1933 2234 fratris
1957 2186 2372 2251 impugnationem
2389 2187 2612 2233 vitamus·
2629 2186 2689 2232 Et

554 2267 667 2330 quia
679 2265 780 2313 haec
799 2267 950 2314 virtus
966 2267 1274 2314 continentiae
1289 2277 1337 2314 et
1354 2268 1678 2315 remuneratio
1701 2266 1859 2314 saeculi
1882 2266 1943 2314 ab
1960 2265 2171 2314 adventu
2187 2264 2380 2324 Christi,
2398 2280 2504 2329 quae
2520 2262 2688 2310 ultima

555 2357 665 2395 aetas
688 2357 759 2394 est
792 2348 986 2407 mundi,
1018 2349 1224 2395 maxime
1246 2349 1407 2413 coepit.
1443 2347 1583 2395 Unde
1614 2346 1822 2395 Jacobus
1850 2357 1961 2412 post
1988 2346 2101 2393 solis
2133 2345 2435 2403 occubitum,
2461 2343 2512 2390 id
2539 2352 2611 2390 est
2637 2343 2687 2390 in

554 2444 768 2493 vespere,
791 2429 853 2476 ad
872 2429 1037 2476 locum
1052 2430 1291 2494 pervenit,
1307 2429 1392 2476 ubi
1409 2428 1657 2476 dormiens
1678 2429 1962 2493 requiescat.
1979 2428 2068 2474 Hic
2090 2436 2251 2474 autem
2272 2425 2407 2472 locus
2428 2422 2689 2471 claustralis

556 2509 651 2556 vita
665 2518 735 2555 est
757 2509 1111 2568 continentum,
1128 2509 1213 2573 qui
1226 2525 1255 2556 a
1273 2508 1569 2556 tumultuosa
1583 2507 1740 2555 saeculi
1758 2508 1858 2554 vita
1879 2506 1942 2554 ad
1963 2506 2175 2571 quietem
2196 2504 2512 2552 monasticam
2531 2512 2689 2550 trans—

556 2597 694 2647 eunt,
727 2598 774 2635 et
802 2588 997 2636 Marthae
1035 2588 1247 2636 sollicitae
1287 2598 1335 2636 et
1362 2589 1490 2636 circa
1526 2588 1734 2654 plurima
1768 2587 1970 2635 turbatae
2012 2585 2406 2651 tranquillitatem
2432 2582 2689 2649 praeferunt

556 2668 714 2715 Mariae
733 2671 762 2714 ³⁵.
790 2671 907 2726 Quae
928 2668 1126 2733 quidem
1147 2667 1463 2733 tranquillitas
1487 2684 1515 2716 a
1536 2668 1749 2715 Domino
1773 2667 1972 2714 nomine
1994 2666 2127 2724 lecti,
2158 2681 2187 2711 a
2214 2666 2401 2729 Sponsa
2421 2663 2471 2709 in
2497 2662 2689 2708 Cana'co

557 2749 753 2795 nomine
787 2748 948 2795 lectuli
982 2748 1259 2813 designatur
1293 2766 1445 2814 quum
1473 2749 1647 2796 dicitur
1669 2750 1682 2774 ⁶
1708 2768 1718 2795 :
1749 2767 1772 2793 «
1800 2752 1954 2795 Erunt
1980 2756 2123 2794 nocte
2151 2745 2231 2793 illa
2258 2745 2358 2792 duo
2386 2745 2436 2791 in
2465 2743 2607 2790 lecto.
2634 2745 2687 2789 In

556 2828 731 2875 lectulo
756 2845 865 2876 meo
887 2845 974 2893 per
996 2838 1188 2888 noctes,
1213 2838 1305 2876 etc.
1338 2847 1362 2873 »
2569 2884 2575 2888 ἡ

623 2913 677 2955 In
713 2908 808 2955 hoc
843 2909 1004 2972 itaque
1037 2907 1213 2956 lectulo
1249 2908 1546 2955 dormiturus
1573 2907 1722 2955 Jacob
1735 2945 1746 2967 ,
1784 2906 1846 2954 de
1882 2905 2123 2972 lapidibus
2157 2921 2280 2970 quos
2313 2904 2525 2950 intuetur
2561 2900 2690 2964 eligit

560 3004 735 3046 unum,
761 3004 859 3051 quo
883 2988 1135 3053 supposito
1163 2987 1309 3052 capiti
1340 3004 1427 3034 suo
1451 2986 1682 3046 dormiat,
1715 3003 1867 3051 quum
1889 2986 2051 3034 anima
2077 2983 2299 3049 quaelibet
2327 2981 2490 3028 locum
2516 2988 2689 3027 sanctae

559 3068 940 3131 congregationis
950 3068 1179 3132 ingressa,
1191 3067 1369 3115 multos
1379 3067 1702 3132 circumspicit
1717 3066 1881 3115 fideles
1895 3076 2127 3130 tanquam
2138 3062 2320 3128 lapides
2333 3062 2467 3109 vivos
2479 3069 2526 3106 et
2543 3058 2688 3105 fortes

559 3147 620 3193 ad
643 3148 806 3194 omnia
827 3148 1096 3208 toleranda,
1114 3149 1165 3195 in
1190 3164 1382 3195 summo
1400 3147 1560 3212 lapide
1583 3146 1772 3193 Christo
1797 3146 2046 3204 fundatos3
2064 3154 2117 3191 ut
2139 3159 2308 3190 eorum
2330 3140 2508 3188 scilicet
2528 3154 2687 3186 exem-

560 3225 647 3288 plis
671 3227 734 3274 ad
755 3228 1099 3292 perfectionem
1121 3229 1413 3277 instituatur.
1439 3227 1535 3275 Sed
1556 3227 1671 3291 quia
1691 3244 1844 3274 unum
1865 3226 2109 3275 Christum
2130 3222 2356 3271 omnibus
2379 3220 2590 3285 praefert,
2611 3219 2688 3266 cui

606 3377 615 3394 ¹
644 3378 788 3411 Corinth.
818 3379 851 3417 Ι,
880 3390 954 3422 cap.
979 3390 1044 3421 vu,
1066 3390 1097 3414 v.
1126 3381 1186 3420 32,
1209 3382 1265 3413 33.
1280 3399 1320 3404 —
1340 3379 1353 3397 ²
1368 3379 1489 3413 Psalm.
1510 3389 1599 3419 xmv,
1653 3388 1724 3420 cap·
1745 3388 1775 3415 v,
1798 3387 1830 3411 ν.
1859 3378 1967 3410 17.—
1982 3376 2102 3415 ⁸Luc.,
2126 3385 2197 3417 cap.
2225 3385 2244 3406 x
2260 3397 2270 3414 ,
2290 3383 2322 3405 v.
2346 3373 2399 3411 41,
2425 3371 2481 3404 42.
2495 3369 2564 3395 -⁶
2578 3370 2687 3407 Cam-1

561 3445 589 3466 v.
611 3437 660 3466 ll.
677 3452 720 3458 -
734 3434 747 3451 ³
770 3447 785 3464 a
802 3435 862 3475 Qui
879 3442 965 3468 amat
980 3443 1105 3479 patrem
1121 3443 1177 3469 aut
1193 3443 1329 3470 matrem
1344 3436 1516 3478 plusquam
1532 3444 1599 3474 me,
1654 3444 1729 3477 cap.
1749 3444 1804 3474 111,
1824 3443 1855 3466 v.
1878 3435 1907 3464 ¹.

562 3500 626 3523 non
639 3497 689 3523 est
702 3501 754 3524 me
770 3491 897 3533 dignus.
915 3503 930 3520 ν»
950 3492 1097 3534 (natm,
1114 3502 1188 3537 cap.
1203 3504 1224 3525 x
1235 3517 1244 3532 ,
1259 3503 1290 3525 v.
1307 3492 1427 3534 37.)-
1440 3490 1454 3508 ⁴
1470 3491 1597 3526 Galat„
