2970 4152
566 411 663 458 474
1367 411 1537 458 PETRI
1572 412 1886 460 ABAELARDI

567 505 739 552 Christi
760 505 976 562 reserati,
1001 521 1131 550 nunc
1154 504 1326 552 dicitur
1354 524 1364 551 :
1393 508 1435 552 O
1458 523 1544 553 vos
1567 507 1828 572 principes,
1858 508 1907 554 id
1930 518 2001 555 est
2031 507 2273 573 praepositi
2294 507 2501 572 paradisi
2523 518 2682 555 custo-

568 584 673 643 des,
700 584 896 631 attollite
914 584 1014 646 jam
1035 594 1214 631 vestras
1236 595 1424 649 portas,
1448 586 1498 632 id
1521 597 1591 633 est
1612 598 1911 652 summovete
1934 587 2063 634 illam
2085 597 2292 634 vestram
2314 604 2460 651 quam
2482 587 2686 633 diximus

568 665 894 711 obstruentem
915 663 1205 725 clausuram,
1233 674 1279 711 et
1300 665 1436 711 illum
1458 666 1726 713 versatilem
1749 668 1946 714 avertite
1969 667 2203 730 gladium,
2230 667 2311 731 qui
2347 666 2550 731 proinde
2583 683 2688 714 ver-

566 745 732 803 satilis,
759 745 807 790 id
830 754 900 791 est
921 745 1111 791 mobilis
1133 746 1292 810 potius
1321 763 1471 811 quam
1493 746 1612 794 fixus
1641 757 1711 794 est
1740 747 1918 807 dictus,
1952 748 2065 811 quia
2086 747 2379 812 quandoque
2402 747 2688 794 avertendus

567 837 613 874 et
633 826 1009 873 summovendus
1032 837 1118 873 est.
1155 831 1240 886 Et,
1268 845 1298 874 o
1321 845 1434 887 vos,
1460 839 1636 893 portae,
1664 828 1916 875 elevamini
1938 828 2206 887 aeternales,
2232 829 2281 875 id
2307 838 2378 875 est
2412 827 2608 875 sublatae
2641 814 2688 875 et

567 916 815 953 summotae
839 907 889 953 in
911 918 1143 954 aeternum
1165 918 1316 955 estote
1330 946 1341 968 ,
1368 919 1414 955 et
1437 909 1655 955 introibit
1676 926 1758 955 rex
1781 909 1939 972 gloriae
1966 927 1976 955 ε
2003 926 2103 956 non
2127 909 2325 973 quidem
2345 919 2584 967 terrenus,
2603 908 2688 956 sed

567 989 649 1053 qui
683 988 743 1035 ad
778 988 978 1036 coelestis
1014 989 1172 1053 gloriae
1206 990 1539 1044 celsitudinem
1570 1008 1681 1037 suos
1713 991 1774 1037 de
1808 1000 2042 1055 potestate
2078 990 2259 1038 diaboli
2287 1001 2476 1056 ereptos
2510 991 2560 1036 in
2593 989 2689 1037 hoc

568 1069 804 1117 hodierno
827 1071 1073 1136 triumpho
1096 1088 1260 1118 secum
1282 1073 1460 1136 pariter
1492 1071 1783 1119 introducat.
1817 1074 1968 1136 Super
1996 1089 2093 1136 quo
2123 1082 2222 1119 tam
2244 1072 2453 1135 glorioso
2476 1081 2523 1118 et
2545 1071 2693 1119 admi-

568 1149 704 1197 rabili
742 1150 1018 1215 triumpho,
1060 1150 1161 1198 aliis
1196 1151 1547 1215 quaerentibus,
1586 1161 1632 1197 et
1666 1168 1778 1197 cum
1811 1168 1998 1199 summa
2032 1151 2349 1198 admiratione
2380 1149 2648 1198 dicentibus
2675 1168 2686 1196 z

569 1232 684 1288 Quis
707 1241 776 1278 est
798 1232 906 1291 iste,
932 1242 985 1279 ut
1014 1232 1192 1291 dicitis,
1229 1242 1389 1279 tantus
1424 1248 1529 1290 rex,
1565 1249 1711 1296 quem
1741 1233 1791 1278 in
1826 1232 2040 1279 humana
2072 1232 2249 1291 forma,
2281 1241 2328 1278 et
2356 1248 2384 1278 a
2411 1230 2553 1278 nobis
2575 1229 2692 1277 olim

568 1309 812 1376 despecta,
837 1329 980 1377 super
1002 1329 1198 1359 omnem
1220 1322 1443 1358 naturam
1462 1349 1473 1371 ,
1499 1311 1550 1358 id
1573 1322 1643 1359 est
1665 1312 1929 1376 angelicam
1951 1312 2278 1359 conscendere
2299 1311 2518 1358 videmus
2540 1309 2693 1357 altitu—

569 1391 754 1450 dinem;
779 1392 855 1439 vel
883 1393 1012 1439 unde
1040 1392 1236 1438 inferior
1264 1402 1436 1439 natura
1463 1391 1591 1439 hanc
1619 1392 1818 1458 adipisci
1846 1393 2020 1439 meruit
2049 1391 2362 1456 dignitatem?
2390 1389 2478 1437 Alii
2499 1405 2694 1454 respon-

569 1471 736 1518 dentes
759 1473 1047 1519 concinunt:
1069 1491 1092 1516 «
1103 1472 1340 1518 Dominus
1353 1472 1441 1518 iste
1455 1482 1527 1519 est
1542 1472 1676 1519 fortis
1696 1482 1742 1519 et
1758 1482 1947 1537 potens,
1963 1473 2200 1518 Dominus
2216 1480 2389 1536 potens
2403 1470 2452 1516 in
2469 1468 2649 1534 praelio.
2665 1487 2688 1513 »

569 1553 721 1599 Fortis
754 1553 931 1600 scilicet
969 1553 1031 1600 ad
1059 1552 1223 1600 omnia
1251 1553 1451 1600 adversa
1479 1538 1752 1612 toleranda,
1784 1570 1874 1599 nec
1912 1553 2136 1599 remissus
2173 1552 2223 1597 in
2255 1550 2438 1614 aliquo3
2476 1549 2693 1614 quamvis

568 1633 616 1679 in
641 1633 795 1679 forma
815 1632 1038 1680 humanae
1062 1631 1349 1679 infirmitatis
1373 1643 1618 1698 appareat.
1650 1636 1848 1691 Potens,
1880 1633 2002 1679 sicut
2023 1632 2183 1678 statim
2207 1631 2554 1690 determinans,
2578 1627 2692 1677 sub-

562 1711 742 1775 jungit,
764 1722 969 1777 «potens
985 1713 1034 1759 in
1052 1712 1232 1777 praelio,
1250 1731 1271 1756 »
1292 1729 1382 1758 nec
1404 1713 1469 1759 ita
1491 1723 1545 1759 ut
1566 1722 1702 1760 vetus
1722 1713 1893 1771 Adam,
1919 1729 1948 1759 a
1969 1721 2184 1759 tentante
2206 1719 2454 1776 superatus
2476 1707 2690 1767 diabolo,

567 1793 651 1839 sed
673 1794 778 1858 ipso
801 1795 968 1841 mortis
987 1804 1182 1841 auctore
1204 1804 1360 1841 morte
1383 1811 1469 1842 sua
1489 1794 1805 1859 triumphato,
1826 1795 1963 1859 quasi
1984 1793 2250 1859 spoliorum
2269 1791 2483 1856 trophaea
2504 1791 2554 1837 in
2577 1790 2689 1850 suis,

569 1891 690 1938 quos
713 1875 860 1934 eruit,
886 1876 1086 1940 captivis
1101 1913 1113 1936 ,
1139 1893 1269 1922 nunc
1291 1876 1435 1923 refert
1461 1876 1668 1939 gloriosa
1695 1894 1705 1922 ε
1732 1876 1855 1923 sicut
1876 1885 1923 1922 et
1945 1875 2006 1922 de
2027 1876 2133 1940 ipso
2157 1874 2273 1920 olim
2296 1871 2695 1937 psalmographus

568 1955 848 2018 praecinerat
863 1955 1046 2002 dicens¹
1069 1974 1079 2002 ε
1106 1956 1413 2003 «Ascendens
1436 1957 1485 2003 in
1509 1956 1658 2017 altum
1681 1956 1920 2021 captivam
1943 1955 2077 2002 duxit
2099 1954 2473 2020 captivitatem.»
2499 1952 2698 2017 Captiva·

568 2035 747 2099 quippe
769 2036 1016 2100 captivitas
1039 2053 1187 2099 genus
1209 2036 1478 2084 humanum
1501 2037 1575 2083 bis
1598 2053 1626 2084 a
1647 2036 1843 2084 diabolo
1860 2036 2155 2101 captivatum
2172 2034 2370 2091 dicitur3
2395 2033 2553 2098 primo
2569 2031 2697 2080 vide-

568 2115 677 2162 licet
699 2115 798 2178 ejus
819 2116 1128 2180 persuasione
1151 2133 1180 2164 a
1200 2117 1425 2181 paradiso
1449 2117 1713 2176 exulatum,
1747 2127 1794 2163 et
1822 2116 2134 2182 praesentibus
2155 2114 2378 2162 aerumnis
2401 2113 2692 2178 expositum,

568 2195 882 2260 postmodum
904 2195 964 2242 de
986 2195 1077 2243 hac
1098 2196 1204 2243 luce
1228 2197 1289 2243 ad
1311 2197 1486 2243 inferni
1508 2197 1730 2243 tenebras
1753 2197 2009 2259 dejectum.
2037 2198 2158 2242 Suos
2179 2195 2364 2258 itaque,
2390 2203 2444 2239 ut
2465 2193 2692 2250 diximus,

568 2275 642 2322 bis
658 2277 943 2340 captivatos,
966 2293 1097 2323 nunc
1112 2293 1275 2323 secum
1297 2277 1359 2323 ad
1377 2277 1584 2324 coelestia
1600 2277 1893 2342 perducens,
1914 2277 2050 2340 quasi
2068 2276 2224 2322 victor
2245 2273 2392 2320 hodie
2414 2273 2475 2319 de
2497 2273 2696 2336 antiquo

566 2356 706 2404 hoste
728 2366 974 2421 superato,
1006 2357 1286 2422 triumphat.
1320 2358 1556 2405 Dominus
1587 2359 1688 2422 ipse
1715 2358 1971 2416 virtutum,
1998 2373 2098 2403 non
2122 2355 2280 2402 solum
2303 2354 2525 2401 videlicet
2545 2353 2699 2400 homi—

571 2452 689 2484 num
710 2455 832 2502 quos
856 2438 922 2484 sic
943 2437 1139 2499 liberat,
1177 2440 1492 2486 verumetiam
1520 2455 1837 2503 supernarum
1865 2438 2097 2484 virtutum
2114 2474 2125 2495 ,
2158 2452 2244 2501 per
2273 2451 2391 2499 quas
2421 2433 2698 2496 ubicunque

571 2518 689 2578 vult,
716 2529 942 2584 operatur
966 2519 1220 2582 magnalia.
1254 2520 1568 2567 Conferamus
1603 2530 1764 2567 autem
1786 2536 1898 2566 cum
1921 2518 2071 2582 gloria
2103 2517 2246 2580 hujus
2275 2514 2507 2579 triumphi
2540 2512 2693 2573 illam,

572 2615 718 2663 quam
740 2599 944 2645 diximus
965 2601 1326 2647 venerationem
1348 2601 1398 2647 in
1423 2601 1583 2648 Ramis
1604 2600 1878 2647 Palmarum
1906 2600 1950 2646 ei
1977 2599 2190 2664 primum
2219 2595 2503 2652 exhibitam,
2535 2602 2583 2640 et
2603 2607 2700 2657 qua

571 2679 880 2726 similitudine
911 2680 1173 2743 jungantur
1207 2698 1294 2746 per
1333 2682 1519 2746 singula
1553 2681 1802 2728 videamus
1843 2700 1853 2727 z
1894 2681 1960 2727 ita
1996 2690 2159 2727 tamen
2193 2688 2246 2725 ut
2279 2677 2406 2724 hanc
2448 2675 2514 2722 illi
2555 2674 2699 2737 longe

573 2760 838 2824 praecellere
881 2760 1257 2807 consideremus.

642 2844 703 2887 Ut
724 2841 867 2904 igitur
884 2843 1091 2886 Joannes
1113 2840 1292 2900 refert²,
1312 2841 1392 2889 illa
1413 2842 1546 2906 prior
1564 2842 1805 2905 generatio
1828 2859 1918 2907 pro
1941 2839 2301 2887 resuscitatione
2324 2837 2487 2884 Lazari
2509 2837 2553 2883 ei
2577 2835 2701 2883 facta

575 2930 669 2979 est,
709 2920 786 2967 cui
808 2936 898 2966 nec
919 2920 1020 2984 ipse
1043 2923 1246 2966 Lazarus
1277 2937 1389 2967 cum
1413 2938 1470 2967 eo
1494 2921 1842 2985 Jerosolymam
1863 2921 2060 2968 veniens
2092 2919 2297 2966 defuisse
2319 2916 2587 2963 credendus
2608 2925 2695 2962 est.

575 3000 704 3045 Sicut
732 3016 844 3062 ergo
873 3000 1116 3046 suscitatio
1151 3001 1314 3047 Lazari
1348 3000 1466 3047 illud
1494 3002 1789 3065 praeconium
1818 3001 1972 3048 laudis
2001 3000 2062 3047 ab
2090 2997 2371 3046 hominibus
2405 2996 2601 3054 meruit,
2635 2994 2699 3041 ita

578 3079 809 3142 praedictae
840 3079 1058 3127 liberatio
1095 3080 1379 3145 captivitatis
1408 3081 1721 3146 triumphales
1749 3081 1896 3128 hodie
1924 3080 2089 3128 laudes
2117 3079 2178 3126 ab
2213 3076 2391 3141 angelis
2418 3075 2603 3122 habuit.
2642 3078 2700 3121 Et

580 3158 644 3204 ibi
666 3160 860 3222 quidem
883 3160 1229 3225 Jerosolymam
1250 3162 1470 3220 venienS,
1494 3172 1547 3208 ut
1569 3162 1752 3209 dictum
1775 3173 1867 3222 est,
1893 3161 2175 3209 benedictus
2198 3175 2226 3206 a
2247 3158 2416 3205 turbis.
2437 3157 2524 3202 Hic
2540 3165 2699 3203 autem

580 3239 724 3285 coelos
747 3242 1008 3289 ascendens
1035 3242 1281 3289 benedixit
1309 3242 1574 3307 discipulis,
1608 3253 1660 3289 ut
1687 3254 1823 3290 tanto
1853 3241 2158 3290 excellentior
2183 3240 2285 3286 haec
2313 3238 2414 3285 dies
2441 3236 2695 3296 habeatur,

580 3328 762 3381 quanto
785 3319 963 3366 felicior
985 3339 1040 3367 ex
1055 3322 1394 3369 benedictione
1417 3322 1581 3369 divina
1604 3322 1822 3369 efficitur.
1851 3326 1946 3369 Nec
1967 3321 2124 3368 solum
2146 3319 2229 3384 qui
2245 3317 2493 3383 praeibant,
2515 3331 2702 3362 verum-

623 3500 633 3515 ·
663 3511 677 3527 α
694 3498 874 3533 Ascendisti
894 3501 925 3533 in
943 3501 1041 3534 altum
1053 3526 1061 3542 ,
1080 3502 1194 3546 cepisti
1213 3503 1445 3547 captivitatem.
1467 3517 1481 3533 »ι
1498 3503 1636 3546 (psalm.
1653 3514 1738 3537 van
1752 3529 1760 3545 ,
1777 3514 1808 3536 v.
1827 3501 1892 3544 19.)
1905 3520 1949 3527 -
1962 3501 1975 3518 ²
1990 3502 2099 3540 Joan.,
2116 3510 2190 3543 cap.
2208 3511 2271 3539 ΣΠ,
2285 3509 2315 3531 V·
2336 3501 2365 3530 ¹·
