2970 4152
556 408 651 454 448
1017 414 1020 417 '
1355 412 1524 460 PETRI
1562 413 1874 462 ABAELARDI

554 514 815 551 retrorsum
833 504 1026 564 cadunt,
1047 505 1157 569 quia
1182 505 1263 570 qui
1279 515 1386 570 post
1404 522 1454 554 se
1473 507 1617 568 cadit,
1640 508 1704 555 ibi
1728 507 1871 567 cadit,
1894 506 1976 553 ubi
1994 521 2091 552 non
2114 505 2259 552 videt.
2281 506 2435 570 Iniqui
2458 522 2574 568 vero¹
2590 506 2671 570 qui

552 583 600 628 in
634 583 893 630 visibilibus
926 584 1132 645 cadunt,
1160 594 1269 649 post
1293 601 1342 632 se
1371 586 1541 633 cadere
1566 586 1805 649 dicuntur,
1835 586 1946 652 quia
1970 585 2035 649 ibi
2058 595 2310 644 corruunt,
2339 583 2422 631 ubi
2443 585 2561 649 quid
2589 602 2671 633 eos

554 674 667 710 tunc
687 675 911 728 sequatur
935 665 1083 712 modo
1108 665 1269 713 videre
1294 683 1394 713 non
1418 677 1634 731 possunt.
1664 668 1783 714 Justi
1806 683 1944 725 vero,
1974 666 2083 729 quia
2114 665 2161 711 in
2189 665 2287 711 istis
2312 663 2576 711 visibilibus
2597 681 2670 712 se-

551 745 775 808 metipsos
811 754 983 810 sponte
1020 745 1270 809 dejiciunt,
1299 755 1352 793 ut
1385 746 1695 794 invisibilibus
1726 747 1983 810 erigantur,
2012 745 2147 810 quasi
2179 745 2228 791 in
2260 744 2429 792 faciem
2461 744 2666 803 cadunt,

551 825 662 888 quia
687 825 857 871 timore
877 827 1182 891 compuncti,
1216 825 1431 874 videntes
1457 826 1784 874 humiliantur.
1809 846 1832 871 »
1865 830 2041 874 Iterum
2075 841 2186 889 ergo
2221 841 2302 872 eos
2332 825 2664 888 interrogavit:

551 924 572 949 r<
597 908 751 963 Quem
778 906 1012 970 quaeritis?
1029 925 1051 950 υ
1077 906 1144 953 llli
1163 917 1323 954 autem
1341 907 1561 955 dixerunt
1585 927 1594 954 :
1622 927 1645 952 «
1669 911 1829 955 Jesum
1847 910 2157 954 Nazarenum.
2179 925 2202 951 »
2226 905 2485 971 Respondit
2501 908 2633 952 Jesus
2653 923 2665 951 τ

550 1005 573 1029 «
592 987 699 1032 Dixi
724 986 861 1033 vobis
886 988 997 1050 quia
1023 1004 1112 1052 ego
1142 1004 1264 1035 sum.
1292 1008 1314 1032 »
1349 990 1443 1046 Qui
1465 988 1683 1035 abierunt
1712 998 1972 1035 retrorsum
1990 1024 2002 1047 ,
2038 1003 2137 1035 non
2161 987 2317 1034 solum
2338 1003 2539 1052 corpore
2558 1002 2666 1033 cor-

545 1076 736 1113 ruentes
751 1103 762 1125 ,
793 1083 959 1113 verum
985 1068 1127 1114 etiam
1145 1068 1194 1114 in
1216 1078 1395 1115 tantam
1416 1069 1610 1115 extasim
1629 1068 1819 1133 pavoris
1836 1078 1882 1115 et
1898 1067 2269 1134 perturbationis
2287 1067 2415 1126 facti,
2438 1077 2490 1115 ut
2506 1067 2669 1120 Domi-

543 1162 658 1192 num
700 1163 790 1194 nec
820 1147 880 1193 ad
914 1147 1145 1194 indicium
1178 1165 1347 1208 suum,
1388 1166 1477 1196 nec
1504 1148 1577 1195 ·ad
1611 1148 1870 1213 proditoris
1909 1147 2125 1195 osculum
2161 1164 2415 1212 agnoscere
2442 1140 2664 1213 possent.

541 1225 762 1273 Secundo
789 1227 1047 1291 interrogat
1073 1244 1155 1275 eos
1183 1216 1327 1292 quem
1358 1238 1593 1292 quaerant,
1618 1238 1665 1276 et
1693 1245 1742 1275 se
1765 1229 1935 1275 iterum
1963 1228 2097 1275 illum
2122 1244 2222 1274 esse
2248 1227 2389 1274 docet
2404 1243 2585 1292 ,quem
2617 1242 2668 1273 se

543 1306 610 1352 illi
627 1323 837 1370 quaerere
856 1307 1165 1371 respondent.
1190 1311 1243 1354 ln
1264 1325 1360 1372 quo
1378 1318 1596 1373 patenter
1612 1310 1879 1356 ostenditur
1898 1319 1944 1356 et
1962 1309 2108 1374 ipsius
2125 1308 2474 1373 perseverantia
2490 1308 2540 1354 in
2559 1322 2666 1402 pas·

545 1388 700 1447 sione,
731 1398 775 1434 et
801 1387 1028 1434 illorum
1017 1404 1065 1434 ln
1092 1388 1409 1436 obstinatione
1429 1406 1522 1436 suae
1545 1389 1750 1437 malitiae.

607 1487 627 1510 «
650 1424 700 1513 Si
723 1484 836 1531 ergo
858 1485 934 1515 me
959 1469 1190 1531 quaeritis,
1220 1470 1357 1516 sinite
1383 1470 1473 1516 hos
1497 1470 1642 1517 abire
1671 1474 1733 1517 Ut
1756 1471 2034 1536 impleretur
2061 1485 2246 1529 sermo,
2279 1472 2396 1516 etc.¹
2403 1505 2412 1515 .
2442 1488 2464 1512 υ
2495 1469 2543 1514 Si
2569 1483 2663 1526 me,

539 1546 714 1610 inquit,
749 1564 847 1594 non
881 1548 1025 1594 alium
1063 1549 1291 1616 quaeritis,
1330 1550 1450 1596 sicut
1475 1567 1531 1597 ex
1558 1550 1743 1597 duabus
1762 1551 1863 1614 jam
1896 1560 2026 1615 patet
2054 1549 2442 1615 'responsionibus
2472 1548 2662 1607 vestris,

538 1627 753 1675 sufficere
781 1628 916 1675 vobis
945 1628 1087 1676 debet
1114 1639 1320 1677 vestram
1344 1631 1393 1677 in
1426 1648 1503 1678 me
1530 1631 1772 1695 complere
1803 1630 2048 1677 malitiam.
2072 1633 2175 1677 Hoc
2201 1630 2378 1694 inquit,
2410 1627 2667 1695 discipulos

536 1708 618 1769 qui
637 1707 835 1755 aderant
858 1708 1146 1772 intelligens,
1175 1721 1227 1757 ut
1245 1710 1374 1757 solus
1397 1711 1498 1776 ipse
1519 1710 1726 1758 torcular
1747 1711 1979 1776 passionis
1998 1711 2218 1770 intraret,
2247 1711 2365 1757 sicut
2387 1727 2443 1756 ex
2462 1723 2667 1774 persona
2691 1737 2694 1740 -

538 1787 638 1850 ejus
671 1787 812 1836 lsaias
836 1790 1140 1854 praedixerat*
1163 1809 1171 1836 :
1201 1810 1225 1835 «
1245 1791 1470 1838 Torcular
1498 1791 1674 1839 calcavi
1702 1791 1830 1838 solus
1846 1827 1858 1851 ,
1891 1801 1980 1838 etc.
2007 1810 2030 1834 »
2059 1793 2225 1837 Sermo
2242 1826 2255 1851 ,
2283 1791 2438 1854 inquit
2465 1804 2665 1852 evange-

536 1867 639 1914 lista
658 1905 669 1927 ,
700 1886 844 1933 quem
874 1871 975 1935 ipse
1003 1871 1240 1918 Dominus
1265 1882 1403 1919 antea
1436 1872 1645 1931 dixerat,
1679 1871 1740 1919 ad
1774 1875 1962 1918 Patrem
1992 1871 2220 1935 loquens³
2244 1889 2253 1916 :
2281 1873 2458 1927 «Quos
2494 1868 2665 1915 dedisti

539 1943 656 1994 mihi
681 1950 940 2010 custodivi,
965 1961 1012 1997 et
1029 1967 1175 1997 nemo
1195 1968 1251 1998 ex
1268 1951 1323 1998 iis
1343 1952 1482 2016 periit
1500 1952 1591 1999 nisi
1610 1952 1733 1999 filius
1747 1949 2042 2018 perditionis.
2064 1970 2086 1995 »
2111 1952 2396 2015 Augustinus
2413 1950 2462 1996 in
2482 1952 2666 1996 Joanne

536 2044 680 2092 super
700 2028 832 2075 hunc
851 2028 1013 2075 locum
1028 2032 1042 2054 ¹·
1066 2049 1076 2075 ε
1107 2050 1131 2074 «
1153 2033 1248 2077 Cur
1266 2032 1305 2077 si
1323 2041 1438 2078 tunc
1457 2042 1775 2092 morerentur,
1804 2031 2026 2097 perderet
2056 2048 2160 2091 e05,
2189 2031 2280 2077 nisi
2301 2031 2413 2094 quia
2445 2028 2665 2076 nondum

533 2110 598 2165 sic
622 2109 670 2155 in
695 2126 805 2156 eum
828 2110 1086 2157 credebant
1104 2111 1352 2174 quomodo
1375 2112 1576 2161 credunt
1602 2113 1875 2177 quicunque
1898 2129 1998 2159 non
2024 2111 2250 2176 perituri?
2275 2130 2297 2154 >›
2330 2112 2476 2156 Item*⁵
2496 2127 2506 2154 :
2534 2128 2558 2153 «
2580 2111 2663 2154 Pe-

534 2199 633 2235 trus
651 2226 662 2248 ,
693 2190 731 2236 si
755 2200 927 2253 negato
961 2190 1147 2239 Christo
1175 2191 1288 2238 hinc
1321 2192 1433 2251 iret,
1467 2193 1583 2256 quid
1612 2192 1741 2239 aliud
1775 2209 1920 2256 quam
1951 2192 2154 2257 periret?
2186 2211 2208 2236 «
2232 2191 2401 2249 Sinite,
2428 2209 2451 2233 »
2477 2188 2660 2252 inquit,

545 2286 566 2310 «
581 2268 670 2315 hos
690 2269 848 2329 abire,
876 2289 898 2313 »
927 2270 1011 2317 sed
1035 2287 1134 2319 non
1164 2271 1361 2335 adjecit,
1390 2282 1436 2318 et
1467 2273 1620 2338 capite
1647 2290 1723 2320 me
1748 2291 1757 2319 :
1782 2290 1843 2319 ne
1863 2273 2084 2320 videlicet
2106 2274 2331 2337 pietatem
2355 2271 2632 2336 praecipiens
2647 2307 2659 2330 ,

540 2348 826 2411 impietatem
856 2368 1051 2416 quoque
1080 2369 1225 2416 quam
1256 2352 1358 2399 fieri
1390 2354 1710 2418 permittebat,
1744 2346 1912 2417 jubere
1945 2354 2202 2401 videretur.
2241 2352 2482 2399 Accedens
2507 2361 2664 2398 autem

541 2430 752 2491 proditor
777 2431 838 2476 ad
863 2432 1126 2478 Dominum
1145 2432 1262 2478 dixit
1283 2452 1292 2478 ε
1324 2452 1347 2477 «
1373 2436 1485 2492 Ave,
1516 2433 1682 2480 Rabbi.
1699 2452 1723 2476 »
1746 2436 1804 2479 Et
1830 2433 2069 2480 osculatus
2097 2444 2167 2480 est
2193 2449 2319 2479 eum.
2349 2435 2481 2478 Jesus
2505 2441 2665 2478 autem

542 2508 656 2554 dixit
680 2512 718 2557 ei
744 2533 752 2557 :
784 2531 806 2555 «
836 2513 1018 2567 Amice,
1060 2512 1121 2558 ad
1152 2512 1269 2575 quid
1294 2513 1490 2559 venisti?
1518 2531 1541 2556 »
1570 2514 1676 2559 Sive
1702 2514 1771 2559 uti
1800 2517 1948 2559 Lucas
1974 2515 2036 2559 ait
2061 2532 2070 2558 z
2106 2533 2129 2557 «
2151 2512 2272 2559 Juda
2289 2549 2300 2570 ,
2331 2512 2494 2560 osculo
2514 2511 2664 2558 fitium

539 2589 741 2639 hominis
774 2593 950 2639 tradis?
976 2613 998 2636 »
1034 2596 1136 2639 Hoc
1158 2593 1374 2640 osculum
1399 2609 1499 2639 non
1523 2594 1652 2657 pacis
1667 2630 1679 2652 ,
1710 2593 1793 2640 sed
1823 2593 2105 2681 proditionis
2134 2594 2323 2657 signum
2345 2603 2416 2640 est
2439 2592 2580 2652 illud,
2603 2592 2664 2639 de

540 2686 637 2732 quo
666 2672 906 2720 Matthaeus
929 2683 1311 2720 commemorat:
1340 2692 1363 2717 «
1383 2672 1591 2719 Dederat
1610 2683 1767 2720 autem
1788 2673 1988 2719 traditor
2007 2673 2108 2736 ejus
2131 2673 2318 2736 signum
2346 2672 2439 2731 eis,
2470 2671 2658 2718 dicens.

542 2769 562 2792 «
585 2753 926 2818 Quemcunque
952 2753 1189 2800 osculatus
1213 2753 1382 2799 fuer‘o
1371 2770 1471 2816 lpse
1494 2763 1585 2812 est,
1609 2763 1765 2801 tenete
1791 2770 1919 2812 eum,
1945 2763 1989 2800 et
2009 2752 2167 2800 ducite
2191 2762 2344 2799 caute.
2369 2771 2392 2796 »
2421 2754 2541 2816 Ecce
2565 2751 2662 2800 dux

541 2846 772 2878 caecorum
795 2844 837 2880 et
868 2834 1130 2882 miserrime
1160 2834 1465 2892 miserorum,
1490 2849 1594 2897 quae
1624 2843 1694 2880 est
1724 2834 1811 2880 ista
1839 2833 2043 2891 cautela,
2049 2829 2134 2880 ad
2162 2849 2308 2897 quam
2337 2848 2419 2879 eos
2445 2831 2664 2878 hortatur

541 2912 718 2959 insania
749 2913 855 2960 tua?
880 2925 1105 2979 tanquam
1133 2914 1375 2979 sapientiae
1401 2914 1488 2960 Dei
1521 2914 1774 2978 praevalere
1805 2913 2060 2962 hominum
2086 2912 2271 2960 cautela
2300 2913 2464 2978 possit.
2501 2915 2662 2976 Impu-

542 2991 812 3040 dentissime
849 2995 1080 3058 proditor,
1120 2995 1337 3041 omnium
1374 2994 1605 3040 scelerum
1646 2994 2026 3041 abominationes
2058 2995 2149 3041 tuis
2177 2992 2439 3057 justificans
2479 2992 2661 3040 sceleri-

540 3068 643 3116 bus,
681 3073 1024 3137 Dispensatoris
1056 3090 1220 3121 curam
1248 3074 1370 3120 inter
1397 3064 1590 3120 caeteros
1615 3091 1643 3120 a
1673 3075 1882 3120 Domino
1909 3090 2208 3138 susceperas,
2236 3072 2420 3119 loculos
2446 3070 2628 3118 habens
2644 3107 2656 3130 ,

542 3156 588 3193 et
616 3165 669 3194 ea
698 3167 798 3213 quae
829 3162 1017 3216 poteras
1040 3153 1164 3200 furto
1197 3153 1484 3217 surripienS,
1520 3154 1816 3217 marSupium
1840 3163 2004 3212 tuum,
2035 3169 2133 3199 non
2168 3151 2463 3199 dominicum
2496 3150 2661 3197 volens

540 3243 732 3290 augere,
779 3232 934 3294 ipsum
973 3233 1313 3298 praesumpsisti
1353 3233 1614 3279 Dominum
1657 3233 1888 3294 vendere,
1918 3243 1964 3281 et
1995 3234 2043 3280 in
2071 3233 2225 3298 pretio
2258 3231 2471 3296 pecuniae
2503 3231 2660 3295 ipsum

583 3430 591 3445 ¹
614 3430 723 3470 Joan„
752 3441 824 3473 cap.
854 3443 948 3473 xvm,
967 3444 998 3465 v.
1019 3435 1049 3465 S.
1069 3451 1108 3456 -
1123 3432 1136 3449 ²
1154 3433 1243 3466 lsaiae
1261 3444 1335 3476 cap.
1359 3444 1456 3474 inu,
1480 3444 1511 3465 v.
1528 3434 1560 3465 3.
1581 3450 1617 3458 —-
1633 3432 1644 3449 ³
1660 3433 1769 3473 Joan„
1789 3444 1864 3476 cap.
1883 3443 1966 3472 xvn,
1984 3443 2014 3464 v.
2035 3433 2086 3464 19.
2101 3448 2140 3454 -
2155 3429 2169 3447 ⁴
2185 3431 2292 3464 Tract.
2317 3442 2403 3471 cxu,
2430 3431 2507 3472 Opp-
2535 3436 2558 3462 t.
2589 3429 2656 3470 ΙΙΙ,

539 3494 622 3529 part.
641 3488 690 3528 11,
708 3488 770 3521 col.
790 3490 864 3521 785.
879 3508 919 3515 --
937 3490 1065 3532 ⁵1bid.,
1083 3498 1183 3526 tract.
1198 3502 1274 3524 exin
1287 3516 1295 3531 ,
1312 3491 1374 3525 col.
1397 3493 1472 3524 786.
