2970 4152
968 409 1027 456 ΙΝ
1061 408 1159 454 DIE
1194 407 1563 456 ASCENSIONIS
1596 407 1811 454 SERMO.
2353 407 2448 454 475

336 500 479 548 etiam
513 503 596 565 qui
638 503 983 567 sequebantur,
1027 503 1191 551 laudes
1225 503 1292 550 ibi
1329 502 1667 568 praecinebant.
1707 503 1783 549 Sic
1811 512 1858 549 et
1884 501 2030 548 hodie
2057 511 2157 548 tam
2184 501 2452 566 praeceden-

333 580 454 629 tium
484 583 764 646 angelorum
798 585 956 645 chori,
991 602 1138 650 quam
1159 585 1335 650 captivi
1367 584 1675 631 liberatorem
1703 601 1845 630 suum
1877 593 2151 647 sequentes,
2183 600 2370 630 summa
2403 593 2450 630 et

332 659 562 708 ineffabili
577 663 861 726 jubilatione
882 666 1052 711 victori
1074 664 1238 711 laudes
1261 663 1612 722 acclamabant,
1638 664 1760 710 sicut
1781 663 2011 727 scriptum
2034 665 2123 708 est¹
2145 680 2154 708 ε
2185 681 2207 706 «
2229 662 2451 709 Ascendit

332 730 460 792 Deus
492 743 542 789 in
573 743 882 806 jubilatione,
919 756 964 792 et
996 746 1230 792 Dominus
1262 745 1312 791 in
1346 761 1466 792 voce
1494 744 1645 802 tubae,
1670 762 1693 786 n
1735 744 1784 790 id
1819 754 1888 790 est
1916 760 2027 790 curn
2056 743 2192 806 signo
2222 743 2445 791 victoriae.

331 820 549 884 Denique
582 823 675 869 illo.
695 823 762 870 ibi
801 825 1098 887 ingrediente
1132 825 1398 883 civitatem,
1436 841 1548 870 cum
1570 833 1703 870 tanta
1737 822 1887 869 turbae
1910 822 2257 869 circumstantis
2280 822 2455 869 exulta-

332 897 486 959 tione,
523 901 601 947 alii
631 902 920 950 admirantes
949 904 1276 968 quaerebant²z
1306 923 1329 948 «
1350 903 1443 960 Qui
1472 913 1543 949 est
1564 902 1709 952 hic?.»
1737 906 1795 948 Et
1817 901 1894 948 alii
1917 900 2236 965 quaerentibus
2258 918 2452 965 respon—

331 976 556 1026 debant³:
599 1000 622 1026 «
641 982 728 1028 Hic
764 993 835 1029 est
864 987 996 1030 Jesus
1036 983 1274 1048 propheta
1314 999 1341 1030 a
1377 981 1609 1029 Nazareth
1639 981 1854 1028 Galilaeae.
1878 999 1899 1024 ›)
1933 982 2008 1026 Sic
2046 990 2093 1026 et
2126 981 2175 1026 in
2210 980 2448 1027 hodierno

329 1057 594 1124 triumpho,
615 1062 716 1109 aliis
738 1063 933 1126 angelis,
958 1073 1010 1110 ut
1033 1064 1254 1122 diximus,
1276 1061 1680 1126 interrogantibus
1699 1080 1709 1108 :
1737 1081 1760 1106 «
1779 1062 1895 1118 Quis
1918 1071 1988 1108 est
2009 1061 2096 1108 iste
2118 1077 2197 1107 rex
2221 1061 2405 1124 gloriae?
2425 1080 2446 1105 »

300 1187 303 1190 Α
329 1135 409 1184 alii
429 1140 788 1204 respondebant
809 1161 819 1189 ε
850 1143 1126 1189 «Dominus
1149 1143 1306 1202 fortis,
1339 1152 1430 1189 etc.
1455 1161 1478 1186 »
1514 1145 1549 1188 T
1552 1141 1682 1188 urbis
1704 1140 2044 1187 comitantibus
2073 1158 2223 1205 usque
2253 1141 2314 1188 ad
2336 1151 2450 1187 tem-

328 1215 486 1282 plum,
511 1219 562 1266 id
584 1230 654 1267 est
674 1222 879 1286 propriae
902 1222 1075 1269 domus
1098 1223 1351 1287 palatium,
1377 1222 1613 1269 Dominus
1635 1221 1894 1286 perductus
1917 1231 2002 1267 est.
2029 1224 2088 1267 Et
2109 1221 2230 1267 sicut
2251 1221 2449 1284 legimus

327 1297 378 1343 in
400 1299 635 1359 Daniele⁴‚
660 1301 710 1347 in
733 1301 816 1348 illo
839 1302 1121 1365 angelorum
1143 1303 1373 1349 comitatu
1396 1302 1532 1366 quasi
1555 1301 1743 1348 oblatus
1772 1310 1980 1365 paternae
2008 1300 2268 1363 majestati,
2299 1317 2450 1364 usque

328 1376 391 1423 ad
418 1379 681 1443 Antiquum
709 1382 907 1428 Dierum
930 1381 1053 1428 filius
1075 1381 1286 1429 hominis
1309 1382 1510 1429 eductus
1539 1381 1600 1428 ab
1624 1381 1802 1445 angelis
1824 1381 2056 1445 pervenit.
2086 1384 2142 1427 Et
2164 1380 2231 1426 ibi
2253 1380 2450 1444 quidem

326 1455 464 1520 pigro
481 1458 702 1521 jumento
726 1461 955 1520 insidere,
979 1461 1058 1508 hic
1080 1461 1172 1508 levi
1195 1461 1313 1508 nubi
1336 1461 1621 1508 describitur
1642 1460 1911 1526 praesidere.
1937 1463 2069 1507 Tunc
2091 1460 2269 1525 quippe
2292 1460 2450 1507 adhuc

327 1539 636 1603 corruptibile
658 1557 857 1606 corpuS‚
883 1542 1017 1606 quod
1040 1553 1262 1606 aggravat
1284 1543 1496 1590 animam
1513 1579 1524 1601 ‚
1551 1542 1601 1589 id
1623 1552 1694 1588 est
1716 1540 1917 1588 mortale
1941 1541 2169 1605 gestabat.
2197 1544 2301 1588 Jam
2334 1557 2449 1587 vero

327 1617 461 1663 omni
483 1620 785 1668 mortalitatis
812 1621 1027 1686 pondere
1051 1622 1271 1687 deposito
1285 1659 1296 1681 ‚
1316 1622 1436 1669 nubi
1457 1620 1709 1687 praesid'ere
1731 1621 1905 1680 voluit,
1932 1631 1979 1667 et
2001 1621 2068 1669 sic
2091 1621 2371 1680 ascendere;
2397 1631 2450 1668 ut

325 1708 515 1762 quantae
542 1700 744 1749 levitatis
771 1703 873 1750 haec
902 1705 1085 1767 gravia,
1119 1721 1224 1768 quae
1260 1721 1390 1750 nune
1425 1713 1685 1768 gestamus,
1723 1719 1929 1768 corpora
1963 1703 2123 1750 futura
2155 1703 2277 1762 sint,
2318 1703 2367 1749 in
2400 1720 2449 1750 se

325 1778 467 1826 nobis
487 1781 699 1844 primum
722 1783 982 1831 exhiberet.
1015 1785 1145 1831 Sicut
1167 1785 1296 1831 enim
1331 1785 1575 1832 nascendo
1598 1801 1654 1831 ex
1676 1784 1816 1831 nobis
1833 1822 1844 1844 ,
1876 1793 1923 1830 et
1945 1784 2173 1848 patiendo
2195 1800 2285 1848 pro
2309 1782 2449 1831 nobis

323 1875 567 1907 summum
594 1863 735 1911 nobis
763 1864 1003 1912 honorem
1036 1865 1112 1913 vel
1144 1866 1391 1913 caritatem
1419 1865 1661 1924 exhibuit3
1694 1866 1759 1912 ita
1786 1865 2100 1930 postmodum
2127 1863 2444 1939 resurgendo,

324 1939 400 1987 vel
422 1940 664 2007 discipulis
687 1946 989 2010 apparendo,
1027 1957 1075 1993 et
1104 1964 1235 1994 nunc
1264 1947 1474 2011 denique
1502 1946 1809 1994 ascendendo
1839 1946 2048 1994 futuram
2070 1964 2332 2013 corporum
2354 1949 2451 2012 glo-

323 2020 445 2068 riam
468 2022 837 2086 demonstravit3
859 2037 912 2075 ut
934 2037 1069 2075 tanto
1091 2028 1316 2075 libentius
1339 2027 1663 2094 corporalium
1685 2029 1964 2093 passionum
1986 2045 2163 2092 agones
2185 2030 2449 2078 sustineant

323 2101 564 2162 membra,
599 2117 833 2170 quantum
860 2109 910 2155 in
940 2110 1045 2174 ipso
1065 2110 1234 2175 ‚capite
1270 2109 1453 2156 habent
1487 2109 1866 2174 experimentum
1900 2109 1962 2156 de
1996 2109 2155 2158 sutura
2188 2127 2448 2176 corporum

322 2182 488 2247 gloria.
514 2189 568 2232 In
591 2191 937 2237 resurrectione
956 2191 1136 2256 quippe
1153 2208 1414 2255 corporum
1434 2191 1843 2244 immortalitatem
1867 2189 2008 2237 nobis
2030 2191 2260 2239 exhibuit.
2287 2193 2449 2242 Januis

321 2278 436 2310 vero
476 2265 646 2314 clausis
686 2268 747 2315 ad
785 2269 1044 2335 discipulos
1087 2271 1270 2317 intrans
1305 2272 1608 2336 appariturus
1642 2271 1754 2329 illis,
1796 2270 2108 2318 subtilitatem
2147 2289 2316 2319 eorum
2352 2290 2448 2338 qua

321 2343 542 2407 quaelibet
564 2347 718 2396 solida
739 2360 989 2414 penetrare
1011 2352 1196 2415 possint
1224 2352 1451 2398 ostendit.
1492 2355 1628 2398 Nunc
1656 2368 1772 2398 vero
1801 2369 1944 2416 super
1973 2352 2275 2399 altitudinem
2304 2353 2448 2401 coelo-

322 2438 430 2470 rum
464 2425 751 2486 ascendens,
777 2439 1009 2492 quantam
1030 2430 1090 2476 sit
1111 2429 1332 2477 habitura
1355 2430 1598 2477 levitatem
1633 2430 1955 2488 demonstrat,
1993 2441 2046 2477 ut
2083 2431 2305 2479 videlicet
2337 2432 2444 2480 ubi-

320 2521 512 2571 cunque
540 2507 744 2555 voluerit
763 2510 982 2569 animus,
1023 2510 1135 2557 illuc
1168 2511 1329 2557 statim
1363 2511 1464 2557 sine
1506 2511 1784 2557 difficultate
1819 2511 2130 2558 transferatur
2159 2529 2350 2578 corpus.
2384 2517 2447 2561 Ut

319 2583 462 2649 igitur
484 2586 739 2651 Apostolus
767 2588 867 2647 ait⁶‚
893 2589 1050 2654 ipsum
1083 2607 1212 2636 nunc
1246 2600 1406 2637 mente
1435 2607 1623 2650 sursum
1648 2607 1938 2654 quaeramuS,
1971 2591 2055 2638 ubi
2083 2602 2153 2638 est
2180 2592 2229 2638 in
2254 2593 2446 2642 dextera

320 2665 408 2712 Dei
436 2666 631 2726 sedens,
662 2677 715 2714 ut
743 2668 1055 2732 postmodum
1090 2670 1234 2716 etiam
1268 2686 1472 2735 corpore
1507 2670 1569 2717 ad
1603 2671 1782 2735 ipsum,
1822 2687 1952 2716 nunc
1984 2681 2144 2718 mente
2176 2688 2445 2720 mereamur

320 2747 594 2810 pervenire,
630 2763 729 2793 non
766 2757 863 2794 tam
888 2750 1127 2796 ascensuri
1155 2766 1301 2813 quam
1324 2750 1385 2797 ab
1414 2751 1518 2815 ipso
1547 2750 1798 2810 trahendi,
1830 2750 1906 2797 cui
1935 2749 2095 2798 honor
2123 2761 2194 2799 est
2227 2761 2273 2798 et
2295 2752 2444 2816 gloria

321 2841 407 2889 per
428 2824 614 2873 infinita
635 2827 906 2875 seculorum
927 2829 1101 2876 secula.
1136 2832 1302 2877 Amen.

365 2989 374 3006 ¹
403 2990 520 3026 Psalm.
551 3003 643 3035 xtvu,
671 3004 702 3026 v.
734 2997 767 3026 6.
787 3013 821 3018 —
839 2993 995 3036 'Matth.,
1021 3006 1094 3040 cap.
1120 3008 1200 3037 xxi,
1229 3008 1260 3030 v.
1290 2999 1341 3030 10.
1357 3015 1401 3021 —-
1418 2996 1431 3014 ³
1447 2997 1546 3039 lbid.,
1572 3009 1614 3031 v.v
1634 3000 1740 3031 11.—
1756 2995 1882 3040 ⁴Dan.,
1911 3007 1984 3040 cap.
2007 3008 2070 3039 vu,
2093 3008 2124 3030 v.
2150 2998 2201 3032 13.
2219 2997 2288 3022 -“
2305 2999 2443 3039 Coloss„

317 3059 390 3092 cap.
408 3060 461 3092 111,
479 3062 510 3084 v.
533 3058 560 3085 1.
