2970 4152
510 462 604 509 288
1209 461 1510 508 HELOISSAE
1544 461 1936 510 PROBLEMATA

1332 614 1511 661 Salutio
1534 614 1791 663 Aboe‘lardi.

575 738 716 795 Quod
742 739 777 784 si
796 774 808 797 ,
835 747 886 784 ut
905 747 1119 803 oportet,
1142 753 1307 784 verum
1325 738 1615 786 concedatur
1634 774 1645 797 ,
1668 738 1926 802 quaestione
1945 738 2074 801 gravi
2091 737 2353 803 pulsamur,
2375 737 2622 801 quomodo

509 818 761 882 conjuges,
790 818 864 865 vel
889 818 936 864 in
964 818 1160 882 antiquo
1186 816 1393 882 populo,
1422 818 1495 865 vel
1523 818 1573 864 in
1604 834 1758 876 novo,
1787 817 2026 864 carnalem
2044 817 2477 883 concupiscentiam
2497 833 2623 864 exer·

508 908 688 957 centes,
728 897 777 943 in
806 913 864 944 eo
890 913 1086 962 peccare
1113 897 1347 956 dicantur,
1375 897 1503 944 unde
1529 898 1578 942 in
1603 907 1821 961 posteros
1851 907 2100 961 peccatum
2126 896 2352 961 originale
2386 895 2624 943 transfun-

507 978 642 1025 dunt.
677 979 885 1025 Priorem
921 978 1099 1042 quippe
1131 977 1367 1042 populum
1405 978 1465 1024 ad
1502 979 1885 1042 procreationem
1910 977 2119 1025 filiorum
2151 967 2386 1024 Dominus
2417 994 2474 1024 ex
2508 980 2625 1042 prae·
2688 991 2692 994 ’

506 1069 663 1123 cepto,
693 1070 740 1106 et
761 1059 874 1123 legis
901 1059 1154 1106 maledicto
1181 1060 1228 1106 in
1254 1076 1353 1118 eos,
1375 1060 1457 1123 qui
1482 1075 1645 1106 semen
1667 1059 1716 1105 in
1737 1059 1878 1106 lsrael
1897 1076 1996 1106 non
2022 1059 2360 1124 relinquerent,
2389 1058 2624 1105 constrin·
2668 1091 2676 1097 -

507 1139 659 1202 gebat.
695 1140 830 1187 Unde
867 1157 966 1187 non
995 1139 1151 1187 solum
1186 1140 1349 1204 primis
1383 1139 1656 1204 parentibus
1691 1149 1800 1186 ante
1824 1150 2074 1205 peccatum
2099 1140 2275 1187 dixit¹:
2309 1139 2555 1187 «Crescite
2579 1147 2626 1185 et

508 1221 900 1286 multiplicamini,
922 1231 968 1268 et
987 1220 1163 1284 replete
1183 1230 1375 1279 terram,
1402 1238 1424 1263 »
1447 1236 1613 1266 verum
1639 1220 1780 1266 etiam
1802 1219 1897 1267 hoc
1914 1221 2072 1285 ipsum
2091 1223 2193 1267 Noe
2212 1231 2259 1268 et
2284 1219 2389 1266 filiis
2406 1219 2507 1283 ejus
2516 1227 2627 1284 post

509 1301 741 1347 diluvium
760 1301 999 1364 injunxiff.
1027 1303 1097 1347 De
1116 1300 1389 1365 supradicto
1416 1310 1573 1347 autem
1594 1299 1708 1364 legis
1726 1300 2007 1359 maledicto,
2039 1317 2136 1364 quo
2155 1300 2217 1347 ad
2235 1287 2628 1365 propagationem

510 1380 718 1428 filiorum
754 1381 973 1428 homines
1012 1380 1329 1444 cogebantur,
1376 1379 1492 1427 illud
1521 1389 1591 1426 est
1621 1380 1898 1443 Hieronymi
1931 1391 2098 1426 contra
2127 1379 2393 1426 Helvidium
2428 1378 2485 1425 de
2512 1395 2628 1442 per·

505 1472 648 1523 petua
675 1465 723 1507 V
719 1463 956 1526 z'rginz'tate
976 1471 1154 1506 sanctoe
1178 1461 1372 1506 Μανίας3
1398 1478 1409 1504 .·
1445 1479 1467 1504 «
1493 1459 1717 1517 Quandiu
1745 1459 1820 1505 lex
1843 1459 1922 1506 illa
1944 1460 2204 1524 permansit
2228 1478 2236 1505 :
2265 1479 2288 1504 «
2317 1459 2522 1506 Crescite
2542 1494 2554 1517 ,
2582 1468 2629 1504 et

513 1560 534 1583 «
566 1541 970 1606 multiplicamini,
1014 1550 1059 1587 et
1084 1540 1262 1604 replete
1289 1549 1489 1599 terram,
1523 1558 1546 1583 »
1575 1549 1621 1585 et
1649 1558 1658 1585 :
1693 1559 1715 1583 «
1743 1539 1991 1586 Maledicta
2013 1539 2205 1598 sterilis,
2243 1556 2348 1602 quae
2383 1555 2483 1585 non
2520 1538 2630 1585 facit

513 1641 534 1663 «
566 1638 727 1668 semen
751 1622 799 1667 in
830 1621 1000 1679 Israel,
1027 1639 1049 1663 »
1084 1619 1330 1666 nubebant
1355 1636 1549 1678 omnes,
1578 1629 1625 1665 et
1658 1619 1976 1666 nubebantur.
2000 1638 2021 1663 υ
2051 1620 2171 1666 Hinc
2194 1629 2240 1666 et
2262 1618 2380 1665 illud
2414 1627 2485 1665 est
2504 1616 2630 1664 beati

512 1701 755 1763 Augustini
774 1700 823 1746 in
842 1699 964 1746 libro
984 1698 1040 1744 de
1063 1702 1196 1746 Bono
1215 1698 1475 1763 conjugali*
1495 1717 1504 1743 :
1532 1717 1555 1743 «
1575 1698 1928 1745 Continentiam
1946 1701 2152 1745 Joannes
2170 1708 2215 1745 et
2234 1699 2283 1744 in
2302 1714 2464 1762 opere,
2488 1696 2631 1744 Abra-

510 1780 621 1826 ham
647 1796 760 1827 vero
780 1780 828 1825 in
854 1779 957 1826 solo
981 1778 1147 1825 habitu
1172 1778 1392 1825 habebat.
1417 1778 1501 1824 Illo
1527 1779 1686 1842 itaque
1705 1788 1947 1843 tempore,
1971 1795 2120 1842 quum
2139 1788 2185 1825 et
2210 1777 2283 1825 lex
2306 1777 2406 1825 dies
2431 1778 2630 1842 patriar-

511 1861 710 1907 charum
732 1860 1053 1924 subsequens,
1076 1859 1384 1906 maledictum
1401 1858 1546 1916 dixit,
1576 1859 1659 1922 qui
1683 1875 1782 1906 non
1801 1859 2023 1905 excitaret
2039 1875 2200 1905 semen
2219 1859 2269 1904 in
2289 1858 2430 1904 Israel
2443 1893 2456 1917 ,
2483 1855 2531 1904 et
2548 1858 2632 1920 qui

511 1951 695 2005 poterat
719 1957 817 1987 non
843 1938 1121 2004 promebat,
1157 1939 1242 1985 sed
1275 1948 1433 1984 tamen
1470 1937 1693 1985 habebat.
1717 1957 1739 1982 υ
1779 1938 1912 1985 Idem
1943 1938 2274 1985 adlalianum
2306 1937 2363 1983 de
2397 1937 2632 1984 Viduitate

509 2019 768 2066 servanda⁵
794 2038 806 2065 :
836 2040 858 2063 «
887 2022 982 2066 Nec
1005 2019 1116 2082 quia
1133 2018 1229 2064 dixi
1255 2018 1380 2064 Ruth
1406 2017 1619 2076 beatam,
1645 2021 1829 2065 Annam
1853 2018 2141 2078 beatiorem,
2167 2035 2316 2082 quum
2343 2017 2422 2063 illa
2446 2017 2520 2064 his
2545 2033 2632 2063 nu-

512 2101 655 2164 pserit
673 2136 684 2159 ,
705 2100 806 2146 haec
825 2115 923 2145 uno
942 2099 1045 2144 viro
1071 2098 1165 2144 cito
1186 2096 1381 2143 viduata
1405 2097 1486 2143 diu
1512 2098 1693 2156 vixerit,
1718 2098 1949 2144 continuo
1975 2098 2117 2144 etiam
2142 2107 2188 2144 te
2214 2097 2462 2144 meliorem
2494 2107 2633 2161 putes

519 2196 613 2226 esse
643 2196 787 2243 quam
815 2177 964 2236 Ruth,
993 2177 1082 2223 alia
1108 2177 1284 2241 quippe
1310 2176 1599 2240 propheticis
1621 2176 1918 2241 temporibus
1942 2187 2213 2223 sanctarum
2245 2177 2527 2223 feminarum
2546 2175 2635 2222 dis-

518 2260 726 2322 pensatio
753 2259 865 2318 fuit,
890 2274 1006 2322 quas
1026 2256 1206 2303 nubere
1232 2256 1528 2315 obedientia,
1557 2273 1656 2303 non
1683 2257 2068 2322 concupiscentia
2085 2257 2402 2322 compellebat
2418 2293 2430 2316 ,
2456 2266 2507 2303 ut
2528 2272 2636 2320 pro-

518 2349 762 2403 pagaretur
793 2337 1000 2403 populus
1029 2337 1143 2395 Dei,
1182 2353 1235 2383 ex
1279 2353 1375 2400 quo
1411 2346 1685 2383 nasceretur
1718 2337 1861 2383 etiam
1888 2352 1999 2383 caro
2040 2336 2228 2383 Christi.
2256 2356 2279 2381 »
2318 2340 2379 2383 Ut
2411 2352 2523 2399 ergo
2555 2334 2635 2382 ille

518 2421 716 2482 populus
738 2428 1094 2484 propagaretur,
1119 2416 1396 2464 maledictus
1425 2415 1691 2463 habebatur
1716 2433 1803 2481 per
1826 2416 1941 2480 legis
1968 2417 2251 2463 sententiam
2270 2452 2282 2475 ,
2310 2418 2393 2479 qui
2415 2432 2515 2462 non
2539 2431 2635 2461 sus-

518 2499 673 2548 citaret
704 2515 864 2551 semen
891 2499 941 2544 in
968 2496 1125 2544 Israel.
1157 2495 1295 2542 Unde
1315 2506 1362 2542 et
1379 2506 1550 2542 sanctae
1581 2495 1801 2543 mulieres
1826 2495 2211 2544 accendebantur
2246 2512 2346 2541 non
2380 2493 2636 2559 cupiditate

516 2580 880 2640 concumbendi,
909 2580 992 2627 sed
1002 2580 1175 2645 pietate
1189 2577 1422 2643 pariendi,
1447 2588 1497 2624 ut
1511 2578 1768 2624 rectissime
1781 2578 2036 2624 credantur
2051 2578 2229 2624 coitum
2246 2594 2342 2624 non
2360 2577 2499 2623 fuisse
2513 2592 2638 2639 quae-
2660 2624 2672 2634 ,

518 2661 693 2719 siturae,
709 2663 746 2708 si
765 2661 922 2726 proles
939 2669 1098 2725 posset
1118 2658 1252 2705 aliter
1277 2658 1544 2723 provenire.
1569 2661 1626 2704 Et
1644 2659 1756 2705 viris
1774 2675 1884 2704 usus
1902 2658 2217 2722 plurimarum
2237 2658 2452 2704 vivarum
2471 2671 2638 2703 conce-

518 2739 717 2786 debatur
738 2757 952 2788 uxorum.
975 2739 1181 2786 Proinde
1202 2748 1364 2786 sancta
1390 2738 1515 2784 Ruth
1529 2741 1542 2763 ⁶
1559 2738 1699 2803 quale
1721 2755 1869 2803 quum
1890 2755 2052 2785 semen
2073 2738 2153 2784 illo
2179 2749 2396 2802 tempore
2425 2750 2637 2784 necessa-

521 2820 639 2865 rium
664 2820 750 2865 fuit
772 2821 818 2867 in
845 2819 986 2867 Israel
1004 2835 1102 2865 non
1121 2818 1318 2865 haberet
1337 2818 1384 2864 in
1404 2828 1595 2865 mortuo
1621 2819 1723 2865 viro
1736 2855 1747 2873 ,
1773 2818 1984 2882 quaesivit
2003 2817 2204 2866 alterum
2225 2817 2285 2863 de
2304 2833 2401 2881 quo
2417 2815 2631 2863 haberet.

524 2899 590 2945 Ab
616 2900 709 2946 hoc
748 2901 907 2965 utique
941 2900 1055 2963 legis
1092 2897 1371 2957 maledicto,
1407 2898 1539 2961 quod
1561 2898 1815 2962 praedictus
1842 2907 2189 2944 commemorat
2215 2897 2402 2956 doctor,
2436 2907 2484 2943 et
2505 2897 2639 2960 quasi

520 2995 704 3026 summo
739 2979 948 3027 fidelium
970 2979 1258 3044 opprobrio,
1292 2979 1529 3025 intantum
1562 2979 1702 3025 etiam
1730 2979 1833 3043 ipsa
1856 2978 1929 3025 lex
1953 2978 2019 3024 illi
2039 2978 2322 3043 providebat
2348 2976 2530 3042 populo
2550 3012 2562 3035 ,
2586 2986 2637 3022 ut

520 3060 801 3121 posteriores
832 3059 1019 3119 fratres,
1053 3059 1140 3106 etsi
1166 3058 1226 3105 de
1251 3057 1479 3104 uxoribus
1506 3059 1601 3104 suis
1625 3059 1875 3123 proprium
1901 3075 2065 3105 semen
2089 3058 2322 3107 haberent
2339 3093 2351 3116 ,
2381 3056 2442 3103 ad
2472 3072 2635 3103 semen

520 3153 708 3201 quoque
738 3140 952 3202 priorum
986 3139 1180 3187 fratrum
1216 3137 1568 3196 suscitandum,
1609 3154 1779 3184 uxores
1815 3154 1983 3185 eorum
2015 3138 2190 3185 ducere
2227 3135 2560 3201 compelleret,
2591 3145 2637 3182 et

522 3216 608 3262 illis
631 3217 727 3279 jam
754 3218 984 3265 defunctis
1016 3220 1173 3284 potius
1204 3235 1349 3282 quam
1372 3217 1460 3264 sibi
1489 3217 1611 3263 filios
1633 3234 1857 3281 generare
1874 3255 1885 3277 ,
1913 3229 1964 3265 ut
1989 3218 2065 3265 vel
2097 3219 2163 3265 sic
2188 3234 2215 3264 a
2240 3216 2491 3263 maledicto
2525 3216 2637 3279 legis

521 3295 624 3341 illos
644 3295 927 3356 absolveret,
956 3300 1035 3361 qui
1055 3298 1189 3362 prole
1209 3297 1376 3362 privati
1399 3313 1497 3350 non
1519 3307 1689 3343 essent.
1714 3300 1818 3361 Ipse
1838 3299 1979 3345 etiam
1995 3298 2230 3344 Dominus
2253 3294 2637 3343 observatoribus

569 3472 577 3487 ¹
605 3472 731 3509 Genes„
752 3481 824 3513 cap.
846 3483 879 3510 ι,
894 3482 922 3502 v.
943 3472 995 3503 28.
1014 3486 1058 3494 -—-
1076 3470 1088 3486 ²
1107 3470 1206 3510 lbid„
1225 3459 1298 3514 cap.
1323 3482 1354 3504 ix
1370 3496 1379 3511 ,
1403 3482 1434 3503 v.
1462 3472 1492 3501 1.
1514 3488 1555 3494 —
1601 3470 1663 3502 col.
1698 3471 1773 3502 335.
1790 3488 1831 3493 —
1846 3470 1859 3487 ⁵
1879 3470 1958 3514 Cap.
1980 3482 2032 3512 vi,
2057 3471 2139 3512 opp.
2158 3477 2181 3504 t.
2201 3470 2257 3512 Vl,
2273 3470 2337 3503 col.
2355 3471 2433 3503 373.
2454 3488 2489 3493 -—
2509 3469 2522 3486 ⁶
2538 3468 2636 3507 Ruth,

523 3528 534 3544 ³
555 3529 632 3568 Opp.
657 3535 679 3560 t.
696 3526 751 3567 w,
768 3527 1098 3565 P.11‚col.142.-
1115 3526 1128 3544 ⁴
1143 3527 1223 3570 Cap.
1244 3539 1299 3560 xxi
1314 3553 1322 3567 ,
1350 3528 1430 3568 opp.
1456 3533 1480 3561 t.
1498 3526 1554 3567 IV,
1601 3537 1674 3570 cap.
1692 3538 1735 3567 iv,
1751 3537 1782 3559 v.
1806 3528 1860 3559 13.
2297 3545 2299 3547 ·
