2970 4152
1147 432 1150 439 ·
1210 415 1529 463 EPISTOLAE.
1809 420 1811 422 ’
2198 421 2202 423 ’
2330 410 2420 458 103

307 501 440 563 quod
485 502 563 550 alii
597 503 882 569 deliquerint
919 505 1075 553 luam.⁴
1104 510 1208 572 lpse
1251 518 1410 556 autem
1447 517 1518 555 αεὶ
1557 509 1636 555 via
1665 522 1934 573 perquam
1979 504 2142 561 fideles
2170 503 2245 551 *de
2285 504 2423 550 exilio

310 582 555 630 transeunt
573 584 634 631 ad
653 587 869 650 patriam.
891 587 986 644 Qui
1005 588 1147 634 etiam
1164 605 1354 635 crucem
1372 625 1384 648 ,
1404 587 1464 635 de
1481 605 1575 653 qua
1595 589 1660 635 sic
1685 589 1882 647 clamat,
1912 586 1974 633 ad
1998 586 2092 633 hoc
2116 585 2267 632 nobis.
2281 586 2426 632 erexit

311 662 501 709 scalam.
531 664 618 710 Hic
643 683 732 730 pro
761 676 807 713 te
835 667 1019 724 occisus
1046 678 1117 716 est
1147 669 1426 732 unigenitus
1442 669 1554 727 Dei,
1596 668 1781 715 oblatus
1809 678 1902 726 est,
1944 667 2054 731 quia
2080 666 2245 713 voluit.
2277 668 2428 730 Super

311 741 406 790 hoc
434 761 532 791 uno
559 747 894 811 compatiendo
919 747 1054 808 dole,
1091 748 1306 797 dolendo
1339 759 1629 815 compatere.
1661 751 1719 795 Et
1752 747 1886 812 quod
1913 763 1999 812 per
2023 747 2296 794 Zachariam
2319 763 2429 811 pro-

313 823 508 888 phetam
540 825 600 873 de
629 827 878 874 animabus
909 828 1093 876 devotis
1122 829 1402 895 praedictum
1430 839 1500 877 est
1536 828 1725 900 comple
1753 846 1763 874 ι
1809 848 1832 872 ιι
1867 827 2119 891 Plangent,
2153 846 2177 871 »
2216 827 2395 892 inquit¹
2415 864 2426 885 ,

319 916 345 948 ‘«
368 903 613 969 planctum
636 907 771 970 quasi
807 925 948 973 super
978 907 1297 974 unigenitum,
1332 920 1380 957 et
1403 909 1636 957 dolebunt
1665 901 1807 973 s'uper
1831 903 1944 954 eum
1979 918 2032 954 ut
2062 907 2214 953 doleri
2239 904 2358 953 solet
2382 907 2429 952 in

318 982 472 1031 morte
507 985 826 1050 primogeniti.
855 1006 878 1032 »
906 987 1052 1048 Vide,
1088 1006 1248 1050 soror,
1280 985 1486 1054 quantus
1510 990 1570 1036 sit
1593 987 1810 1054 planctus
1834 986 1908 1033 his
1937 985 2020 1051 qui
2044 993 2204 1050 regem
2234 978 2434 1050 diligunt

315 1080 462 1129 super
496 1075 650 1112 morte
678 1067 984 1132 primogeniti
1013 1069 1113 1134 ejus
1144 1080 1191 1117 et
1228 1066 1472 1135 unigeniti.
1508 1073 1697 1118 Intuere
1729 1085 1827 1134 quo
1855 1068 2049 1134 planctu
2088 1056 2290 1125 familia,
2335 1068 2432 1131 qu'o

320 1158 525 1192 moerore
549 1155 649 1193 tota
673 1157 1033 1196 consummatur
1063 1149 1225 1210 curia;
1254 1161 1324 1211 et,
1353 1167 1504 1215 quum
1534 1150 1596 1198 ad
1618 1166 1845 1216 sponsam
1864 1147 2092 1212 unigeniti
2119 1147 2296 1193 mortui
2320 1163 2434 1212 per-

323 1225 532 1284 veneris,
569 1226 889 1291 intolerabiles
916 1229 1122 1277 ul‘ulatus
1150 1230 1251 1294 ejus
1287 1248 1387 1279 non
1413 1229 1681 1288 sustinebis.
1713 1229 1799 1276 Hic
1832 1232 1962 1288 tuus,
1995 1244 2132 1275 soror
2143 1228 2157 1287 ,'
2186 1226 2430 1292 planctus,

318 1301 396 1350 hic
420 1314 528 1352 tuus
554 1306 611 1354 sit
635 1307 864 1369 ululatus,
905 1327 1010 1375 quae
1046 1321 1091 1358 te
1127 1310 1239 1358 huic
1265 1300 1596 1377 sponso'felici
1617 1298 1855 1376 'copulasti
1883 1308 2205 1356 matrimonio.
2237 1307 2362 1353 Emit
2388 1316 2432 1352 te

319 1384 407 1431 iste
426 1401 525 1433 non
557 1389 676 1448 suis,
704 1389 788 1436 sed
807 1390 979 1456 seipso.
1003 1391 1202 1458 Proprio
1227 1393 1455 1457 sanguine
1480 1393 1594 1439 emit
1620 1401 1690 1451 te,
1715 1401 1761 1438 et
1779 1389 1997 1437 redemit.
2022 1391 2267 1446 Quantum
2285 1386 2363 1450 jus
2389 1387 2435 1432 in

323 1471 369 1510 te
383 1463 558 1514 habeat
577 1467 685 1516 vide
701 1506 713 1530 ‚
734 1480 781 1517 et
798 1487 944 1535 quam
961 1472 1170 1537 pretiosa
1189 1473 1251 1520 sis
1267 1474 1467 1520 intuere.
1491 1475 1592 1520 Hoc
1608 1470 1805 1537 quidem
1819 1471 2025 1538 pretium
2043 1486 2183 1516 suum
2199 1467 2440 1535 apostolus

323 1545 598 1607 attendens,
627 1558 674 1596 et
698 1550 746 1596 in
771 1549 866 1598 hoc
888 1551 1044 1616 pretio
1064 1552 1229 1617 quanti
1254 1554 1311 1600 sit
1338 1553 1464 1618 ipse,
1488 1570 1577 1618 pro
1608 1569 1705 1619 quo
1728 1552 1885 1618 ipsum
1911 1547 2079 1610 datur,
2107 1549 2409 1616 perpendens
2426 1584 2437 1606 ,

324 1633 371 1670 et
396 1641 541 1689 quam
559 1637 700 1676 tantae
717 1631 873 1693 gratiae
893 1631 1043 1678 vicem
1059 1632 1231 1679 referat
1246 1632 1503 1680 adnectens
1523 1654 1532 1679 :
1555 1653 1578 1677 «
1603 1632 1731 1680 Absit
1749 1632 1888 1690 mihi,
1912 1651 1935 1676 »
1956 1630 2138 1696 inquit,
2166 1649 2189 1674 α
2206 1629 2439 1694 gloriari²‚

327 1704 415 1751 nisi
439 1706 487 1752 in
513 1724 653 1755 cruce
671 1710 863 1757 Domini
886 1712 1037 1758 nostri
1060 1714 1168 1759 Jesu
1187 1712 1383 1773 Christi,
1412 1730 1498 1778 per
1524 1698 1670 1778 quem
1698 1712 1813 1759 mihi
1842 1710 2049 1758 mundus
2066 1706 2317 1757 crucifixus
2342 1717 2411 1754 est
2428 1745 2439 1766 ,

328 1793 374 1831 et
398 1801 485 1849 ego
517 1787 718 1835 mundo.
747 1809 770 1833 »
797 1791 949 1854 Major
977 1809 1026 1838 es
1043 1791 1191 1852 coelo,
1219 1793 1372 1857 major
1390 1810 1440 1840 es
1459 1793 1671 1854 mundo;
1705 1793 1840 1858 cujus
1863 1792 2071 1858 pretium
2101 1792 2200 1856 ipse
2226 1788 2448 1837 conditor

329 1866 499 1913 mundi
526 1866 674 1915 factus
705 1878 790 1917 est.
817 1871 945 1928 Quid
971 1872 1017 1918 in
1044 1881 1113 1931 te,
1146 1889 1287 1937 rogo,
1316 1873 1510 1934 viderit,
1548 1875 1631 1938 qui
1656 1873 1831 1920 nullius
1859 1875 1989 1937 eget,
2021 1882 2071 1919 ut
2094 1888 2183 1937 pro
2213 1881 2258 1917 te
2283 1870 2451 1934 acqui-

328 1945 476 1993 renda
516 1964 668 2013 usque
702 1949 763 1997 ad
797 1951 990 2015 agonias
1024 1962 1122 1999 tam
1151 1952 1403 2001 horrendae
1431 1964 1574 2018 atque
1603 1953 1930 2019 ignominiosae
1967 1952 2133 1999 mortis
2162 1939 2451 1998 certaverit?

328 2028 457 2085 Quid
477 2029 523 2076 in
544 2040 614 2091 te,
646 2032 864 2096 inquam,
895 2034 1062 2098 quaerit
1088 2034 1179 2080 nisi
1205 2034 1433 2099 teipsam?
1452 2037 1604 2082 Verus
1624 2045 1692 2082 est
1710 2035 1918 2094 amicus,
1953 2034 2034 2098 qui
2066 2043 2111 2079 te
2139 2032 2290 2098 ipsam
2308 2067 2319 2089 ,
2355 2047 2453 2076 non

330 2116 436 2168 tua,
469 2108 744 2159 desideraff.
776 2114 929 2160 Verus
962 2122 1033 2161 est
1060 2114 1264 2174 amicus,
1294 2115 1376 2181 qui
1399 2132 1488 2180 pro
1514 2124 1559 2162 te
1584 2115 1845 2162 moriturus
1878 2112 2094 2160 dicebat*
2124 2131 2132 2158 :
2173 2131 2197 2156 «
2223 2110 2450 2174 Majorem

331 2188 422 2237 hac
455 2189 759 2240 dilectionem
792 2210 936 2241 nemo
963 2193 1136 2254 habet,
1167 2205 1218 2242 ut
1248 2195 1457 2243 animam
1492 2212 1626 2243 suam
1658 2204 1807 2260 ponat
1838 2196 1944 2259 quis
1981 2210 2071 2258 pro
2098 2193 2260 2239 amicis
2288 2191 2398 2238 suis.
2427 2211 2450 2234 »

336 2270 533 2319 Amabat
550 2282 596 2320 te
611 2273 689 2321 ille
707 2276 962 2336 veraciter,
998 2293 1096 2323 non
1123 2293 1226 2341 ego.
1258 2278 1404 2324 Amor
1429 2293 1589 2337 meus,
1619 2278 1701 2341 qui
1726 2286 1983 2340 utrumque
2011 2284 2228 2321 nostrum
2254 2273 2458 2338 peccatis

341 2352 629 2414 involvebat,
650 2356 1051 2423 concupiscentia,
1072 2374 1171 2404 non
1189 2373 1326 2404 amor
1338 2343 1575 2405 *dicendus
1593 2367 1678 2405 est.
1701 2354 1895 2405 Miseras
1915 2356 2026 2403 inte
2046 2371 2175 2402 meas
2192 2354 2458 2419 voluptates

336 2432 621 2497 implebam,
654 2446 700 2484 et
726 2436 821 2484 hoc
854 2447 954 2486 erat
987 2447 1141 2486 totum
1173 2436 1306 2502 quod
1338 2437 1575 2486 amabam.
1608 2441 1699 2485 Pro
1731 2448 1803 2497 te,
1838 2438 2020 2502 inquis,
2053 2452 2217 2501 passus
2249 2451 2380 2492 sum,
2414 2444 2459 2479 et

339 2512 547 2563 fortassis
567 2534 736 2564 verum
753 2529 823 2566 est
841 2538 852 2565 ε
883 2519 968 2566 sed
987 2520 1135 2584 magis
1150 2536 1237 2584 per
1253 2529 1324 2578 te,
1348 2529 1394 2567 et
1416 2518 1513 2567 hoc
1532 2507 1690 2584 ipsum
1716 2519 1919 2579 invitus;
1944 2503 2042 2564 non
2069 2533 2233 2564 amore
2252 2515 2345 2574 tui,
2375 2516 2457 2562 sed

339 2596 587 2644 coactione
605 2597 725 2658 mei3
756 2615 843 2646 nec
861 2598 923 2646 ad
948 2609 1079 2649 tuam
1104 2599 1330 2658 salntem,
1364 2599 1449 2647 sed
1479 2600 1540 2647 ad
1569 2598 1804 2668 dolorem.
1835 2598 1916 2645 Ille
1935 2613 2049 2644 vero
2076 2595 2352 2655 salubriter,
2381 2595 2459 2642 ille

340 2691 429 2738 pro
463 2685 508 2723 te
542 2687 713 2743 sponte
744 2696 907 2744 passus
940 2689 1034 2739 est,
1072 2680 1154 2745 qui
1184 2680 1405 2746 passione
1431 2696 1515 2726 sua
1543 2669 1740 2727 omnem
1767 2689 1900 2727 curat
1925 2678 2228 2742 languorem,
2264 2677 2458 2723 Omnem

344 2767 555 2805 removet
572 2760 860 2823 passionem.
883 2763 935 2807 In
960 2759 1080 2821 hoc,
1108 2761 1334 2820 obsecro,
1357 2777 1456 2808 non
1477 2761 1526 2807 in
1554 2777 1630 2808 me
1653 2771 1735 2808 tua
1753 2771 1853 2807 tota
1880 2761 1938 2807 sit
1962 2759 2178 2817 devotio,
2205 2768 2303 2805 tota
2321 2774 2461 2803 com-

343 2839 518 2900 passi0,
552 2850 651 2887 tota
676 2842 1002 2907 compunctio.
1024 2842 1144 2890 Dole
1163 2843 1211 2889 in
1230 2852 1326 2890 tam
1346 2843 1655 2890 innocentem
1675 2852 1815 2889 tantae
1838 2840 2126 2888 crudelitatis
2144 2849 2461 2906 perpetratam

346 2917 638 2984 iniquitatem
662 2939 672 2966 ε
701 2938 799 2969 non
811 2921 988 2986 justam
1014 2923 1061 2969 in
1089 2940 1165 2970 me
1180 2923 1410 2988 aequitatis
1427 2923 1714 2983 vindictam,
1738 2923 1837 2970 imo
1857 2922 2081 2988 gratiam,
2105 2931 2157 2967 ut
2175 2920 2356 2966 dictum
2374 2929 2459 2976 est,

346 3000 394 3047 in
424 3010 651 3066 utrosque
681 3018 934 3049 summam.
959 3003 1127 3069 Iniqua
1154 3003 1282 3051 enim
1310 3021 1382 3064 es,
1412 3004 1450 3051 si
1474 3004 1742 3069 aequitatem
1762 3020 1859 3050 non
1882 3019 2033 3061 amas3
2067 2996 2460 3065 etiniquissima,

347 3081 384 3126 si
402 3080 660 3142 voluntati,
684 3083 781 3129 imo
802 3092 942 3130 tantae
961 3084 1118 3148 gratiae
1132 3085 1221 3132 Dei
1237 3086 1441 3132 scienter
1459 3103 1508 3133 es
1523 3084 1738 3132 adversa.
1767 3083 1938 3147 Plange
1957 3093 2091 3129 tuum
2109 3091 2431 3148 reparatorem
2451 3118 2461 3139 ,

348 3177 445 3232 non
463 3173 820 3228 corruptorem3
844 3163 1224 3231 redemptorem,
1245 3157 1344 3212 non
1369 3175 1705 3223 scortatorem3
1726 3181 1814 3230 pro
1840 3173 1884 3210 te
1902 3159 2145 3221 mortuum
2171 3162 2431 3209 Dominum
2451 3199 2461 3219 ,

350 3257 446 3288 non
473 3241 710 3291 viventem
730 3261 919 3291 servum
933 3280 945 3304 ‚
968 3245 1066 3292 imo
1091 3262 1219 3293 nunc
1237 3245 1448 3313 primum
1468 3246 1528 3293 de
1544 3256 1699 3292 morte
1727 3261 1835 3315 vere
1860 3243 2128 3291 liberatum.
2157 3245 2281 3290 Cave
2296 3278 2307 3300 ,
2329 3240 2463 3288 obse-

400 3442 408 3458 ¹
443 3441 593 3483 Zachar.‚
637 3453 710 3487 cap.
748 3456 814 3484 xn,
856 3455 885 3477 v.
926 3445 977 3477 ¹0.
1017 3464 1047 3469 --
1073 3443 1088 3462 ⁸
1124 3446 1247 3485 Galat„
1281 3453 1354 3489 cap.
1387 3457 1435 3486 vi,
1471 3455 1504 3478 v.
1541 3447 1590 3477 14.
1622 3462 1661 3468 -
1687 3443 1713 3461 ¹*
1744 3440 2009 3486 Exoptaz‘tms,
2050 3460 2080 3465 ——
2117 3441 2261 3480 *Joan.,
2298 3450 2370 3484 cap.
2409 3450 2469 3474 xv.

355 3511 385 3533 v.
410 3502 459 3532 13.
