<?xml version="1.0" encoding="UTF-8"?>
<!DOCTYPE html PUBLIC "-//W3C//DTD XHTML 1.0 Transitional//EN"
    "http://www.w3.org/TR/xhtml1/DTD/xhtml1-transitional.dtd">
<html xmlns="http://www.w3.org/1999/xhtml" xml:lang="en" lang="en">
 <head>
  <title>
</title>
<meta http-equiv="Content-Type" content="text/html;charset=utf-8" />
  <meta name='ocr-system' content='tesseract 3.04.00' />
  <meta name='ocr-capabilities' content='ocr_page ocr_carea ocr_par ocr_line ocrx_word'/>
</head>
<body>
  <div class='ocr_page' id='page_1' title='image "./operahactenusseo01abeluoft_0338.png"; bbox 0 0 2970 4152; ppageno 0'>
   <div class='ocr_carea' id='block_1_1' title="bbox 504 418 599 464">
    <p class='ocr_par' dir='ltr' id='par_1_1' title="bbox 504 418 599 464">
     <span class='ocr_line' id='line_1_1' title="bbox 504 418 599 464; baseline 0 -1"><span class='ocrx_word' id='word_1_1' title='bbox 504 418 599 464; x_wconf 73' lang='lat'>324</span> 
     </span>
    </p>
   </div>
   <div class='ocr_carea' id='block_1_2' title="bbox 622 512 1329 665">
    <p class='ocr_par' dir='ltr' id='par_1_2' title="bbox 622 512 1329 665">
     <span class='ocr_line' id='line_1_2' title="bbox 622 512 1077 559; baseline 0 -12"><span class='ocrx_word' id='word_1_2' title='bbox 622 512 739 559; x_wconf 87' lang='lat' dir='ltr'>Cujus</span> <span class='ocrx_word' id='word_1_3' title='bbox 757 512 831 547; x_wconf 82' lang='lat' dir='ltr'>haec</span> <span class='ocrx_word' id='word_1_4' title='bbox 850 512 947 548; x_wconf 87' lang='lat' dir='ltr'>dona</span> <span class='ocrx_word' id='word_1_5' title='bbox 970 519 1055 548; x_wconf 89' lang='lat' dir='ltr'>sunt</span> <span class='ocrx_word' id='word_1_6' title='bbox 1067 539 1077 558; x_wconf 82' lang='lat'>,</span> 
     </span>
     <span class='ocr_line' id='line_1_3' title="bbox 624 571 930 621; baseline 0.003 -14"><span class='ocrx_word' id='word_1_7' title='bbox 624 571 715 620; x_wconf 86' lang='lat' dir='ltr'>Regi</span> <span class='ocrx_word' id='word_1_8' title='bbox 737 573 782 608; x_wconf 86' lang='lat' dir='ltr'>sit</span> <span class='ocrx_word' id='word_1_9' title='bbox 802 573 930 621; x_wconf 87' lang='lat' dir='ltr'>gloria.</span> 
     </span>
     <span class='ocr_line' id='line_1_4' title="bbox 1211 629 1329 665; baseline 0 0"><span class='ocrx_word' id='word_1_10' title='bbox 1211 629 1329 665; x_wconf 69' lang='lat' dir='ltr'>Auru.</span> 
     </span>
    </p>
   </div>
   <div class='ocr_carea' id='block_1_3' title="bbox 928 742 1104 780">
    <p class='ocr_par' dir='ltr' id='par_1_3' title="bbox 928 742 1104 780">
     <span class='ocr_line' id='line_1_5' title="bbox 928 742 1104 780; baseline 0.023 -4"><span class='ocrx_word' id='word_1_11' title='bbox 928 742 1104 780; x_wconf 89' lang='lat' dir='ltr'><strong>LXXIX.</strong></span> 
     </span>
    </p>
   </div>
   <div class='ocr_carea' id='block_1_4' title="bbox 527 839 1326 1683">
    <p class='ocr_par' dir='ltr' id='par_1_4' title="bbox 527 839 1326 1683">
     <span class='ocr_line' id='line_1_6' title="bbox 599 839 1038 888; baseline 0.014 -14"><span class='ocrx_word' id='word_1_12' title='bbox 599 839 857 888; x_wconf 84' lang='lat' dir='ltr'>Exquiruntur</span> <span class='ocrx_word' id='word_1_13' title='bbox 875 842 1000 878; x_wconf 84' lang='lat' dir='ltr'>onmia</span> <span class='ocrx_word' id='word_1_14' title='bbox 1035 876 1038 880; x_wconf 95' lang='grc'><em>,</em></span> 
     </span>
     <span class='ocr_line' id='line_1_7' title="bbox 598 901 1062 951; baseline 0.013 -16"><span class='ocrx_word' id='word_1_15' title='bbox 598 901 888 938; x_wconf 89' lang='lat' dir='ltr'>Tormentorum</span> <span class='ocrx_word' id='word_1_16' title='bbox 906 915 1040 951; x_wconf 88' lang='lat' dir='ltr'>genera</span> <span class='ocrx_word' id='word_1_17' title='bbox 1052 933 1062 949; x_wconf 92' lang='lat'>,</span> 
     </span>
     <span class='ocr_line' id='line_1_8' title="bbox 597 959 1020 1008; baseline 0.009 -13"><span class='ocrx_word' id='word_1_18' title='bbox 597 959 650 995; x_wconf 88' lang='lat' dir='ltr'>Ut</span> <span class='ocrx_word' id='word_1_19' title='bbox 667 960 847 1008; x_wconf 79' lang='lat' dir='ltr'><strong>probetur</strong></span> <span class='ocrx_word' id='word_1_20' title='bbox 864 963 1020 999; x_wconf 87' lang='lat' dir='ltr'>maxima</span> 
     </span>
     <span class='ocr_line' id='line_1_9' title="bbox 596 1021 1042 1069; baseline 0.011 -14"><span class='ocrx_word' id='word_1_21' title='bbox 596 1021 804 1069; x_wconf 80' lang='lat' dir='ltr'><strong>Martyrum</strong></span> <span class='ocrx_word' id='word_1_22' title='bbox 825 1025 1042 1060; x_wconf 89' lang='lat' dir='ltr'>constantia.</span> 
     </span>
     <span class='ocr_line' id='line_1_10' title="bbox 598 1083 1088 1135; baseline 0.01 -18"><span class='ocrx_word' id='word_1_23' title='bbox 598 1083 743 1118; x_wconf 83' lang='lat' dir='ltr'>Fornax</span> <span class='ocrx_word' id='word_1_24' title='bbox 760 1096 894 1120; x_wconf 85' lang='lat' dir='ltr'>aurum</span> <span class='ocrx_word' id='word_1_25' title='bbox 913 1086 1088 1135; x_wconf 84' lang='lat' dir='ltr'><strong>excoquit</strong></span> 
     </span>
     <span class='ocr_line' id='line_1_11' title="bbox 598 1143 1031 1193; baseline 0.009 -14"><span class='ocrx_word' id='word_1_26' title='bbox 598 1143 732 1192; x_wconf 89' lang='lat' dir='ltr'>Sicque</span> <span class='ocrx_word' id='word_1_27' title='bbox 749 1157 886 1193; x_wconf 89' lang='lat' dir='ltr'>purum</span> <span class='ocrx_word' id='word_1_28' title='bbox 903 1145 1031 1192; x_wconf 91' lang='lat' dir='ltr'>efficit,</span> 
     </span>
     <span class='ocr_line' id='line_1_12' title="bbox 599 1205 994 1254; baseline 0.008 -15"><span class='ocrx_word' id='word_1_29' title='bbox 599 1205 744 1252; x_wconf 88' lang='lat' dir='ltr'>Sinapis</span> <span class='ocrx_word' id='word_1_30' title='bbox 759 1206 833 1242; x_wconf 90' lang='lat' dir='ltr'>vim</span> <span class='ocrx_word' id='word_1_31' title='bbox 849 1207 994 1254; x_wconf 88' lang='lat' dir='ltr'>accipit,</span> 
     </span>
     <span class='ocr_line' id='line_1_13' title="bbox 598 1265 1052 1315; baseline 0.007 -14"><span class='ocrx_word' id='word_1_32' title='bbox 598 1265 699 1301; x_wconf 92' lang='lat' dir='ltr'>Dum</span> <span class='ocrx_word' id='word_1_33' title='bbox 712 1267 796 1315; x_wconf 89' lang='lat' dir='ltr'>quis</span> <span class='ocrx_word' id='word_1_34' title='bbox 812 1280 893 1304; x_wconf 90' lang='lat' dir='ltr'>eam</span> <span class='ocrx_word' id='word_1_35' title='bbox 910 1269 1052 1304; x_wconf 89' lang='lat' dir='ltr'>atterit.</span> 
     </span>
     <span class='ocr_line' id='line_1_14' title="bbox 576 1326 1064 1373; baseline 0.004 -12"><span class='ocrx_word' id='word_1_36' title='bbox 576 1326 804 1363; x_wconf 77' lang='lat' dir='ltr'>Exercentur</span> <span class='ocrx_word' id='word_1_37' title='bbox 821 1329 1064 1373; x_wconf 81' lang='lat' dir='ltr'>ferramenta3</span> 
     </span>
     <span class='ocr_line' id='line_1_15' title="bbox 574 1389 1117 1438; baseline 0.002 -14"><span class='ocrx_word' id='word_1_38' title='bbox 574 1389 719 1425; x_wconf 88' lang='lat' dir='ltr'>Damno</span> <span class='ocrx_word' id='word_1_39' title='bbox 739 1401 805 1425; x_wconf 93' lang='lat' dir='ltr'>suo</span> <span class='ocrx_word' id='word_1_40' title='bbox 824 1396 955 1438; x_wconf 85' lang='lat' dir='ltr'>parant</span> <span class='ocrx_word' id='word_1_41' title='bbox 972 1397 1117 1426; x_wconf 81' lang='lat' dir='ltr'>cuncta.</span> 
     </span>
     <span class='ocr_line' id='line_1_16' title="bbox 527 1451 1326 1500; baseline 0.003 -13"><span class='ocrx_word' id='word_1_42' title='bbox 527 1452 810 1488; x_wconf 84' lang='lat' dir='ltr'>Consumuntur</span> <span class='ocrx_word' id='word_1_43' title='bbox 826 1451 917 1487; x_wconf 86' lang='lat' dir='ltr'>dum</span> <span class='ocrx_word' id='word_1_44' title='bbox 934 1451 1147 1489; x_wconf 86' lang='lat' dir='ltr'>tunduntur</span> <span class='ocrx_word' id='word_1_45' title='bbox 1164 1452 1306 1500; x_wconf 84' lang='lat' dir='ltr'>lapides</span> <span class='ocrx_word' id='word_1_46' title='bbox 1318 1482 1326 1497; x_wconf 90' lang='lat'>,</span> 
     </span>
     <span class='ocr_line' id='line_1_17' title="bbox 529 1512 1237 1550; baseline 0 -2"><span class='ocrx_word' id='word_1_47' title='bbox 529 1512 762 1549; x_wconf 82' lang='lat' dir='ltr'>Hebetantur</span> <span class='ocrx_word' id='word_1_48' title='bbox 778 1512 870 1548; x_wconf 90' lang='lat' dir='ltr'>dum</span> <span class='ocrx_word' id='word_1_49' title='bbox 883 1512 1058 1549; x_wconf 83' lang='lat' dir='ltr'>dolantur</span> <span class='ocrx_word' id='word_1_50' title='bbox 1075 1513 1237 1550; x_wconf 88' lang='lat' dir='ltr'>arbores.</span> 
     </span>
     <span class='ocr_line' id='line_1_18' title="bbox 527 1564 1221 1622; baseline 0.001 -14"><span class='ocrx_word' id='word_1_51' title='bbox 527 1573 606 1609; x_wconf 88' lang='lat' dir='ltr'>Illis</span> <span class='ocrx_word' id='word_1_52' title='bbox 624 1573 756 1618; x_wconf 86' lang='lat' dir='ltr'>malos,</span> <span class='ocrx_word' id='word_1_53' title='bbox 775 1574 854 1610; x_wconf 88' lang='lat' dir='ltr'>istis</span> <span class='ocrx_word' id='word_1_54' title='bbox 873 1564 990 1610; x_wconf 85' lang='lat' dir='ltr'>honos</span> <span class='ocrx_word' id='word_1_55' title='bbox 1010 1586 1221 1622; x_wconf 87' lang='lat' dir='ltr'>compares,</span> 
     </span>
     <span class='ocr_line' id='line_1_19' title="bbox 527 1633 1271 1683; baseline 0 -14"><span class='ocrx_word' id='word_1_56' title='bbox 527 1634 653 1680; x_wconf 89' lang='lat' dir='ltr'>Quum</span> <span class='ocrx_word' id='word_1_57' title='bbox 673 1633 784 1683; x_wconf 85' lang='lat' dir='ltr'>affligi</span> <span class='ocrx_word' id='word_1_58' title='bbox 800 1633 947 1671; x_wconf 88' lang='lat' dir='ltr'>videns¹</span> <span class='ocrx_word' id='word_1_59' title='bbox 965 1634 1107 1672; x_wconf 84' lang='lat' dir='ltr'>Christi</span> <span class='ocrx_word' id='word_1_60' title='bbox 1124 1634 1271 1671; x_wconf 86' lang='lat' dir='ltr'>milites.</span> 
     </span>
    </p>
   </div>
   <div class='ocr_carea' id='block_1_5' title="bbox 530 1733 1194 2394">
    <p class='ocr_par' dir='ltr' id='par_1_5' title="bbox 530 1733 1194 2394">
     <span class='ocr_line' id='line_1_20' title="bbox 598 1733 1104 1781; baseline 0.002 -12"><span class='ocrx_word' id='word_1_61' title='bbox 598 1733 740 1771; x_wconf 82' lang='lat' dir='ltr'>Probra</span> <span class='ocrx_word' id='word_1_62' title='bbox 753 1763 762 1781; x_wconf 94' lang='lat'>,</span> <span class='ocrx_word' id='word_1_63' title='bbox 781 1747 919 1780; x_wconf 87' lang='lat' dir='ltr'>carcer,</span> <span class='ocrx_word' id='word_1_64' title='bbox 939 1734 1104 1779; x_wconf 91' lang='lat' dir='ltr'>vincula,</span> 
     </span>
     <span class='ocr_line' id='line_1_21' title="bbox 598 1795 1033 1844; baseline -0.002 -13"><span class='ocrx_word' id='word_1_65' title='bbox 598 1795 783 1844; x_wconf 86' lang='lat' dir='ltr'>Flagella,</span> <span class='ocrx_word' id='word_1_66' title='bbox 806 1795 1033 1844; x_wconf 88' lang='lat' dir='ltr'>spectacula,</span> 
     </span>
     <span class='ocr_line' id='line_1_22' title="bbox 597 1854 942 1901; baseline 0 -10"><span class='ocrx_word' id='word_1_67' title='bbox 597 1854 775 1901; x_wconf 86' lang='lat' dir='ltr'>Nuditas,</span> <span class='ocrx_word' id='word_1_68' title='bbox 797 1855 920 1891; x_wconf 88' lang='lat' dir='ltr'>inedia</span> <span class='ocrx_word' id='word_1_69' title='bbox 932 1881 942 1898; x_wconf 93' lang='lat'>,</span> 
     </span>
     <span class='ocr_line' id='line_1_23' title="bbox 599 1916 1025 1965; baseline -0.002 -12"><span class='ocrx_word' id='word_1_70' title='bbox 599 1917 719 1953; x_wconf 85' lang='lat' dir='ltr'>Poenae</span> <span class='ocrx_word' id='word_1_71' title='bbox 737 1923 824 1952; x_wconf 91' lang='lat' dir='ltr'>sunt</span> <span class='ocrx_word' id='word_1_72' title='bbox 836 1916 1025 1965; x_wconf 86' lang='lat' dir='ltr'>praeludia.</span> 
     </span>
     <span class='ocr_line' id='line_1_24' title="bbox 598 1978 1089 2028; baseline -0.002 -13"><span class='ocrx_word' id='word_1_73' title='bbox 598 1978 792 2024; x_wconf 87' lang='lat' dir='ltr'>Flammis,</span> <span class='ocrx_word' id='word_1_74' title='bbox 807 1979 930 2028; x_wconf 90' lang='lat' dir='ltr'>aquis,</span> <span class='ocrx_word' id='word_1_75' title='bbox 947 1978 1089 2027; x_wconf 85' lang='lat' dir='ltr'>gladio,</span> 
     </span>
     <span class='ocr_line' id='line_1_25' title="bbox 598 2039 976 2089; baseline -0.003 -14"><span class='ocrx_word' id='word_1_76' title='bbox 598 2039 759 2088; x_wconf 85' lang='lat' dir='ltr'>Ungulis</span> <span class='ocrx_word' id='word_1_77' title='bbox 770 2067 779 2083; x_wconf 94' lang='lat'>‚</span> <span class='ocrx_word' id='word_1_78' title='bbox 796 2039 956 2089; x_wconf 90' lang='lat' dir='ltr'>equuleo</span> <span class='ocrx_word' id='word_1_79' title='bbox 967 2067 976 2083; x_wconf 97' lang='lat'>,</span> 
     </span>
     <span class='ocr_line' id='line_1_26' title="bbox 602 2099 978 2149; baseline -0.005 -13"><span class='ocrx_word' id='word_1_80' title='bbox 602 2100 793 2149; x_wconf 90' lang='lat' dir='ltr'>Omnique</span> <span class='ocrx_word' id='word_1_81' title='bbox 810 2099 978 2148; x_wconf 87' lang='lat' dir='ltr'>patibulo</span> 
     </span>
     <span class='ocr_line' id='line_1_27' title="bbox 599 2159 1018 2209; baseline -0.002 -13"><span class='ocrx_word' id='word_1_82' title='bbox 599 2161 795 2209; x_wconf 84' lang='lat' dir='ltr'><strong>Pugnatur</strong></span> <span class='ocrx_word' id='word_1_83' title='bbox 814 2160 853 2195; x_wconf 90' lang='lat' dir='ltr'>in</span> <span class='ocrx_word' id='word_1_84' title='bbox 871 2159 1018 2196; x_wconf 88' lang='lat' dir='ltr'>ultimo.</span> 
     </span>
     <span class='ocr_line' id='line_1_28' title="bbox 575 2219 1107 2270; baseline -0.008 -11"><span class='ocrx_word' id='word_1_85' title='bbox 575 2223 649 2259; x_wconf 88' lang='lat' dir='ltr'>Sed</span> <span class='ocrx_word' id='word_1_86' title='bbox 664 2228 707 2257; x_wconf 91' lang='lat' dir='ltr'>ut</span> <span class='ocrx_word' id='word_1_87' title='bbox 723 2233 833 2270; x_wconf 83' lang='lat' dir='ltr'>poena</span> <span class='ocrx_word' id='word_1_88' title='bbox 849 2219 1107 2269; x_wconf 80' lang='lat' dir='ltr'>protenditur,</span> 
     </span>
     <span class='ocr_line' id='line_1_29' title="bbox 575 2280 1114 2320; baseline -0.009 0"><span class='ocrx_word' id='word_1_89' title='bbox 575 2285 696 2320; x_wconf 86' lang='lat' dir='ltr'>Poenae</span> <span class='ocrx_word' id='word_1_90' title='bbox 712 2283 796 2319; x_wconf 88' lang='lat' dir='ltr'>finis</span> <span class='ocrx_word' id='word_1_91' title='bbox 812 2293 913 2318; x_wconf 91' lang='lat' dir='ltr'>mors</span> <span class='ocrx_word' id='word_1_92' title='bbox 931 2280 1114 2317; x_wconf 86' lang='lat' dir='ltr'>differtur.</span> 
     </span>
     <span class='ocr_line' id='line_1_30' title="bbox 530 2342 1194 2394; baseline -0.008 -13"><span class='ocrx_word' id='word_1_93' title='bbox 530 2345 675 2394; x_wconf 87' lang='lat' dir='ltr'>Optant</span> <span class='ocrx_word' id='word_1_94' title='bbox 691 2344 788 2386; x_wconf 86' lang='lat' dir='ltr'>mori</span> <span class='ocrx_word' id='word_1_95' title='bbox 808 2343 875 2379; x_wconf 90' lang='lat' dir='ltr'>diu</span> <span class='ocrx_word' id='word_1_96' title='bbox 891 2342 984 2379; x_wconf 87' lang='lat' dir='ltr'>torti</span> <span class='ocrx_word' id='word_1_97' title='bbox 1000 2348 1194 2389; x_wconf 84' lang='lat' dir='ltr'>martyres.</span> 
     </span>
    </p>
   </div>
   <div class='ocr_carea' id='block_1_6' title="bbox 529 2401 1341 2455">
    <p class='ocr_par' dir='ltr' id='par_1_6' title="bbox 529 2401 1341 2455">
     <span class='ocr_line' id='line_1_31' title="bbox 529 2401 1341 2455; baseline -0.01 -11"><span class='ocrx_word' id='word_1_98' title='bbox 529 2406 603 2445; x_wconf 86' lang='lat' dir='ltr'>Sed</span> <span class='ocrx_word' id='word_1_99' title='bbox 622 2406 687 2455; x_wconf 85' lang='lat' dir='ltr'>qui</span> <span class='ocrx_word' id='word_1_100' title='bbox 706 2412 859 2449; x_wconf 88' lang='lat' dir='ltr'>necant,</span> <span class='ocrx_word' id='word_1_101' title='bbox 882 2404 979 2439; x_wconf 90' lang='lat' dir='ltr'>mori</span> <span class='ocrx_word' id='word_1_102' title='bbox 999 2408 1123 2439; x_wconf 87' lang='lat' dir='ltr'>vetant</span> <span class='ocrx_word' id='word_1_103' title='bbox 1141 2401 1341 2450; x_wconf 76' lang='lat' dir='ltr'>principes,</span> 
     </span>
    </p>
   </div>
   <div class='ocr_carea' id='block_1_7' title="bbox 527 2460 1267 2576">
    <p class='ocr_par' dir='ltr' id='par_1_7' title="bbox 527 2460 1267 2576">
     <span class='ocr_line' id='line_1_32' title="bbox 527 2460 1132 2512; baseline -0.007 -10"><span class='ocrx_word' id='word_1_104' title='bbox 527 2467 699 2504; x_wconf 84' lang='lat' dir='ltr'>Delicatae</span> <span class='ocrx_word' id='word_1_105' title='bbox 715 2466 804 2502; x_wconf 88' lang='lat' dir='ltr'>viris</span> <span class='ocrx_word' id='word_1_106' title='bbox 820 2460 942 2500; x_wconf 73' lang='lat' dir='ltr'>mixtae</span> <span class='ocrx_word' id='word_1_107' title='bbox 957 2464 1132 2512; x_wconf 87' lang='lat' dir='ltr'>virgines,</span> 
     </span>
     <span class='ocr_line' id='line_1_33' title="bbox 529 2523 1267 2576; baseline -0.009 -11"><span class='ocrx_word' id='word_1_108' title='bbox 529 2529 582 2565; x_wconf 85' lang='lat' dir='ltr'>Ut</span> <span class='ocrx_word' id='word_1_109' title='bbox 600 2529 639 2565; x_wconf 92' lang='lat' dir='ltr'>in</span> <span class='ocrx_word' id='word_1_110' title='bbox 657 2539 782 2576; x_wconf 87' lang='lat' dir='ltr'>poena,</span> <span class='ocrx_word' id='word_1_111' title='bbox 803 2531 889 2562; x_wconf 85' lang='lat' dir='ltr'>sunt</span> <span class='ocrx_word' id='word_1_112' title='bbox 907 2525 946 2561; x_wconf 92' lang='lat' dir='ltr'>in</span> <span class='ocrx_word' id='word_1_113' title='bbox 964 2524 1084 2573; x_wconf 89' lang='lat' dir='ltr'>palma</span> <span class='ocrx_word' id='word_1_114' title='bbox 1101 2523 1267 2560; x_wconf 88' lang='lat' dir='ltr'>comites.</span> 
     </span>
    </p>
   </div>
   <div class='ocr_carea' id='block_1_8' title="bbox 600 2596 1107 2661">
    <p class='ocr_par' dir='ltr' id='par_1_8' title="bbox 600 2596 1107 2661">
     <span class='ocr_line' id='line_1_34' title="bbox 600 2596 1107 2661; baseline -0.01 -10"><span class='ocrx_word' id='word_1_115' title='bbox 600 2614 717 2651; x_wconf 86' lang='lat' dir='ltr'>Multa</span> <span class='ocrx_word' id='word_1_116' title='bbox 735 2621 834 2659; x_wconf 80' lang='lat' dir='ltr'>sunt,</span> <span class='ocrx_word' id='word_1_117' title='bbox 854 2624 1001 2661; x_wconf 85' lang='lat' dir='ltr'>magna,</span> <span class='ocrx_word' id='word_1_118' title='bbox 1017 2618 1086 2648; x_wconf 88' lang='lat' dir='ltr'>etc.</span> <span class='ocrx_word' id='word_1_119' title='bbox 1103 2596 1107 2600; x_wconf 33' lang='lat'>²</span> 
     </span>
    </p>
   </div>
   <div class='ocr_carea' id='block_1_9' title="bbox 947 2718 1103 2756">
    <p class='ocr_par' dir='ltr' id='par_1_9' title="bbox 947 2718 1103 2756">
     <span class='ocr_line' id='line_1_35' title="bbox 947 2718 1103 2756; baseline -0.019 0"><span class='ocrx_word' id='word_1_120' title='bbox 947 2718 1088 2756; x_wconf 93' lang='lat' dir='ltr'><strong>LXXX</strong></span> <span class='ocrx_word' id='word_1_121' title='bbox 1095 2746 1103 2753; x_wconf 90' lang='lat'>.</span> 
     </span>
    </p>
   </div>
   <div class='ocr_carea' id='block_1_10' title="bbox 595 2829 1159 3422">
    <p class='ocr_par' dir='ltr' id='par_1_10' title="bbox 598 2829 1159 3060">
     <span class='ocr_line' id='line_1_36' title="bbox 598 2829 1159 2880; baseline -0.009 -12"><span class='ocrx_word' id='word_1_122' title='bbox 598 2834 775 2880; x_wconf 86' lang='lat' dir='ltr'>Pugnant</span> <span class='ocrx_word' id='word_1_123' title='bbox 796 2829 929 2866; x_wconf 87' lang='lat' dir='ltr'>mundi</span> <span class='ocrx_word' id='word_1_124' title='bbox 948 2829 1135 2877; x_wconf 87' lang='lat' dir='ltr'>principes</span> <span class='ocrx_word' id='word_1_125' title='bbox 1151 2857 1159 2872; x_wconf 92' lang='lat'>,</span> 
     </span>
     <span class='ocr_line' id='line_1_37' title="bbox 598 2889 1040 2933; baseline -0.011 -4"><span class='ocrx_word' id='word_1_126' title='bbox 598 2893 819 2929; x_wconf 84' lang='lat' dir='ltr'>Daemonum</span> <span class='ocrx_word' id='word_1_127' title='bbox 838 2889 1015 2926; x_wconf 83' lang='lat' dir='ltr'>satellites</span> <span class='ocrx_word' id='word_1_128' title='bbox 1030 2905 1040 2933; x_wconf 77' lang='lat'><em>3</em></span> 
     </span>
     <span class='ocr_line' id='line_1_38' title="bbox 600 2949 1116 2992; baseline -0.01 -2"><span class='ocrx_word' id='word_1_129' title='bbox 600 2954 773 2990; x_wconf 85' lang='lat' dir='ltr'>Vincunt</span> <span class='ocrx_word' id='word_1_130' title='bbox 788 2951 933 2990; x_wconf 87' lang='lat' dir='ltr'>Christi</span> <span class='ocrx_word' id='word_1_131' title='bbox 953 2949 1091 2986; x_wconf 89' lang='lat' dir='ltr'>milites</span> <span class='ocrx_word' id='word_1_132' title='bbox 1106 2977 1116 2992; x_wconf 91' lang='lat'>,</span> 
     </span>
     <span class='ocr_line' id='line_1_39' title="bbox 600 3013 987 3060; baseline -0.013 -9"><span class='ocrx_word' id='word_1_133' title='bbox 600 3014 693 3054; x_wconf 82' lang='lat' dir='ltr'>Voti</span> <span class='ocrx_word' id='word_1_134' title='bbox 713 3013 771 3050; x_wconf 91' lang='lat' dir='ltr'>sui</span> <span class='ocrx_word' id='word_1_135' title='bbox 785 3018 987 3060; x_wconf 86' lang='lat' dir='ltr'>compotes.</span> 
     </span>
    </p>

    <p class='ocr_par' dir='ltr' id='par_1_11' title="bbox 600 3072 956 3119">
     <span class='ocr_line' id='line_1_40' title="bbox 600 3072 956 3119; baseline -0.006 -9"><span class='ocrx_word' id='word_1_136' title='bbox 600 3074 678 3110; x_wconf 91' lang='lat' dir='ltr'>Nec</span> <span class='ocrx_word' id='word_1_137' title='bbox 692 3074 783 3109; x_wconf 91' lang='lat' dir='ltr'>huic</span> <span class='ocrx_word' id='word_1_138' title='bbox 795 3072 936 3109; x_wconf 86' lang='lat' dir='ltr'>militiae</span> <span class='ocrx_word' id='word_1_139' title='bbox 947 3101 956 3119; x_wconf 94' lang='lat'>,</span> 
     </span>
    </p>

    <p class='ocr_par' dir='ltr' id='par_1_12' title="bbox 601 3132 995 3242">
     <span class='ocr_line' id='line_1_41' title="bbox 602 3132 995 3177; baseline -0.008 -6"><span class='ocrx_word' id='word_1_140' title='bbox 602 3134 674 3172; x_wconf 84' lang='lat' dir='ltr'>Vel</span> <span class='ocrx_word' id='word_1_141' title='bbox 692 3141 799 3170; x_wconf 83' lang='lat' dir='ltr'>tantae</span> <span class='ocrx_word' id='word_1_142' title='bbox 815 3132 975 3169; x_wconf 79' lang='lat' dir='ltr'>victoriae</span> <span class='ocrx_word' id='word_1_143' title='bbox 986 3160 995 3177; x_wconf 93' lang='lat'>,</span> 
     </span>
     <span class='ocr_line' id='line_1_42' title="bbox 601 3193 964 3242; baseline -0.006 -11"><span class='ocrx_word' id='word_1_144' title='bbox 601 3195 822 3242; x_wconf 84' lang='lat' dir='ltr'>Praemiique</span> <span class='ocrx_word' id='word_1_145' title='bbox 841 3193 964 3242; x_wconf 77' lang='lat' dir='ltr'>gloriae</span> 
     </span>
    </p>

    <p class='ocr_par' dir='ltr' id='par_1_13' title="bbox 595 3253 1158 3422">
     <span class='ocr_line' id='line_1_43' title="bbox 600 3253 1086 3302; baseline -0.006 -12"><span class='ocrx_word' id='word_1_146' title='bbox 600 3254 744 3290; x_wconf 88' lang='lat' dir='ltr'>Desunt</span> <span class='ocrx_word' id='word_1_147' title='bbox 762 3265 911 3302; x_wconf 91' lang='lat' dir='ltr'>quoque</span> <span class='ocrx_word' id='word_1_148' title='bbox 931 3253 1086 3288; x_wconf 83' lang='lat' dir='ltr'>feminae.</span> 
     </span>
     <span class='ocr_line' id='line_1_44' title="bbox 601 3313 1110 3357; baseline -0.006 -7"><span class='ocrx_word' id='word_1_149' title='bbox 601 3314 706 3351; x_wconf 89' lang='lat' dir='ltr'>Sicut</span> <span class='ocrx_word' id='word_1_150' title='bbox 720 3314 827 3349; x_wconf 85' lang='lat' dir='ltr'>sortis</span> <span class='ocrx_word' id='word_1_151' title='bbox 839 3341 849 3357; x_wconf 92' lang='lat'>,</span> <span class='ocrx_word' id='word_1_152' title='bbox 870 3313 921 3348; x_wconf 88' lang='lat' dir='ltr'>sic</span> <span class='ocrx_word' id='word_1_153' title='bbox 940 3313 1110 3348; x_wconf 84' lang='lat' dir='ltr'>infirmus</span> 
     </span>
     <span class='ocr_line' id='line_1_45' title="bbox 595 3374 1158 3422; baseline -0.002 -13"><span class='ocrx_word' id='word_1_154' title='bbox 595 3376 738 3422; x_wconf 83' lang='lat' dir='ltr'>Pugnat</span> <span class='ocrx_word' id='word_1_155' title='bbox 753 3381 791 3410; x_wconf 89' lang='lat' dir='ltr'>et</span> <span class='ocrx_word' id='word_1_156' title='bbox 807 3374 1016 3422; x_wconf 83' lang='lat' dir='ltr'>triumphat</span> <span class='ocrx_word' id='word_1_157' title='bbox 1032 3385 1158 3417; x_wconf 90' lang='lat' dir='ltr'>sexus;</span> 
     </span>
    </p>
   </div>
   <div class='ocr_carea' id='block_1_11' title="bbox 554 3531 906 3566">
    <p class='ocr_par' dir='ltr' id='par_1_14' title="bbox 554 3531 906 3566">
     <span class='ocr_line' id='line_1_46' title="bbox 554 3531 906 3566; baseline -0.006 0"><span class='ocrx_word' id='word_1_158' title='bbox 554 3533 561 3549; x_wconf 88' lang='lat'><strong>¹</strong></span> <span class='ocrx_word' id='word_1_159' title='bbox 589 3532 642 3566; x_wconf 88' lang='lat' dir='ltr'>Sic</span> <span class='ocrx_word' id='word_1_160' title='bbox 657 3532 738 3566; x_wconf 87' lang='lat' dir='ltr'>Cod.</span> <span class='ocrx_word' id='word_1_161' title='bbox 757 3531 906 3566; x_wconf 64' lang='lat' dir='ltr'>-Videsf&#39;</span> 
     </span>
    </p>
   </div>
   <div class='ocr_carea' id='block_1_12' title="bbox 1300 416 1819 465">
    <p class='ocr_par' dir='ltr' id='par_1_15' title="bbox 1300 416 1819 465">
     <span class='ocr_line' id='line_1_47' title="bbox 1300 416 1819 465; baseline 0 -3"><span class='ocrx_word' id='word_1_162' title='bbox 1300 416 1471 463; x_wconf 88' lang='lat' dir='ltr'>PETRI</span> <span class='ocrx_word' id='word_1_163' title='bbox 1506 416 1819 465; x_wconf 83' lang='lat' dir='ltr'><strong>ABAELARDI</strong></span> 
     </span>
    </p>
   </div>
   <div class='ocr_carea' id='block_1_13' title="bbox 1660 519 2356 631">
    <p class='ocr_par' dir='ltr' id='par_1_16' title="bbox 1660 519 2356 631">
     <span class='ocr_line' id='line_1_48' title="bbox 1662 519 2305 568; baseline -0.005 -9"><span class='ocrx_word' id='word_1_164' title='bbox 1662 523 1716 559; x_wconf 90' lang='lat' dir='ltr'>Ut</span> <span class='ocrx_word' id='word_1_165' title='bbox 1737 522 1919 558; x_wconf 88' lang='lat' dir='ltr'>haberent</span> <span class='ocrx_word' id='word_1_166' title='bbox 1938 520 2075 556; x_wconf 89' lang='lat' dir='ltr'>summi</span> <span class='ocrx_word' id='word_1_167' title='bbox 2094 519 2193 568; x_wconf 87' lang='lat' dir='ltr'>regis</span> <span class='ocrx_word' id='word_1_168' title='bbox 2210 520 2305 556; x_wconf 87' lang='lat' dir='ltr'>acies</span> 
     </span>
     <span class='ocr_line' id='line_1_49' title="bbox 1660 579 2356 631; baseline -0.009 -12"><span class='ocrx_word' id='word_1_169' title='bbox 1660 583 1751 620; x_wconf 89' lang='lat' dir='ltr'>Suas</span> <span class='ocrx_word' id='word_1_170' title='bbox 1766 593 1916 631; x_wconf 91' lang='lat' dir='ltr'>quoque</span> <span class='ocrx_word' id='word_1_171' title='bbox 1934 592 2019 616; x_wconf 92' lang='lat' dir='ltr'>cum</span> <span class='ocrx_word' id='word_1_172' title='bbox 2036 579 2124 615; x_wconf 83' lang='lat' dir='ltr'>viris</span> <span class='ocrx_word' id='word_1_173' title='bbox 2143 590 2334 615; x_wconf 83' lang='lat' dir='ltr'>amazones</span> <span class='ocrx_word' id='word_1_174' title='bbox 2347 606 2356 623; x_wconf 94' lang='lat'>,</span> 
     </span>
    </p>
   </div>
   <div class='ocr_carea' id='block_1_14' title="bbox 1605 637 2396 690">
    <p class='ocr_par' dir='ltr' id='par_1_17' title="bbox 1605 637 2396 690">
     <span class='ocr_line' id='line_1_50' title="bbox 1605 637 2396 690; baseline -0.008 -11"><span class='ocrx_word' id='word_1_175' title='bbox 1605 652 1611 666; x_wconf 61' lang='lat'>*</span> <span class='ocrx_word' id='word_1_176' title='bbox 1661 644 1752 690; x_wconf 88' lang='lat' dir='ltr'>Quae</span> <span class='ocrx_word' id='word_1_177' title='bbox 1766 654 1842 690; x_wconf 90' lang='lat' dir='ltr'>quo</span> <span class='ocrx_word' id='word_1_178' title='bbox 1855 641 1973 689; x_wconf 86' lang='lat' dir='ltr'>magis</span> <span class='ocrx_word' id='word_1_179' title='bbox 1990 647 2122 676; x_wconf 88' lang='lat' dir='ltr'>natura</span> <span class='ocrx_word' id='word_1_180' title='bbox 2138 646 2225 675; x_wconf 86' lang='lat' dir='ltr'>sunt</span> <span class='ocrx_word' id='word_1_181' title='bbox 2238 637 2377 674; x_wconf 87' lang='lat' dir='ltr'>debiles</span> <span class='ocrx_word' id='word_1_182' title='bbox 2387 666 2396 681; x_wconf 96' lang='lat'>,</span> 
     </span>
    </p>
   </div>
   <div class='ocr_carea' id='block_1_15' title="bbox 1659 696 2410 748">
    <p class='ocr_par' dir='ltr' id='par_1_18' title="bbox 1659 696 2410 748">
     <span class='ocr_line' id='line_1_51' title="bbox 1659 696 2410 748; baseline -0.011 -9"><span class='ocrx_word' id='word_1_183' title='bbox 1659 702 1793 740; x_wconf 86' lang='lat' dir='ltr'>Palmae</span> <span class='ocrx_word' id='word_1_184' title='bbox 1809 702 1945 737; x_wconf 87' lang='lat' dir='ltr'>harum</span> <span class='ocrx_word' id='word_1_185' title='bbox 1966 701 2084 748; x_wconf 86' lang='lat' dir='ltr'>magis</span> <span class='ocrx_word' id='word_1_186' title='bbox 2104 705 2191 736; x_wconf 83' lang='lat' dir='ltr'>sunt</span> <span class='ocrx_word' id='word_1_187' title='bbox 2208 696 2410 734; x_wconf 82' lang='lat' dir='ltr'>mirabiles.</span> 
     </span>
    </p>
   </div>
   <div class='ocr_carea' id='block_1_16' title="bbox 1614 808 2426 1642">
    <p class='ocr_par' dir='ltr' id='par_1_19' title="bbox 1614 808 2426 1642">
     <span class='ocr_line' id='line_1_52' title="bbox 1688 808 2094 851; baseline -0.012 -4"><span class='ocrx_word' id='word_1_188' title='bbox 1688 811 1773 848; x_wconf 87' lang='lat' dir='ltr'>Viri</span> <span class='ocrx_word' id='word_1_189' title='bbox 1792 822 1878 846; x_wconf 91' lang='lat' dir='ltr'>cum</span> <span class='ocrx_word' id='word_1_190' title='bbox 1894 808 2073 844; x_wconf 85' lang='lat' dir='ltr'>uxoribus</span> <span class='ocrx_word' id='word_1_191' title='bbox 2085 835 2094 851; x_wconf 93' lang='lat'>,</span> 
     </span>
     <span class='ocr_line' id='line_1_53' title="bbox 1683 866 2159 911; baseline -0.008 -5"><span class='ocrx_word' id='word_1_192' title='bbox 1683 871 1831 906; x_wconf 84' lang='lat' dir='ltr'>Fratres</span> <span class='ocrx_word' id='word_1_193' title='bbox 1847 880 1933 904; x_wconf 89' lang='lat' dir='ltr'>cum</span> <span class='ocrx_word' id='word_1_194' title='bbox 1951 866 2159 911; x_wconf 88' lang='lat' dir='ltr'>sororibus,</span> 
     </span>
     <span class='ocr_line' id='line_1_54' title="bbox 1685 926 2098 972; baseline -0.007 -7"><span class='ocrx_word' id='word_1_195' title='bbox 1685 929 1769 965; x_wconf 90' lang='lat' dir='ltr'>Filii</span> <span class='ocrx_word' id='word_1_196' title='bbox 1787 941 1873 965; x_wconf 91' lang='lat' dir='ltr'>cum</span> <span class='ocrx_word' id='word_1_197' title='bbox 1893 926 2075 964; x_wconf 85' lang='lat' dir='ltr'>matribus</span> <span class='ocrx_word' id='word_1_198' title='bbox 2088 955 2098 972; x_wconf 95' lang='lat'>,</span> 
     </span>
     <span class='ocr_line' id='line_1_55' title="bbox 1683 987 2178 1036; baseline -0.008 -10"><span class='ocrx_word' id='word_1_199' title='bbox 1683 989 1774 1026; x_wconf 91' lang='lat' dir='ltr'>Belli</span> <span class='ocrx_word' id='word_1_200' title='bbox 1793 996 1892 1025; x_wconf 86' lang='lat' dir='ltr'>stant</span> <span class='ocrx_word' id='word_1_201' title='bbox 1907 987 2178 1036; x_wconf 87' lang='lat' dir='ltr'>congressibus.</span> 
     </span>
     <span class='ocr_line' id='line_1_56' title="bbox 1684 1049 2117 1093; baseline -0.009 -6"><span class='ocrx_word' id='word_1_202' title='bbox 1684 1051 1822 1087; x_wconf 83' lang='lat' dir='ltr'>Virum</span> <span class='ocrx_word' id='word_1_203' title='bbox 1844 1061 1937 1085; x_wconf 90' lang='lat' dir='ltr'>uxor</span> <span class='ocrx_word' id='word_1_204' title='bbox 1953 1049 2094 1084; x_wconf 88' lang='lat' dir='ltr'>animat</span> <span class='ocrx_word' id='word_1_205' title='bbox 2107 1076 2117 1093; x_wconf 95' lang='lat'>,</span> 
     </span>
     <span class='ocr_line' id='line_1_57' title="bbox 1685 1108 2125 1152; baseline -0.009 -5"><span class='ocrx_word' id='word_1_206' title='bbox 1685 1111 1799 1147; x_wconf 86' lang='lat' dir='ltr'>Natos</span> <span class='ocrx_word' id='word_1_207' title='bbox 1815 1116 1934 1146; x_wconf 85' lang='lat' dir='ltr'>mater</span> <span class='ocrx_word' id='word_1_208' title='bbox 1953 1108 2103 1145; x_wconf 81' lang='lat' dir='ltr'>roborat</span> <span class='ocrx_word' id='word_1_209' title='bbox 2114 1136 2125 1152; x_wconf 88' lang='lat'>,</span> 
     </span>
     <span class='ocr_line' id='line_1_58' title="bbox 1689 1170 2080 1216; baseline -0.005 -9"><span class='ocrx_word' id='word_1_210' title='bbox 1689 1172 1736 1207; x_wconf 89' lang='lat' dir='ltr'>Et</span> <span class='ocrx_word' id='word_1_211' title='bbox 1755 1170 1848 1206; x_wconf 91' lang='lat' dir='ltr'>coelo</span> <span class='ocrx_word' id='word_1_212' title='bbox 1865 1175 2080 1216; x_wconf 84' lang='lat' dir='ltr'>regenerat,</span> 
     </span>
     <span class='ocr_line' id='line_1_59' title="bbox 1687 1231 2123 1277; baseline -0.009 -10"><span class='ocrx_word' id='word_1_213' title='bbox 1687 1231 1793 1277; x_wconf 88' lang='lat' dir='ltr'>Quos</span> <span class='ocrx_word' id='word_1_214' title='bbox 1809 1236 1916 1266; x_wconf 78' lang='lat' dir='ltr'>terrae</span> <span class='ocrx_word' id='word_1_215' title='bbox 1930 1235 2123 1277; x_wconf 83' lang='lat' dir='ltr'>genuerat.</span> 
     </span>
     <span class='ocr_line' id='line_1_60' title="bbox 1661 1289 2117 1339; baseline -0.009 -12"><span class='ocrx_word' id='word_1_216' title='bbox 1661 1292 1767 1339; x_wconf 90' lang='lat' dir='ltr'>Ipsos</span> <span class='ocrx_word' id='word_1_217' title='bbox 1781 1289 1905 1326; x_wconf 84' lang='lat' dir='ltr'>statim</span> <span class='ocrx_word' id='word_1_218' title='bbox 1925 1295 2094 1324; x_wconf 89' lang='lat' dir='ltr'>secutura</span> <span class='ocrx_word' id='word_1_219' title='bbox 2108 1316 2117 1332; x_wconf 94' lang='lat'>,</span> 
     </span>
     <span class='ocr_line' id='line_1_61' title="bbox 1662 1348 2207 1388; baseline -0.009 0"><span class='ocrx_word' id='word_1_220' title='bbox 1662 1348 1931 1388; x_wconf 86' lang='lat' dir='ltr'>Holocaustum</span> <span class='ocrx_word' id='word_1_221' title='bbox 1950 1349 2091 1386; x_wconf 85' lang='lat' dir='ltr'>Christi</span> <span class='ocrx_word' id='word_1_222' title='bbox 2110 1348 2207 1384; x_wconf 86' lang='lat' dir='ltr'>facta</span> 
     </span>
     <span class='ocr_line' id='line_1_62' title="bbox 1615 1408 2351 1459; baseline -0.01 -9"><span class='ocrx_word' id='word_1_223' title='bbox 1615 1413 1730 1450; x_wconf 88' lang='lat' dir='ltr'>Soror</span> <span class='ocrx_word' id='word_1_224' title='bbox 1748 1413 1904 1448; x_wconf 86' lang='lat' dir='ltr'>fratrem</span> <span class='ocrx_word' id='word_1_225' title='bbox 1921 1417 2095 1459; x_wconf 81' lang='lat' dir='ltr'>provocat</span> <span class='ocrx_word' id='word_1_226' title='bbox 2112 1416 2156 1445; x_wconf 80' lang='lat' dir='ltr'>ut</span> <span class='ocrx_word' id='word_1_227' title='bbox 2173 1408 2327 1444; x_wconf 79' lang='lat' dir='ltr'>dimicet</span> <span class='ocrx_word' id='word_1_228' title='bbox 2341 1436 2351 1451; x_wconf 87' lang='lat'>,</span> 
     </span>
     <span class='ocr_line' id='line_1_63' title="bbox 1614 1467 2426 1519; baseline -0.011 -10"><span class='ocrx_word' id='word_1_229' title='bbox 1614 1474 1662 1509; x_wconf 87' lang='lat' dir='ltr'>Et</span> <span class='ocrx_word' id='word_1_230' title='bbox 1677 1480 1753 1509; x_wconf 86' lang='lat' dir='ltr'>tam</span> <span class='ocrx_word' id='word_1_231' title='bbox 1771 1470 1894 1508; x_wconf 88' lang='lat' dir='ltr'>verbis</span> <span class='ocrx_word' id='word_1_232' title='bbox 1912 1483 2024 1519; x_wconf 90' lang='lat' dir='ltr'>quam</span> <span class='ocrx_word' id='word_1_233' title='bbox 2042 1468 2220 1518; x_wconf 87' lang='lat' dir='ltr'>exemplis</span> <span class='ocrx_word' id='word_1_234' title='bbox 2237 1467 2426 1504; x_wconf 87' lang='lat' dir='ltr'>admonet.</span> 
     </span>
     <span class='ocr_line' id='line_1_64' title="bbox 1615 1531 2354 1583; baseline -0.009 -11"><span class='ocrx_word' id='word_1_235' title='bbox 1615 1535 1719 1582; x_wconf 84' lang='lat' dir='ltr'>Quid</span> <span class='ocrx_word' id='word_1_236' title='bbox 1731 1542 1863 1583; x_wconf 86' lang='lat' dir='ltr'>agant,</span> <span class='ocrx_word' id='word_1_237' title='bbox 1884 1534 1953 1570; x_wconf 91' lang='lat' dir='ltr'>nisi</span> <span class='ocrx_word' id='word_1_238' title='bbox 1973 1539 2162 1582; x_wconf 81' lang='lat' dir='ltr'>pugnent,</span> <span class='ocrx_word' id='word_1_239' title='bbox 2179 1531 2354 1578; x_wconf 83' lang='lat' dir='ltr'>juvenes,</span> 
     </span>
     <span class='ocr_line' id='line_1_65' title="bbox 1619 1590 2362 1642; baseline -0.011 -10"><span class='ocrx_word' id='word_1_240' title='bbox 1619 1596 1748 1642; x_wconf 88' lang='lat' dir='ltr'>Quum</span> <span class='ocrx_word' id='word_1_241' title='bbox 1763 1594 1946 1631; x_wconf 83' lang='lat' dir='ltr'>bellantes</span> <span class='ocrx_word' id='word_1_242' title='bbox 1963 1594 2160 1629; x_wconf 79' lang='lat' dir='ltr'>intuentur</span> <span class='ocrx_word' id='word_1_243' title='bbox 2179 1590 2362 1639; x_wconf 83' lang='lat' dir='ltr'>virgines?</span> 
     </span>
    </p>
   </div>
   <div class='ocr_carea' id='block_1_17' title="bbox 1712 1689 2046 1736">
    <p class='ocr_par' dir='ltr' id='par_1_20' title="bbox 1712 1689 2046 1736">
     <span class='ocr_line' id='line_1_66' title="bbox 1712 1689 2046 1736; baseline -0.003 -12"><span class='ocrx_word' id='word_1_244' title='bbox 1712 1689 1829 1726; x_wconf 82' lang='lat' dir='ltr'>Multa</span> <span class='ocrx_word' id='word_1_245' title='bbox 1849 1696 1935 1725; x_wconf 92' lang='lat' dir='ltr'>sunt</span> <span class='ocrx_word' id='word_1_246' title='bbox 1947 1716 1958 1736; x_wconf 97' lang='lat'>,</span> <span class='ocrx_word' id='word_1_247' title='bbox 1975 1695 2046 1725; x_wconf 89' lang='lat' dir='ltr'>etc.</span> 
     </span>
    </p>
   </div>
   <div class='ocr_carea' id='block_1_18' title="bbox 2025 1820 2199 1857">
    <p class='ocr_par' dir='ltr' id='par_1_21' title="bbox 2025 1820 2199 1857">
     <span class='ocr_line' id='line_1_67' title="bbox 2025 1820 2199 1857; baseline -0.011 0"><span class='ocrx_word' id='word_1_248' title='bbox 2025 1820 2199 1857; x_wconf 85' lang='lat' dir='ltr'><strong>LXXXI.</strong></span> 
     </span>
    </p>
   </div>
   <div class='ocr_carea' id='block_1_19' title="bbox 1617 1946 2454 2770">
    <p class='ocr_par' dir='ltr' id='par_1_22' title="bbox 1617 1946 2454 2770">
     <span class='ocr_line' id='line_1_68' title="bbox 1690 1946 2087 1984; baseline -0.005 -1"><span class='ocrx_word' id='word_1_249' title='bbox 1690 1948 1823 1984; x_wconf 82' lang='lat' dir='ltr'>Turris</span> <span class='ocrx_word' id='word_1_250' title='bbox 1842 1947 1903 1983; x_wconf 91' lang='lat' dir='ltr'>his</span> <span class='ocrx_word' id='word_1_251' title='bbox 1920 1946 2087 1983; x_wconf 83' lang='lat' dir='ltr'>davidica</span> 
     </span>
     <span class='ocr_line' id='line_1_69' title="bbox 1689 2006 2077 2056; baseline -0.008 -11"><span class='ocrx_word' id='word_1_252' title='bbox 1689 2009 1800 2045; x_wconf 90' lang='lat' dir='ltr'>Certa</span> <span class='ocrx_word' id='word_1_253' title='bbox 1817 2007 1881 2044; x_wconf 84' lang='lat' dir='ltr'>dat</span> <span class='ocrx_word' id='word_1_254' title='bbox 1897 2006 2077 2056; x_wconf 86' lang='lat' dir='ltr'>praesidia,</span> 
     </span>
     <span class='ocr_line' id='line_1_70' title="bbox 1687 2067 2128 2105; baseline -0.007 0"><span class='ocrx_word' id='word_1_255' title='bbox 1687 2069 1836 2105; x_wconf 89' lang='lat' dir='ltr'>Habent</span> <span class='ocrx_word' id='word_1_256' title='bbox 1854 2067 1900 2104; x_wconf 92' lang='lat' dir='ltr'>ad</span> <span class='ocrx_word' id='word_1_257' title='bbox 1918 2067 2128 2103; x_wconf 87' lang='lat' dir='ltr'>munimina</span> 
     </span>
     <span class='ocr_line' id='line_1_71' title="bbox 1687 2126 2454 2177; baseline -0.008 -12"><span class='ocrx_word' id='word_1_258' title='bbox 1687 2130 1819 2173; x_wconf 86' lang='lat' dir='ltr'>Scuta,</span> <span class='ocrx_word' id='word_1_259' title='bbox 1838 2126 2132 2177; x_wconf 84' lang='lat' dir='ltr'>propugnacula.</span> <span class='ocrx_word' id='word_1_260' title='bbox 2384 2147 2414 2164; x_wconf 78' lang='grc'>..</span> <span class='ocrx_word' id='word_1_261' title='bbox 2443 2162 2454 2173; x_wconf 57' lang='grc'><strong>.</strong></span> 
     </span>
     <span class='ocr_line' id='line_1_72' title="bbox 1690 2188 2064 2226; baseline -0.008 0"><span class='ocrx_word' id='word_1_262' title='bbox 1690 2193 1892 2226; x_wconf 77' lang='lat' dir='ltr'>Armatura</span> <span class='ocrx_word' id='word_1_263' title='bbox 1909 2188 2064 2225; x_wconf 80' lang='lat' dir='ltr'>sortium</span> 
     </span>
     <span class='ocr_line' id='line_1_73' title="bbox 1690 2238 2175 2287; baseline -0.01 -1"><span class='ocrx_word' id='word_1_264' title='bbox 1690 2238 1828 2287; x_wconf 76' lang='lat' dir='ltr'>Omnis</span> <span class='ocrx_word' id='word_1_265' title='bbox 1842 2249 1919 2284; x_wconf 82' lang='lat' dir='ltr'>haec</span> <span class='ocrx_word' id='word_1_266' title='bbox 1933 2255 1990 2284; x_wconf 86' lang='lat' dir='ltr'>est</span> <span class='ocrx_word' id='word_1_267' title='bbox 2005 2247 2175 2283; x_wconf 89' lang='lat' dir='ltr'>omnium</span> 
     </span>
     <span class='ocr_line' id='line_1_74' title="bbox 1686 2307 2166 2359; baseline -0.01 -12"><span class='ocrx_word' id='word_1_268' title='bbox 1686 2310 1746 2347; x_wconf 90' lang='lat' dir='ltr'>Ad</span> <span class='ocrx_word' id='word_1_269' title='bbox 1763 2309 1981 2359; x_wconf 83' lang='lat' dir='ltr'>quorumvis</span> <span class='ocrx_word' id='word_1_270' title='bbox 1998 2307 2166 2343; x_wconf 87' lang='lat' dir='ltr'>hostium</span> 
     </span>
     <span class='ocr_line' id='line_1_75' title="bbox 1685 2368 2203 2419; baseline -0.008 -13"><span class='ocrx_word' id='word_1_271' title='bbox 1685 2369 1984 2419; x_wconf 90' lang='lat' dir='ltr'>Propulsandum</span> <span class='ocrx_word' id='word_1_272' title='bbox 2003 2368 2203 2416; x_wconf 85' lang='lat' dir='ltr'>impetum.</span> 
     </span>
     <span class='ocr_line' id='line_1_76' title="bbox 1688 2427 2316 2477; baseline -0.01 -10"><span class='ocrx_word' id='word_1_273' title='bbox 1688 2432 1789 2467; x_wconf 91' lang='lat' dir='ltr'>Hinc</span> <span class='ocrx_word' id='word_1_274' title='bbox 1806 2430 1950 2467; x_wconf 85' lang='lat' dir='ltr'>athletae</span> <span class='ocrx_word' id='word_1_275' title='bbox 1971 2435 2144 2477; x_wconf 87' lang='lat' dir='ltr'>pugnant</span> <span class='ocrx_word' id='word_1_276' title='bbox 2158 2427 2316 2471; x_wconf 86' lang='lat' dir='ltr'>Christi,</span> 
     </span>
     <span class='ocr_line' id='line_1_77' title="bbox 1665 2489 2134 2528; baseline -0.011 0"><span class='ocrx_word' id='word_1_277' title='bbox 1665 2492 1714 2528; x_wconf 90' lang='lat' dir='ltr'>Et</span> <span class='ocrx_word' id='word_1_278' title='bbox 1729 2491 1888 2528; x_wconf 89' lang='lat' dir='ltr'>irrident</span> <span class='ocrx_word' id='word_1_279' title='bbox 1904 2490 2031 2526; x_wconf 88' lang='lat' dir='ltr'>hostes</span> <span class='ocrx_word' id='word_1_280' title='bbox 2047 2489 2134 2524; x_wconf 83' lang='lat' dir='ltr'>tuti.</span> 
     </span>
     <span class='ocr_line' id='line_1_78' title="bbox 1617 2548 2246 2590; baseline -0.01 -1"><span class='ocrx_word' id='word_1_281' title='bbox 1617 2551 1825 2589; x_wconf 84' lang='lat' dir='ltr'>Adamante</span> <span class='ocrx_word' id='word_1_282' title='bbox 1841 2550 2013 2586; x_wconf 89' lang='lat' dir='ltr'>bitumen</span> <span class='ocrx_word' id='word_1_283' title='bbox 2030 2548 2222 2584; x_wconf 82' lang='lat' dir='ltr'>robustius</span> <span class='ocrx_word' id='word_1_284' title='bbox 2237 2576 2246 2590; x_wconf 90' lang='lat'>,</span> 
     </span>
     <span class='ocr_line' id='line_1_79' title="bbox 1618 2607 2311 2659; baseline -0.01 -10"><span class='ocrx_word' id='word_1_285' title='bbox 1618 2612 1695 2649; x_wconf 91' lang='lat' dir='ltr'>Nec</span> <span class='ocrx_word' id='word_1_286' title='bbox 1713 2611 1853 2648; x_wconf 88' lang='lat' dir='ltr'>securis</span> <span class='ocrx_word' id='word_1_287' title='bbox 1869 2610 2043 2659; x_wconf 90' lang='lat' dir='ltr'>dissipat,</span> <span class='ocrx_word' id='word_1_288' title='bbox 2063 2621 2130 2645; x_wconf 91' lang='lat' dir='ltr'>nec</span> <span class='ocrx_word' id='word_1_289' title='bbox 2144 2607 2311 2644; x_wconf 85' lang='lat' dir='ltr'>malleus.</span> 
     </span>
     <span class='ocr_line' id='line_1_80' title="bbox 1617 2667 2354 2720; baseline -0.009 -11"><span class='ocrx_word' id='word_1_290' title='bbox 1617 2672 1900 2720; x_wconf 81' lang='lat' dir='ltr'>circumseptus</span> <span class='ocrx_word' id='word_1_291' title='bbox 1918 2669 2025 2706; x_wconf 89' lang='lat' dir='ltr'>miles</span> <span class='ocrx_word' id='word_1_292' title='bbox 2043 2669 2107 2705; x_wconf 91' lang='lat' dir='ltr'>hic</span> <span class='ocrx_word' id='word_1_293' title='bbox 2120 2668 2167 2704; x_wconf 89' lang='lat' dir='ltr'>ab</span> <span class='ocrx_word' id='word_1_294' title='bbox 2181 2667 2354 2704; x_wconf 89' lang='lat' dir='ltr'>hostibus</span> 
     </span>
     <span class='ocr_line' id='line_1_81' title="bbox 1617 2727 2285 2770; baseline -0.009 -1"><span class='ocrx_word' id='word_1_295' title='bbox 1617 2732 1737 2770; x_wconf 90' lang='lat' dir='ltr'>Cassis</span> <span class='ocrx_word' id='word_1_296' title='bbox 1753 2732 1891 2768; x_wconf 86' lang='lat' dir='ltr'>horum</span> <span class='ocrx_word' id='word_1_297' title='bbox 1908 2730 2064 2767; x_wconf 85' lang='lat' dir='ltr'>insultat</span> <span class='ocrx_word' id='word_1_298' title='bbox 2077 2727 2285 2765; x_wconf 88' lang='lat' dir='ltr'>conatibus.</span> 
     </span>
    </p>
   </div>
   <div class='ocr_carea' id='block_1_20' title="bbox 1686 2829 2236 3423">
    <p class='ocr_par' dir='ltr' id='par_1_23' title="bbox 1690 2829 2236 2998">
     <span class='ocr_line' id='line_1_82' title="bbox 1690 2829 2236 2880; baseline -0.005 -13"><span class='ocrx_word' id='word_1_299' title='bbox 1690 2832 1770 2868; x_wconf 86' lang='lat' dir='ltr'>Hac</span> <span class='ocrx_word' id='word_1_300' title='bbox 1787 2843 1854 2867; x_wconf 93' lang='lat' dir='ltr'>nos</span> <span class='ocrx_word' id='word_1_301' title='bbox 1869 2843 2020 2880; x_wconf 88' lang='lat' dir='ltr'>quoque</span> <span class='ocrx_word' id='word_1_302' title='bbox 2032 2858 2042 2875; x_wconf 96' lang='lat'>,</span> <span class='ocrx_word' id='word_1_303' title='bbox 2061 2829 2236 2871; x_wconf 81' lang='lat' dir='ltr'>Domine,</span> 
     </span>
     <span class='ocr_line' id='line_1_83' title="bbox 1692 2891 2176 2938; baseline -0.008 -10"><span class='ocrx_word' id='word_1_304' title='bbox 1692 2891 1816 2929; x_wconf 88' lang='lat' dir='ltr'>Turre</span> <span class='ocrx_word' id='word_1_305' title='bbox 1834 2902 1980 2938; x_wconf 90' lang='lat' dir='ltr'>semper</span> <span class='ocrx_word' id='word_1_306' title='bbox 1998 2895 2152 2938; x_wconf 87' lang='lat' dir='ltr'>protege</span> <span class='ocrx_word' id='word_1_307' title='bbox 2167 2917 2176 2932; x_wconf 96' lang='lat'>,</span> 
     </span>
     <span class='ocr_line' id='line_1_84' title="bbox 1692 2950 2097 2998; baseline -0.007 -10"><span class='ocrx_word' id='word_1_308' title='bbox 1692 2950 1802 2989; x_wconf 86' lang='lat' dir='ltr'>Vallo</span> <span class='ocrx_word' id='word_1_309' title='bbox 1819 2963 1886 2987; x_wconf 92' lang='lat' dir='ltr'>nos</span> <span class='ocrx_word' id='word_1_310' title='bbox 1904 2957 1943 2987; x_wconf 91' lang='lat' dir='ltr'>et</span> <span class='ocrx_word' id='word_1_311' title='bbox 1961 2962 2097 2998; x_wconf 86' lang='lat' dir='ltr'>aggere</span> 
     </span>
    </p>

    <p class='ocr_par' dir='ltr' id='par_1_24' title="bbox 1691 3010 2135 3059">
     <span class='ocr_line' id='line_1_85' title="bbox 1691 3010 2135 3059; baseline -0.005 -11"><span class='ocrx_word' id='word_1_312' title='bbox 1691 3012 1776 3048; x_wconf 91' lang='lat' dir='ltr'>Tuo</span> <span class='ocrx_word' id='word_1_313' title='bbox 1793 3010 1929 3047; x_wconf 90' lang='lat' dir='ltr'>vallans</span> <span class='ocrx_word' id='word_1_314' title='bbox 1946 3010 2115 3059; x_wconf 88' lang='lat' dir='ltr'>undique</span> <span class='ocrx_word' id='word_1_315' title='bbox 2126 3038 2135 3054; x_wconf 93' lang='lat'>,</span> 
     </span>
    </p>

    <p class='ocr_par' dir='ltr' id='par_1_25' title="bbox 1686 3071 2104 3181">
     <span class='ocr_line' id='line_1_86' title="bbox 1688 3071 2104 3120; baseline -0.005 -12"><span class='ocrx_word' id='word_1_316' title='bbox 1688 3073 1745 3108; x_wconf 89' lang='lat' dir='ltr'>Ne</span> <span class='ocrx_word' id='word_1_317' title='bbox 1762 3071 1845 3120; x_wconf 90' lang='lat' dir='ltr'>quis</span> <span class='ocrx_word' id='word_1_318' title='bbox 1864 3072 1964 3108; x_wconf 85' lang='lat' dir='ltr'>hosti</span> <span class='ocrx_word' id='word_1_319' title='bbox 1979 3077 2104 3119; x_wconf 90' lang='lat' dir='ltr'>pateat</span> 
     </span>
     <span class='ocr_line' id='line_1_87' title="bbox 1686 3131 2053 3181; baseline 0 -13"><span class='ocrx_word' id='word_1_320' title='bbox 1686 3131 1823 3168; x_wconf 89' lang='lat' dir='ltr'>Aditus</span> <span class='ocrx_word' id='word_1_321' title='bbox 1837 3143 1913 3181; x_wconf 91' lang='lat' dir='ltr'>quo</span> <span class='ocrx_word' id='word_1_322' title='bbox 1930 3131 2053 3168; x_wconf 88' lang='lat' dir='ltr'>feriat.</span> 
     </span>
    </p>

    <p class='ocr_par' dir='ltr' id='par_1_26' title="bbox 1688 3191 2219 3299">
     <span class='ocr_line' id='line_1_88' title="bbox 1688 3191 2219 3241; baseline -0.004 -13"><span class='ocrx_word' id='word_1_323' title='bbox 1688 3193 1788 3229; x_wconf 90' lang='lat' dir='ltr'>Hinc</span> <span class='ocrx_word' id='word_1_324' title='bbox 1804 3199 1843 3228; x_wconf 90' lang='lat' dir='ltr'>te</span> <span class='ocrx_word' id='word_1_325' title='bbox 1860 3191 2031 3241; x_wconf 88' lang='lat' dir='ltr'>quisquis</span> <span class='ocrx_word' id='word_1_326' title='bbox 2047 3191 2194 3227; x_wconf 88' lang='lat' dir='ltr'>invocat</span> <span class='ocrx_word' id='word_1_327' title='bbox 2210 3205 2219 3233; x_wconf 80' lang='lat'><em>3</em></span> 
     </span>
     <span class='ocr_line' id='line_1_89' title="bbox 1691 3251 2131 3299; baseline -0.007 -10"><span class='ocrx_word' id='word_1_328' title='bbox 1691 3254 1812 3289; x_wconf 91' lang='lat' dir='ltr'>Tutos</span> <span class='ocrx_word' id='word_1_329' title='bbox 1827 3264 1974 3289; x_wconf 88' lang='lat' dir='ltr'>somnos</span> <span class='ocrx_word' id='word_1_330' title='bbox 1992 3251 2131 3299; x_wconf 86' lang='lat' dir='ltr'>capiat,</span> 
     </span>
    </p>

    <p class='ocr_par' dir='ltr' id='par_1_27' title="bbox 1691 3311 2236 3423">
     <span class='ocr_line' id='line_1_90' title="bbox 1691 3311 2236 3362; baseline -0.007 -13"><span class='ocrx_word' id='word_1_331' title='bbox 1691 3314 1738 3349; x_wconf 89' lang='lat' dir='ltr'>Et</span> <span class='ocrx_word' id='word_1_332' title='bbox 1754 3325 1829 3362; x_wconf 88' lang='lat' dir='ltr'>quo</span> <span class='ocrx_word' id='word_1_333' title='bbox 1845 3324 1971 3349; x_wconf 90' lang='lat' dir='ltr'>sumus</span> <span class='ocrx_word' id='word_1_334' title='bbox 1988 3311 2072 3360; x_wconf 90' lang='lat' dir='ltr'>plus</span> <span class='ocrx_word' id='word_1_335' title='bbox 2090 3311 2236 3359; x_wconf 88' lang='lat' dir='ltr'>ignavi,</span> 
     </span>
     <span class='ocr_line' id='line_1_91' title="bbox 1693 3370 2148 3423; baseline -0.011 -12"><span class='ocrx_word' id='word_1_336' title='bbox 1693 3373 1777 3423; x_wconf 89' lang='lat' dir='ltr'>Ope</span> <span class='ocrx_word' id='word_1_337' title='bbox 1796 3374 1901 3410; x_wconf 90' lang='lat' dir='ltr'>muni</span> <span class='ocrx_word' id='word_1_338' title='bbox 1917 3384 1985 3409; x_wconf 90' lang='lat' dir='ltr'>nos</span> <span class='ocrx_word' id='word_1_339' title='bbox 2003 3370 2148 3418; x_wconf 82' lang='lat' dir='ltr'>majori.</span> 
     </span>
    </p>
   </div>
  </div>
 </body>
</html>
