2970 4152
1229 391 1231 393 -
1278 355 1595 405 APPENDIX.
2405 355 2459 402 74
2471 354 2499 400 5

1402 606 1475 665 V.

1222 780 1657 850 EPISTOLA

577 945 925 1001 HELmssAE
963 946 1053 998 AD
1092 946 1367 999 PETRUM
1407 945 1722 998 ABBATEM
1766 946 2300 999 GLUNIAGENSEM.

1184 1082 1295 1133 [Pag.
1331 1085 1401 1120 343
1438 1083 1524 1119 edit.
1561 1084 1695 1133 Amb.]

375 1441 501 1482 Petro
525 1436 858 1482 reverendissimo
882 1441 1060 1481 Domino
1087 1443 1129 1481 et
1147 1442 1331 1492 patriae
1349 1441 1575 1482 venerabili
1599 1440 1742 1481 abbati
1767 1440 2100 1481 Cluniae-ensium
2123 1439 2310 1481 Heloissa
2338 1439 2507 1480 humilis

923 1510 1002 1550 Dei
1020 1512 1059 1549 et
1077 1511 1165 1561 ejus
1184 1510 1340 1550 aneilla
1363 1512 1557 1562 spiritum
1584 1512 1729 1563 qratiae
1747 1510 1960 1551 salutaris.

440 1639 665 1686 Visitante
687 1655 771 1685 nos
791 1638 878 1684 Dei
894 1638 1222 1698 misericordia,
1243 1638 1518 1702 dignationis
1533 1648 1691 1686 vestrae
1710 1655 1793 1685 nos
1804 1638 2000 1685 visitavit
2016 1638 2174 1702 gratia.
2194 1636 2504 1696 Gratulamur,

374 1731 503 1786 pater
535 1721 880 1785 benignissime,
912 1731 980 1781 et,
1001 1720 1124 1784 quod
1148 1721 1204 1766 ad
1231 1722 1499 1784 parvitatem
1521 1731 1722 1767 nostram
1747 1720 2011 1784 magnitudo
2033 1730 2180 1767 vestra
2205 1719 2504 1778 descenderit,

373 1802 635 1867 gloriamur.
663 1804 744 1849 Est
760 1802 982 1866 siquidem
995 1812 1143 1849 vestra
1161 1803 1374 1862 visitatio,
1396 1820 1558 1866 magna
1576 1803 1749 1866 magnis
1772 1801 2049 1866 quibuslibet
2071 1801 2296 1865 gloriatio.
2326 1803 2509 1848 Norunt

373 1882 449 1931 alii
474 1894 696 1947 quantum
716 1883 780 1930 eis
804 1882 1011 1930 utilitatis
1029 1893 1187 1930 vestrae
1205 1882 1450 1930 contulerit
1472 1884 1710 1947 praesentia
1727 1882 2015 1930 sublimitatis
2034 1901 2044 1929 τ
2076 1900 2158 1946 ego
2183 1893 2304 1928 certe
2323 1899 2417 1928 non
2443 1882 2509 1927 di-

372 1980 471 2012 cam
494 1981 705 2010 enarrare
724 1964 875 2023 dictu,
903 1963 979 2010 sed
1005 1981 1088 2010 nec
1117 1964 1214 2027 ipso
1237 1963 1363 2011 valeo
1381 1964 1767 2028 comprehendere
1791 1964 2013 2028 cogitatu,
2043 1980 2176 2027 quam
2200 1962 2349 2021 utilis,
2373 1980 2508 2026 quam

367 2046 595 2109 jucundus
615 2056 763 2094 vester
779 2045 891 2091 mihi
916 2045 1054 2092 fuerit
1076 2045 1311 2092 adventus.
1338 2046 1490 2092 Abbas
1513 2057 1689 2106 noster,
1718 2046 1930 2093 dominus
1955 2055 2110 2091 noster
2132 2044 2250 2108 apud
2279 2061 2361 2090 nos
2385 2061 2508 2090 anno

371 2128 603 2192 praeterito
639 2144 721 2174 xVI
757 2125 961 2173 kalendis
1000 2126 1251 2173 decembris
1286 2126 1465 2173 missam
1500 2127 1781 2186 celebrastis,
1814 2127 1861 2174 in
1893 2144 1983 2191 qua
2014 2126 2204 2190 Spiritui
2235 2136 2390 2172 sancto
2425 2142 2507 2172 nos

370 2209 739 2269 commendastis,
768 2209 814 2254 in
836 2206 1035 2272 capitulo
1059 2207 1202 2254 divini
1227 2225 1309 2255 nos
1332 2209 1552 2255 sermonis
1572 2209 1720 2273 elogio
1737 2209 1940 2269 cibastis,
1964 2226 2129 2272 corpus
2152 2208 2352 2272 magistri
2377 2207 2508 2254 nobis

370 2288 556 2335 dedistis
579 2307 630 2336 ac
651 2289 921 2336 heneficium
944 2288 1239 2335 Cluniacense
1258 2290 1554 2336 concessistis.
1582 2290 1700 2336 Mihi
1722 2307 1904 2353 quoque
1919 2325 1931 2348 ,
1963 2306 2098 2352 quam
2123 2306 2205 2334 nec
2229 2287 2400 2334 ancillae
2422 2304 2505 2333 no·

370 2365 492 2415 mine
519 2369 702 2432 dignam
729 2367 933 2415 sublimis
955 2368 1186 2415 humilitas
1204 2379 1351 2415 vestra
1377 2379 1468 2415 tam
1491 2370 1661 2433 scripto
1685 2387 1821 2433 quam
1839 2369 1980 2415 verbo
2006 2386 2208 2415 sororem
2230 2385 2391 2414 vocare
2411 2384 2504 2414 non

370 2448 612 2512 dedignata
633 2458 728 2508 est,
761 2447 987 2511 singulare
1015 2448 1245 2511 quoddam
1269 2447 1392 2495 velut
1414 2450 1580 2495 amoris
1607 2459 1653 2495 et
1681 2449 1949 2495 sinceritatis
1972 2448 2256 2512 privilegium
2283 2447 2500 2507 donastis,

369 2528 679 2575 Tricenarium
709 2525 905 2586 scilicet,
938 2526 1062 2590 quod
1093 2527 1205 2572 mihi
1237 2525 1461 2574 defunctae
1485 2539 1733 2575 conventus
1762 2528 2068 2576 Cluniacensis
2096 2527 2385 2591 persolveret.
2427 2530 2504 2577 In·

369 2610 541 2656 dixistis
559 2610 695 2656 etiam
715 2609 838 2672 quod
855 2609 1028 2655 donum
1044 2608 1156 2655 illud
1178 2608 1379 2673 sigillatis
1401 2610 1729 2657 confirmaretis
1751 2611 1970 2679 apici-bus.
1998 2611 2135 2671 Quod
2162 2612 2312 2674 itaque
2335 2610 2499 2670 sorori,

370 2689 463 2736 imo
487 2688 658 2735 ancillae
687 2689 997 2748 concessistis,
1032 2688 1188 2747 frater,
1213 2688 1305 2734 imo
1329 2689 1540 2736 dominus
1555 2725 1567 2748 ,
1603 2690 1842 2754 impleatis.
1870 2690 2049 2738 Placeat
2071 2691 2205 2737 etiam
2227 2691 2355 2737 vobis
2380 2690 2502 2737 aliud

370 2768 479 2815 mihi
504 2767 700 2832 sigillum
716 2769 913 2829 mittere,
932 2769 979 2814 in
1000 2785 1091 2832 quo
1114 2768 1315 2832 magistri
1338 2768 1563 2816 absolutio
1583 2769 1744 2817 litteris
1767 2771 1932 2835 apertis
1955 2771 2266 2828 contineatur;
2291 2781 2342 2816 ut
2357 2769 2503 2833 sepul·

369 2864 449 2895 cro
468 2848 563 2911 ejus
581 2848 896 2911 suspendatur.
916 2848 1218 2894 Memineritis
1240 2858 1286 2895 et
1309 2865 1463 2895 amore
1485 2849 1572 2895 Dei
1592 2860 1637 2896 et
1649 2850 1791 2898 nostri
1804 2849 2046 2898 Astralabii
2060 2851 2211 2908 vestri,
2232 2861 2282 2897 ut
2303 2849 2500 2914 aliquam

371 2927 413 2973 ei
436 2926 506 2974 vel
531 2944 558 2974 a
581 2928 818 2991 parisiensi
839 2926 908 2974 vel
939 2926 1029 2974 alio
1051 2926 1255 2992 quolibet
1280 2928 1493 2993 episcopo
1520 2930 1810 2993 praebendam
1835 2931 2090 2995 acquiratis.
2120 2930 2249 2978 Vale.
2275 2930 2501 2977 Dominus

370 3006 451 3056 vos
473 3007 714 3070 custodiat,
740 3018 787 3056 et
807 3009 1093 3075 praesentiam
1111 3019 1305 3057 vestram
1330 3009 1604 3076 quandoque
1620 3012 1752 3060 nobis
1768 3012 1989 3060 exhibeat.
