2970 4152
531 423 627 471 334
1329 424 1499 471 PETRI
1535 426 1850 478 ABAELARDI

1735 525 1885 560 Amoris
1903 524 2096 572 impulsio,

1736 583 1862 631 Culpae
1880 584 2122 620 sanctificatio
2134 610 2145 630 ,

604 647 699 670 Ριῑτιιι
727 647 903 672 ABAELARDI
928 647 1099 671 umerus
1126 648 1217 673 num:
1243 649 1346 673 riusa
1372 650 1487 674 sacoa-
1617 654 1623 667 x
1706 634 1715 640 ⁶
1737 644 1912 690 Quibus‘
1933 650 2022 680 sunt
2039 643 2185 692 judicio

1734 702 1862 752 Culpae
1878 703 2108 740 diminutio?

1029 556 1058 590 Ι.

1712 784 1815 820 Levis
1832 792 1915 821 aetas
1926 785 2102 833 juvenilis

1761 835 1960 894 Minusque
1979 845 2157 891 discreta,

1711 905 1825 940 Ferre
1844 905 1990 941 minora
2002 907 2016 926 ⁰
2034 905 2204 943 discretis

518 817 522 821 ·
580 802 736 838 Abrahae
756 802 876 850 proles
891 803 1003 840 Israel
1016 806 1026 826 ¹
1047 812 1150 849 nata,

579 864 880 900 Patriarcharum
898 864 1077 915 sanguine
1094 866 1190 904 clara
1201 896 1210 913 ‚

579 924 832 960 Incircumcisi
851 925 920 961 viri
939 926 1088 975 rapina,

580 985 753 1022 Hominis
771 985 888 1034 spurii
909 986 1002 1023 facta
1021 999 1103 1023 sum
1123 987 1255 1036 praeda.
1759 965 1898 1002 Debmt
1915 979 1955 1002 ¹¹¹
1970 979 2092 1015 Poena·

579 1046 740 1083 Generis
755 1047 869 1083 sancti
890 1047 1033 1084 macula
1052 1060 1194 1084 summa
1205 1077 1215 1094 ,
1714 1048 1773 1082 Ira
1789 1047 1948 1083 fratrum
1965 1059 2010 1084 ex
2024 1047 2170 1084 honore

580 1107 699 1143 Plebis
716 1107 873 1144 adversae
888 1107 986 1145 ludis
1003 1108 1126 1145 illusa!
1759 1108 1848 1145 Fuit
1862 1107 2054 1154 lenienda,

677 1168 743 1205 Vae
760 1168 854 1204 mihi
875 1169 1016 1205 miserae
1713 1169 1836 1215 Quem
1858 1168 1919 1204 his
1935 1169 2024 1205 fecit
2039 1170 2213 1218 princeps
2228 1176 2333 1206 terrae

675 1229 747 1265 Per
763 1236 902 1266 memet
919 1228 1097 1277 perditaess
1759 1229 1879 1265 Ducta
1895 1229 2104 1278 peregrina.

536 1316 639 1363 Quid
656 1316 881 1365 alienigenas
893 1316 909 1337 ²
921 1316 1074 1364 juvabat
1089 1328 1149 1352 me
1166 1316 1342 1351 cernere?
1807 1310 1873 1347 Vae
1890 1309 2008 1354 mihi,

536 1378 658 1423 Quam
675 1376 770 1414 male
788 1389 870 1413 sum
886 1377 1033 1425 cognita
1049 1376 1174 1412 volens
1189 1375 1257 1411 has
1273 1376 1544 1422 cognoscere³?
1810 1370 1875 1409 Vae
1891 1370 1961 1407 tibi
1974 1399 1984 1416 ‚

677 1438 743 1475 Vae
761 1438 853 1474 mihi
872 1438 1031 1479 miserae,
1739 1430 1950 1467 Miserande
1963 1430 2110 1478 juvenis
2123 1457 2133 1473 ‚

675 1499 748 1534 Per
765 1504 902 1534 memet
917 1496 1088 1546 perditae!
1308 1519 1311 1524 ·
1808 1491 1853 1526 In
1870 1498 2033 1539 stragem

1809 1550 2058 1587 Communem
2076 1553 2088 1570 '¹

655 1585 802 1622 Sichem
821 1586 860 1621 in
877 1585 1032 1620 exitium
1740 1611 1776 1646 G
1846 1611 1853 1618 .
2113 1611 2120 1618 .
2154 1611 2160 1618 .

1778 1618 1874 1647 entis
1890 1617 2000 1648 tantae
2017 1610 2182 1647 concidis
2197 1613 2204 1647 Ε

655 1643 749 1680 Nate
766 1644 821 1680 tui
839 1644 983 1692 generis
994 1670 1004 1688 ‚

656 1703 802 1740 Nostris
817 1704 856 1740 in
872 1703 1115 1752 opprobrium
2113 1729 2152 1764 Π

654 1765 789 1813 Perpes
806 1764 899 1800 facta
915 1763 1089 1812 posteris!
2157 1755 2166 1763 “

679 1824 744 1862 Vae
761 1824 829 1860 tibi
849 1824 985 1860 misero

676 1885 748 1921 Per
764 1891 880 1921 temet
895 1884 1061 1933 perdito!
1459 1933 1461 1938 y
2111 1898 2166 1906 —

1794 1813 1965 1837 PLANGTUS
1990 1813 2091 1838 ,lacon
2116 1814 2217 1838 SUPER
2242 1815 2360 1841 riuos
2387 1817 2478 1842 SUOS.

1740 1954 1911 1990 Infelices
1927 1954 2013 2000 filii,

1741 2015 1851 2051 Patre
1867 2015 1944 2051 nati
1961 2015 2098 2051 misero
2109 2044 2118 2061 ‚

1741 2075 1847 2111 Novo
1864 2087 1948 2111 meo
1964 2075 2093 2112 sceleri

1744 2135 1845 2171 Talis
1861 2135 1973 2171 datur
1991 2136 2100 2172 ultio.

654 1973 807 2008 Frustra
825 1971 1059 2008 circumcisio

654 2033 759 2069 Fecit
775 2040 811 2069 te
827 2031 1053 2082 proselytum
1070 2060 1079 2079 ,

655 2094 738 2129 Non
754 2092 879 2129 volens
893 2092 1052 2128 infamiae

656 2153 804 2189 Tollere
821 2153 1057 2201 praeputium.

679 2214 746 2251 Vae
763 2213 834 2249 tibi
852 2213 987 2249 misero

680 2275 754 2311 Per
769 2280 885 2311 temet
898 2272 1063 2322 perdito!
1742 2231 1860 2278 cujus
1878 2237 1934 2266 θεῖ
1949 2230 2083 2279 flagltn

1743 2291 1908 2327 Tantum
1927 2290 2107 2327 damnum
2124 2294 2260 2341 passio,

656 2362 815 2398 Coactus
835 2373 893 2397 me
910 2372 1056 2408 rapere,
1744 2350 1831 2396 Quo
1849 2358 2000 2399 peccato
2018 2352 2138 2388 mffl'Ui

658 2423 739 2458 Mea
755 2428 884 2470 raptus
901 2420 1020 2469 specie
1032 2448 1041 2465 ‚
1742 2411 1824 2447 Hoc
1840 2411 1945 2447 feriri
1962 2411 2113 2460 gladio?

658 2483 797 2529 QUOViS
813 2493 942 2529 expers
958 2480 1070 2516 ‘'⁶¹¹5ae
1127 2482 1130 2486 ⁴
1742 2493 1881 2541 Joseph
1897 2492 2011 2530 decus
2032 2496 2196 2542 genetiS‚

656 2543 741 2579 Non
759 2542 888 2578 fuisses
899 2540 1041 2589 judice.
1654 2551 1658 2555 '
1742 2552 1927 2589 Filiorum
1947 2553 2082 2603 gloria,

681 2630 766 2666 Non
786 2630 838 2665 sic
858 2627 1064 2671 censuistis,
1567 2673 1570 2674 ⁷
1685 2630 1692 2672 ζ
1735 2613 1949 2671 ἔΒΕῩΟῚῬῑΠΒ
1966 2614 2095 2670 Βθθῑῇἓ

682 2690 833 2727 Simeon
848 2695 886 2724 et
903 2688 1008 2732 Levi,
1744 2673 1868 2711 Morte
1886 2675 1964 2711 ruit
1980 2677 2152 2724 pessima.

681 2752 727 2787 In
741 2751 814 2786 hoc
833 2750 929 2786 facto
945 2748 1056 2784 nimis
1070 2753 1083 2770 ⁴
1328 2784 1330 2786 ,
1743 2757 1896 2795 Simeon
1911 2759 1952 2795 in
1970 2760 2128 2805 vjncufis

681 2809 861 2847 Cl‘UdeleS
877 2816 915 2845 et
930 2808 996 2856 Pii·
1212 2843 1214 2846 >
1734 2810 1828 2855 xMea
1843 2809 2112 2865 luitcrin‘lina3

1743 2880 1833 2915 Post
1851 2886 2011 2916 matrem
2028 2890 2067 2917 et
2082 2881 2275 2930 Benjamin

635 2899 857 2935 Innocentes
874 2897 1088 2945 coaequastis

1745 2939 1777 2974 N
1783 2951 1856 2975 unc
1871 2941 1976 2977 amisi
1995 2941 2141 2989 gaudia.

682 2961 727 2995 ln
746 2970 853 3007 poena
869 2956 1035 3001 nocenti,

635 3020 739 3066 Quin
755 3025 793 3054 et
809 3025 953 3066 patrem
973 3017 1233 3066 perturbastis,
1722 3014 1861 3062 Joseph
1882 3014 2040 3051 fratrum
2061 3016 2217 3061 invidia,

684 3079 747 3117 Ob
763 3079 841 3115 haec
859 3077 1069 3114 execrandi.
1722 3074 1853 3110 Divina
1873 3074 2026 3122 pollens¹
2033 3077 2150 3124 gratia
2165 3105 2175 3121 ,

590 3201 598 3217 ¹
624 3199 735 3234 Greith
753 3198 894 3234 Israelis.
910 3218 948 3223 -
967 3199 980 3217 ⁸
995 3199 1108 3233 Greith
1122 3202 1321 3242 alieniyenis.
1343 3217 1377 3223 —-
1396 3200 1408 3217 ³
1427 3198 1540 3232 Grcith
1562 3211 1569 3230 ε
1629 3215 1667 3220 -
1685 3196 1699 3214 ⁸
1711 3196 1823 3230 Greith
1838 3201 1922 3239 quis.
1938 3216 1979 3221 —
1994 3197 2008 3215 ⁶
2027 3198 2139 3232 Greith
2161 3203 2266 3234 minus
2282 3211 2314 3234 a.
2332 3219 2368 3226 -
2386 3201 2396 3218 '¹
2413 3202 2526 3236 Greiih
2542 3217 2550 3235 ι

809 3270 895 3300 Quam
907 3269 975 3295 male
987 3278 1047 3295 sum
1059 3270 1170 3303 cognita
1760 3266 1762 3268 ’
1930 3281 1975 3306 Vae
1986 3280 2054 3306 mihi
2063 3299 2071 3311 ,
2086 3290 2124 3307 vm
2136 3281 2188 3307 tibi

808 3318 908 3343 Volens
919 3317 968 3343 has
976 3325 1149 3352 cognoscere.
1911 3324 2064 3355 Miserande
2075 3331 2184 3365 juvenis
2192 3349 2200 3361 ,

544 3400 587 3407 --
600 3382 612 3399 ⁴
629 3379 740 3414 Greitb
755 3392 764 3412 2
1932 3379 1962 3404 ln
1975 3382 2093 3412 stragem
2104 3387 2284 3408 communem.

810 3444 839 3468 ln
853 3442 947 3469 eodem
959 3442 1031 3469 sacto

810 3492 896 3518 Nimis
908 3491 1032 3518 crudeles
1044 3497 1069 3517 et
1082 3494 1129 3526 pii.
