2970 4152
507 357 602 405 674
1308 354 1479 401 PETRI
1515 354 1828 404 ABAELARDI

506 449 679 498 Calidae
699 449 878 515 quippe
900 457 1080 496 naturae
1103 447 1310 495 fructum
1328 447 1462 496 hunc
1482 448 1560 496 vel
1581 449 1748 497 vinum
1769 450 1884 498 hinc
1907 465 2179 514 expressum
2204 466 2306 498 esse
2336 462 2524 501 constat
2540 490 2552 512 ,
2578 463 2625 503 et

504 531 554 578 in
587 529 824 578 luxuriam
853 528 1059 576 maxime
1080 518 1410 588 commovere,
1431 528 1565 591 juxta
1592 528 1710 587 illud
1737 529 1976 594 Apostoli¹
2000 547 2010 576 :
2035 530 2234 577 «Nolite
2263 531 2489 580 inebriari
2509 533 2624 594 vino

505 610 555 656 in
578 626 676 674 quo
699 618 770 656 est
789 608 991 655 luxuria.
1016 626 1040 651 >›
1065 606 1339 654 Secundum
1370 624 1526 672 quem,
1543 610 1687 656 etiam
1716 608 1910 655 luxuriae
1939 618 2127 655 motum
2155 609 2204 656 in
2234 610 2399 674 primis
2424 611 2513 658 illis
2532 611 2624 660 ho-

506 689 716 737 minibus
738 688 851 736 inde
873 688 1050 735 factum
1067 724 1078 746 ,
1105 687 1166 734 de
1187 704 1286 751 quo
1309 686 1642 736 erubescentes
1668 688 1821 736 171Γί113
1849 698 2092 748 texerunt,
2124 705 2224 736 non
2258 690 2522 754 incongrue
2551 692 2624 739 vi·

507 769 646 816 detur
685 768 892 828 dictum,
925 769 1132 816 scientiae
1159 768 1279 815 boni
1307 778 1355 816 et
1385 768 1500 816 mali
1532 769 1673 816 fuisse
1707 768 1824 816 illud
1857 768 2057 832 lignum.
2083 770 2302 834 Denique
2337 770 2479 834 hujus
2510 771 2627 836 ligni

505 861 694 914 gustum
707 888 718 910 ,
743 851 793 897 in
817 867 915 915 quo
939 849 1092 898 Adam
1114 849 1346 897 excedens
1369 860 1468 897 tam
1489 866 1540 897 se
1561 866 1708 914 quam
1730 858 1948 913 posteros
1969 851 2122 913 poenae
2140 849 2343 910 addixit,
2365 851 2414 897 in
2438 845 2627 901 tantum

504 932 755 995 posteritas
777 931 877 994 ejus
899 929 1215 995 postmodum
1236 929 1510 988 abhorruit,
1536 929 1613 976 vel
1634 929 1785 976 vitare
1808 928 2043 988 decrevit,
2068 939 2123 976 ut
2145 939 2255 977 ante
2279 930 2512 978 diluvium
2539 924 2627 981 ne-

506 1029 587 1059 mo
609 1013 777 1059 vinum
800 1012 1007 1076 attigisse
1030 1011 1268 1071 credatur,
1294 1012 1431 1076 quasi
1453 1027 1639 1057 memor
1661 1026 1815 1074 poenae
1837 1026 1984 1074 quam
2005 1027 2062 1057 ex
2089 1021 2339 1059 contractu
2361 1012 2627 1062 incurrerat

506 1093 637 1139 vetiti
661 1092 857 1139 fructus.
884 1095 996 1139 Post
1019 1091 1253 1146 diluvium
1276 1094 1376 1139 Noe
1397 1091 1611 1156 plantata
1632 1091 1797 1150 vinea,
1822 1091 1959 1155 quasi
1980 1090 2263 1155 supradictae
2290 1093 2624 1156 transgressio·

503 1172 577 1219 nis
599 1173 872 1231 immemor,
898 1171 1160 1219 inebriatus
1186 1172 1302 1219 vino
1328 1181 1639 1229 memoratur,
1666 1181 1713 1218 et
1740 1171 1901 1218 statim
1933 1169 2215 1234 genitalibus
2249 1172 2345 1218 suis
2373 1171 2627 1222 denudatis

502 1252 751 1317 turpitudo
775 1252 875 1316 ejus
897 1252 1135 1318 apparuit.
1161 1252 1237 1299 Sic
1259 1262 1307 1299 et
1328 1252 1377 1298 in
1400 1251 1566 1316 primis
1585 1250 1863 1315 parentibus
1882 1250 2060 1298 factum
2078 1251 2255 1311 fuerat,
2274 1252 2357 1316 qui
2375 1262 2485 1317 post
2499 1268 2629 1300 com-

503 1333 702 1380 missum
721 1333 876 1380 vetitae
903 1331 1087 1379 arboris
1116 1342 1305 1396 gustum
1333 1331 1501 1378 nudati
1527 1331 1815 1390 referuntur,
1842 1340 1890 1378 et
1916 1330 1977 1378 de
2004 1348 2090 1379 sua
2122 1331 2338 1379 nuditate
2370 1349 2483 1379 mox
2515 1349 2631 1381 eru-

502 1411 691 1472 buisse,
718 1423 766 1459 et
787 1412 848 1459 ad
870 1412 1073 1476 tegenda
1095 1411 1323 1476 pudenda
1347 1411 1507 1458 statim
1536 1410 1804 1470 festinasse,
1828 1411 1951 1458 sicut
1979 1420 2027 1458 et
2054 1411 2115 1459 de
2144 1413 2245 1458 Noe
2276 1410 2376 1458 duo
2410 1412 2510 1476 ers
2543 1410 2631 1462 filii

502 1503 813 1552 curaverunt,
839 1493 980 1540 tertio
1002 1502 1189 1557 patrem
1209 1491 1454 1538 irridente.
2424 1488 2434 1491 ”

572 1590 597 1617 α
613 1575 672 1619 Et
694 1572 883 1620 fluvius.
905 1591 928 1617 »
949 1572 1003 1619 Id
1025 1589 1219 1636 quoque
1241 1571 1303 1619 ad
1326 1570 1693 1619 describendam
1715 1571 2040 1619 amoenitatem
2060 1570 2156 1619 loci
2182 1571 2411 1637 pertinet,
2429 1582 2494 1637 ,ut
2516 1589 2633 1621 cum

502 1650 755 1699 arboribus
773 1652 1046 1716 jocunditas
1069 1668 1263 1717 quoque
1285 1651 1418 1699 fluvii
1439 1650 1622 1699 incolas
1642 1650 1748 1698 illos
1770 1650 2049 1698 oblectaret.

569 1734 685 1779 «De
704 1731 814 1779 loco
836 1732 1157 1798 voluptatis.»
1182 1735 1286 1779 Hoc
1308 1742 1380 1780 est
1402 1731 1504 1779 de
1492 1748 1597 1796 ipso
1626 1731 1875 1796 paradiso,
1900 1748 2002 1778 non
2038 1730 2099 1778 de
2135 1731 2249 1779 foris
2283 1730 2516 1792 influens,
2541 1732 2632 1782 sed.-

502 1810 596 1859 de
583 1828 688 1876 ipso
710 1811 934 1877 paradiso
957 1812 1084 1859 intus
1107 1828 1334 1872 nascens,
1356 1821 1410 1859 ut
1433 1812 1598 1859 omnia
1617 1811 1668 1858 in
1690 1827 1741 1859 se
1763 1811 2030 1859 necessaria
2055 1811 2304 1859 continere
2334 1822 2630 1861 monstretur

501 1909 602 1940 non
624 1893 817 1943 aliunde
839 1895 1071 1959 accipere.
2612 1902 2619 1908 ”

570 1993 595 2020 «
614 1975 685 2022 Ad
707 1975 1021 2040 irrigandum
1042 1994 1066 2020 »
1091 1978 1152 2022 Et
1172 1975 1383 2023 virorem
1403 1983 1691 2040 perpetuum
1712 1974 1755 2021 ei
1776 1972 2144 2032 conferendum,
2165 1982 2220 2020 ut
2234 1973 2365 2021 nulla
2383 1972 2451 2020 ibi
2466 1969 2633 2039 pluvia·

503 2065 624 2103 esset
645 2057 927 2104 necessaria.
2597 2105 2604 2114 ,

571 2136 750 2182 «Inde.
775 2154 798 2180 »
825 2136 965 2183 Unde
988 2135 1210 2183 videlicet
1231 2134 1292 2182 de
1319 2145 1445 2183 terra
1473 2134 1723 2199 egrediens
1751 2133 2052 2197 emergebat,
2077 2132 2153 2180 vel
2182 2125 2246 2181 de'
2270 2134 2376 2198 ipso
2403 2133 2627 2199 paradiso

500 2231 653 2279 quum
674 2216 877 2262 exterius
899 2214 1222 2279 egrederetur,
1247 2215 1467 2279 quamvis
1487 2215 1537 2261 in
1559 2215 1665 2278 ipso
1687 2212 1912 2278 paradiso
1935 2213 2071 2277 quasi
2091 2229 2216 2260 unus
2237 2223 2360 2261 esset
2380 2213 2570 2262 fluvius.

569 2314 599 2340 «-
617 2299 671 2342 In
694 2305 903 2360 quatuor
924 2295 1098 2359 capita.
1124 2313 1148 2339 »
1174 2293 1229 2340 Id
1251 2304 1322 2342 est
1336 2331 1348 2354 ,
1374 2294 1425 2340 in
1449 2294 1657 2357 origines
1686 2302 1894 2357 quatuor
1925 2292 2186 2340 fluviorum
2215 2292 2318 2340 haec
2348 2292 2403 2340 fit
2433 2292 2623 2359 divisio.

502 2375 594 2422 Ubi
617 2375 747 2422 enim
769 2374 940 2422 divisio
963 2374 1065 2429 haec
1086 2374 1277 2438 incipit,
1301 2373 1424 2421 inde-
1437 2373 1620 2421 habent
1642 2372 1842 2420 flumina
1863 2372 2115 2436 distingui,
2140 2373 2254 2437 quia
2275 2383 2386 2421 ante
2407 2372 2534 2421 hanc
2556 2372 2629 2422 di·
2651 2411 2658 2420 .

474 2482 479 2489 -
500 2457 736 2504 visionem
757 2465 860 2503 tota
880 2454 962 2503 illa
981 2471 1107 2544 aqua
1129 2471 1215 2519 per
1236 2471 1390 2501 unum
1412 2454 1602 2502 alveum
1630 2453 1901 2501 discurrens
1929 2453 2102 2502 fluvius
2130 2470 2255 2501 unus
2289 2453 2496 2502 dicenda
2529 2463 2600 2504 est
2613 2490 2635 2513 ,.

501 2536 598 2583 sive
617 2535 728 2583 fons
748 2552 874 2583 unus
896 2544 944 2582 et
965 2535 1101 2599 origo
1123 2534 1317 2582 illorum
1338 2535 1546 2599 quatuOr
1567 2533 1843 2580 fluviorum.

570 2635 594 2662 «
614 2619 801 2664 Nomen
822 2615 974 2663 uni.»
998 2614 1231 2663 Videlicet
1252 2612 1399 2680 capiti
1424 2614 1604 2662 horum
1632 2623 1858 2679 quatuor.
1885 2599 2043 2671 Sto&
2043 2611 2174 2675 enim
2200 2612 2373 2661 fluvius
2405 2613 2630 2678 quislibet

501 2699 678 2747 horum
701 2707 912 2763 quatuor
930 2713 959 2744 a
981 2698 1136 2762 capite
1158 2713 1246 2744 suo
1267 2695 1416 2744 habet
1438 2695 1692 2760 distingui,
1709 2696 1776 2743 ita
1791 2704 1838 2742 et
1856 2711 1884 2743 a
1899 2694 2054 2783 capite
2071 2693 2220 2763 habet
2234 2695 2499 2755 nominari,
2517 2695 2632 2760 quia

503 2795 654 2843 usque
677 2778 739 2825 ad
760 2777 952 2825 initium
971 2775 1096 2824 1111115
1119 2776 1368 2824 divisionis
1388 2785 1493 2823 tota
1513 2775 1639 2823 illius
1659 2774 1796 2866 fluvii
1814 2782 1946 2842 aqua
1960 2774 2039 2821 sic
2036 2768 2126 2831 'vel
2147 2773 2217 2853 s'ic
2235 2768 2517 2823 ridlhinatur
2543 2773 2638 2823 do·-

503 2874 592 2906 nec
614 2874 747 2905 mare
768 2855 1997 2921 ingreditur..
2036 2901 2041 2905 ,

570 2958 594 2984 «
615 2941 720 3004 Ipse
749 2947 887 2986 est.»
917 2940 1021 2984 Hoc
1047 2952 1339 3002 pronomem
1366 2935 1620 2984 relativum
1645 2954 1671 2980 «
1689 2929 1817 3000 ipse,
1841 2953 1866 2979 »
1892 2950 2043 2999 quum
2070 2934 2131 2982 sit
2164 2933 2414 2982 masculini
2445 2934 2638 2998 generis-

503 3019 770 3068 secundum
790 3018 1135 3084 proprietatem
1163 3015 1562 3077 constructionis,
1586 3013 1917 3064 reducendum
1947 3024 2018 3062 est
2045 3015 2109 3063 ad
2135 3014 2232 3062 hoc
2259 3030 2440 3062 nomen
2469 3033 2492 3059 «
2517 3013 2629 3062 Phi·

504 3114 620 3160 son,
646 3118 670 3144 »
695 3116 798 3153 non
819 3097 882 3146 ad
904 3097 1023 3146 illud
1043 3098 1184 3164 quod
1199 3098 1497 3163 praemissum
1518 3104 1613 3157 est,
1639 3097 1725 3144 uni
1745 3088 1969 3144 videlicet
1990 3096 2151 3162 capiti.

573 3198 598 3225 «
615 3181 824 3246 Omnem
838 3188 1067 3226 terram.»
1082 3181 1174 3226 Pro
1191 3177 1364 3243 majori
1374 3187 1510 3243 parte
1526 3176 1659 3237 dicit,
1677 3193 1830 3242 quum
1842 3175 2000 3224 nullus
2017 3176 2189 3224 fluvius
2203 3159 2412 3241 aliquam
2425 3175 2627 3223 omnino

505 3258 887 3310 terramcircuire
895 3259 1061 3324 possit,
1072 3275 1223 3324 quum
1235 3257 1508 3314 nullatenus
1516 3256 1951 3324 perillampartem,
1963 3256 2243 3322 quainfluit,
2258 3249 2625 3321 effluerepossit.

550 3439 559 3456 ¹
585 3439 721 3480 Ephes„
739 3447 813 3482 cap.
827 3447 859 3478 v,
875 3447 907 3470 v.
926 3438 979 3469 18.
