2970 4152
1019 352 1078 398 ΙΝ
1111 350 1322 398 NATALI
1358 349 1565 398 DOMINI
1600 349 1816 396 SERMO.
2375 347 2469 395 363

357 443 572 491 sibilitate
606 442 710 490 talis
746 453 1005 508 conceptus
1037 459 1125 490 nec
1158 442 1342 489 dubitet
1373 442 1573 502 femina,
1608 442 1803 506 quando
1834 440 2053 488 videlicet
2082 440 2183 487 haec
2220 441 2392 487 femina
2422 442 2469 487 in

356 541 462 572 eam
501 535 727 589 tanquam
765 525 816 570 in>
852 534 1024 571 terram
1063 523 1314 588 promissio
1349 523 1514 586 jecerit
1546 522 1780 587 angelica,
1824 521 1986 569 dicens
2003 524 2047 568 ¹:
2093 541 2116 566 «
2160 523 2278 567 Ecce
2315 521 2474 567 conci-

356 606 481 669 pies,
520 615 609 652 etc.
644 623 669 649 »
708 607 828 652 Cum
859 621 956 669 quo
985 603 1124 651 simul
1149 603 1328 668 justitia
1351 603 1520 663 oritur,
1553 604 1665 667 quia
1695 604 1796 668 ipse
1826 619 1925 649 non
1964 602 2120 648 solum
2142 601 2295 665 justus
2322 601 2369 646 in
2396 617 2469 658 se,

357 685 440 732 sed
460 686 603 733 etiam
621 702 710 733 nos
730 701 816 751 per
834 684 978 733 fidem
997 686 1092 744 sui,
1115 702 1215 732 non
1239 701 1326 749 per
1343 700 1488 748 opera
1508 684 1622 748 legis
1642 682 1902 747 justificans
1916 719 1928 742 ,
1960 702 1983 727 α
2004 683 2154 730 factus
2178 691 2273 741 est,
2292 700 2315 725 ι)
2343 690 2394 727 ut
2412 682 2472 727 ait

357 765 649 830 Apostolus²,
676 785 700 810 «
720 765 947 830 sapientia
963 765 1101 811 nobis
1115 781 1142 811 a
1155 767 1275 824 Deo,
1294 773 1340 811 et
1354 764 1583 827 justitia.»
1607 767 1744 828 «Ego
1762 764 1996 810 Dominus
2017 763 2173 809 creavi
2189 778 2350 809 eum.»
2372 764 2473 808 Hoc

359 855 452 904 est,
477 845 538 892 ab
561 855 736 893 aeterno
757 845 857 908 jam
882 845 1092 910 disposui
1117 845 1242 891 hanc
1266 845 1367 908 ejus
1384 834 1698 903 creationem,
1721 860 1820 891 non
1843 860 1928 909 per
1945 842 2254 890 concubitum
2271 841 2470 900 virilem,

358 924 442 972 sed
459 942 546 990 per
575 941 690 972 meae
714 927 936 990 potentiae
955 942 1178 990 peragere
1196 926 1435 972 virtutem.
1466 925 1610 982 Quod
1635 941 1747 989 ergo
1773 924 1836 971 ibi
1869 905 2095 987 tanquam
2125 924 2336 970 futurum
2361 939 2475 987 prae-

358 1004 530 1052 dicitur
557 1024 566 1051 :
604 1025 627 1050 «
650 1006 896 1071 Aperiatur
926 1013 1049 1052 terra
1074 1015 1121 1052 et
1147 1005 1377 1069 germinet
1395 1005 1686 1052 Salvatorem
1704 1041 1716 1065 ‚
1748 1024 1771 1050 »
1803 1004 1883 1051 hic
1907 1005 2041 1068 quasi
2061 1004 2161 1067 jam
2185 1002 2475 1068 completum

358 1085 674 1132 ostenditur³t
705 1106 728 1130 «
757 1088 898 1132 Terra
920 1085 1051 1132 dedit
1074 1086 1279 1132 fructum
1302 1102 1459 1132 suum.
1491 1104 1516 1130 »
1785 1129 1787 1132 .

390 1204 394 1207 ,
425 1165 568 1222 Quod
603 1182 718 1212 vero
743 1165 995 1212 subditur:
1027 1185 1050 1209 «
1080 1165 1332 1212 Benedicat
1364 1168 1541 1225 Deus‘,
1568 1183 1591 1209 »
1623 1165 1775 1211 oratio
1804 1174 1874 1211 est
1906 1164 2189 1229 postulantis
2222 1162 2476 1210 efficaciam

301 1294 305 1300 ,
360 1245 502 1308 hujus
519 1245 719 1305 fructus,
754 1246 804 1292 in
829 1245 906 1292 illa
930 1245 1150 1292 videlicet
1173 1245 1507 1292 benedictione
1532 1245 1644 1292 inde
1663 1244 1847 1291 mundo
1872 1245 2127 1309 promissa,
2158 1260 2263 1308 quae
2286 1242 2480 1289 Abrahae

361 1325 518 1389 primo
545 1325 666 1372 facta
699 1335 791 1384 est,
820 1342 969 1389 quum
990 1326 1033 1372 ei
1052 1341 1079 1372 a
1098 1325 1308 1371 Domino
1334 1325 1545 1385 dicitur⁸⁵,
1576 1326 1687 1388 quia
1709 1344 1731 1369 «
1753 1325 1802 1371 in
1829 1326 2011 1372 semine
2031 1335 2113 1371 tuo
2137 1324 2481 1371 benedicentur

362 1421 530 1452 omnes
550 1414 727 1468 gentes.
749 1424 772 1450 »
801 1408 855 1451 ln
882 1405 1038 1469 primo
1069 1405 1248 1470 quippe
1268 1404 1416 1451 Adam
1444 1414 1566 1451 terra
1585 1404 1856 1462 maledicta,
1883 1406 1930 1451 in
1948 1404 2160 1452 secundo
2183 1403 2481 1451 benedictio-

363 1501 475 1531 nem
506 1486 683 1550 recepit
706 1504 715 1531 z
754 1486 865 1549 quia
887 1484 963 1531 ille
988 1485 1036 1531 in
1071 1484 1524 1532 condemnationem
1554 1501 1722 1531 omnes
1746 1501 1904 1531 secum
1943 1485 2117 1550 pariter
2150 1484 2312 1547 traxit,
2338 1500 2365 1530 a
2390 1499 2482 1546 qua

364 1582 454 1612 nos
489 1566 575 1612 iste
611 1565 740 1612 solus
764 1565 993 1624 liberans,
1021 1575 1073 1612 ut
1097 1565 1289 1630 proprie
1314 1568 1469 1625 Jesus,
1502 1565 1550 1612 id
1582 1575 1649 1612 est
1679 1564 1909 1624 Salvator,
1947 1574 2223 1624 vocaretur,
2256 1563 2476 1610 obtinuit.

366 1649 484 1692 Ante
518 1645 777 1693 adventum
808 1647 985 1711 quippe
1010 1646 1155 1710 ipsius
1179 1646 1294 1709 justi
1320 1647 1462 1693 etiam
1489 1645 1616 1711 apud
1647 1646 1823 1692 inferos
1847 1655 2044 1710 propter
2066 1655 2312 1710 peccatum
2344 1645 2485 1709 primi

366 1724 575 1772 hominis
598 1726 953 1791 plectebantur3
977 1743 1064 1791 pro
1085 1724 1257 1790 quibus
1278 1725 1391 1773 inde
1408 1725 1663 1773 liberandis
1678 1727 1779 1792 ipse
1801 1742 1995 1790 quoque
2012 1725 2075 1772 ad
2099 1725 2274 1772 inferos
2291 1724 2486 1771 descen-

367 1807 480 1854 dere
506 1807 726 1872 dignatus
751 1818 842 1867 est,
873 1808 989 1855 illud
1018 1811 1151 1855 Oseae
1182 1808 1430 1873 complens
1457 1808 1786 1855 vaticinium⁶:
1821 1827 1845 1853 c<
1865 1810 1907 1855 O
1932 1824 2088 1867 mors,
2117 1822 2200 1854 ero
2220 1822 2350 1853 mors
2372 1815 2479 1852 tua:

368 1903 555 1935 morsus
582 1898 692 1935 tuus
714 1905 823 1949 ero,
851 1889 1050 1936 inferne.
1079 1908 1102 1933 »
1131 1891 1302 1954 Aperta
1326 1890 1484 1954 itaque
1514 1906 1598 1955 per
1617 1890 1772 1954 ipsum
1795 1889 1895 1953 jam
1922 1887 2062 1935 nobis
2081 1887 2227 1951 janua
2249 1886 2482 1952 paradisi,

366 1977 420 2014 ut
438 1968 655 2016 videlicet
680 1969 838 2017 nullus
863 1970 1124 2017 electorum
1151 1969 1354 2035 amplius
1372 1987 1399 2016 a
1420 1986 1566 2034 regno
1587 1969 1845 2030 differatur,
1871 1969 1999 2017 illam
2017 1969 2116 2033 jam
2139 1969 2486 2033 querimoniam

366 2047 577 2095 fidelium
605 2050 804 2114 sopivit⁷
828 2069 837 2096 :
869 2069 891 2095 «
918 2053 1076 2096 Patres
1093 2050 1243 2096 nostri
1259 2050 1574 2097 comederunt
1592 2067 1734 2097 uvam
1756 2049 1975 2097 acerbam
1993 2084 2005 2109 ,
2028 2059 2076 2097 et
2093 2048 2259 2096 dentes
2278 2047 2485 2095 filiorum

366 2127 773 2193 obstupescunt.»
794 2133 1012 2187 Quorum
1028 2129 1224 2194 quidem
1249 2131 1558 2194 querimoniae
1577 2132 1732 2177 statim
1765 2131 1865 2196 ipse
1881 2130 2199 2197 respondens,
2230 2139 2277 2177 et
2301 2140 2488 2193 tempus

367 2208 524 2270 gratiae
557 2208 617 2255 de
647 2209 854 2256 adventu
889 2227 976 2256 suo
1011 2210 1322 2274 promittens,
1351 2211 1414 2257 ait
1431 2213 1445 2235 ⁸
1471 2229 1479 2256 :
1516 2211 1681 2258 «Vivo
1707 2228 1819 2275 ego,
1842 2212 1880 2258 si
1907 2212 1994 2258 erit
2028 2210 2158 2258 ultra‘
2177 2209 2356 2257 fabula⁹
2388 2208 2487 2255 haec

367 2287 416 2334 in
443 2289 748 2353 proverbium
775 2291 822 2337 in
850 2291 1007 2338 Israel.
1026 2310 1050 2335 »
1081 2293 1136 2338 Et
1164 2291 1213 2337 in
1247 2291 1584 2356 sequentibus:
1612 2292 1841 2352 «Anima,
1869 2311 1892 2336 n
1914 2292 2117 2356 inquit¹⁰,
2148 2311 2171 2336 «
2195 2307 2300 2355 quae
2324 2305 2488 2355 pecca-

370 2369 512 2428 verit,
545 2370 644 2434 ipsa
672 2372 916 2418 morietur.
938 2371 1080 2418 Filius
1106 2388 1206 2418 non
1237 2372 1446 2437 portabit
1472 2373 1767 2437 iniquitatem
1792 2373 1962 2437 patris,
1990 2382 2080 2420 etc.
2102 2391 2125 2416 »
2161 2370 2290 2429 Quid
2314 2379 2384 2417 est
2410 2386 2490 2416 au-

370 2457 467 2495 tem
493 2451 722 2497 comestio
755 2468 855 2498 uvae
873 2451 1078 2510 acerbae,
1112 2468 1218 2515 quae
1242 2468 1268 2498 a
1291 2452 1505 2517 patribus
1530 2452 1671 2512 facta,
1703 2453 1752 2499 in
1773 2470 1967 2518 poenam
2000 2453 2141 2499 etiam
2174 2450 2381 2497 filiorum
2417 2467 2489 2495 re-

369 2524 576 2585 dundat,
598 2536 822 2590 tanquam
843 2527 930 2592 ipsi
949 2544 1142 2591 quoque
1166 2544 1311 2575 unam
1337 2528 1466 2575 illam
1484 2529 1824 2589 comedissent,
1853 2529 1943 2576 nisi
1957 2528 2264 2592 transgressio
2276 2527 2491 2592 priorum

369 2615 645 2669 parentum,
683 2623 787 2670 quae
812 2617 1028 2671 posteros
1054 2624 1222 2655 omnes
1252 2618 1361 2656 ante
1394 2609 1654 2656 adventum
1677 2610 1871 2656 Domini
1897 2607 2226 2675 opprimebat,
2259 2616 2311 2653 ut
2335 2605 2491 2652 nullus

371 2695 795 2750 quantumcunque
814 2687 967 2750 justus
991 2687 1053 2735 ad
1078 2687 1421 2736 beatitudinem
1447 2690 1692 2749 transiret,
1726 2689 1810 2736 sed
1834 2689 1975 2736 unius
2004 2689 2156 2736 vetitae
2186 2687 2368 2734 arboris
2402 2702 2490 2732 co-

372 2765 652 2814 mestionem
681 2777 779 2813 tota
807 2768 1057 2832 posteritas
1082 2768 1396 2833 plecteretur?
1423 2772 1540 2816 Eam
1565 2786 1679 2817 vero
1707 2770 1950 2830 arborem,
1979 2785 2123 2834 quam
2149 2767 2352 2815 scientiae
2374 2766 2491 2812 boni

373 2853 418 2890 et
455 2843 566 2891 mali
602 2846 837 2893 Dominus
875 2847 1104 2912 appellat,
1138 2847 1353 2914 plerique
1396 2848 1668 2896 Judaeorum
1705 2850 1849 2897 vitem
1893 2866 1995 2897 esse
2043 2857 2313 2905 autumant,
2358 2845 2490 2909 cujus

374 2922 553 2970 fructus
590 2924 684 2972 hoc
716 2925 826 2973 loco
861 2943 950 2973 uva
990 2944 1091 2975 esse
1126 2928 1313 2976 dicitur.
1364 2931 1521 2986 Quam
1559 2930 1702 2976 etiam
1741 2929 1854 2977 inde
1892 2929 2095 2976 scientiae
2133 2927 2250 2974 boni
2283 2936 2330 2973 et
2354 2924 2487 2983 mali,

371 3003 493 3050 sicut
510 3003 744 3051 Dominus
761 3005 990 3070 appellat,
1020 3008 1191 3072 merito
1210 3007 1303 3054 dici
1328 3007 1516 3068 volunt,
1540 3010 1650 3073 quia
1666 3009 1785 3057 sicut
1803 3010 1969 3056 vinum
1987 3007 2232 3054 moderate
2250 3014 2492 3070 sumptum

373 3083 498 3131 acuit
511 3083 753 3147 ingenium
771 3121 782 3145 ,
800 3086 861 3133 ita
883 3103 1034 3150 quum
1058 3087 1259 3135 modum
1280 3088 1464 3136 excedit
1484 3088 1708 3137 obtundit
1731 3090 1903 3155 ipsum.
1924 3087 2062 3135 Unde
2083 3087 2217 3152 quasi
2239 3085 2423 3133 bonum
2448 3095 2494 3132 et

375 3179 651 3227 perversum
683 3182 876 3213 sensum
902 3167 1178 3230 conferens,
1206 3170 1411 3217 scientiae
1431 3169 1549 3217 boni
1574 3180 1621 3218 et
1643 3170 1757 3218 mali
1786 3169 2073 3217 arbitrantur
2097 3167 2206 3215 dici.
2240 3168 2327 3214 Cui
2352 3167 2493 3214 etiam

422 3321 431 3337 ⁸
458 3320 554 3362 Luc..
574 3332 647 3366 cap.
669 3334 698 3364 ι,
718 3335 748 3357 v.
768 3326 821 3358 31.
844 3342 875 3348 -—
895 3324 907 3342 ¹
927 3326 1071 3359 Corinth.
1099 3327 1135 3365 Ι,
1158 3336 1233 3370 cap.
1254 3338 1283 3367 ι,
1301 3337 1332 3360 v.
1355 3328 1408 3360 30.
1467 3338 1497 3361 v.
1516 3327 1570 3361 29.
1588 3345 1625 3352 -
1642 3327 1655 3344 ⁸
1672 3327 1806 3368 Ezech„
1822 3336 1895 3371 cap.
1913 3336 2008 3366 xviii,
2026 3337 2057 3359 v.
2076 3327 2107 3360 3.
2123 3343 2162 3350 -—
2178 3324 2191 3343 ⁸
2209 3324 2312 3358 Aliter
2321 3325 2491 3366 parabola.

377 3393 417 3399 —
436 3375 450 3393 ⁸
467 3376 586 3411 Psalm.
602 3389 693 3421 xxvi,
708 3391 739 3412 v.
754 3382 786 3414 7.
805 3399 843 3404 -
862 3381 875 3398 ⁴
892 3382 973 3415 Ibid.
995 3401 1034 3406 -
1050 3382 1063 3399 ⁸
1081 3383 1207 3421 Genea„
1228 3393 1302 3427 cap.
1323 3394 1411 3423 xxii,
1465 3401 1509 3408 -—
1526 3383 1558 3402 ⁴⁰
1577 3383 1709 3422 Bacch„
1727 3393 1801 3428 cap.
1818 3393 1895 3417 xvin
1908 3407 1917 3424 ‚
1932 3393 1964 3416 v.
1978 3383 2033 3416 ΞΟ.

378 3441 408 3465 v.
430 3433 533 3466 18.—
549 3433 562 3451 ⁸
576 3434 678 3478 Osee,
697 3447 771 3480 cap.
789 3449 845 3472 xin
859 3463 866 3479 ,
880 3449 911 3471 v.
933 3439 1031 3472 14.—
1046 3438 1056 3455 ⁷
1072 3439 1209 3480 lei-em„
1225 3450 1297 3483 cap.
1317 3451 1409 3480 xxxi,
