2970 4152
1336 401 1652 448 EPISTOLAE.
2468 403 2521 449 24
2536 404 2559 447 7

512 498 590 541 Ex
614 499 813 541 Decreta
841 495 1041 555 Gelasie',
1070 512 1175 559 cap.
1206 512 1288 541 xn.
1308 495 1583 541 -Devotis
1608 511 1801 558 quoque
1820 494 2108 558 virginibus,
2134 494 2222 540 nisi
2254 505 2335 541 aut
2368 495 2417 540 in
2452 496 2560 559 Epi—

448 573 623 639 phania
639 611 651 634 ,
678 585 759 621 aut
783 575 831 621 in
856 574 982 622 Albis
1006 575 1326 640 paschalibus,
1356 586 1437 622 aut
1458 576 1508 626 in
1533 575 1859 640 apostolorum
1878 575 2100 623 natalitiis
2115 612 2127 635 ‚
2154 592 2343 623 sacrum
2366 577 2562 623 minime

449 653 665 702 velamen
689 655 990 720 imponatur-3
1025 665 1072 702 et
1095 671 1201 702 non.
1220 665 1330 702 ante
1353 655 1566 719 quinque
1597 664 1644 701 et
1668 655 1832 719 viginti
1856 672 2031 715 annos,
2063 652 2323 716 nisiforte,
2354 657 2474 702 sicut
2504 655 2564 702 de

441 733 730 799 baptismate
751 734 943 781 'dictum
967 745 1064 794 est,
1094 736 1224 799 gravi
1250 734 1445 799 langore
1468 734 1714 799 correptis.
1748 737 1815 782 Ne
1847 735 1947 781 sine
1971 734 2066 782 hoc
2093 752 2292 782 munere
2322 735 2382 782 de
2405 734 2564 782 seculo

449 826 646 875 exeant,
676 814 1040 882 implorantibus
1063 832 1163 863 non
1191 825 1404 880 negetur.

515 899 594 942 Ex
611 888 810 943 Dec-reto
827 897 909 942 Pii
917 912 1081 959 papae.
1098 898 1238 942 —Ut
1255 896 1460 960 virgines
1477 911 1577 942 non
1593 894 1811 942 velentur
1827 904 1935 941 ante
1950 895 2161 959 quinque
2178 906 2225 942 et
2239 897 2404 960 viginti
2419 912 2571 942 annos

449 976 622 1036 aetatis,
664 976 753 1023 nisi
777 975 897 1023 forte
926 977 1204 1023 necessitate
1229 975 1534 1041 periclitantis
1559 974 1798 1038 virginalis
1823 974 2062 1038 pudicitiae
2077 1011 2089 1034 ,
2119 984 2166 1021 et
2193 991 2294 1021 non
2320 985 2429 1021 sunt
2451 991 2568 1021 con-

452 1056 690 1104 secrandae
708 1056 869 1104 inalio
896 1066 1112 1121 tempore
1138 1056 1229 1102 nisi
1247 1056 1296 1102 in
1323 1055 1610 1121 Epiphania,
1634 1065 1681 1102 et
1699 1055 1748 1102 in
1768 1054 1895 1101 Albis
1912 1054 2228 1119 paschalibus,
2252 1066 2298 1103 et
2316 1056 2364 1102 in
2385 1065 2571 1120 aposto-

452 1135 609 1183 lorum
635 1136 875 1196 natalitiis,
897 1137 987 1182 nisi
1011 1153 1151 1183 causa
1169 1137 1336 1183 mortis
1357 1145 1568 1199 urgente.

519 1220 597 1263 Ex
620 1216 816 1263 concilio
841 1216 1136 1275 milevitano,
1165 1232 1268 1280 cap.
1298 1233 1410 1262 xxv.
1428 1218 1628 1262 —ltem
1645 1213 1846 1280 placuit,
1869 1224 1921 1260 ut
1939 1214 2212 1278 quicunque
2237 1215 2572 1279 episcoporum

451 1297 727 1344 necessitate
744 1296 1050 1362 periclitantis
1068 1295 1304 1361 pudicitiae
1326 1295 1564 1360 virginalis
1577 1331 1589 1354 ‚
1618 1311 1768 1359 quum
1793 1294 1869 1342 vel
1892 1296 2097 1360 portitor
2113 1305 2301 1360 potens,
2323 1294 2398 1341 vel
2413 1303 2575 1359 raptor

451 1377 620 1442 aliquis
642 1377 948 1437 formidatur,
976 1376 1051 1424 vel
1071 1378 1110 1424 si
1127 1377 1270 1424 etiam
1293 1376 1551 1441 aliquando
1574 1376 1740 1422 mortis
1755 1375 2024 1440 periculoso
2045 1375 2268 1441 scrupulo
2289 1384 2574 1440 compuncta

453 1457 613 1517 fuerit,
658 1475 718 1505 ne
765 1474 864 1505 non
894 1457 1045 1505 velata
1080 1457 1336 1516 moriatur,
1380 1466 1461 1503 aut
1499 1455 1793 1521 exigentibus
1827 1454 2102 1521 parentibus
2138 1465 2219 1503 aut
2258 1455 2312 1502 iis
2353 1454 2414 1502 ad
2455 1471 2575 1519 quo-

454 1555 560 1586 rum
579 1555 741 1585 curam
757 1538 992 1603 pertinet,
1014 1537 1183 1584 velavit
1209 1538 1440 1602 virginem
1456 1573 1468 1595 ,
1495 1553 1579 1584 seu
1597 1536 1769 1584 velavit
1794 1536 1916 1583 intra
1936 1537 2149 1600 quinque
2169 1545 2216 1582 et
2235 1535 2400 1599 viginti
2424 1551 2576 1581 annos

455 1619 602 1666 aetatis
617 1655 629 1678 ‚
657 1635 757 1666 non
784 1619 828 1666 ei
852 1618 979 1665 obsit
1001 1618 1259 1665 concilium
1295 1617 1430 1682 quod
1455 1617 1515 1664 de
1544 1618 1632 1664 isto
1659 1633 1863 1664 numero
1888 1633 2128 1663 annorum
2153 1617 2465 1664 constitutum
2487 1626 2572 1662 est.

521 1702 839 1763 Hieronymus
860 1710 1027 1746 contra
1050 1700 1369 1746 Jovinianum.
1385 1699 1512 1744 -Si
1538 1698 1752 1764 nupserit
1776 1697 1933 1762 virgo,
1960 1714 2060 1744 non
2084 1698 2297 1763 peccavit
2330 1715 2339 1743 :
2371 1714 2471 1743 non
2502 1696 2578 1743 illa

455 1779 589 1843 virgo
625 1795 730 1843 quae
763 1789 912 1826 semet
945 1778 1093 1826 cultui
1119 1779 1207 1826 Dei
1246 1778 1498 1825 dedicavit.
1544 1781 1722 1824 Harum
1755 1778 1885 1825 enim
1916 1778 1955 1824 si
1983 1794 2078 1842 qua
2115 1778 2350 1843 nupserit,
2387 1777 2580 1824 habebit

454 1858 813 1906 damnationem
827 1894 840 1919 ,
868 1858 1003 1923 quod
1023 1859 1228 1923 primam
1255 1858 1403 1906 fidem
1420 1859 1600 1905 irritam
1627 1858 1749 1905 fecit.
1770 1859 1819 1904 Si
1842 1868 2002 1906 autem
2021 1858 2116 1906 hoc
2135 1859 2196 1906 de
2219 1858 2373 1906 viduis
2399 1858 2579 1906 dictum

456 1940 739 2004 objecerint,
768 1950 949 2006 quanto
974 1941 1123 2004 magis
1149 1940 1211 1987 de
1237 1939 1496 2004 virginibus
1520 1939 1816 2005 praevalebit,
1848 1956 1998 2003 quum
2027 1940 2169 1987 etiam
2200 1940 2255 1987 iis
2286 1957 2385 1987 non
2413 1940 2548 1987 liceat
2566 1978 2577 1999 ,

458 2021 632 2086 quibus
656 2020 916 2086 aliquando
934 2021 1150 2068 licuerit?
1178 2020 1394 2085 Virgines
1417 2020 1544 2067 enim
1560 2056 1572 2077 ,
1604 2036 1709 2084 quae
1738 2029 1846 2085 post
1864 2020 2273 2067 consecrationem
2292 2030 2578 2085 nupserunt,

458 2118 558 2148 non
584 2112 681 2149 tam
707 2101 931 2149 adulterae
957 2117 1103 2166 quam
1130 2101 1318 2148 incestae
1346 2109 1471 2146 sunt.

523 2185 603 2229 Ex
619 2186 818 2229 Decreto
836 2182 1083 2228 Euticiani
1091 2198 1261 2246 papoe,
1287 2198 1391 2245 cap.
1413 2197 1511 2228 xm.
1524 2180 1921 2227 —Nihilominus
1939 2181 2081 2227 etiam
2100 2180 2147 2227 in
2166 2181 2453 2245 quibusdam
2469 2182 2585 2229 locis

458 2262 664 2310 inditum
690 2263 959 2309 invenimus
994 2278 1135 2309 usum
1159 2260 1364 2308 stultitiae
1398 2260 1623 2326 plenum,
1668 2270 1715 2307 et
1751 2259 2073 2307 ecclesiasticae
2105 2262 2373 2309 auctoritati
2401 2272 2586 2309 contra·

460 2343 603 2403 rium,
623 2359 682 2390 eo
694 2341 914 2391 videlicet
931 2341 1066 2407 quod
1083 2340 1327 2388 nonnullae
1343 2339 1617 2401 abbatissae,
1646 2351 1693 2389 et
1715 2340 1883 2405 aliquae
1901 2357 1958 2388 ex
1977 2340 2416 2388 sanctimonialibus
2433 2341 2586 2388 viduis

461 2432 507 2470 et
529 2422 700 2488 puellis
724 2421 991 2487 virginibus·
1009 2431 1176 2469 contra
1208 2421 1275 2468 fas
1305 2420 1465 2468 velum
1488 2421 1737 2486 imponere
1761 2430 2072 2486 praesumant,
2115 2431 2163 2468 et
2197 2421 2308 2468 ideo
2345 2421 2587 2468 nonnullae

461 2502 634 2566 injuste
659 2503 820 2550 velatae
847 2512 1018 2567 putant
1043 2518 1093 2549 se
1122 2501 1316 2549 liberius
1352 2502 1448 2548 suis
1486 2500 1755 2548 carnalibus
1789 2500 2035 2547 desideriis
2069 2517 2212 2566 posse
2251 2501 2506 2560 inservire,
2541 2512 2587 2548 et

460 2599 568 2630 suas
589 2582 871 2630 -voluntates
905 2581 1111 2647 explere.
1153 2584 1460 2647 Quapropter
1489 2581 1766 2640 statuimus,
1798 2590 1848 2627 ut
1872 2581 1911 2627 si
1944 2579 2209 2639 abbatissa,
2250 2591 2331 2627 aut
2365 2581 2587 2646 quaelibet

460 2662 831 2710 sanctimonialis
857 2662 1115 2727 posthanc
1151 2660 1488 2708 diffinitionem
1511 2660 1559 2707 in
1589 2670 1769 2707 tantam
1809 2659 2058 2707 audaciam
2088 2661 2384 2726 proruperit,
2416 2672 2470 2709 ut
2506 2673 2585 2709 aut

460 2743 656 2791 viduam
692 2753 774 2791 aut
806 2742 1017 2808 puellam
1055 2742 1286 2807 virginem
1329 2740 1487 2788 velare
1520 2749 1803 2806 praesumat,
1841 2739 2024 2803 judicio
2064 2741 2298 2788 canonico
2340 2758 2490 2806 usque
2523 2741 2582 2789 ad

460 2824 825 2872 satisfactionem
849 2822 1097 2870 subdatur.

526 2904 802 2969 Bong‘facius
825 2914 1012 2967 martyr
1028 2900 1359 2949 Hilteribalbo¹
1379 2904 1480 2967 regi
1494 2901 1777 2967 Anglotwn.
1794 2928 1861 2937 —
1878 2900 2014 2966 Apud
2038 2902 2227 2948 Graecos
2246 2911 2293 2948 et
2312 2903 2552 2948 Romanos
2569 2937 2580 2958 ,

460 2987 595 3052 quasi
618 2984 966 3051 blasphemiam
992 2986 1098 3031 Deo
1123 2984 1399 3049 irrogasset,
1427 2984 1510 3047 qui
1536 2983 1584 3029 in
1607 2982 1702 3030 hoc
1726 2999 1835 3030 reus
1860 2983 1944 3043 sit,
1971 2992 2025 3029 ut
2047 2983 2240 3048 proprie
2265 2981 2326 3029 de
2354 2981 2457 3029 hoc·
2477 2998 2585 3047 pec-

461 3077 568 3115 cato
602 3076 713 3114 ante
738 3064 1092 3113 ordinationem
1124 3064 1467 3128 interrogatus,
1502 3064 1542 3110 si
1574 3080 1684 3110 reus
1713 3062 1853 3110 fuerit
1878 3062 2124 3122 inventus,
2153 3071 2206 3109 ut
2227 3078 2339 3109 cum
2362 3060 2514 3109 velata
2539 3071 2585 3108 et

461 3155 735 3194 consecrata
772 3161 868 3192 una
903 3142 1263 3204 concubuisset,
1308 3143 1368 3190 ab
1411 3143 1545 3190 omni
1576 3142 1725 3207 gradu
1771 3141 2073 3189 sacerdotum
2108 3142 2197 3189 Dei
2230 3141 2579 3207 prohiberetur.

463 3229 664 3292 Propter
679 3225 792 3286 hoc,
808 3223 875 3271 fili
900 3223 1192 3283 charissime,
1219 3222 1419 3271 sollicite
1433 3220 1840 3270 considerandum
1857 3231 1927 3268 est
1939 3221 2105 3286 quanti
2122 3221 2351 3287 ponderis
2368 3220 2463 3269 hoc
2478 3238 2586 3286 pec-

462 3315 622 3353 catum
655 3322 757 3353 esse
792 3304 982 3352 videtur
1015 3313 1124 3351 ante
1153 3302 1320 3351 oculos
1349 3303 1511 3351 aeterni
1537 3301 1736 3366 judicis,
1765 3301 1899 3366 quod
1930 3301 2180 3350 facientem
2207 3303 2327 3350 inter
2360 3301 2585 3349 idolatriae

512 3490 520 3506 ⁸
548 3489 781 3524 Erchebatdo?
797 3489 871 3523 vid.
887 3484 1026 3523 Fabricii
1058 3490 1142 3522 Bibe.
1160 3491 1243 3522 med.
1266 3496 1296 3521 et
1310 3490 1371 3532 ins.
1386 3489 1473 3527 Lat„
1491 3495 1514 3521 t.
1532 3487 1564 3527 1,
1583 3498 1615 3530 p.
1640 3486 1714 3519 259.

627 3558 638 3587 1
2376 3546 2426 3585 28
