2970 4152
469 395 562 442 248
1041 397 1210 442 PETRI
1247 396 1559 444 ABAELARDI
1594 396 1667 442 ET
1701 394 2001 441 HELOISSAE

466 504 627 535 servos
654 490 930 549 constituet,
964 499 1009 536 et
1033 506 1060 536 a
1084 490 1249 537 divino
1284 490 1545 538 ministerio
1580 488 1738 536 altaris
1777 488 1979 552 abjiciet.
2019 487 2146 533 Licet
2169 496 2356 545 autem,
2390 492 2575 549 peracta

465 570 764 633 poenitentia,
797 569 1125 616 reconciliatus
1149 570 1207 617 sit
1230 573 1349 617 Deo.

528 651 606 694 Ex
640 649 835 695 concilio
861 649 1227 714 rothomagensi,
1257 666 1362 714 cap.
1383 666 1448 696 xx.
1464 677 1527 685 —
1542 631 1778 695 Statutum
1799 657 1868 694 est
1885 645 2052 692 viduas
2074 661 2173 692 non
2200 643 2374 691 debere
2398 642 2572 700 velari,

463 728 675 775 similiter
713 738 759 776 et
797 728 891 776 hoc
930 738 1158 777 statutum
1183 740 1279 790 est,
1324 740 1377 777 ut
1414 730 1452 777 si
1489 729 1724 794 quispiam
1754 727 2139 793 presbyterorum
2176 724 2400 788 deinceps
2432 721 2575 785 hujus

460 809 806 856 constitutionis
833 826 1014 856 normae
1038 811 1380 857 contumaciter
1407 820 1724 873 transgressor
1750 807 1976 866 extiterit,
2006 805 2184 853 scilicet
2217 814 2269 851 ut
2301 803 2480 867 aliquas
2504 802 2573 847 vi·-

460 887 576 935 duas
604 888 757 936 velare
792 900 1074 955 praesumat,
1105 891 1217 955 quia
1253 900 1296 938 et
1331 890 1426 937 hoc
1455 890 1688 954 episcopis
1714 905 1814 935 non
1839 887 1974 947 licet,
2003 886 2176 951 gradus
2205 885 2277 932 sui
2306 882 2572 950 periculum

460 969 682 1016 incurrat.
718 970 940 1018 Similiter
967 981 1014 1033 et
1041 970 1100 1019 de
1134 970 1301 1037 puellis
1334 970 1589 1035 virginibus
1615 987 1643 1017 a
1666 968 1950 1034 presbyteris
1974 984 2074 1014 non
2099 965 2311 1014 velandis
2346 973 2574 1012 statutum

459 1058 528 1095 est
545 1084 557 1108 ,
591 1059 667 1109 ut,
693 1050 732 1097 si
758 1051 863 1115 quis
892 1050 985 1098 hoc
1013 1050 1164 1099 facere
1198 1051 1472 1111 tentaverit,
1508 1060 1736 1114 tanquam
1769 1058 2086 1112 transgressor
2116 1062 2356 1094 canonum
2383 1044 2575 1091 damne-

460 1138 548 1175 tur.

523 1213 600 1256 Ea:
624 1211 820 1258 concilio
841 1213 1215 1276 maguntinensi,
1245 1229 1348 1276 cap.
1379 1229 1444 1259 vl.
1459 1239 1526 1248 —-
1541 1210 1715 1257 Viduas
1745 1221 1904 1257 autem
1927 1208 2083 1255 velare
2104 1200 2383 1272 pontificum
2416 1204 2574 1252 nullus

458 1299 631 1350 tentet,
661 1301 805 1356 prout
826 1301 1053 1338 statutum
1083 1301 1152 1338 est
1176 1292 1224 1337 in
1245 1293 1455 1338 Decretis
1471 1291 1645 1338 Gelasii
1662 1326 1674 1350 ,
1702 1307 1806 1355 cap.
1830 1306 1931 1349 x111,
1963 1288 2097 1353 quod
2118 1304 2207 1334 nec
2225 1286 2479 1333 auctoritas
2506 1284 2574 1332 di-

456 1371 588 1431 vina,
621 1389 709 1419 nec
736 1389 976 1419 canonum
1019 1372 1171 1419 forma
1211 1372 1438 1436 praestitit.
1483 1374 1599 1429 Quae
1637 1371 1675 1418 si
1715 1371 1908 1436 propria
1947 1369 2192 1417 voluntate
2230 1366 2573 1414 continentiam

454 1450 593 1499 fuerit
615 1453 848 1517 professa,
875 1463 927 1500 ut
952 1453 999 1499 in
1032 1452 1244 1516 ejusdem
1272 1452 1448 1499 Gelasii
1473 1469 1578 1517 cap.
1609 1469 1689 1498 xx1
1712 1451 1911 1515 legitur,
1954 1450 2054 1513 ejus
2078 1449 2276 1495 intentio
2305 1464 2393 1512 pro
2422 1463 2471 1493 se
2499 1462 2572 1492 ra-

453 1531 633 1578 tionem
662 1532 830 1579 reddat
848 1535 974 1591 Dec,
1005 1533 1140 1596 quia,
1167 1532 1314 1592 sicut,
1343 1531 1608 1579 secundum
1640 1529 1921 1595 Apostolum
1936 1565 1948 1588 ,
1971 1529 2011 1575 si
2026 1528 2271 1584 continere
2291 1543 2341 1573 se
2365 1542 2464 1572 non
2484 1542 2573 1590 po-

455 1621 595 1672 terat,
625 1613 893 1660 nullatenus
918 1613 1098 1660 nubere
1129 1612 1375 1660 vetabatur
1395 1648 1406 1671 ,
1433 1613 1522 1671 sic,
1551 1628 1714 1658 secum
1732 1610 1895 1656 habita
1912 1608 2269 1666 deliberatione,
2291 1606 2574 1672 promissam

454 1691 599 1740 fidem
630 1693 866 1758 pudicitiae
897 1696 999 1740 Deo
1030 1692 1172 1739 debet
1197 1692 1452 1739 custodire.
1480 1694 1575 1738 Nos
1600 1701 1758 1737 autem
1784 1690 2062 1736 auctoritate
2082 1697 2274 1752 patrum
2295 1685 2499 1743 suffulti,
2524 1686 2573 1732 in

452 1771 546 1819 hoc
572 1789 705 1820 sacro
731 1783 972 1820 conventu
997 1774 1236 1820 sancimus
1264 1782 1312 1819 et
1342 1771 1505 1819 labore
1525 1771 1820 1835 judicamus,
1850 1770 1889 1817 si
1917 1778 2088 1834 sponte
2115 1767 2332 1814 velamen
2357 1767 2574 1831 quamvis

452 1870 551 1901 non
582 1864 912 1901 consecratum
949 1853 1038 1900 sibi
1062 1852 1366 1918 imposuerit,
1398 1862 1445 1899 et
1483 1852 1530 1897 in
1563 1850 1758 1897 ecclesia
1793 1850 1916 1896 inter
1945 1848 2120 1895 velatas
2154 1847 2447 1894 oblationem
2471 1850 2573 1894 Deo

454 1931 707 1993 obtulerit,
744 1933 855 1980 velit
888 1932 1032 1992 nolit,
1071 1931 1395 1979 sanctimoniae
1418 1929 1636 1976 habitum
1662 1929 1858 1976 ulterIus
1881 1927 2059 1975 habere
2084 1926 2251 1986 debet,
2279 1927 2387 1974 licet
2419 1943 2572 1974 sacra·

452 2024 614 2063 mento
639 2013 924 2061 confirmare
948 2012 1061 2060 velit
1084 2028 1142 2059 eo
1172 2021 1338 2059 tenore
1363 2019 1409 2058 et
1439 2010 1623 2057 ratione
1652 2008 1867 2057 velamen
1885 2007 1974 2056 sibi
1992 2007 2302 2072 imposuisse,
2331 2018 2383 2055 ut
2400 2008 2572 2054 iterum

452 2105 612 2159 posset
637 2093 894 2159 deponere.

518 2179 596 2222 Ex
633 2175 828 2221 concilio
863 2174 1210 2231 aurelianensi,
1246 2190 1351 2237 cap.
1384 2190 1451 2219 111.
1469 2171 1738 2231 ——Viduae‚
1779 2188 1884 2236 quae
1918 2170 1979 2217 ab
2016 2169 2148 2217 altari
2181 2185 2316 2216 sacro
2359 2169 2571 2217 velamen

452 2257 717 2323 accipiunt,
756 2265 1019 2320 spontanea
1055 2254 1299 2302 voluntate
1329 2270 1472 2301 sacrae
1502 2253 1902 2310 conversationis,
1939 2250 2149 2298 decrevit
2175 2259 2335 2296 sancta
2360 2250 2572 2313 synodus

451 2339 499 2385 in
526 2337 698 2384 eodem
717 2336 963 2401 proposito
988 2351 1066 2382 eas
1084 2351 1381 2399 permanere.
1403 2337 1510 2380 Non
1534 2334 1664 2380 enim
1679 2332 1746 2379 fas
1764 2348 1866 2379 esse
1889 2330 2212 2388 decernimus,
2241 2339 2293 2376 ut
2318 2340 2571 2394 postquam

450 2427 600 2465 semet
629 2419 733 2463 Deo
762 2415 850 2462 sub
874 2414 981 2462 velo
1010 2415 1417 2474 consecraverint,
1448 2424 1493 2461 et
1510 2414 1635 2461 inter
1650 2412 1826 2460 velatas
1845 2411 2137 2459 oblationem
2155 2410 2378 2470 fecerint,
2400 2411 2570 2458 iterum

451 2498 517 2545 eis
545 2496 744 2544 concedi
767 2495 960 2561 Spiritui
981 2505 1145 2542 sancto
1170 2495 1374 2542 mentiri.

516 2578 742 2626 Nicolaus
756 2594 892 2640 papa
907 2576 1254 2640 archiepiscopo
1278 2577 1329 2622 C.
1359 2585 1409 2621 et
1425 2574 1528 2639 ejus
1550 2572 1940 2639 sets-fragrantibus.
1961 2598 2028 2609 -α
2043 2572 2196 2618 Vidua
2227 2571 2422 2636 quidem
2436 2607 2448 2630 ,
2469 2589 2573 2636 quae

449 2660 590 2724 capiti
616 2657 896 2723 imposuerit
924 2673 1112 2703 sacrum
1143 2656 1358 2703 velamen
1375 2691 1388 2713 ,
1414 2656 1453 2702 si
1471 2656 1594 2701 inter
1615 2665 1804 2702 caeteras
1830 2653 2005 2700 velatas
2032 2652 2256 2714 feminaS,
2297 2653 2346 2698 in
2379 2652 2573 2699 ecclesia

449 2741 682 2798 oraverit,
718 2749 763 2786 et
787 2738 1080 2785 oblationem
1105 2754 1216 2784 cum
1240 2737 1329 2783 illis
1356 2736 1606 2795 obtulerit,
1636 2736 1674 2782 si
1695 2735 1908 2801 professa
1927 2743 1997 2781 est
2014 2733 2064 2780 in
2083 2732 2256 2780 eodem
2280 2732 2446 2780 habitu
2464 2750 2571 2798 per-

449 2836 670 2879 manere,
697 2817 940 2884 spondens
976 2833 1224 2880 nunquam
1260 2815 1499 2880 religionis
1532 2814 1748 2862 velamen
1788 2813 2051 2878 deponere,
2085 2829 2111 2859 a
2138 2812 2379 2876 religionis
2411 2812 2573 2860 obser-

449 2901 607 2948 vantia
631 2898 874 2947 discedere
899 2914 999 2943 non
1028 2906 1297 2961 praesumat.

512 2982 801 3045 Augustinus
833 2977 891 3024 de
914 2981 1052 3024 Dono
1102 2976 1373 3023 Vz'daz'tatzlsa
1393 3003 1460 3013 —-
1492 2975 1680 3035 Viduae,
1729 2992 1834 3039 quae
1879 2993 1929 3022 se
1970 2991 2070 3022 non
2100 2975 2350 3022 continent
2389 2975 2572 3022 nubant

447 3069 702 3123 antequam
739 3058 958 3125 professae
998 3056 1343 3104 continentiam
1385 3056 1680 3114 devoveant,
1718 3055 1851 3119 quod
1890 3056 1978 3102 nisi
2023 3054 2250 3114 reddant,
2289 3055 2396 3117 jure
2435 3055 2570 3102 dam·

451 3149 639 3187 nentur.

512 3223 589 3266 Ex
618 3220 813 3266 concilio
836 3220 1076 3276 arausico,
1101 3235 1207 3282 cap.
1240 3235 1379 3264 v1.—
1393 3219 1432 3263 V
1437 3216 1644 3263 iduitatis
1663 3215 1905 3263 servandae
1929 3215 2274 3282 professionem
2294 3232 2458 3263 coram
2475 3217 2571 3281 epi-

447 3316 594 3364 scopo
621 3300 669 3346 in
694 3299 943 3346 secretario
972 3298 1209 3357 habitam,
1238 3296 1459 3362 imposita
1484 3312 1646 3343 coram
1681 3297 1909 3362 episcopo
1943 3305 2072 3343 veste
2100 3293 2306 3354 viduali,
2337 3311 2437 3342 non
2470 3312 2570 3343 esse

449 3378 751 3436 violandam3
783 3380 933 3443 ipsam
963 3389 1117 3424 tamen
1146 3376 1451 3442 professionis
1473 3375 1780 3423 desertricem
1803 3375 1973 3423 merito
2003 3391 2104 3422 esse
2133 3374 2457 3423 damnandam
2480 3375 2570 3423 de·—

448 3459 700 3505 cernimus.
