2970 4152
558 440 652 486 37ss
1355 441 1526 488 PETRI
1564 442 1876 490 ABAELARDI

560 543 605 580 et
631 535 780 598 ipsam
807 534 946 580 etiam
975 534 1184 598 pecccati
1214 550 1406 599 poenam
1438 535 1583 582 coelos
1613 536 1870 584 reserando
1900 535 2070 582 deleat.
2106 527 2246 582 Unde
2270 542 2325 582 et'
2342 533 2465 584 bene
2489 535 2583 584 hoc
2604 551 2680 584 sa-

558 625 853 662 cramentum
887 631 1029 678 super
1057 624 1211 661 totum
1241 615 1512 678 hominem,
1543 635 1643 665 non
1674 619 1723 664 in
1747 618 1904 682 aliqua
1934 617 2035 680 ejus
2067 626 2201 681 parte
2231 616 2412 680 agitur:
2445 634 2542 682 quo
2569 628 2680 683 post

559 696 811 743 Salvatoris
832 695 1034 742 hostiam
1055 696 1115 742 ita
1134 697 1321 761 penitus
1336 709 1587 762 peccatum
1604 698 1805 758 deletur,
1830 708 1882 744 ut
1905 713 2048 762 poena
2067 713 2261 760 quoque
2278 697 2459 762 peccati
2478 698 2679 744 omuino

559 777 806 823 relaxetur.
858 775 1002 833 Quod
1040 776 1181 822 etiam
1230 788 1578 825 sacramentum
1620 789 1752 825 tanto
1794 777 1996 842 amplius
2036 776 2266 824 dominici
2304 777 2536 825 adventus
2580 793 2683 842 gra-

559 858 671 904 tiam
693 855 1021 916 commendat,
1051 867 1231 920 quanto
1252 867 1298 904 et
1318 858 1376 904 ad
1402 858 1600 906 salutem
1629 858 1880 923 perfectius
1907 867 1998 917 est,
2028 868 2074 904 et
2098 857 2159 904 ad
2185 857 2486 905 tolerandum
2510 857 2677 918 levius,

559 948 610 984 ut
634 947 765 984 tanto
792 937 867 984 lex
892 953 1018 984 nova
1043 938 1101 984 sit
1127 939 1318 1001 gratior,
1342 949 1522 1003 quanto
1543 956 1647 1003 quae
1672 939 1908 1004 praecessit
1932 938 2083 986 suerat
2101 940 2377 986 onerosior:
2401 948 2447 986 et
2461 939 2546 1003 qui
2566 938 2680 1003 legis

553 1019 720 1082 jugum
749 1019 868 1065 ferre
898 1029 1244 1066 consueverant
1270 1019 1489 1083 gentiles,
1519 1019 1649 1065 nulla
1675 1029 2083 1066 sacramentorum
2113 1018 2387 1067 difficultate
2415 1018 2490 1066 vel
2521 1018 2680 1066 multi-

557 1099 723 1146 tudine
758 1099 905 1146 territi
935 1098 1294 1164 repellerentur.
1338 1103 1374 1146 Α
1408 1116 1505 1164 quo
1538 1099 1734 1164 quidem
1768 1100 1925 1147 oneris
1961 1099 2233 1164 gravamine
2265 1099 2327 1146 ad
2363 1098 2682 1163 evangelicam

556 1179 823 1227 libertatem
853 1180 1089 1227 Dominus
1122 1180 1326 1227 invitans
1360 1180 1568 1227 aiebat¹z
1598 1200 1622 1225 «
1646 1180 1815 1228 Venite
1845 1180 1907 1227 ad
1938 1197 2015 1227 me
2046 1180 2130 1244 qui
2162 1179 2386 1226 laboratis
2422 1189 2470 1227 et
2499 1179 2682 1227 onerati
2745 1168 2748 1172 ’

557 1262 682 1309 estis.
719 1261 884 1308 Tollite
909 1262 1078 1326 jugum
1108 1277 1269 1308 meum
1301 1278 1444 1326 super
1475 1276 1582 1321 vos,
1621 1271 1668 1309 et
1698 1261 1862 1308 discite
1889 1277 1916 1308 a
1943 1277 2022 1308 me
2056 1261 2167 1325 quia
2197 1260 2323 1307 mitis
2352 1277 2475 1307 sum.
2509 1263 2683 1324 Jugum

558 1342 685 1388 enim
713 1359 873 1389 meum
904 1358 1046 1389 suave
1066 1352 1156 1401 est,
1184 1352 1230 1389 et
1249 1358 1371 1388 onus
1401 1359 1562 1388 meum
1586 1341 1706 1389 leve.
1728 1360 1751 1385 n
1775 1344 1837 1388 Ut
1862 1341 1991 1388 enim
2016 1340 2240 1406 legalium
2267 1339 2585 1388 vindictarum
2613 1357 2683 1387 se-

513 1428 515 1430 ’
558 1422 802 1468 veritatem
828 1432 1185 1487 praetereamus‚
1219 1421 1301 1469 ubi
1331 1423 1541 1469 Dicitur²
1564 1440 1573 1468 :
1607 1442 1629 1467 «
1653 1425 1858 1468 Dentem
1887 1438 1975 1487 pro
2001 1421 2167 1482 dente,
2195 1431 2307 1481 etc.‚
2334 1441 2358 1466 »
2394 1422 2502 1486 quis
2536 1421 2683 1469 vitam

559 1512 719 1549 tenera
754 1513 888 1567 parte
914 1503 1128 1567 corporis
1153 1503 1302 1549 acutis
1331 1502 1567 1568 lapidibus
1590 1501 1869 1549 circumcidi
1898 1518 1998 1548 non
2031 1501 2256 1549 horreat?
2294 1504 2399 1549 Non
2429 1502 2559 1548 enim
2588 1501 2683 1548 alio

557 1585 871 1631 instrumento
906 1584 1031 1631 hanc
1063 1583 1165 1630 fieri
1195 1583 1269 1631 lex
1304 1594 1561 1644 monstrat,
1590 1601 1741 1648 quum
1770 1593 1816 1630 et
1850 1582 2066 1648 Sephora
2098 1599 2219 1630 uxor
2251 1583 2402 1646 Moysi
2435 1583 2502 1630 sic
2532 1582 2684 1629 filium

558 1664 906 1711 circumcidisse
932 1664 1200 1724 scribatur³‚
1235 1674 1282 1712 et
1303 1667 1445 1712 Josue
1470 1664 1631 1712 cultris
1656 1664 1854 1730 lapideis
1884 1681 1939 1710 ex
1963 1674 2201 1729 praecepto
2226 1664 2421 1711 Domini
2449 1660 2685 1729 populum

559 1744 958 1792 circumciderit&
991 1761 1269 1809 quanquam
1299 1744 1346 1791 id
1379 1744 1528 1792 modo
1562 1761 1652 1810 pro
1678 1743 1955 1791 difficultate
1986 1744 2055 1792 rei
2082 1760 2387 1809 nequaquam
2416 1743 2565 1791 Judaei
2596 1743 2685 1791 ob-

559 1836 762 1873 servent.
797 1825 942 1884 Quod
971 1825 1222 1890 diligenter
1247 1825 1576 1891 apostolorum
1605 1826 1829 1891 princeps
1856 1824 2188 1886 considerans,
2218 1825 2464 1873 manifeste
2494 1825 2681 1885 fatetur,

557 1923 714 1970 neque
743 1924 815 1966 se,
847 1923 1005 1971 neque
1035 1916 1193 1972 patres
1227 1922 1339 1953 suos
1366 1907 1537 1971 jugum
1568 1906 1684 1971 legis
1717 1915 1910 1972 portare
1943 1906 2170 1971 potuisse.
2210 1908 2306 1953 Nec
2344 1905 2501 1952 solum
2536 1905 2687 1971 perfe-

559 1988 715 2034 ctione
743 1987 817 2034 vel
846 1987 1039 2034 lenitate
1067 1987 1139 2034 sui
1165 1986 1428 2051 baptismus
1459 1986 1852 2046 commendatur,
1886 1986 2197 2034 verumetiam
2227 1985 2435 2051 quadam
2461 1986 2510 2032 in
2537 1994 2687 2033 semet

561 2069 716 2133 specie
742 2068 927 2116 decoris
957 2067 1235 2128 adornatur,
1265 2085 1414 2133 quum
1444 2067 1664 2116 videlicet
1688 2067 1910 2133 quaelibet
1937 2068 2097 2116 anima
2117 2071 2220 2116 Deo
2246 2066 2516 2133 copulanda
2544 2065 2687 2130 hujus

562 2149 804 2197 ablutione
845 2149 1128 2196 sacramenti
1162 2150 1502 2197 convenienter
1541 2151 1735 2210 innuat,
1781 2149 2025 2197 neminem
2059 2150 2128 2210 ei,
2170 2149 2260 2195 nisi
2293 2149 2377 2212 qui
2410 2164 2438 2194 a
2468 2145 2689 2194 sordibus

562 2230 742 2294 peccati
771 2229 897 2277 lotus
922 2230 1087 2289 fuerit,
1119 2230 1304 2276 sociari.
1340 2229 1598 2288 Quoddam
1631 2246 1843 2294 namque
1875 2229 2090 2295 specialis
2122 2228 2503 2294 desponsationis
2524 2226 2688 2290 conju-

565 2311 693 2375 gium
718 2311 767 2357 in
791 2310 1074 2376 baptismate
1099 2327 1210 2358 cum
1235 2314 1338 2358 Deo
1363 2311 1562 2372 inimus,
1583 2328 1733 2375 quum
1759 2311 1891 2376 prius
1916 2311 1965 2357 in
1991 2310 2218 2357 scrutinio
2245 2308 2689 2356 catechuminorum

564 2392 607 2438 ei
630 2392 888 2457 sponsione
913 2403 1075 2439 nostra
1100 2392 1315 2440 foederati
1339 2403 1384 2440 et
1410 2394 1545 2457 quasi
1573 2392 1868 2458 desponsati,
1903 2391 2217 2457 postmodum
2244 2391 2292 2437 in
2322 2390 2561 2455 baptismo
2586 2405 2690 2435 cor·

563 2475 669 2538 pori
689 2474 810 2538 ejus,
839 2474 972 2538 quod
994 2485 1065 2521 est
1087 2474 1317 2534 Ecclesia,
1345 2475 1710 2535 convenimur⁵;
1741 2485 1969 2538 tanquam
1995 2474 2034 2520 si
2057 2488 2233 2538 sponsa
2257 2481 2367 2537 post
2389 2470 2616 2518 balneum
2640 2470 2689 2515 in

564 2554 808 2620 amplexus
837 2555 1001 2619 sponsi
1031 2555 1327 2620 suscipiatur.
1364 2556 1484 2601 Sunt
1508 2555 1594 2619 qui
1622 2555 1764 2602 etiam
1794 2554 2208 2601 circumcisionem
2232 2552 2294 2599 ad
2318 2550 2557 2615 originalis
2579 2566 2690 2615 pec-

564 2635 675 2695 cati,
708 2636 804 2682 sive
832 2635 1087 2682 actualium
1114 2652 1308 2700 quoque
1331 2635 1662 2683 remissionem
1682 2635 1886 2683 dixerint
1905 2635 2045 2682 fuisse
2068 2633 2409 2691 necessariam,
2438 2642 2484 2678 et
2509 2630 2573 2678 ob
2597 2630 2691 2677 hoc

564 2716 842 2763 institutam.
883 2715 1030 2762 Nobis
1057 2726 1217 2763 autem
1242 2716 1343 2776 illa,
1376 2733 1521 2780 quam
1550 2733 1693 2781 supra
1717 2715 2037 2775 reddidimus,
2067 2731 2209 2761 causa
2233 2712 2526 2779 probabilior
2550 2721 2691 2775 atque

565 2797 891 2845 rationabilior
912 2797 1124 2857 videtur3
1155 2815 1306 2862 quum
1329 2797 1549 2845 videlicet
1570 2807 1753 2845 constet
1778 2798 1960 2862 priores
1981 2797 2136 2860 justos
2157 2796 2253 2843 hoc
2281 2804 2580 2842 sacramento
2603 2807 2690 2839 ne-

567 2897 808 2945 quaquam
832 2880 1037 2944 eguisse,
1067 2896 1157 2926 nec
1183 2879 1403 2940 feminas,
1433 2896 1538 2943 quae
1563 2878 1744 2926 eisdem
1763 2878 1978 2942 obligatae
2005 2888 2116 2926 sunt
2140 2877 2369 2943 peccatis,
2400 2885 2446 2923 et
2467 2892 2495 2923 a
2520 2873 2693 2939 quibus

567 2970 817 3025 peccatum
838 2959 1032 3023 incoepit
1060 2959 1108 3005 in
1134 2958 1297 3018 nobis,
1331 2959 1427 3005 hoc
1451 2968 1747 3005 sacramento
1769 2957 2066 3005 sanctificari.
2095 2957 2214 3016 Quis
2238 2958 2380 3004 etiam
2402 2954 2586 3002 dubitet
2608 2969 2693 2999 an-

570 3042 700 3106 tiqua
725 3050 1020 3089 sacramenta
1045 3040 1331 3088 excellentiae
1356 3056 1596 3087 novorum
1620 3038 1825 3086 multum
1845 3039 2131 3104 derogatura
2150 3055 2273 3097 esse,
2293 3047 2340 3085 et
2363 3038 2412 3084 in
2437 3035 2698 3083 maximum

571 3140 781 3171 errorem
812 3141 902 3171 nos
929 3133 1158 3182 tractura,
1190 3122 1226 3169 si
1258 3123 1359 3188 ipsa
1385 3138 1579 3186 quoque
1602 3138 1714 3168 cum
1736 3122 1874 3168 novis
1900 3123 2076 3186 pariter
2099 3128 2403 3168 remanerent
2429 3136 2439 3164 :
2468 3127 2698 3181 tanquam

571 3203 671 3250 haec
690 3205 864 3252 scilicet
882 3206 983 3252 sine
1004 3204 1094 3252 illis
1113 3203 1330 3252 sufficere
1349 3219 1448 3251 non
1471 3202 1712 3250 valerent?
1738 3206 1847 3250 Haec
1865 3202 1927 3250 ad
1945 3203 2215 3268 propositas
2235 3201 2352 3248 duas
2371 3201 2555 3266 priores
2570 3214 2698 3263 quae-

574 3284 750 3331 stiones
768 3303 777 3330 :
800 3284 861 3332 de
876 3285 1170 3332 institutione
1187 3285 1362 3333 scilicet
1377 3282 1749 3331 circumcisionis
1767 3300 1851 3330 seu
1866 3282 2000 3347 legis,
2021 3292 2066 3330 et
2079 3280 2391 3348 postmodum
2409 3278 2694 3337 cessatione,

574 3362 700 3410 dicta
722 3380 852 3410 nunc
875 3363 1124 3412 sufficiant.
1978 3369 1986 3377 '

622 3487 629 3503 ¹
653 3487 780 3527 Matth„
799 3497 871 3531 cap.
893 3500 945 3528 xi,
964 3500 995 3522 v.
1018 3490 1070 3521 28.
1087 3506 1128 3512 —
1146 3488 1158 3505 ²
1178 3490 1292 3529 Levit„
1317 3499 1390 3533 cap.
1421 3500 1511 3529 xxiv,
1528 3499 1559 3522 ν.
1587 3488 1640 3521 20.
1659 3505 1701 3511 -—
1719 3486 1732 3504 ³
1751 3488 1879 3527 Exod„
1906 3497 1981 3530 cap.
2011 3497 2056 3527 iv,
2075 3496 2104 3518 v.
2124 3486 2178 3518 25.
2196 3502 2236 3508 —
2250 3483 2265 3501 ⁴
2279 3484 2396 3522 Jeme,
2413 3493 2486 3526 0³1³-
2507 3493 2540 3523 V»
2555 3492 2587 3514 V·
2605 3482 2637 3529 ²<
2655 3495 2699 3504 ““

575 3546 588 3562 ⁸
608 3546 661 3580 Sic
681 3548 775 3581 Amb.
789 3547 869 3580 -An
896 3559 959 3580 non
981 3549 1229 3592 conjunyimur?
