2970 4152
822 398 880 446 ΙΝ
915 393 1364 444 CIRCUMCISIONE
1397 392 1607 439 DOMINI
1644 392 1862 439 SERMO.
2311 393 2407 440 375-

280 493 499 541 nondum
532 490 755 557 gentilem
787 491 1023 557 populum
1049 505 1222 537 vocare
1252 490 1382 534 Deus
1413 486 1701 547 decreverit,
1730 486 1816 533 sed
1849 494 2033 533 tantum
2053 485 2317 549 judaicum.
2336 487 2338 489 ’
2356 489 2409 532 In

283 572 576 638 plenitudine
594 587 709 619 vero
728 572 957 637 temporis
976 570 1156 635 gratiae,
1175 584 1324 632 quum
1343 566 1565 631 gentilem
1587 583 1780 631 quoque
1798 565 2033 632 populum
2058 582 2143 612 sua
2160 566 2413 613 vocatione

282 653 556 720 dignaretur
573 658 719 714 DeuS,
742 663 795 700 ut
813 653 1074 700 Ecclesiam
1094 651 1145 698 in
1156 649 1286 697 ‘duos
1309 648 1516 713 populos
1534 647 1773 707 dilataret,
1799 657 1845 694 et
1863 663 1947 695 eos
1969 647 2058 694 sibi
2077 647 2218 713 capiti
2243 648 2291 693 in
2315 662 2415 692 uno

281 752 486 801 corpore
511 734 846 798 conjungeret,
877 742 924 780 et
941 747 1114 796 magna
1134 730 1340 779 invicem
1355 728 1615 775 concordia
1639 727 1829 792 ligaret,
1859 727 1987 775 illam
2011 727 2230 791 legalium
2253 728 2416 775 obser·

283 816 532 864 vationum
557 815 813 862 maceriam
839 813 1066 872 removit,
1095 827 1200 875 quae
1230 809 1499 856 inimicitias
1528 819 1838 875 pepererant,
1873 819 1927 855 ut
1953 810 2019 856 sic
2044 826 2126 856 eos
2150 810 2418 857 adinvicem

287 896 476 944 vinculo
503 895 708 942 caritatis
735 894 992 958 colligaret.
1025 895 1182 950 Quam
1210 890 1406 956 quidem
1437 889 1586 936 divini
1612 889 1798 938 consilii
1830 889 2179 954 providentiam
2206 907 2419 938 summus

287 976 504 1025 Ecclesiae
533 976 705 1023 doctor
737 985 783 1022 et
818 974 1033 1040 specialis
1067 973 1278 1038 gentium
1314 972 1536 1036 magister
1566 971 1629 1019 ad
1663 971 1894 1037 Ephesios
1926 971 2135 1019 scribens
2166 972 2239 1019 his
2271 972 2421 1037 aperit

286 1056 494 1105 verbis¹:
526 1059 771 1121 «Propter
800 1054 934 1120 quod
962 1070 1202 1101 memores
1231 1063 1404 1113 estote,
1439 1051 1574 1117 quod
1602 1051 1861 1116 aliquando
1892 1068 1979 1099 vos
2011 1063 2171 1117 gentes
2203 1053 2341 1100 eratis
2371 1053 2419 1099 in

287 1138 560 1203 carne,-qui
584 1137 799 1185 dicimini
825 1136 1136 1202 praeputium,
1168 1134 1229 1182 ab
1259 1151 1316 1183 ea
1346 1151 1452 1199 quae
1479 1133 1653 1181 dicitur
1681 1134 1980 1181 circumcisio
2009 1134 2057 1180 in
2082 1151 2224 1181 carne
2247 1150 2422 1198 manu-

289 1219 437 1279 facta,
465 1219 579 1283 quia
608 1219 748 1266 eratis
779 1217 861 1265 illo
893 1227 1110 1282 tempore
1140 1217 1243 1263 sine
1267 1215 1477 1275 Christo,
1514 1214 1704 1262 alienati
1734 1232 1761 1262 a
1787 1216 2149 1263 conversatione
2178 1215 2342 1275 Israel,
2378 1225 2425 1261 et

288 1298 499 1364 hospites
532 1301 973 1358 Testamentorum,
1011 1297 1340 1363 promissionis
1373 1313 1509 1362 spem
1542 1312 1643 1343 non
1673 1295 1932 1356 habentes;
1974 1297 2077 1343 sine
2111 1299 2215 1343 Deo
2247 1297 2296 1342 in
2330 1295 2425 1343 hoc

291 1379 491 1428 mundo.
522 1383 658 1427 Nunc
683 1388 843 1428 autem
866 1380 916 1426 in
940 1378 1128 1426 Christo
1152 1381 1286 1438 Jesu,
1314 1394 1402 1425 vos
1426 1377 1509 1442 qui
1536 1376 1795 1441 aliquando
1815 1377 1955 1424 eratis
1980 1377 2148 1442 longe,
2181 1377 2289 1424 facti
2319 1377 2426 1423 estis

291 1476 442 1526 prope
471 1460 520 1507 in
546 1460 775 1524 sanguine
803 1459 992 1507 Christi.
1032 1461 1136 1525 Ipse
1167 1469 1238 1507 est
1270 1459 1399 1507 enim
1429 1474 1519 1524 pax
1550 1467 1737 1518 nostra,
1770 1459 1852 1523 qui
1884 1458 1993 1506 fecit
2024 1468 2224 1523 utraque
2249 1474 2423 1516 unum,

293 1550 340 1587 et
363 1539 576 1587 medium
602 1540 832 1605 parietem
857 1539 1072 1587 maceriae
1103 1539 1291 1587 solvens
1315 1538 1583 1586 inimicitias
1611 1539 1661 1585 in
1689 1555 1832 1587 carne
1860 1555 1967 1599 sua,
2000 1539 2154 1604 legem
2182 1537 2431 1586 mandato-

295 1636 402 1667 rum
427 1619 629 1667 decretis
653 1636 915 1680 evacuans3
951 1630 1004 1667 ut
1034 1619 1157 1667 duos
1184 1619 1361 1668 condat
1383 1620 1432 1666 in
1459 1619 1789 1685 semetipsum,
1819 1620 1868 1666 in
1898 1636 2048 1667 unum
2073 1636 2254 1667 novum
2274 1618 2430 1666 homi·

294 1716 406 1747 nem
427 1736 439 1760 ,
477 1700 653 1748 faciens
686 1717 882 1766 pacem,
918 1711 964 1748 et
995 1699 1270 1748 reconciliet
1297 1699 1466 1748 ambos
1498 1700 1547 1746 in
1580 1716 1679 1747 uno
1713 1716 1918 1766 corpore
1948 1703 2075 1761 Deo,
2111 1709 2201 1748 etc.
2222 1719 2246 1745 »
2283 1698 2431 1746 Judaei

294 1781 473 1846 quippe
503 1782 639 1845 quasi
670 1781 921 1847 peculiaris
949 1781 1157 1847 populus
1184 1782 1273 1829 Dei
1303 1780 1363 1829 de
1397 1780 1617 1845 legitimis
1650 1781 1747 1828 suis
1783 1781 2037 1846 gloriantes
2059 1818 2071 1842 ,
2107 1780 2321 1846 quandiu
2355 1779 2430 1827 lex

294 1870 469 1909 statum
494 1878 634 1908 suum
661 1861 922 1921 obtineret,
951 1877 1141 1926 semper
1166 1872 1329 1926 gentes
1352 1860 1669 1926 despicerent,
1698 1878 1787 1909 nec
1812 1879 1861 1908 se
1887 1861 1977 1908 illis
2011 1861 2187 1926 aequari
2211 1870 2429 1926 pateren-

296 1950 389 1988 tur.
413 1941 676 1999 Qui-etiam
702 1952 810 2007 post
835 1941 1142 2007 Evangelium
1167 1942 1228 1990 de
1252 1942 1490 2008 praeterito
1513 1952 1637 1990 statu
1666 1941 1780 2007 legis
1803 1942 1925 1990 adeo
1948 1941 2351 2001 intumescebant,
2381 1950 2431 1987 ut

296 2020 392 2068 hoc
421 2020 511 2068 sibi
540 2021 787 2087 privilegio
815 2022 1103 2087 singularem
1132 2023 1181 2069 in
1215 2022 1421 2070 Ecclesia
1451 2023 1810 2088 praerogativam
1840 2021 2153 2069 vindicarent,
2185 2021 2256 2068 Ad
2287 2036 2430 2085 quam

296 2101 494 2166 quidem
518 2101 791 2167 superbiam
811 2103 1015 2152 maxime
1038 2103 1393 2169 reprimendam
1415 2103 1668 2169 Apostolus
1690 2103 1963 2168 frequenter
1984 2103 2032 2150 in
2053 2102 2263 2168 epistolis
2287 2117 2431 2166 opera

298 2181 412 2247 legis
446 2193 492 2230 et
522 2183 623 2247 ejus
653 2183 987 2248 gloriationem
1018 2184 1287 2250 deprimere
1318 2184 1394 2232 vel
1424 2194 1679 2232 extenuare
1712 2183 2032 2250 compellitur,
2069 2194 2116 2231 et
2146 2200 2202 2230 ea
2233 2182 2432 2230 omnino

299 2278 546 2311 removere
577 2264 814 2324 decrevit3
843 2281 905 2313 ne
942 2254 1162 2313 videlicet
1193 2264 1253 2313 de
1282 2265 1356 2313 his
1386 2265 1534 2313 Judaei
1571 2265 1789 2330 gentibus
1822 2265 2126 2324 insultarent,
2165 2274 2247 2311 aut
2277 2273 2438 2328 gentes

301 2360 468 2391 eorum
494 2343 587 2409 legi
616 2362 666 2392 se
697 2345 902 2393 subdere
932 2363 1128 2411 prorsus
1155 2346 1545 2411 dedignarentur,
1578 2347 1639 2394 de
1662 2364 1757 2412 qua
1779 2347 1846 2394 illi
1871 2347 2077 2394 maxime
2101 2345 2327 2394 adversus
2355 2361 2437 2392 eos

304 2423 642 2487 gloriabantur.
669 2428 825 2483 Quam
845 2426 1041 2490 quidem
1060 2427 1274 2491 Apostoli
1294 2427 1631 2475 discretionem
1655 2429 1703 2475 iu
1725 2437 1908 2475 tantum
1930 2437 2095 2492 postea
2116 2426 2262 2473 sancti
2283 2436 2438 2491 patres

303 2502 507 2551 aemulati
536 2514 670 2564 sunt,
703 2515 757 2552 ut
780 2522 930 2569 quum
956 2506 1004 2552 in
1031 2506 1250 2570 gentibus
1275 2507 1611 2554 ecclesiasticas
1637 2507 1889 2571 dignitates
1913 2507 2180 2555 secundum
2213 2507 2442 2571 pristinos

304 2584 547 2631 civitatum
576 2584 752 2649 gradus
777 2585 1081 2645 ordinarent,
1115 2587 1163 2633 in
1194 2586 1274 2634 illo
1307 2587 1684 2651 Hierosolymam
1712 2588 1899 2635 honore
1926 2587 2054 2635 illam
2079 2586 2327 2651 quondam
2352 2587 2438 2632 Dei

306 2666 541 2730 egregiam
566 2666 803 2713 civitatem
833 2666 1131 2727 extulerunt3
1173 2668 1272 2714 imo
1306 2668 1458 2732 ipsam
1493 2668 1614 2715 adeo
1647 2668 2005 2733 depresserunt,
2040 2677 2094 2715 ut
2119 2683 2223 2714 eam
2258 2676 2441 2713 metro-

308 2744 405 2811 poli
433 2745 771 2810 subjugarent:
800 2763 860 2794 ne
892 2747 1012 2794 forte
1044 2747 1290 2812 privilegio
1326 2748 1524 2794 civitatis
1559 2765 1654 2795 suae
1686 2748 1760 2796 vel
1793 2748 1954 2814 templi
1988 2747 2179 2812 gloriari
2208 2746 2442 2811 superbus

308 2825 387 2873 ille
417 2836 576 2891 posset
609 2826 839 2891 populus,
867 2827 989 2875 sicut
1015 2844 1105 2875 nec
1130 2828 1204 2875 vel
1231 2828 1513 2875 caerimoniis
1541 2830 1652 2876 suis.
1688 2829 1826 2876 Unde
1858 2846 1948 2877 nec
1977 2830 2026 2876 in
2058 2828 2146 2876 illis
2178 2845 2439 2893 parascevae

309 2905 535 2953 solemnis
558 2907 876 2967 orationibus,
899 2925 1050 2973 quum
1073 2926 1162 2974 pro
1189 2909 1442 2974 gentilibus
1469 2920 1516 2958 et
1544 2909 1762 2957 hereticis
1790 2927 1985 2975 quoque
2012 2910 2109 2958 sive
2133 2909 2440 2957 schismaticis

309 3002 463 3051 genua
496 2987 764 3049 flectamus,
802 2988 931 3036 solos
967 2989 1014 3036 in
1049 2989 1144 3037 hoc
1183 2990 1372 3037 Judaeos
1406 2991 1723 3056 praeterimus,
1762 2992 1843 3056 qui
1876 3008 2000 3055 genu
2034 2991 2158 3038 flexo
2190 2989 2443 3038 illudentes

310 3068 520 3115 Domino
541 3067 791 3117 dicebant:
820 3090 841 3115 «
863 3072 987 3131 Ave,
1016 3087 1097 3118 rex
1122 3071 1412 3119 Judaeorum.
1433 3091 1456 3116 »

375 3148 506 3196 Sicut
523 3159 685 3197 autem
703 3149 805 3215 lege
830 3161 1069 3212 cessante,
1091 3151 1344 3217 perfectior
1363 3152 1606 3217 Evangelii
1624 3152 1840 3200 doctrina
1865 3152 2110 3212 successit,
2139 3152 2203 3199 ita
2230 3162 2339 3217 post
2358 3152 2446 3199 cir·

312 3229 675 3291 cumcisionem,
698 3230 921 3296 baptismi
940 3231 1084 3279 subiit
1106 3243 1480 3294 sacramentum,
1503 3233 1636 3298 quod
1656 3244 1752 3281 tam
1775 3235 1902 3282 viros
1926 3251 2071 3299 quam
2096 3233 2294 3280 feminas
2312 3249 2444 3297 aeque

314 3309 596 3371 sanctificat,
628 3322 675 3358 et
700 3328 809 3359 eum
829 3312 929 3375 jam
959 3313 1142 3360 venisse
1171 3313 1492 3373 demonstrat,
1530 3315 1612 3379 qui
1647 3331 1735 3361 nos
1763 3332 1789 3362 a
1818 3325 2014 3381 peccato
2042 3315 2232 3380 penitus
2258 3314 2443 3371 abluat,

365 3490 372 3505 ¹
400 3490 536 3531 Ephes„
557 3502 632 3535 cap.
652 3503 692 3533 n,
709 3503 740 3526 v.
763 3496 795 3526 11
825 3500 857 3527 et
880 3505 930 3538 sq.
