2970 4152
831 411 1114 460 EPISTOLA
1146 411 1228 459 AD
1261 411 1450 459 DIVUM
1482 412 1866 461 BERNARDUM.
2314 415 2409 463 623

290 505 438 553 rabile
458 516 554 565 est,
579 522 731 571 quum
751 506 915 553 omnia
940 505 1150 554 oratoria
1176 514 1335 553 vestra
1364 506 1414 553 in
1437 506 1673 553 memoria
1694 507 1860 554 matris
1882 505 2135 555 dominicae
2169 507 2378 557 fundetis
2396 547 2406 566 ,

290 586 470 634 nullam
499 587 600 651 ejus
632 587 1142 635 commemorationem
1155 621 1168 645 ,
1190 586 1314 634 sieut
1338 602 1429 640 nec
1444 595 1732 634 caeterorum
1752 597 2029 634 sanctorum
2049 624 2060 647 ,
2091 587 2159 635 ibi
2187 587 2411 653 frequen-

288 667 414 714 tatis.
441 667 805 717 Processionum
827 667 927 740 §ere
947 677 1100 717 totam
1121 667 1484 714 venerationem
1506 682 1535 713 a
1553 666 1693 715 vobis
1715 667 1990 715 exclusistis.
2014 687 2036 712 «
2056 667 2253 716 Alleluia
2270 687 2296 713 2>
2323 685 2412 716 nec

288 747 338 793 in
359 747 737 812 Septuagesima,
762 746 1011 795 communi
1032 745 1251 794 Ecclesiae
1274 762 1411 793 more
1433 746 1768 806 intermittitis3
1788 747 1874 794 sed
1893 764 2048 811 usque
2069 747 2118 793 in
2140 747 2413 811 Quadrage-

289 826 459 874 sima-m
479 827 708 873 retinetis.
735 825 1018 890 Symbolum
1037 862 1049 885 ,
1077 825 1214 890 quod
1251 825 1428 874 dicitur
1467 825 1800 890 apostolorum
1817 863 1829 886 ,
1871 826 2006 890 quod
2038 836 2137 873 tam
2173 843 2201 874 a
2230 827 2413 875 clericis

288 921 435 971 quam
455 922 484 953 a
506 905 759 953 monachis
780 906 831 952 in
852 906 1011 953 Prima
1030 907 1209 971 pariter
1230 921 1286 953 ac
1313 905 1641 971 Completorio
1675 922 1731 953 ex
1765 907 1967 971 antiquo
2005 906 2334 971 frequentatur
2348 945 2359 966 ,
2386 925 2414 955 a

289 995 446 1035 vestra
478 995 720 1032 remotum
742 995 814 1032 est
835 985 1185 1033 consuetudine
1201 1022 1213 1045 ,
1237 985 1324 1051 qui
1349 994 1513 1033 tamen
1540 984 1817 1050 symbolum
1842 985 2086 1033 Athanasii
2115 986 2284 1034 diebus
2305 997 2413 1035 tan-

288 1073 392 1111 tum
409 1063 664 1112 dominicis
684 1065 885 1112 recitare
911 1063 1205 1112 decrevistis.
1236 1084 1259 1110 «
1279 1064 1446 1112 Gloria
1466 1083 1491 1109 n
1523 1081 1636 1111 cum
1665 1065 1985 1130 'responsoriis
2018 1065 2289 1129 vigiliarum
2316 1077 2417 1114 tan-

290 1154 393 1192 tum
416 1145 680 1193 decantatis
703 1145 872 1193 diebus
901 1145 1155 1193 dominicae
1189 1146 1443 1211 sepulturae
1469 1164 1481 1193 ε
1507 1146 1757 1211 antiquam
1789 1146 2190 1194 consuetudinem
2225 1148 2416 1213 penitus

284 1224 563 1274 abstulistis.
597 1226 689 1274 Ubi
711 1237 759 1274 et
780 1227 1110 1274 invitatorium
1143 1237 1191 1274 et
1220 1226 1459 1291 hymnum
1493 1243 1605 1274 cum
1642 1227 1794 1275 tribus
1827 1237 2017 1275 tantum
2054 1227 2340 1276 lectionibus
2370 1240 2418 1276 et

288 1306 622 1370 responsoriis,
648 1322 759 1353 cum
786 1325 809 1350 «
826 1306 1010 1366 Gloria,
1036 1324 1060 1350 υ
1080 1316 1251 1354 contra
1272 1323 1470 1354 omnem
1490 1306 1711 1353 Ecclesiae
1731 1322 1941 1366 morem,
1962 1317 2033 1367 et,
2058 1317 2112 1354 ut
2134 1307 2325 1366 dicitur,
2345 1325 2418 1355 ra·

289 1386 473 1433 tionem
494 1403 580 1434 vos
603 1386 763 1434 dicere
791 1387 1076 1435 instituistis.
1101 1390 1264 1445 Quum
1293 1387 1422 1435 enim
1450 1387 1547 1435 hoc
1568 1387 1784 1435 triduum
1805 1397 2038 1453 tanquam
2069 1388 2300 1452 exsequiae
2328 1388 2418 1436 do-

289 1465 475 1517 minicae
491 1467 540 1513 in
557 1466 688 1514 luctu
710 1477 982 1532 peragatur,
1008 1478 1151 1533 atque
1172 1467 1286 1515 hinc
1308 1467 1452 1532 vulgo
1474 1465 1652 1515 horum
1674 1467 1863 1516 dierum
1886 1468 2055 1532 vigiliae
2080 1479 2419 1534 nuncupentur

288 1539 520 1607 tenebrae,
546 1548 680 1613 quod
702 1549 943 1596 exstinctis
964 1548 1031 1596 ibi
1053 1548 1372 1597 luminaribus
1393 1565 1573 1596 moeror
1590 1548 1669 1596 hic
1699 1549 2018 1615 exprimatur3
2042 1565 2143 1596 non
2167 1548 2420 1596 mediocri-

289 1637 362 1675 ter
389 1627 665 1675 mirandum
696 1628 887 1676 videtur
914 1627 989 1676 vel
1024 1629 1379 1689 invitatorium,
1406 1627 1483 1677 vel
1503 1627 1742 1693 hymnum
1759 1666 1770 1688 ‚
1796 1628 1872 1676 vel
1897 1647 1921 1673 «
1943 1628 2131 1688 Gloria,
2160 1647 2183 1672 »
2211 1645 2316 1692 quae
2338 1645 2422 1692 po-

289 1707 383 1756 tius
405 1708 565 1772 gaudii
587 1725 731 1757 voces
753 1719 894 1769 sunt,
920 1709 987 1757 ibi
1016 1709 1279 1757 decantari.
1312 1712 1428 1768 Quae
1463 1710 1627 1757 omnia
1661 1727 1814 1774 quum
1848 1710 2075 1757 omnibus
2109 1710 2158 1756 in
2194 1725 2420 1773 magnam

290 1787 659 1836 admirationem
683 1790 901 1850 veniant,
928 1806 1014 1837 cur
1034 1789 1135 1837 haec
1157 1790 1336 1837 scilicet
1357 1799 1515 1838 vestra
1538 1790 1726 1838 novitas
1748 1790 1894 1838 totius
1917 1789 2124 1837 ecclesiae
2150 1790 2256 1836 usui
2290 1789 2419 1854 apud

290 1883 376 1915 vos
407 1866 702 1932 praeferatur,
739 1885 829 1916 nec
857 1879 1019 1916 tamen
1042 1868 1103 1916 ab
1126 1869 1425 1916 institutione
1454 1878 1611 1917 vestra
1639 1868 1750 1916 ideo
1786 1868 2031 1929 receditis,
2070 1886 2159 1916 nec
2188 1868 2305 1933 quid
2342 1867 2420 1914 alii

291 1957 591 1996 murmurent
612 1950 818 1997 curatis:
841 1949 953 2014 quia
978 1949 1028 1996 id
1050 1949 1400 1997 rationabiliter
1427 1966 1514 1997 vos
1547 1950 1701 1997 facere
1730 1949 1972 1998 confiditis
1990 1987 2001 2009 ,
2027 1967 2150 2014 quos
2184 1949 2419 1996 institutio

290 2027 462 2091 regulae
484 2045 665 2076 novum
688 2045 811 2095 opus
832 2029 894 2077 de
916 2030 1066 2077 veteri
1089 2029 1245 2077 facere
1266 2029 1514 2095 compellit
1529 2067 1541 2090 ,
1566 2030 1689 2077 sicut
1711 2029 1772 2077 de
1807 2030 2065 2095 semetipso
2101 2030 2423 2094 Hieronymus

290 2108 526 2155 meminit.
563 2111 670 2156 Non
705 2109 835 2157 enim
869 2126 1047 2157 vocum
1081 2110 1342 2169 novitates,
1367 2109 1452 2157 sed
1480 2109 1710 2175 profanas
1740 2119 1930 2158 tantum
1953 2119 2001 2156 et
2023 2108 2135 2156 fidei
2158 2110 2422 2156 contrarias

290 2187 544 2254 Apostolus
571 2189 830 2238 interdicit.
857 2189 1080 2255 Alioquin
1119 2206 1297 2238 novam
1330 2190 1485 2255 legem
1518 2192 1667 2238 veteri
1701 2207 1802 2238 non
1837 2190 2167 2256 praeferremus
2186 2228 2197 2250 ,
2233 2200 2279 2237 et
2312 2201 2423 2255 post

290 2269 547 2317 canonicas
571 2270 830 2335 scripturas
851 2269 1002 2318 multa
1022 2258 1136 2318 fidei
1157 2270 1306 2318 verba
1335 2272 1605 2319 necessario
1638 2272 1861 2332 inventa,
1886 2270 2222 2318 haereticorum
2252 2287 2417 2329 more,

292 2363 639 2412 respueremus.
676 2347 749 2395 Ad
792 2348 1140 2398 confutandam
1182 2350 1363 2415 quippe
1410 2366 1590 2397 novam
1634 2349 1853 2397 haeresim
1899 2366 2083 2397 novum
2131 2349 2422 2397 vocabulum

293 2429 504 2488 ὁμοούσιον
526 2436 770 2492 repertum
786 2427 874 2475 suit
893 2446 905 2475 :
926 2444 1015 2476 nec
1036 2427 1132 2476 hoc
1148 2445 1328 2476 nomen
1352 2448 1376 2473 «
1391 2429 1632 2476 Trinitas»
1661 2437 1709 2475 et
1734 2443 2020 2493 «persona»
2043 2428 2288 2475 canonicis
2310 2429 2423 2474 scri-

292 2506 446 2570 pturis
467 2506 699 2554 insertum
721 2515 810 2554 est.
834 2507 1054 2572 Denique
1075 2508 1126 2555 in
1150 2507 1325 2555 divinis
1348 2506 1519 2555 officiis
1546 2507 1652 2572 quis
1673 2506 1863 2571 ignoret
1889 2507 2100 2555 diversas
2128 2516 2175 2554 et
2207 2507 2423 2554 innume-

293 2601 369 2634 ras
391 2586 611 2634 Ecclesiae
631 2587 1004 2638 consuetudines
1026 2588 1150 2636 inter
1173 2588 1303 2654 ipsos
1326 2588 1472 2636 etiam
1493 2587 1723 2635 clericos?
1752 2588 2009 2652 Antiquam
2045 2597 2172 2635 certe
2196 2590 2421 2635 Romanae

293 2665 418 2714 sedis
447 2665 845 2715 consuetudinem
867 2683 959 2715 nec
979 2668 1085 2733 ipsa
1106 2667 1271 2715 civitas
1295 2677 1451 2727 tenet,
1476 2666 1563 2715 sed
1583 2666 1687 2715 sola
1707 2666 1917 2715 Ecclesia
1939 2667 2285 2725 Lateranensis,
2315 2683 2421 2731 quae

295 2756 448 2794 mater
469 2756 540 2795 est
561 2748 805 2808 omnium,
829 2747 1082 2813 antiquum
1104 2757 1235 2795 tenet
1257 2747 1471 2795 officium
1486 2784 1498 2807 ,
1525 2746 1655 2795 nulla
1677 2746 1883 2794 filiarum
1906 2763 2100 2794 suarum
2123 2747 2172 2793 in
2197 2746 2291 2793 hoc
2314 2763 2420 2794 eam

294 2837 523 2892 sequente
539 2865 551 2887 ,
579 2845 669 2876 nec
701 2829 806 2894 ipsa
826 2829 971 2876 etiam
994 2828 1198 2876 Romani
1222 2827 1386 2894 palatii
1404 2827 1617 2876 basilica.
1644 2826 2011 2875 Mediolanensis
2043 2826 2322 2892 metropolis
2354 2827 2421 2874 ita

295 2907 344 2954 in
368 2907 542 2955 talibus
562 2907 627 2956 ah
646 2908 872 2956 omnibus
893 2908 1119 2968 dissidet,
1154 2919 1206 2957 ut
1240 2908 1373 2956 nulla
1408 2909 1554 2956 etiam
1587 2907 1996 2972 suffraganearum
2028 2923 2222 2954 suarum
2257 2907 2419 2954 matris

296 2986 646 3035 institutionem
666 2987 895 3036 imitetur.
920 2988 996 3035 Sic
1029 2997 1079 3035 et
1105 2987 1435 3052 Lugdunensis
1462 2988 1618 3053 prima
1649 2987 1786 3035 sedes
1818 2986 2079 3034 Galliarum
2111 2986 2211 3033 sola
2246 2987 2295 3033 in
2331 3003 2418 3033 suo

297 3066 502 3131 persistit
515 3066 693 3115 officio.
714 3070 772 3115 Et
787 3084 938 3132 quum
959 3077 1091 3115 tanta
1115 3067 1164 3114 in
1187 3068 1287 3115 istis
1310 3067 1433 3115 facta
1455 3068 1515 3115 sit
1533 3067 1759 3126 varietas,
1786 3066 2021 3131 quidquid
2039 3080 2132 3113 una
2150 3076 2259 3130 post
2278 3066 2418 3113 aliam

298 3147 485 3195 noviter
506 3148 731 3207 instituit,
751 3147 878 3195 nulla
901 3147 1211 3213 reprehensio
1233 3148 1459 3196 novitatis
1478 3148 1670 3207 incidit,
1692 3148 1803 3213 quia
1827 3147 1956 3195 nulla
1975 3147 2086 3194 fidei
2109 3148 2419 3195 contrarietas

299 3224 402 3274 fuit.
431 3227 722 3275 Nonnullam
756 3227 885 3274 enim
908 3226 1282 3275 oblectationem
1298 3220 1404 3275 liaec
1429 3227 1580 3275 divini
1601 3227 1755 3275 cultus
1777 3228 1979 3275 varietas
2002 3227 2172 3287 habet3
2199 3228 2340 3292 quja,
2367 3237 2418 3273 ut

296 3303 472 3353 Tullius
495 3307 763 3366 meminit¹‚
788 3305 1011 3354 identitas
1033 3306 1084 3353 in
1115 3306 1342 3355 omnibus
1370 3317 1522 3355 mater
1543 3316 1614 3355 est
1648 3307 1890 3355 satietatis.
1917 3307 2010 3364 Qui
2047 3323 2161 3371 ergo
2199 3308 2417 3354 omnium

345 3483 354 3501 ⁶
382 3497 397 3515 ι
413 3484 567 3520 Omnibus
580 3485 612 3521 iu
627 3485 724 3522 rebus
737 3486 914 3521 similitudo
929 3493 979 3521 ent
990 3486 1147 3521 satietatis
1159 3493 1274 3521 mater.
1288 3499 1306 3517 ι
1321 3484 1478 3527 (Ιηυεηευ
1539 3486 1611 3523 ⁴¹«)
