2970 4152
570 402 664 450 628
1361 397 1531 446 PETRI
1566 398 1879 448 ABAELARDI

570 505 642 542 ter
659 497 843 558 Moyses
859 490 1110 539 attendens
1127 490 1309 555 populo
1323 490 1389 538 illi
1410 491 1588 539 carnali
1604 502 1651 539 et
1669 492 1912 557 corporeis
1933 490 2152 538 sensibus
2170 489 2351 549 dodim,
2371 506 2460 537 nec
2475 489 2673 555 spiritali

567 574 875 637 intelligentia
890 571 1112 636 praedito,
1135 571 1268 634 juxta
1288 589 1545 619 numerum
1566 573 1778 637 quinque
1800 588 2026 620 sensuum
2047 571 2143 618 hoc
2163 581 2300 618 vetus
2320 573 2672 618 Testamentum

567 655 615 699 in
653 655 863 717 quinque
894 651 1025 698 libris
1058 650 1264 699 scribere
1298 651 1537 713 decrevit,
1564 652 1625 699 ab
1646 654 1751 717 ipso
1774 652 1946 699 divinae
1968 650 2222 698 creationis
2256 649 2453 698 exordio
2481 666 2674 697 sumens

566 732 837 790 exordium,
875 730 1141 778 naturalem
1177 731 1373 796 quidem
1407 731 1627 779 ordinem
1658 733 1707 778 in
1743 731 1837 778 hoc
1873 739 2152 795 prosecutus
2185 748 2195 776 :
2228 729 2358 777 unde
2390 730 2515 777 bene
2548 729 2674 776 hanc

564 813 716 875 ipsam
739 812 839 874 ejus
859 811 1187 875 operationem
1209 811 1455 876 prophetae
1475 811 1616 875 hujus
1638 811 1887 858 materiam
1908 810 2218 873 assignamus.

630 893 836 938 Intentio
858 908 973 938 vero
997 901 1067 939 est
1089 908 1144 938 ea
1171 907 1318 956 quam
1345 892 1657 956 praemisimus
1678 928 1689 949 ,
1714 890 1891 937 horum
1921 889 2140 937 videlicet
2175 889 2447 937 narratione
2480 886 2557 935 vel
2589 887 2676 935 do·

563 972 714 1017 ctrina
737 971 978 1018 carnalem
1000 970 1158 1018 adhuc
1180 970 1414 1036 populum
1436 987 1492 1018 ex
1513 969 1776 1017 visibilibus
1812 969 1980 1016 saltem
2017 969 2243 1034 operibus
2270 968 2331 1016 ad
2359 968 2542 1016 cultum
2572 966 2675 1036 alli-

563 1067 668 1097 cere
691 1051 936 1110 divinum,
964 1060 1017 1097 ut
1038 1067 1094 1097 ex
1115 1050 1190 1097 his
1210 1050 1431 1098 videlicet
1452 1050 1600 1096 homo
1623 1049 1852 1112 intelligat
1873 1058 2105 1113 quantam
2125 1051 2228 1095 Deo
2251 1048 2425 1095 debeat
2445 1046 2676 1095 obedien-

562 1132 700 1189 tiam,
721 1148 867 1195 quem
888 1132 988 1195 ipse
1011 1140 1059 1178 et
1081 1130 1142 1178 ad
1164 1131 1421 1194 imaginem
1443 1146 1578 1177 suam
1601 1130 1779 1176 creavit
1800 1139 1848 1176 et
1869 1130 1919 1176 in
1942 1128 2165 1194 paradiso
2188 1128 2476 1176 collocatum
2498 1127 2676 1175 caeteris

561 1211 769 1275 praefecit
791 1199 1018 1258 creaturis
1039 1221 1270 1275 tanquam
1292 1220 1489 1276 propter
1516 1227 1628 1257 eum
1649 1209 1855 1257 conditis
1886 1209 2142 1269 universis,
2168 1209 2290 1256 sicut
2310 1209 2542 1273 scriptum
2565 1217 2636 1254 est
2660 1225 2671 1254 ε

565 1311 586 1335 α
612 1292 786 1339 Omnia
816 1292 1056 1355 subjecisti
1089 1291 1180 1338 sub
1217 1290 1421 1356 pedibus
1449 1290 1572 1353 ejus,
1604 1300 1696 1340 etc.
1713 1292 1724 1314 ¹
1742 1309 1765 1334 »
1788 1292 1944 1347 Quem
1973 1290 2117 1337 etiam
2138 1298 2248 1354 post
2271 1288 2463 1353 culpam
2485 1303 2513 1337 a
2534 1303 2675 1352 para-

561 1371 666 1418 diso
689 1372 894 1434 ejectum
915 1370 1158 1418 beneficiis
1174 1371 1270 1418 suis
1288 1387 1388 1417 non
1411 1370 1646 1429 destituit3
1669 1369 1755 1416 sed
1774 1386 1886 1416 eum
1900 1369 2050 1416 modo
2073 1385 2159 1434 per
2181 1384 2349 1434 aspera
2369 1366 2673 1431 corrigendo,

560 1450 709 1497 modo
733 1468 819 1515 per
839 1451 1019 1498 blanda
1041 1450 1327 1498 attrahendo
1349 1488 1360 1509 ,
1386 1450 1536 1497 modo
1565 1449 1668 1513 lege
1697 1449 1979 1496 instruendo
1997 1486 2009 1508 ,
2047 1449 2196 1496 modo
2227 1435 2466 1496 miraculis
2499 1446 2676 1495 confir-

560 1530 767 1588 mando,
794 1530 943 1576 modo
966 1530 1108 1576 minis
1131 1529 1444 1588 deterrendo,
1470 1529 1620 1576 modo
1643 1528 2041 1593 promissionibus
2063 1528 2339 1587 alliciendo,
2364 1543 2551 1589 summa
2566 1543 2678 1575 eum

559 1609 877 1656 sollicitudine
901 1609 962 1655 ad
984 1609 1175 1655 veniam
1198 1625 1298 1655 non
1321 1618 1474 1656 cessat
1500 1609 1719 1655 invitare.
1747 1610 1863 1665 Quae
1889 1607 2085 1672 quidem
2107 1608 2295 1667 omnia,
2322 1616 2375 1654 ut
2395 1606 2576 1672 praefati
2597 1623 2678 1654 su-

558 1705 689 1747 mus,
716 1688 929 1751 diligenti
952 1689 1227 1735 narratione
1252 1688 1313 1735 ab
1336 1689 1442 1752 ipso
1465 1687 1635 1735 mundi
1658 1687 1856 1735 exordio
1879 1703 2031 1752 usque
2053 1687 2115 1735 ad
2136 1695 2354 1752 tempora
2381 1703 2467 1735 sua
2495 1689 2679 1751 Moyses

559 1779 839 1834 prosecutus
862 1769 928 1816 ita
949 1785 1143 1816 exorsus
1166 1777 1252 1815 est.

1335 1918 1395 1949 DE
1427 1917 1573 1949 OPERE
1605 1916 1766 1948 PRIMAE
1789 1917 1901 1947 DIEI.

629 2046 653 2072 «
673 2029 725 2074 In
751 2027 988 2092 principio
1012 2027 1189 2074 creavit
1212 2029 1340 2074 Deus
1362 2026 1538 2073 coelum
1559 2036 1606 2073 et
1629 2036 1823 2073 terram.
1845 2044 1868 2070 »
1888 2023 2006 2072 Coeli
2024 2035 2071 2072 et
2088 2034 2225 2071 terrae
2242 2023 2440 2071 nomine
2460 2020 2679 2071 hocloco

560 2117 767 2171 quatuor
795 2108 1030 2156 elementa
1057 2107 1404 2173 comprehendi
1431 2107 1656 2168 arbitror,
1684 2122 1739 2155 ex
1762 2100 1935 2172 quibus
1957 2117 2188 2170 tanquam
2217 2105 2449 2153 materiali
2472 2105 2680 2170 primor-

562 2186 644 2233 dio
673 2195 840 2233 caetera
873 2188 1036 2233 omnia
1070 2203 1276 2251 corpora
1304 2196 1493 2233 constat
1519 2203 1621 2234 esse
1651 2186 1937 2250 composita.
1974 2185 2160 2232 Coelum
2191 2184 2389 2249 quidem
2422 2184 2521 2231 duo
2560 2183 2683 2232 levia

562 2266 820 2325 elementa,
847 2267 1008 2330 ignem
1027 2266 1248 2313 videlicet
1269 2277 1412 2331 atque
1435 2282 1593 2313 aerem
1615 2266 1749 2313 dicit.
1778 2265 1976 2330 Reliqua
1996 2281 2111 2312 vero
2131 2263 2230 2312 duo
2250 2280 2354 2328 quae
2373 2263 2531 2327 gravia
2550 2273 2678 2323 sunt,

561 2357 738 2393 terram
761 2347 1043 2409 generaliter
1067 2357 1222 2394 vocat.
1250 2347 1435 2394 Coelum
1456 2348 1635 2412 quippe
1658 2357 1757 2394 tam
1780 2362 1973 2394 aereum
1995 2346 2221 2404 dicimus,
2241 2344 2375 2409 juxta
2396 2343 2537 2403 illud,
2563 2363 2587 2389 «
2603 2361 2684 2392 vo·

560 2421 714 2472 lucres
733 2426 837 2472 coeli
851 2463 862 2484 ,
884 2445 907 2470 »
927 2443 1072 2490 quam
1095 2426 1354 2474 aethereum
1368 2427 1503 2491 quod
1526 2437 1596 2474 est
1617 2427 1828 2490 igneum.
1851 2425 1991 2473 Unde
2010 2441 2111 2472 non
2131 2424 2394 2489 incongrue
2409 2434 2508 2472 tam
2523 2440 2682 2471 aerem

561 2523 707 2570 quam
741 2507 900 2570 ignem
935 2506 1110 2553 coelum
1132 2507 1211 2554 hic
1234 2508 1470 2555 nominat.
1497 2511 1696 2555 Constat
1721 2507 1865 2555 etiam
1887 2506 2062 2554 coelum
2085 2502 2343 2554 aethereum
2362 2542 2372 2565 ,
2397 2522 2496 2569 quo
2518 2503 2684 2571 purior

562 2595 631 2632 est
668 2586 814 2649 igniS,
841 2585 1014 2632 coelum
1049 2587 1243 2650 proprie
1274 2587 1427 2633 solere
1460 2586 1572 2633 dici.
1600 2584 1740 2634 Unde
1769 2586 1941 2633 merito
1974 2602 2154 2633 nomen
2189 2584 2319 2642 coeli,
2345 2584 2479 2649 quod
2500 2576 2682 2649 quanto

561 2665 728 2728 purior
750 2674 821 2711 est
842 2665 986 2727 ignis,
1012 2674 1147 2710 tanto
1171 2664 1361 2711 levioris
1384 2675 1454 2712 est
1476 2676 1680 2725 naturae,
1706 2682 1795 2730 pro
1820 2664 2012 2712 duobus
2028 2701 2040 2724 ,
2066 2674 2120 2711 ut
2145 2663 2356 2723 dictum,
2383 2662 2566 2710 levibus
2588 2660 2684 2710 ele·-

562 2745 760 2803 mentis,
787 2744 895 2807 igne
919 2744 1096 2791 scilicet
1119 2755 1261 2809 atque
1291 2762 1399 2792 aere
1418 2783 1429 2805 ,
1450 2745 1529 2792 hic
1550 2745 1763 2811 positum
1785 2762 1887 2793 esse
1908 2744 2203 2808 intelligitur.
2229 2744 2361 2792 Sicut
2385 2760 2412 2791 e
2440 2744 2683 2792 contrario

563 2841 648 2889 per
671 2834 874 2882 terram,
904 2825 1038 2887 cujus
1062 2826 1267 2871 maxime
1290 2827 1444 2888 gravis
1467 2836 1538 2873 est
1561 2835 1608 2873 et
1628 2825 1905 2892 ponderosa
1932 2830 2103 2872 natura
2119 2860 2133 2884 ‚
2158 2834 2259 2872 tam
2289 2834 2466 2871 terram
2498 2825 2650 2889 ipsam
2669 2861 2680 2884 ,

565 2920 709 2968 quam
741 2906 783 2951 ei
823 2904 1145 2952 adhaerentem
1175 2922 1350 2970 aquam
1390 2906 1694 2954 determinat.
1739 2910 1849 2954 Haec
1879 2904 2042 2971 itaque
2074 2888 2283 2971 quatuor
2313 2905 2550 2953 elementa
2578 2916 2678 2954 tan-

565 2999 711 3047 quam
734 2993 1016 3030 caeterorum
1039 3001 1299 3049 corporum
1322 2985 1557 3051 principia
1581 2989 1737 3033 Deum
1759 2986 1808 3033 in
1832 2983 2070 3051 principio
2093 2985 2258 3032 fecisse
2279 2981 2583 3050 praenuntiat.

632 3067 690 3109 Et
711 3064 804 3110 tale
826 3075 896 3111 est
918 3065 1051 3128 quod
1075 3065 1212 3124 dicit,
1243 3084 1266 3110 «
1286 3065 1335 3111 in
1360 3066 1598 3130 principio
1614 3103 1626 3124 ,
1649 3085 1671 3110 n
1699 3067 1739 3113 si
1764 3066 1944 3113 diceret
1964 3076 2075 3113 ante
2096 3065 2177 3113 illa
2198 3065 2361 3112 omnia
2384 3081 2490 3129 quae
2521 3080 2688 3121 conse-

567 3152 769 3206 quenter
797 3154 1069 3203 enumerat,
1096 3155 1142 3191 et
1171 3145 1231 3191 de
1259 3162 1469 3210 quorum
1498 3145 1643 3192 etiam
1668 3146 2086 3193 consummatione
2113 3143 2425 3211 postmodum
2453 3141 2644 3189 subdit'
2670 3160 2681 3189 :

571 3241 594 3267 «
616 3223 761 3285 Igitur
784 3224 979 3286 perfecti
1001 3235 1113 3272 sunt
1142 3225 1278 3286 coeli,
1304 3236 1396 3273 etc.
1424 3245 1448 3270 »
1478 3223 1587 3273 Tale
1621 3235 1693 3272 est
1726 3226 1859 3290 quod
1893 3226 2010 3274 dicit
2039 3227 2089 3272 in
2117 3224 2355 3291 principio
2383 3222 2686 3287 sequentium

569 3318 769 3367 operum
789 3339 799 3360 ‚
826 3309 880 3349 ac
903 3305 941 3350 si
963 3304 1142 3352 diceret
1160 3343 1171 3365 ,
1201 3307 1248 3352 in
1280 3306 1519 3372 principio
1544 3304 1738 3365 mundi;
1765 3305 1816 3353 id
1837 3315 1932 3366 est,
1959 3315 2215 3370 antequam
2243 3303 2508 3369 quidquam
2529 3302 2590 3350 de
2611 3300 2685 3365 hjs

617 3461 626 3479 ‘
649 3460 765 3496 Psalm.
781 3473 857 3502 vm,
873 3473 904 3496 v.
921 3465 952 3497 8.
968 3464 1035 3490 —'
1052 3466 1180 3506 Genes„
1200 3476 1274 3510 cap.
1292 3477 1333 3507 n,
1348 3469 1427 3500 v.1.
