2970 4152
1406 499 1883 581 MAGISTRI

802 636 1351 846 PETRI
1485 678 2482 847 ABAELARDI

888 969 1357 1046 EPISTOLA
1402 971 1525 1046 ET
1568 971 1830 1046 FIDEI
1875 969 2399 1048 CONFESSIO

1532 1386 1749 1401 Ρ-Ψ-Π..

628 1562 762 1608 Quum
783 1561 1025 1613 theologicae
1043 1561 1244 1606 Abaelardi
1265 1562 1496 1616 opiniones,
1517 1564 1756 1617 vituperatae
1774 1563 1952 1618 primum
1971 1564 2014 1604 in
2034 1564 2317 1606 suessionensi
2338 1563 2513 1606 concilio
2528 1594 2539 1613 ‚
2560 1575 2701 1605 rursus

571 1628 616 1669 in
636 1628 795 1682 synodo
816 1628 1046 1670 Senonensi
1059 1659 1070 1679 ,
1092 1629 1270 1681 graviori
1290 1629 1455 1683 quidem
1471 1629 1630 1683 judicio
1645 1662 1656 1682 ,
1676 1629 1848 1672 fuissent
1875 1630 2159 1672 condemnatae
2172 1663 2182 1680 ,
2203 1631 2341 1672 animo
2360 1630 2511 1672 fractus
2537 1629 2699 1672 tandem

573 1703 712 1738 noster
743 1696 797 1738 ad
830 1697 1058 1738 Heloissam
1093 1697 1202 1738 misit
1229 1697 1445 1751 epistolam
1478 1711 1569 1752 quae
1593 1711 1786 1754 suprema
1813 1698 1939 1741 fuisse
1967 1699 2158 1749 videtui-3
2189 1700 2342 1741 etenim
2373 1698 2494 1753 paulo
2523 1699 2621 1753 'post
2649 1699 2701 1740 ab

571 1764 808 1808 hominibus
827 1778 871 1807 se
891 1766 1087 1817 removit,
1108 1766 1358 1821 recessitque
1378 1767 1420 1807 in
1439 1767 1709 1810 Cluniaeense
1733 1769 2028 1810 monasterium
2041 1801 2052 1820 ,
2072 1769 2143 1811 ubi
2163 1769 2288 1810 vitam
2306 1769 2350 1810 in
2368 1768 2528 1810 silentio
2548 1775 2590 1809 et
2608 1780 2700 1822 pre-

572 1835 690 1876 cibus
720 1834 1034 1877 consummavit.
1053 1836 1112 1875 Ea
1129 1834 1296 1890 quidem
1324 1835 1498 1890 epistola
1521 1849 1607 1877 non
1631 1837 1793 1891 integra
1810 1836 1864 1878 ad
1882 1850 1960 1878 nos
1978 1837 2183 1892 pervenit3
2206 1837 2281 1879 sed
2301 1837 2410 1878 illius
2429 1837 2699 1890 fragmentum

573 1903 695 1945 nobis
713 1902 892 1944 servavit
915 1902 1116 1944 Abaelardi
1142 1902 1367 1958 discipulus
1386 1904 1658 1958 Berengarius
1676 1905 1966 1956 Pictaviensis,
1997 1906 2041 1947 in
2057 1907 2244 1960 Epistola
2268 1906 2527 1960 Apoloqetiea
2556 1910 2700 1947 contra

574 1974 711 2019 divum
741 1973 1018 2024 Bernardum3
1042 1986 1163 2028 quam
1193 1974 1245 2015 ad
1278 1974 1431 2016 calcem
1462 1974 1591 2017 nostri
1620 1973 1794 2019 secundi
1824 1975 2048 2021 voluminis
2066 1975 2311 2034 sepositam,
2332 1975 2367 2016 si
2393 1974 2548 2030 placet,
2568 1973 2693 2027 legas,

1531 2169 1745 2183 quw——

637 2353 786 2397 Soror
804 2364 915 2396 mea
936 2347 1167 2407 Heloissa‚
1191 2347 1444 2412 quondam
1466 2347 1585 2395 mihi
1602 2349 1653 2395 in
1671 2348 1843 2396 saeculo
1866 2364 1994 2408 cara,
2011 2365 2141 2396 nunc
2160 2349 2209 2395 in
2224 2348 2414 2396 Christo
2437 2349 2695 2407 carissima,

574 2430 799 2477 odiosum
820 2446 898 2476 me
920 2428 1105 2475 mundo
1129 2427 1340 2476 reddidit
1359 2428 1531 2492 logica.
1560 2429 1701 2476 Aiunt
1730 2429 1859 2478 enim
1884 2430 2095 2494 perversi
2115 2438 2465 2494 pervertentes,
2491 2445 2698 2493 quorum

572 2511 804 2576 sapientia
837 2520 908 2558 est
928 2511 979 2557 in
1014 2509 1309 2575 perditione,
1346 2525 1424 2556 me
1452 2510 1503 2556 in
1533 2509 1688 2573 logica
1719 2511 2161 2575 praestantissimum
2191 2526 2316 2569 esse,
2348 2509 2433 2557 sed
2467 2510 2516 2556 in
2553 2508 2700 2556 Paulo

573 2608 674 2639 non
698 2590 1005 2639 mediocriter
1027 2589 1312 2637 claudicare.
1342 2591 1600 2654 Quumque
1621 2590 1799 2654 ingenii
1820 2589 2081 2655 praedicent
2102 2591 2275 2651 aciem,
2298 2589 2565 2637 christianae
2586 2587 2698 2636 fidei

574 2671 864 2719 subtrahunt
896 2670 1170 2735 puritatem.
1197 2669 1344 2728 Quia,
1376 2679 1430 2716 ut
1457 2669 1576 2717 mihi
1604 2669 1812 2730 videtur,
1844 2670 2075 2735 opinione
2102 2670 2262 2736 potius
2291 2669 2608 2717 traducuntur
2636 2669 2697 2716 ad

570 2752 829 2815 judicium,
856 2767 1002 2815 quam
1024 2749 1324 2815 experientiae
1354 2750 1650 2814 magistratu.
1677 2750 1800 2797 Nolo
1831 2750 1898 2797 sic
1922 2766 2025 2798 esse
2052 2748 2394 2815 philosophus,
2420 2758 2473 2795 ut
2504 2747 2698 2796 recalci-

573 2842 696 2879 trem
718 2831 891 2890 Paulo;
916 2847 1017 2878 non
1039 2831 1107 2878 sic
1128 2847 1230 2877 esse
1254 2829 1548 2890 Aristoteles,
1572 2840 1628 2877 ut
1647 2830 1867 2878 secludar
1889 2846 1918 2878 a
1939 2829 2147 2878 Christo.
2174 2832 2281 2876 Non
2304 2829 2434 2876 enim
2456 2827 2586 2875 aliud
2606 2844 2697 2875 no-

573 2929 685 2960 men
707 2922 779 2960 est
799 2912 889 2960 sub
911 2911 1033 2959 coelo
1047 2947 1060 2971 ,
1086 2911 1135 2958 in
1159 2927 1257 2975 quo
1280 2920 1502 2975 oporteat
1523 2927 1601 2958 me
1622 2910 1808 2958 salvum
1829 2910 1948 2958 fieri.
1977 2910 2139 2958 Adoro
2162 2909 2404 2957 Christum
2432 2909 2483 2955 in
2506 2908 2698 2955 dextera

571 2994 720 3041 Patris
755 3002 1051 3057 regnantem.
1088 2991 1363 3056 Amplector
1400 3007 1511 3038 eum
1546 2991 1672 3038 ulnis
1705 2990 1819 3039 fidei
1850 2991 1900 3038 in
1930 3008 2080 3039 ‚carne
2110 2989 2330 3055 virginali
2362 2988 2423 3036 de
2456 2987 2697 3036 Paracleto

572 3084 765 3139 sumpta
787 3073 995 3138 gloriosa
1018 3072 1246 3120 divinitus
1275 3082 1575 3137 operantem.
1599 3075 1658 3119 Et
1684 3082 1739 3120 ut
1766 3072 1954 3138 trepida
1976 3071 2273 3130 sollicitudo,
2299 3079 2576 3133 cunctaeque
2603 3084 2699 3119 ame

572 3155 716 3219 bages
738 3172 766 3203 a
787 3154 935 3203 corde
959 3155 1029 3202 tui
1051 3154 1259 3220 pectoris
1281 3152 1617 3219 explodantur,
1642 3152 1738 3202 hoc
1759 3153 1820 3200 de
1842 3170 1920 3201 me
1942 3163 2132 3212 teneto,
2152 3151 2287 3217 quod
2307 3167 2450 3216 super
2470 3149 2600 3197 illam
2620 3165 2699 3214 pe-

574 3222 698 3284 tram
734 3236 931 3284 fundavi
965 3220 1311 3283 conscientiam
1345 3249 1528 3301 meam,
1565 3249 1710 3299 super
1742 3250 1889 3299 quam
1910 3233 2136 3282 'Christus
2168 3231 2418 3280 aedificavit
2451 3228 2697 3277 ecclesiam

575 3333 727 3365 suam.
755 3316 899 3380 Cujus
921 3324 1067 3381 petrae
1088 3315 1281 3362 titulum
1301 3314 1390 3363 tibi
1416 3313 1627 3362 breviter
1649 3313 1921 3379 assignabo.
1947 3313 2106 3362 Credo
2126 3313 2176 3361 in
2201 3315 2411 3370 Patrem,
2437 3319 2484 3357 et
2506 3308 2692 3366 Filium,

575 3408 621 3446 et
645 3398 874 3463 Spiritum
897 3405 1139 3455 sanctum;
1163 3412 1317 3443 unum
1340 3393 1619 3443 naturaliter
1640 3404 1688 3443 et
1707 3411 1877 3443 verum
1899 3397 2055 3459 Deum
2083 3413 2093 3442 ε
2119 3393 2202 3458 qui
2223 3393 2290 3441 sic
2312 3392 2360 3440 in
2383 3390 2602 3456 personis
2619 3405 2697 3454 ap—
