2970 4152
538 386 633 431 384
1337 384 1507 431 PETRI
1542 388 1853 441 ABAELARDI

539 499 620 532 seu
665 479 1025 528 tabernaculum
1056 488 1296 543 assumpta
1327 479 1597 532 humanitas
1624 486 1743 547 (fuit,
1777 488 1827 535 in
1859 505 1978 553 qua,
2018 498 2069 535 ut
2102 488 2351 554 Apostolus
2386 487 2602 535 meminit
2617 488 2646 547 ¹,

538 564 786 632 plenitudo
813 563 1068 610 divinitatis
1092 562 1401 627 corporaliter
1423 564 1730 616 inhabitabat.
1759 572 1829 617 De
1845 572 1859 594 ²
1881 570 1971 617 hac
1986 570 2145 633 itaque
2161 569 2306 634 ipsius
2327 568 2646 628 humanitate,

538 646 708 694 divinae
727 644 881 708 gratiae
911 642 1075 703 donis,
1107 652 1159 689 ut
1191 642 1419 706 diximuS,
1447 646 1666 709 inuncta3
1693 649 1858 697 hocin
1884 650 2022 697 nobis
2047 650 2193 714 gratia
2215 649 2482 709 derivante,
2516 649 2652 713 quasi

537 728 597 776 de
616 727 810 776 taberna
836 722 993 770 oleum
1013 741 1099 789 per
1116 734 1271 771 totum
1297 724 1424 773 diem
1449 745 1647 777 manans
1672 730 1912 778 exuberat.
1948 732 2086 779 Diem
2110 741 2269 779 autem
2305 741 2458 778 totum
2493 729 2623 776 hunc
2639 731 2654 755 ⁸

537 820 723 874 tempus
747 805 901 869 gratiae
923 816 1087 866 vocat,
1117 805 1250 869 quod
1270 806 1502 855 adventus
1525 810 1597 856 sui
1622 812 1869 875 praesentia
1896 812 2133 858 Dominus
2167 811 2439 870 illustravit,
2468 809 2528 856 de
2554 825 2652 873 quo

535 890 652 938 illud
669 899 740 937 est
756 888 990 953 Apostoli'*
1019 895 1036 934 ε’
1062 908 1084 934 «
1108 891 1211 936 Nox
1234 890 1493 954 praecessit,
1523 890 1624 938 dies
1644 901 1803 939 autem
1824 893 2241 959 appropinquavit.
2265 911 2288 937 »
2318 895 2406 939 Per
2427 890 2553 938 hanc
2575 899 2654 937 to-

533 985 631 1021 tam
651 972 779 1020 diem
796 971 955 1018 oleum
972 971 1297 1018 indeficienter
1316 988 1343 1018 a
1363 973 1516 1036 capite
1539 972 1620 1018 illo
1646 983 1811 1020 nostro
1843 973 2009 1022 defluit
2032 974 2095 1021 ad
2124 974 2339 1021 membra
2354 1010 2366 1034 ‚
2400 989 2550 1037 quum
2592 970 2654 1018 de

535 1056 635 1118 ejus
670 1054 965 1120 plenitudine
990 1064 1178 1119 tempus
1212 1053 1304 1100 hoc
1327 1054 1483 1117 gratiae
1514 1054 1776 1118 specialiter
1806 1055 2004 1103 dicatur.
2033 1055 2201 1103 Unde¹⁵
2226 1055 2321 1102 hoc
2357 1056 2515 1120 ipsum
2553 1053 2653 1116 ejus

533 1151 739 1194 nomen,
769 1133 901 1199 quod
921 1133 1132 1180 Christus
1157 1144 1247 1193 est,
1275 1133 1336 1180 ad
1360 1133 1500 1197 hujus
1523 1150 1716 1198 quoque
1742 1136 1899 1199 gratiae
1923 1135 2266 1183 abundantiam
2300 1133 2649 1193 denotandam,

534 1216 667 1278 quasi
697 1224 993 1279 unguentum
1026 1214 1075 1260 in
1107 1213 1245 1260 nobis
1276 1213 1478 1261 effusum.
1502 1225 1643 1278 atque
1668 1215 1915 1263 dilatatum
1941 1227 2067 1264 recte
2099 1216 2293 1277 dicitur,
2322 1216 2438 1263 dum
2471 1233 2528 1263 ex
2553 1215 2654 1279 ejus

534 1295 729 1341 nomine
755 1294 987 1358 insigniti,
1008 1310 1036 1340 a
1054 1294 1240 1341 Christo
1263 1310 1494 1341 ⁴vocamur
1513 1293 1771 1341 christiani.
1795 1297 2033 1343 Meritoria
2059 1306 2220 1343 autem
2244 1296 2440 1343 taberna
2464 1295 2543 1342 illa
2565 1295 2652 1342 do·

535 1392 641 1421 mus
666 1375 969 1434 aestimatur⁶,
1005 1374 1089 1422 ubi
1120 1374 1304 1421 emeriti
1332 1373 1502 1421 milites
1533 1374 1831 1422 fovebantur.
1861 1379 1976 1433 Quae
1995 1386 2125 1423 tanto
2142 1377 2290 1441 magis
2308 1394 2476 1424 eorum
2494 1393 2654 1423 neces-

535 1455 748 1503 sitatibus
773 1455 1062 1520 quotidianis
1093 1455 1308 1502 sufficere
1335 1466 1544 1520 poterat,
1589 1467 1770 1520 quanto
1802 1457 2004 1522 amplius
2035 1458 2136 1520 ejus
2175 1460 2386 1522 porticus
2414 1457 2652 1504 venalium

534 1553 693 1583 rerum
719 1536 993 1584 abundabat
1027 1537 1180 1601 copia.
1227 1539 1329 1582 Hoc
1354 1537 1402 1582 in
1428 1536 1560 1596 loco,
1600 1537 1794 1584 Basilica
1831 1538 2090 1597 SsMariae,
2129 1555 2234 1601 quae
2267 1538 2377 1585 ideo
2414 1537 2656 1595 fundentis

535 1616 694 1663 oleum
721 1618 1025 1680 agnominata
1049 1598 1209 1662 Roniae
1227 1615 1384 1662 adhuc
1406 1617 1694 1677 ostenditur,
1727 1616 1925 1664 celebris
1949 1617 2167 1664 habetur.
2197 1618 2364 1664 Merito
2384 1628 2543 1664 autem
2566 1617 2653 1664 do-

533 1714 639 1744 mus
661 1697 765 1757 illa,
806 1714 910 1762 quae
949 1697 1298 1762 propitiationis
1339 1697 1461 1744 bene
1498 1698 1790 1745 merentibus
1822 1698 2074 1756 existebat,
2114 1709 2365 1764 assumptae
2391 1716 2419 1745 a
2442 1698 2654 1745 Domino

531 1779 814 1826 humanitati
841 1789 1168 1844 comparatur,
1197 1795 1283 1843 per
1302 1795 1447 1843 quam
1468 1780 1698 1826 universis
1716 1779 1937 1827 fidelibus
1964 1781 2246 1844 propitiatus
2271 1790 2341 1827 est
2366 1783 2509 1827 Deus.
2538 1778 2655 1836 Quis

532 1862 658 1907 enim
682 1861 854 1924 Spiritu
876 1869 1040 1906 sancto
1066 1869 1344 1922 suggerente
1366 1859 1544 1906 factum
1570 1876 1671 1906 esse
1694 1876 1793 1906 non
1819 1858 1999 1918 videat,
2029 1876 2180 1923 quum
2201 1860 2250 1905 in
2274 1869 2405 1906 tanta
2429 1858 2654 1906 sublima-

531 1951 606 1987 tus
638 1939 785 2003 gloria
805 1944 1039 2003 Augustus
1063 1939 1385 2003 praemineret,
1423 1955 1473 1985 se
1505 1939 1767 1986 Dominum
1800 1940 1961 1986 vocari
1991 1940 2191 1986 omnino
2217 1939 2539 1998 interdixerit,
2565 1954 2655 1985 nec

532 2022 607 2069 vel
628 2022 740 2085 joco
764 2021 812 2067 id
840 2038 889 2067 se
914 2019 1164 2085 appellari,
1194 2019 1278 2066 sed
1303 2019 1611 2067 solummodo
1638 2022 1900 2085 Augustum
1935 2021 2257 2086 permitteret,
2288 2021 2422 2084 quasi
2448 2018 2655 2084 quadam

533 2102 693 2150 divina
707 2102 1031 2167 ‘dispositione
1058 2112 1260 2149 venturo
1283 2101 1470 2148 Christo
1494 2101 1636 2165 hujus
1659 2102 1990 2167 appellationis
2009 2102 2154 2149 decus
2173 2112 2433 2149 reservaret
2447 2138 2459 2162 ,
2487 2101 2570 2166 qui
2587 2099 2657 2146 di-

533 2181 722 2247 scipulis
738 2182 802 2228 ait
816 2185 829 2206 ⁷
853 2202 862 2227 :
888 2201 909 2226 «
924 2185 1022 2228 Vos
1039 2181 1214 2227 vocatis
1232 2197 1308 2227 me
1327 2182 1548 2245 magister
1566 2191 1612 2228 et
1627 2182 1857 2241 Domine,
1881 2192 1926 2228 et
1943 2181 2068 2229 bene
2085 2182 2262 2228 dicitis:
2284 2198 2390 2228 sum
2410 2182 2601 2228 etenim.
2628 2197 2652 2223 »

534 2263 672 2311 Unde
692 2273 737 2310 et
758 2262 858 2326 ejus
878 2262 1191 2309 humilitatem
1210 2262 1446 2326 Dominus
1461 2262 1562 2328 ipse
1576 2263 1832 2328 respiciens
1872 2262 2057 2328 [quum]
2076 2264 2139 2309 ait
2152 2264 2165 2286 ⁸
2185 2282 2194 2309 :
2220 2282 2241 2308 «
2263 2262 2357 2320 Qui
2375 2279 2423 2309 se
2442 2262 2658 2309 humiliat

533 2342 834 2401 exaltabitur,
858 2360 881 2386 »
910 2342 1064 2407 ipsum
1091 2342 1283 2405 Augusti
1307 2358 1485 2388 nomen
1510 2343 1758 2408 proprium
1788 2360 1812 2389 a
1851 2359 1908 2389 eo
1944 2342 2167 2390 extollere
2193 2342 2425 2401 decrevit,
2453 2351 2505 2388 ut
2526 2341 2658 2388 dein-

533 2441 644 2490 ceps
670 2424 858 2471 romani
888 2424 1197 2488 imperatores
1216 2440 1265 2470 se
1287 2423 1567 2486 generaliter
1593 2427 1825 2488 Augustos
1850 2425 2046 2471 vocitari
2071 2424 2384 2488 gloriarentur
2411 2442 2420 2469 :
2457 2433 2504 2470 et
2525 2421 2659 2487 quod

533 2506 664 2569 prius
689 2505 940 2570 proprium
966 2514 1106 2568 atque
1137 2499 1412 2569 personale,
1448 2504 1625 2551 factum
1650 2515 1718 2552 est
1746 2505 1964 2569 generale
1993 2505 2283 2552 vocabulum
2315 2515 2360 2552 et
2394 2503 2653 2570 imperiale.

532 2587 752 2632 Patenter
771 2602 881 2632 eum
901 2584 1138 2632 avunculo
1157 2601 1243 2631 suo
1264 2588 1287 2631 J
1292 2585 1387 2632 ulio
1410 2586 1580 2632 Caesari
1596 2586 1643 2631 in
1660 2585 1926 2633 humilitate
1946 2586 2237 2632 contrarium
2256 2585 2488 2644 videmus,
2508 2599 2658 2648 quum

532 2666 632 2724 ille,
656 2676 709 2712 ut
725 2669 942 2712 Lucanus
962 2682 1155 2730 quoque
1175 2666 1414 2727 meminit,
1442 2667 1660 2713 omnium
1677 2667 1960 2731 dignitatum
1976 2667 2149 2731 gradus
2168 2668 2216 2713 in
2234 2684 2284 2714 se
2309 2666 2540 2725 retinens,
2559 2665 2659 2728 jam

530 2764 630 2794 non
645 2763 695 2793 se
713 2763 916 2793 numero
934 2746 1174 2810 singulari,
1198 2746 1282 2793 sed
1301 2747 1472 2811 plurali
1490 2746 1691 2811 proferri
1710 2749 2036 2812 permitteret⁹,
2059 2764 2159 2806 non
2176 2764 2226 2794 se
2239 2748 2339 2812 jam
2359 2747 2492 2811 quasi
2509 2763 2660 2793 unum

533 2830 781 2876 hominem
797 2865 809 2888 ,
842 2828 926 2875 sed
956 2828 1114 2893 plures
1133 2829 1267 2891 juxta
1291 2828 1574 2891 dignitatum
1593 2829 1946 2876 multitudinem
1973 2828 2295 2875 considerans.
2324 2830 2477 2885 Quem
2503 2826 2665 2874 adhuc

536 2919 700 2955 nostra
724 2907 944 2973 superbia
970 2919 1203 2972 quantum
1233 2908 1357 2954 valet
1388 2908 1638 2968 aemulans,
1672 2925 1771 2956 non
1805 2909 1961 2955 solum
1992 2925 2180 2968 rerum,
2215 2907 2299 2955 sed
2330 2908 2662 2970 etiamfflomi-

537 3007 651 3036 num
679 2990 879 3054 gloriam
899 2991 946 3036 in
971 2999 1157 3036 tantum
1176 2989 1499 3054 amplectitur,
1524 3000 1575 3036 ut
1599 3007 1697 3037 non
1723 2990 1878 3036 solum
1909 2989 2127 3050 abbates,
2162 2989 2473 3036 verumetiam
2507 2987 2662 3034 domi·

534 3071 582 3115 ni
625 3072 785 3118 vocari
830 3070 1117 3135 gloriemur3
1156 3081 1202 3118 et
1242 3087 1422 3135 magnae
1467 3072 1758 3136 imputemus
1795 3071 1976 3134 injuriae
2004 3088 2093 3118 nos
2127 3071 2210 3135 qui
2243 3069 2521 3117 humiliores
2565 3083 2665 3115 esse

540 3148 794 3210 debemus,
830 3152 866 3198 si
898 3152 946 3198 in
980 3150 1298 3217 appellatione
1324 3160 1483 3198 nostra
1511 3150 1708 3214 subjecti
1735 3151 1934 3198 alterum
1963 3151 2322 3216 praetermittant
2356 3147 2659 3195 vocabulum.

581 3314 591 3331 ¹
632 3327 646 3342 κ
677 3316 713 3347 ln
746 3316 815 3358 ipso
842 3316 998 3349 inhabitat
1023 3318 1126 3350 omnis
1154 3317 1324 3361 plenitudo
1354 3317 1539 3350 divinitatis.
1561 3330 1576 3346 n
1633 3316 1724 3349 Eius.
1740 3333 1777 3340 -—
1799 3316 1812 3333 ⁶
1828 3317 2045 3349 Existimetur
2062 3315 2129 3348 MS.
2150 3314 2241 3347 Eius.
2262 3331 2303 3338 —
2325 3315 2336 3332 ⁷
2353 3314 2462 3353 Joan.‚
2490 3323 2563 3355 cap.
2589 3323 2664 3351 xm,

539 3371 688 3411 (soloss.,
699 3381 769 3414 cap.
786 3384 818 3410 u,
830 3383 861 3403 v.
873 3371 1030 3414 9.)—²De
1043 3374 1106 3407 hac
1117 3378 1224 3415 itaque
1236 3377 1316 3407 diem
1327 3374 1443 3407 desunt
1456 3374 1486 3405 in
1496 3373 1577 3406 Cod.
1634 3384 1663 3405 v.
1685 3374 1779 3405 13.—
1796 3372 1808 3389 ⁸
1823 3372 1951 3411 Matth„
1967 3383 2041 3415 cap.
2060 3382 2129 3404 xxu
2143 3397 2151 3411 ‚
2165 3381 2196 3404 v.
2217 3371 2270 3402 12.
2281 3388 2311 3393 —
2333 3369 2346 3386 ⁹
2364 3369 2433 3402 MS.
2450 3370 2538 3402 Eius.
2552 3386 2575 3392 -
2587 3369 2667 3400 Per-

541 3426 671 3459 Eins.-
689 3426 701 3443 ³
716 3427 781 3458 MS.
798 3428 888 3460 Eins.
901 3446 921 3452 —
936 3430 1000 3461 Hoc
1017 3429 1079 3461 Ed.
1099 3430 1191 3462 Amb.
1203 3449 1246 3454 —-
1260 3430 1273 3447 ⁴
1289 3432 1397 3469 Rom,
1416 3440 1487 3473 cap.
1507 3441 1577 3469 xm,
1632 3433 1733 3462 mittet
1745 3430 1807 3462 Ed.
1823 3429 1918 3463 Amb.
1929 3448 1967 3453 —
1982 3428 2010 3446 ¹⁰
2029 3430 2125 3468 Quem
2142 3430 2291 3460 adhuc.—
2302 3428 2369 3460 Sed
2382 3438 2440 3460 nec
2455 3429 2536 3460 illud
2550 3426 2667 3459 desum

538 3494 568 3514 v.
590 3485 640 3515 12.
656 3501 696 3506 —-
711 3483 722 3500 ⁸
742 3485 833 3516 Unde
859 3485 918 3517 hoc
946 3488 1045 3525 ipsum
1059 3504 1080 3509 —
1094 3490 1256 3519 meritoria
1288 3487 1404 3520 desunt
1434 3487 1464 3518 in
1495 3486 1576 3519 eod.
1633 3487 1664 3518 in
1680 3486 1761 3519 Cod.
1782 3486 1872 3518 Eius.
