2970 4152
558 449 648 494 400
1129 443 1295 489 PETRI
1334 444 1644 494 ABAELARDI
1679 447 1752 494 ET
1786 447 2085 493 HELOtsSAE

553 541 612 587 ad
638 557 922 587 consensum
951 538 1210 584 trahebam.
1231 541 1379 585 Tanto
1406 541 1533 587 enim
1552 542 1635 588 tibi
1651 542 2041 607 concupiscentiae
2060 539 2228 587 ardore
2246 541 2493 605 copulatus
2509 558 2657 601 eram,

555 631 604 667 ut
629 621 821 667 miseras
843 619 944 666 illas
968 628 1015 664 et
1038 618 1400 666 obscenissimas
1418 620 1708 687 voluptates,
1732 639 1849 687 quas
1865 622 2006 668 etiam
2031 621 2280 668 nominare
2304 622 2657 679 confundimur,

554 710 647 746 tam
677 704 779 746 Deo
812 716 956 763 quam
982 698 1098 744 mihi
1136 699 1223 764 ipsi
1251 717 1605 766 praeponerem3
1640 719 1729 750 nec
1750 703 1873 766 jam¹
1900 701 2034 748 aliter
2063 701 2310 748 consulere
2337 718 2474 766 posse
2502 700 2661 748 divina

550 780 788 826 videretur
804 779 1053 825 clementia
1069 815 1081 839 ,
1110 779 1199 825 nisi
1223 779 1308 827 has
1326 780 1439 827 mihi
1460 782 1721 847 voluptates
1742 783 1844 828 sine
1867 799 1950 846 spe
1973 780 2067 828 ulla
2091 782 2289 829 omnino
2315 781 2614 828 interdiceret
2628 783 2656 827 ².

555 859 687 905 Unde
708 859 964 921 justissime
990 868 1036 906 et
1057 859 1420 909 clementissime
1436 897 1448 921 ,
1478 861 1586 908 licet
1610 879 1719 909 cum
1745 878 1931 908 summa
1957 861 2026 908 tui
2044 861 2265 908 avunculi
2287 860 2581 927 proditione,
2610 871 2662 908 ut

549 940 595 984 in
617 938 776 985 multis
793 956 1087 1002 crescerem,
1115 951 1248 1005 parte
1268 941 1345 988 illa
1365 943 1580 1006 corporis
1595 945 1609 967 ⁸
1631 960 1735 989 sum
1765 943 1978 988 minutus
1992 944 2027 1002 ⁴,
2061 942 2109 988 in
2127 959 2220 1006 qua
2236 942 2445 989 libidinis
2463 958 2661 1006 regnum

547 1030 670 1077 erat,
704 1029 749 1066 et
781 1029 878 1066 tota
910 1019 1052 1083 hujus
1073 1022 1467 1087 concupiscentiae
1495 1039 1636 1069 causa
1663 1022 1949 1069 consistebat
1972 1041 1981 1068 z
2009 1032 2057 1068 ut
2081 1022 2206 1085 juste
2237 1022 2353 1069 illud
2380 1022 2663 1087 plecteretur

548 1098 840 1159 membrum,
870 1100 1002 1163 quod
1030 1101 1078 1146 in
1105 1101 1244 1148 nobis
1275 1103 1577 1148 commiserat
1610 1112 1786 1162 totum,
1817 1112 1864 1148 et
1895 1103 2104 1167 expiaret
2127 1101 2352 1167 patiendo
2378 1101 2510 1166 quod
2540 1100 2664 1148 deli-

546 1191 712 1242 querat
729 1180 1041 1241 oblectando;
1065 1191 1111 1229 et
1128 1181 1188 1229 ab
1206 1181 1279 1228 his
1300 1199 1376 1229 me
1396 1183 1653 1246 spurcitiis,
1677 1182 1850 1247 quibus
1867 1199 1944 1229 me
1969 1192 2123 1229 totum
2143 1182 2277 1246 quasi
2294 1181 2395 1228 luto
2421 1181 2662 1239 immerse-

544 1276 645 1306 ram
664 1296 675 1318 ,
716 1271 811 1307 tam
844 1269 1002 1308 mente
1031 1277 1174 1325 quam
1206 1278 1408 1327 corpore
1440 1261 1822 1322 circumcideret3
1863 1272 1909 1308 et
1939 1272 2071 1309 tanto
2097 1250 2242 1308 'sacris
2270 1261 2413 1308 etiam
2442 1259 2665 1307 altaribus

545 1339 814 1398 idoniorem
845 1340 1075 1397 efficeret,
1110 1353 1290 1405 quanto
1319 1358 1395 1388 me
1427 1342 1556 1388 nulla
1580 1341 1694 1388 hinc
1720 1342 1922 1407 amplius
1945 1342 2207 1390 carnalium
2224 1345 2237 1367 ⁵
2265 1340 2663 1407 contagia-pollu-

543 1421 726 1466 tionum
748 1432 1039 1467 revocarent.
1065 1425 1220 1478 Quam
1240 1422 1497 1468 clementer
1516 1423 1658 1468 etiam
1676 1423 1724 1468 in
1746 1439 1803 1468 eo
1830 1432 2016 1469 tantum
2036 1439 2112 1469 me
2129 1423 2227 1486 pati
2247 1423 2397 1469 voluit
2424 1420 2660 1480 membro,

545 1500 677 1562 cujus
693 1500 894 1563 privatio
915 1511 961 1546 et
979 1501 1147 1546 animae
1166 1501 1303 1547 saluti
1320 1501 1614 1560 consuleret,
1646 1511 1692 1547 et
1719 1518 1894 1566 corpus
1921 1519 2020 1548 non
2045 1501 2369 1566 deturparet⁶,
2403 1517 2492 1547 nec
2521 1501 2665 1548 ullam

545 1578 811 1625 officiorum
838 1580 1233 1626 ministrationem
1256 1581 1588 1644 praepediret⁷,
1619 1581 1716 1626 imo
1749 1581 1810 1627 ad
1833 1582 2021 1640 omnia,
2051 1598 2156 1645 quae
2179 1580 2382 1627 honeste
2405 1589 2661 1644 geruntur,

546 1668 676 1704 tanto
713 1676 789 1705 me
821 1661 1166 1723 promptiorem
1203 1659 1431 1718 efficeret,
1473 1669 1652 1723 quanto
1687 1659 1746 1706 ab
1780 1659 1875 1707 hoc
1912 1659 2054 1723 hujus
2097 1660 2517 1725 concupiscentiae⁸
2550 1660 2665 1724 jugo

548 1739 753 1784 maximo
774 1739 975 1803 amplius
994 1739 1229 1786 liberaret.
1255 1742 1415 1796 Quum
1434 1741 1591 1804 itaque
1615 1740 1842 1787 membris
1857 1741 1931 1787 his
1951 1741 2206 1802 vilissimis,
2234 1758 2339 1805 quae
2362 1757 2451 1807 pro
2471 1757 2667 1789 summae

547 1821 852 1885 turpitudinis
878 1821 1100 1868 exercitio
1126 1821 1354 1885 pudenda
1379 1832 1635 1882 vocantur,
1677 1839 1766 1878 nec
1806 1818 2056 1887 proprium
2088 1823 2321 1869 sustinent
2348 1839 2527 1869 nomen
2545 1858 2557 1882 ,
2588 1839 2666 1869 me

547 1900 707 1947 divina
725 1902 870 1964 gratia
898 1901 1146 1948 mundavit
1169 1903 1326 1966 potius
1349 1919 1494 1966 quam
1512 1903 1714 1966 privavit
1726 1938 1738 1959 ‚
1759 1902 1875 1967 quid
1891 1903 2020 1949 aliud
2038 1903 2131 1966 egit
2146 1919 2313 1967 quam,
2334 1903 2394 1950 ad
2410 1903 2666 1968 puritatem

547 1981 791 2028 munditiae
816 1982 1193 2029 conservandam
1216 1982 1408 2029 sordida
1430 1983 1632 2029 removit
1659 1993 1705 2030 et
1737 1983 1876 2030 vitia?
1897 1987 2031 2030 Hanc
2051 1983 2245 2047 quidem
2275 1983 2518 2030 munditiae
2539 1983 2667 2048 puri-

546 2071 690 2107 tatem
706 2062 965 2108 nonnullos
980 2062 1262 2127 sapientium
1290 2062 1700 2111 vehementissime
1717 2074 1992 2129 appetentes
2009 2064 2180 2111 inf'erre
2198 2064 2341 2110 etiam
2363 2063 2452 2109 sibi
2469 2079 2665 2110 manum

548 2140 838 2200 audivimuS,
868 2152 918 2188 ut
941 2141 1036 2189 hoc
1061 2159 1086 2188 a
1109 2159 1157 2188 se
1189 2143 1377 2206 penitus
1404 2154 1704 2190 removerent
1727 2144 2150 2208 concupiscentiae⁹
2174 2143 2417 2208 flagitium.
2443 2145 2534 2189 Pro
2569 2158 2666 2205 quo

550 2221 691 2267 etiam
713 2221 904 2267 stimulo
924 2223 1078 2268 carnis
1103 2222 1361 2269 auferendo
1385 2233 1432 2269 et
1453 2223 1695 2287 apostolus
1706 2226 1732 2248 ¹⁰
1754 2223 2030 2289 perhibetur
2047 2224 2309 2271 Dominum
2333 2239 2544 2287 rogasse,
2579 2239 2667 2269 nec

551 2300 823 2346 exauditum
860 2317 975 2348 esse.
1023 2305 1076 2347 ln
1117 2302 1335 2367 exemplo
1374 2312 1443 2349 est
1480 2302 1556 2349 ille
1594 2319 1792 2367 magnus
1820 2303 2190 2350 christianorum
2214 2302 2530 2368 philosophus
2564 2303 2668 2349 Ori—

552 2397 692 2442 genes
711 2383 760 2439 ¹¹,
796 2383 877 2445 qui
909 2391 960 2427 ut
988 2381 1082 2428 hoc
1112 2382 1161 2428 in
1195 2399 1244 2429 se
1282 2383 1471 2447 penitus
1512 2383 1789 2430 incendium
1821 2385 2134 2448 extingueret,
2169 2400 2340 2430 manus
2372 2382 2459 2429 sibi
2496 2383 2668 2429 inferre

550 2461 724 2506 veritus
750 2477 847 2507 non
868 2471 958 2520 est;
990 2478 1045 2508 ac
1069 2462 1106 2508 si
1125 2462 1231 2508 illos
1249 2462 1311 2508 ad
1329 2462 1530 2510 litteram
1548 2480 1657 2511 vere
1680 2464 1844 2511 beatos
1861 2464 2155 2528 intelligeret,
2175 2464 2257 2527 qui
2277 2464 2455 2528 seipsos
2473 2471 2670 2527 propter

552 2557 751 2603 regnum
776 2541 1005 2587 coelorum
1025 2546 1405 2603 castraverunt¹²,
1436 2554 1481 2590 et
1503 2544 1619 2591 tales
1641 2544 1759 2591 illud
1787 2545 2014 2592 veraciter
2042 2544 2240 2610 implere
2268 2542 2506 2602 crederet,
2535 2542 2667 2606 quod

552 2620 611 2667 de
644 2620 869 2668 membris
906 2622 1331 2670 scandalizantibus
1358 2624 1499 2671 nobis
1530 2626 1740 2690 praecipit
1769 2626 2003 2672 Dominus
2018 2626 2066 2686 ¹³,
2102 2635 2154 2672 ut
2182 2641 2239 2672 ea
2269 2623 2444 2671 scilicet
2475 2639 2503 2670 a
2530 2622 2668 2670 nobis

551 2701 884 2748 abscindamus
902 2712 948 2748 et
966 2703 1292 2768 projiciamus,
1315 2715 1361 2751 et
1380 2706 1513 2769 quasi
1531 2705 1658 2752 illam
1676 2706 1802 2753 Isaiae
1816 2706 2117 2771 prophetiam
2134 2707 2159 2730 ¹⁴
2174 2704 2235 2752 ad
2253 2704 2497 2751 historiam
2521 2703 2669 2766 magis

552 2800 695 2846 quam
729 2783 787 2830 ad
823 2785 1099 2847 mysterium
1134 2785 1355 2845 duceret,
1395 2804 1481 2851 per
1513 2804 1658 2851 quam
1689 2789 1866 2834 caeteris
1906 2786 2124 2834 fidelibus
2160 2785 2407 2833 eunuchos
2433 2784 2669 2831 Dominus

553 2866 736 2927 praefert
752 2902 764 2925 ,
794 2865 956 2912 dicens
978 2885 986 2912 :
1015 2886 1038 2910 «
1059 2867 1275 2914 Eunuchi
1295 2869 1332 2914 si
1358 2869 1668 2915 custodierint
1692 2868 1887 2916 sabbata
1911 2885 2039 2928 mea,
2068 2878 2114 2916 et
2139 2867 2365 2932 elegerint
2382 2883 2487 2931 quae
2510 2865 2664 2926 volui,

555 2944 680 2991 dabo
699 2947 765 2993 eis
780 2948 828 2992 in
847 2946 993 2993 domo
1010 2964 1116 2994 mea
1132 2958 1178 2995 et
1197 2948 1244 2994 in
1263 2949 1410 2995 muris
1429 2950 1546 2996 meis
1564 2950 1723 2997 locum
1739 2986 1751 3010 ,
1775 2960 1821 2996 et
1839 2966 2015 2996 nomen
2036 2949 2205 2996 melius
2221 2965 2247 2996 a
2265 2948 2371 2995 filiis
2398 2958 2444 2995 et
2465 2945 2664 2993 filiabus.

555 3027 737 3071 Nomen
764 3028 1104 3092 sempiternum
1123 3027 1248 3075 dabo
1272 3029 1363 3089 eis,
1386 3030 1519 3093 quod
1538 3047 1636 3077 non
1655 3030 1841 3095 peribit.
1868 3050 1890 3074 »
1913 3030 2110 3095 Culpam
2131 3040 2290 3076 tamen
2314 3045 2412 3075 non
2430 3026 2668 3074 modicam

557 3105 783 3168 Origenes
818 3108 1038 3167 incurrit,
1076 3108 1192 3155 dum
1230 3126 1315 3174 per
1341 3127 1532 3176 poenam
1573 3111 1787 3175 corporis
1824 3110 2089 3158 remedium
2114 3109 2263 3175 culpae
2290 3109 2470 3173 quaerit.
2508 3106 2669 3154 Zelum

557 3186 733 3249 quippe
759 3186 844 3232 Dei
872 3186 1116 3248 habensffi,
1148 3189 1230 3236 sed
1258 3206 1356 3236 non
1384 3190 1647 3238 secundum
1671 3191 1940 3251 scientiam,
1969 3189 2214 3237 homicidii
2239 3188 2434 3236 incurrit
2453 3197 2634 3234 reatum
2654 3223 2666 3246 ,

604 3355 612 3370 ⁴
640 3355 693 3387 Sic
711 3355 853 3388 D.—Tam
870 3357 928 3388 Ed.
946 3357 1040 3389 Amh.
1057 3376 1090 3380 —
1107 3357 1118 3374 ²
1133 3360 1340 3393 Intercideret
1353 3361 1417 3394 MS.
1436 3362 1531 3394 Amb.
1547 3380 1587 3384 —
1634 3361 1771 3395 ⁹AEstum
1783 3364 1921 3395 libidinis
1935 3363 2098 3403 effrenatae
2109 3359 2281 3394 RMS.—¹⁰
2292 3358 2433 3393 Corinth.
2448 3353 2501 3396 H,
2517 3367 2593 3400 cap.
2605 3367 2648 3389 ιιι
2661 3381 2669 3395 ,

560 3411 571 3427 ³
591 3412 738 3452 Corporis
751 3416 811 3445 mei
828 3412 919 3446 ΑΒΙ).
934 3414 968 3437 -’
985 3412 1192 3449 ‘Imminucus
1206 3417 1342 3450 ABD.—
1359 3418 1532 3460 ‘Tm-pium
1549 3429 1589 3451 ac
1633 3430 1664 3451 v.
1690 3421 1721 3451 ¹1.
1742 3436 1785 3443 —
1807 3418 1832 3435 ¹¹
1860 3418 1981 3451 Euseb.
2006 3420 2090 3451 Hisc.
2114 3419 2243 3455 eccles„
2267 3415 2327 3449 lib.
2353 3413 2414 3456 vl,
2446 3424 2519 3458 cap.
2545 3422 2600 3445 vn.
2630 3429 2669 3435 —

551 3469 712 3507 joedorum
732 3467 825 3500 RMS.
849 3487 884 3491 —-
907 3468 921 3514 Ἰ
935 3470 1115 3503 Μασιιὶανεε
1133 3471 1227 3504 RMS.
1244 3490 1288 3497 -
1304 3473 1315 3490 ⁷
1334 3475 1502 3516 Impediret
1522 3474 1589 3508 MS.
1638 3475 1666 3493 ¹⁸
1679 3476 1807 3516 Matth„
1819 3486 1891 3519 cap.
1910 3487 1964 3507 xix
1978 3501 1986 3516 ‚
2003 3487 2034 3508 v.
2054 3473 2185 3507 12.—¹³
2198 3471 2329 3513 nauh„
2341 3481 2415 3515 cap.
2430 3481 2507 3503 xviu
2518 3493 2527 3509 ,
2546 3479 2577 3502 v.
2589 3468 2623 3500 9.
2638 3484 2669 3490 -

558 3522 651 3555 Amb.
670 3541 711 3547 -
725 3518 957 3565 ’ωας
970 3527 1060 3559 deest
1077 3527 1244 3569 A.-Hujus
1258 3529 1419 3564 deestEd.
1439 3532 1531 3565 Amb.
1550 3551 1592 3558 -—
1639 3532 1667 3551 ¹⁴
1686 3532 1773 3573 tsai„
1794 3542 1865 3576 cap.
1889 3543 1955 3573 tvi,
1975 3544 2003 3565 v.
2023 3533 2040 3563 4
2058 3538 2091 3564 et
2109 3533 2138 3563 5.
2158 3548 2199 3555 —
2215 3529 2244 3547 ¹¹⁵
2259 3530 2294 3562 [η
2315 3531 2421 3562 animo
2442 3536 2554 3570 gerens
2572 3522 2669 3558 RMS.
