2970 4152
1262 320 1580 370 APPENDIX.
2377 326 2473 372 729

357 418 509 463 nitatis
530 417 653 480 quod
683 428 751 463 est
771 433 890 480 pone
918 417 1109 463 chorum
1133 414 1397 462 monialium
1421 404 1672 479 quiescunt.
1706 415 1835 461 Obiit
1867 415 2111 462 Catharina
2132 433 2203 463 vu
2227 417 2326 463 idus
2351 417 2470 479 julii,

356 512 476 542 anno
502 498 645 545 1519.
673 498 776 556 Qua
803 497 986 543 sedente
1017 495 1209 543 Jacobus
1236 497 1458 559 Raguz'er,
1484 496 1720 559 episcopus
1751 496 1983 542 Trecensis
1999 532 2011 552 ‚
2043 497 2131 543 hoc
2154 498 2472 543 monasterium

356 575 619 622 reformavit
641 577 690 623 in
711 577 853 623 muris
874 587 919 622 et
940 575 1164 623 craticulis
1185 591 1306 628 anno
1331 575 1476 623 1509.

386 649 398 670 “”
419 658 573 703 XVII.
604 657 765 704 Carola
780 657 838 704 de
857 657 1060 722 Coligny
1070 674 1152 720 per
1170 656 1416 703 cessionem
1432 656 1685 702 Catharinae
1700 656 1843 703 bullas
1855 657 2054 703 obtinuit
2066 674 2091 703 a
2108 660 2261 704 Leone
2277 674 2392 720 papa
2411 660 2471 714 X,

357 731 492 782 tertio
528 737 629 783 idus
663 738 860 784 octobris
895 739 1040 786 1513.
1081 737 1239 783 Sorori
1272 735 1519 782 Herberdae
1545 735 1603 783 de
1634 736 1798 784 Melan
1835 737 2027 784 contulit
2061 739 2178 786 1531
2225 738 2477 801 prioratum

357 816 523 873 montis
551 817 702 863 Sancti
726 819 934 880 Dionysii
957 834 1100 880 prope
1125 816 1314 863 Meldas.
1347 816 1421 862 Sic
1446 827 1724 863 memoratur
1746 817 1793 863 in
1817 817 2072 864 calendario
2102 835 2112 863 ε
2144 821 2214 866 «9
2232 818 2315 864 cal.
2339 818 2477 863 maias

357 893 472 940 obiit
492 895 623 941 bonae
648 897 876 942 memoriae
898 895 1069 942 Karola
1085 895 1143 942 de
1163 895 1365 960 Coligny
1382 895 1604 942 abbatissa
1622 907 1775 942 nostra
1792 914 1912 943 anno
1930 898 2119 943 Domini
2144 899 2286 946 1533.
2313 916 2335 941 »

420 977 596 1022 XVIII.
634 978 895 1023 Anthoneta
916 977 974 1023 de
991 977 1237 1024 Bonneval
1245 993 1327 1040 per
1347 977 1522 1023 obitum
1541 977 1713 1024 Carolae
1735 977 1793 1025 de
1814 978 2016 1043 Colz‘gny
2030 978 2171 1025 bullas
2188 979 2362 1024 obtinet
2382 980 2475 1041 pri-

357 1055 430 1102 die
462 1056 562 1103 idus
594 1058 700 1104 maii
733 1059 876 1106 1533.
909 1058 1083 1104 Eodem
1106 1075 1253 1117 anno,
1281 1057 1354 1104 die
1377 1058 1407 1105 6
1430 1059 1711 1118 novembris,
1739 1060 1991 1122 prioratum
2013 1061 2188 1106 Sanctae
2209 1061 2395 1106 Thomae
2423 1061 2479 1106 de

357 1134 485 1182 Valle
512 1136 706 1183 contulit
731 1138 875 1184 sorori
907 1137 1155 1184 Herberdae
1183 1137 1241 1184 de
1270 1138 1462 1197 Melan,
1492 1149 1601 1186 tunc
1633 1140 1859 1202 priorissae
1888 1141 2055 1187 montis
2089 1141 2241 1186 Sancti
2269 1141 2478 1203 Dionysii

356 1233 498 1279 prope
519 1216 709 1264 Meldas.
730 1219 839 1264 Dies
857 1218 950 1281 ejus
967 1218 1117 1264 obitus
1139 1219 1202 1265 sic
1223 1218 1470 1266 adnotatur
1492 1220 1540 1266 in
1562 1219 1819 1266 calendario
1843 1237 1933 1267 xm
1960 1219 2044 1267 cal.
2067 1221 2184 1283 junii
2208 1238 2218 1266 ε
2247 1240 2269 1264 «
2287 1224 2383 1267 Hac
2406 1222 2478 1267 die

355 1296 530 1342 veneris
549 1296 596 1341 in
618 1298 814 1343 crastino
831 1298 1116 1344 Ascensionis
1138 1293 1326 1344 Domini
1347 1299 1473 1347 1547
1490 1299 1605 1345 obiit
1627 1299 1802 1363 sapiens
1819 1311 1862 1346 et
1880 1300 2079 1363 prudens
2096 1300 2280 1346 domina
2300 1301 2477 1346 Antho-

355 1386 460 1422 neta
477 1376 534 1423 de
558 1377 785 1426 Bonneval
809 1378 940 1441 hujus
957 1378 1151 1424 coenobii
1172 1378 1410 1425 abbatissa.
1434 1398 1458 1422 »

418 1459 545 1504 XIX.
583 1460 757 1504 Renata
780 1458 839 1504 de
863 1458 912 1505 la
934 1462 1075 1516 Tour,
1096 1459 1321 1506 Francisci
1342 1460 1438 1506 vice
1461 1460 1637 1507 comitis
1658 1461 1848 1507 Turenae
1865 1471 1910 1507 et
1928 1463 2071 1507 Annae
2088 1460 2146 1507 de
2170 1460 2218 1506 la
2247 1464 2370 1507 Tom·
2390 1464 2480 1506 Bo-

357 1539 491 1603 logne
512 1538 620 1598 filia,
647 1538 854 1586 monialis
882 1540 1168 1586 Pisciasensis
1198 1540 1394 1586 coenobii
1429 1540 1702 1588 Paraclitum
1733 1558 1825 1587 non
1855 1541 1991 1600 adiit,
2019 1541 2124 1604 quia
2146 1542 2235 1588 cita
2259 1552 2405 1587 morte
2424 1542 2480 1587 de

355 1620 504 1666 medio
517 1619 691 1666 sublata
706 1630 772 1667 est
794 1637 864 1666 ΧΠ
891 1620 1098 1668 calendas
1124 1622 1277 1680 maias,
1305 1638 1426 1667 anno
1447 1623 1591 1670 1548.

420 1702 522 1746 ΧΧ.
562 1701 770 1747 Emunda
792 1718 869 1747 seu
889 1701 1077 1748 Emedia
1099 1701 1157 1748 de
1182 1702 1230 1748 la
1256 1702 1452 1749 Chastre
1474 1702 1617 1750 bullas
1639 1702 1815 1750 obtinet
1843 1720 1890 1750 lv
1916 1704 2022 1750 maii
2047 1705 2173 1752 1548
2199 1721 2281 1767 per
2304 1704 2478 1750 obitum

354 1782 540 1827 Renatae
557 1780 615 1827 de
632 1780 679 1826 la
702 1784 841 1827 Tour.

419 1864 546 1908 XXI.
573 1862 811 1909 Leonarda
834 1862 941 1909 alias
964 1865 1193 1910 Bernarda
1215 1863 1273 1911 de
1301 1868 1518 1912 Turenne
1542 1867 1739 1914 occurrit
1767 1868 1814 1913 in
1840 1868 1997 1915 charta
2019 1870 2192 1915 Sanctae
2214 1869 2399 1914 Thomae
2423 1868 2479 1915 de

352 1940 480 1986 Valle
496 1957 616 1987 anno
636 1943 762 1989 1556
775 1977 787 2001 ,
809 1944 838 1990 9
851 1942 986 2004 junii.
1017 1944 1146 1989 Obiit
1163 1944 1308 2007 prima
1324 1945 1397 1991 die
1420 1947 1703 2010 septembris,
1724 1963 1846 1993 anno
1873 1948 2015 1996 1583.

418 2022 567 2065 XXII.
596 2021 802 2067 Johanna
823 2023 891 2066 III
924 2021 1102 2069 Chabot
1119 2040 1172 2069 ex
1194 2033 1369 2071 vetusta
1394 2034 1439 2070 et
1461 2026 1647 2088 antiqua
1675 2027 1840 2090 stirpe,
1872 2026 2072 2090 Philippi
2105 2026 2285 2074 Chabot
2302 2028 2479 2074 comitis

352 2101 408 2147 de
426 2104 684 2147 Busancoclr
706 2101 823 2148 etde
841 2102 1039 2166 Clearny
1058 2105 1257 2150 Franciae
1279 2096 1507 2152 admiralis
1523 2142 1536 2165 ,
1571 2107 1843 2171 Burgundiae
1870 2108 2069 2171 praefecti
2096 2108 2232 2171 regii,
2261 2125 2314 2154 ex
2338 2110 2478 2154 Fran·

350 2184 465 2229 cisca
486 2181 544 2228 de
558 2182 1006 2247 Longvchc‘vrifilia,
1025 2186 1172 2247 neptis
1189 2185 1430 2232 cardinalis
1444 2185 1503 2232 de
1523 2188 1671 2245 Gl‘vri,
1694 2188 1902 2235 monialis
1922 2189 2037 2234 Jotri
2056 2187 2198 2235 bullas
2214 2189 2478 2252 adipiscitur

352 2280 377 2307 a
402 2262 484 2307 Pio
501 2263 567 2307 IV
592 2278 712 2307 anno
741 2263 885 2321 1560,
919 2279 968 2308 1v
994 2262 1094 2309 idus
1116 2265 1315 2310 octobris
1338 2265 1455 2311 forte
1480 2282 1562 2327 per
1587 2267 1833 2312 cessionem
1857 2267 2118 2329 superioris.
2147 2269 2476 2315 Possessionem

351 2341 513 2403 accipit
531 2342 593 2389 29
611 2340 860 2387 decembris
876 2343 1127 2404 sequentis;
1149 2342 1313 2388 defecit
1329 2354 1432 2405 post
1450 2344 1545 2390 haec
1561 2361 1586 2390 a
1610 2344 1843 2408 religione,
1870 2345 2083 2391 defuncta
2106 2348 2168 2394 25
2187 2346 2304 2408 junii
2327 2350 2470 2396 4593.

415 2422 589 2467 XXIII.
628 2422 773 2466 Maria
794 2423 862 2467 III
884 2420 942 2468 de
965 2421 1013 2467 la
1043 2421 1414 2485 Rocloefocccaud,
1438 2423 1545 2469 alias
1561 2422 1619 2470 de
1641 2424 1920 2482 Clzaumont,
1942 2425 2062 2471 dicta
2080 2443 2106 2471 a
2132 2427 2257 2486 Jesu,
2286 2428 2473 2474 Antonii

352 2502 654 2567 Rupisucaldii
676 2502 874 2563 dynastae
899 2502 1191 2549 Calvimontis
1214 2503 1269 2548 ad
1292 2503 1491 2567 Ligerim
1504 2515 1550 2550 et
1563 2504 1750 2551 Caeciliae
1768 2505 1826 2552 de
1843 2506 2147 2552 Montmirac‘l
2161 2505 2268 2566 filia,
2284 2509 2473 2554 Antonii

351 2584 699 2648 Engolismensis
714 2584 911 2646 episcopi
932 2600 1161 2646 germana,
1188 2584 1398 2631 defuncta
1419 2585 1625 2631 Johanna
1648 2585 1837 2643 Chabot,
1864 2585 2006 2632 bullas
2029 2587 2228 2633 obtinuit
2252 2605 2301 2634 VI
2326 2588 2472 2635 calen-

351 2665 430 2711 das
448 2663 714 2727 septembris
738 2664 882 2711 1598.
911 2663 1200 2710 Benedicitur
1228 2664 1410 2710 Parisiis
1435 2682 1461 2710 a
1483 2667 1659 2711 Renato
1685 2668 1848 2712 Potl'er
1877 2667 2075 2729 episcopi
2103 2666 2404 2715 Bellovacensi
2426 2671 2471 2715 in

351 2744 532 2791 ecclesia
556 2743 707 2789 Sancti
730 2743 917 2789 Martini
934 2760 959 2789 a
977 2744 1158 2807 Campis
1183 2747 1246 2792 12
1271 2745 1538 2807 septembris
1562 2745 1706 2794 1599.
1734 2747 1997 2793 Construxit
2016 2746 2232 2809 capellam
2249 2783 2261 2805 ,
2286 2751 2474 2796 novitia—

352 2842 452 2870 rum
483 2823 620 2883 aedes,
647 2833 895 2886 caeteraque
925 2823 1086 2870 domus
1116 2823 1349 2871 abbatialis
1373 2824 1561 2871 aedificia
1588 2826 1817 2873 resarcivit
1833 2825 1949 2873 etde
1966 2844 2084 2872 novo
2103 2829 2339 2890 reparavit.
2362 2831 2473 2876 Ossa

350 2904 574 2951 Abaelardi
597 2913 643 2950 et
671 2903 884 2950 Heloissae
898 2905 1081 2951 -curavit
1106 2905 1340 2952 transferri
1373 2906 1457 2952 sub
1486 2923 1587 2953 arca
1609 2907 1791 2970 majoris
1822 2906 1989 2954 altaris.
2026 2908 2210 2955 Praefuit
2235 2910 2297 2956 45
2319 2912 2467 2970 annis,

351 2988 381 3032 2
405 2983 649 3029 mensibus.
678 2984 875 3029 Excessit
895 2984 956 3031 19
981 2984 1222 3045 februarii,
1249 3002 1370 3031 anno
1394 2985 1539 3034 1639.

415 3065 584 3109 XXIV.
623 3065 755 3108 Anna
777 3063 923 3109 Maria
943 3062 1000 3109 de
1024 3063 1072 3110 la
1091 3063 1450 3128 Roclaefoacaud
1466 3064 1525 3112 de
1542 3068 1772 3131 Langeac,
1795 3066 1915 3113 dicta
1938 3084 1962 3113 a
1989 3069 2154 3114 Sancto
2174 3050 2470 3131 Spiritusne-

351 3145 439 3207 ptis
452 3142 697 3206 superioris
713 3158 766 3187 ex
779 3141 917 3188 fratre
940 3143 1109 3189 Jacobo
1133 3145 1351 3207 toparcha
1366 3143 1423 3190 de
1444 3147 1659 3209 Lnngeac
1681 3156 1726 3191 et
1743 3147 1989 3193 Franciscae
2011 3146 2068 3192 de
2090 3150 2305 3213 Langeac
2321 3150 2367 3195 in
2390 3152 2473 3196 Ar—

353 3223 523 3281 vernis,
556 3222 688 3284 hujus
718 3221 934 3284 dynastiae
964 3221 1178 3282 haeredis,
1211 3223 1420 3270 monialis
1450 3223 1694 3287 Paracliti,
1723 3223 1866 3272 bullas
1895 3228 2067 3289 accepit
2100 3226 2248 3274 idibus
2276 3230 2473 3275 octobris

356 3302 497 3351 1624.
518 3302 605 3346 Die
622 3302 652 3349 3
669 3301 861 3364 augusti,
880 3317 1001 3347 anno
1017 3300 1133 3350 1641
1163 3302 1357 3365 praebuit
1375 3318 1601 3348 assensum
1620 3313 1672 3349 ut
1692 3303 1937 3368 Margarita
1959 3305 2207 3353 Thiersaut
2221 3308 2471 3370 prioratum

352 3384 524 3428 Sanctae
546 3383 731 3429 Thomae
753 3381 809 3427 de
828 3380 957 3428 Valle
979 3382 1303 3428 transmitteret
1338 3383 1385 3428 in
1419 3381 1733 3445 Magdalenam
1757 3385 1936 3432 Μίνωι.
1968 3386 2251 3433 Memoratur
2277 3397 2322 3433 et
2353 3404 2472 3433 anno

515 3472 528 3500 1
2261 3467 2312 3504 92
