2970 4152
862 432 981 493 CUM
1014 446 1184 494 Pss‘rm
1219 445 1533 494 ABAELARDI
1566 446 1998 494 SOLUTIONIBUS.
2385 448 2480 495 259

324 558 337 570 ·
377 554 471 603 que
494 538 541 584 in
567 539 719 585 activa
741 538 836 585 sint
852 540 1085 603 occupati.
1117 542 1262 599 Nam,
1294 549 1347 587 ut
1368 525 1680 604 postmodum
1701 532 1878 587 Veritas
1894 539 1982 586 ait¹
2003 558 2013 586 z
2045 558 2069 584 «
2088 539 2182 596 Qui
2203 539 2420 586 docuerit
2436 551 2482 587 et

379 616 539 665 feeerit
562 617 713 682 legem
729 653 741 677 ,
767 636 790 662 η
818 618 950 682 quod
984 628 1055 666 est
1085 618 1339 666 doctorum
1378 627 1428 666 et
1453 619 2021 684 Ecclesiaelpraelatorum‚
2054 638 2077 687 ς(
2111 635 2311 683 magnus
2339 636 2480 667 voca-

377 696 506 744 bitur
542 697 591 744 in
620 713 768 761 regno
802 697 1056 757 coelorum,
1081 717 1105 742 »
1135 698 1256 745 sicut
1285 699 1537 745 continens
1562 699 1821 759 maximus,
1855 709 1903 746 et
1929 701 2207 762 conjugatus
2236 698 2475 746 minimus.

377 775 447 824 Ab
470 776 546 824 his
570 778 814 841 ergo‚·qui
838 778 1013 824 virtute
1039 788 1150 825 sunt
1181 779 1395 837 maximi,
1425 788 1472 825 et
1499 779 1682 843 priores
1712 778 1841 843 apud
1865 781 2019 825 Deum
2048 778 2271 842 dignitate
2298 778 2482 842 religio-

377 857 448 903 nis
463 891 477 916 ,
506 857 738 905 inchoans
753 892 766 916 ‚
795 857 845 904 in
870 857 1020 904 tribus
1045 874 1212 904 eorum
1243 858 1540 905 sanctitatem
1564 858 1928 922 comprehendit
1950 876 1960 904 ι
1990 874 2140 922 quum
2170 874 2253 906 eos
2266 858 2484 906 videlicet

375 937 799 1001 pauperes'spiritu
815 972 828 996 ,
860 937 1019 995 mites,
1049 953 1103 984 ac
1130 937 1344 1001 lugentes
1362 937 1602 985 describit.
1626 941 1794 985 Beatus
1812 937 1985 984 dicitur
2000 973 2013 997 ,
2040 938 2174 1002 quasi
2187 937 2310 985 bene
2331 947 2479 997 actus,

373 1014 470 1063 hoc
493 1016 634 1063 est-in
658 1015 798 1064 bonis
818 1015 1033 1063 moribus
1058 1017 1369 1082 compositus.
1399 1020 1636 1082 Pauperes
1658 1017 1825 1082 spiritu
1852 1017 2101 1075 dicuntur,
2131 1017 2215 1081 qui
2232 1009 2484 1082 >pauperta-

375 1103 469 1141 tem
497 1110 597 1142 non
622 1095 900 1143 necessitate
927 1096 1188 1155 sustinent,
1215 1095 1311 1143 hoc
1338 1087 1434 1155 est,
1468 1097 1555 1143 Dei
1582 1112 1684 1160 quo
1716 1097 1897 1143 fervent
1930 1096 2089 1143 edocti
2122 1097 2331 1156 ratione,
2358 1096 2482 1143 hanc

374 1183 604 1239 appetunt
618 1210 631 1234 ,
656 1174 842 1222 divitias
857 1185 1217 1222 contemnentes
1234 1211 1247 1235 ,
1278 1185 1325 1223 et
1345 1192 1425 1223 eas
1454 1185 1680 1240 tanquam
1698 1176 1890 1223 nocivas
1916 1175 2143 1239 fugientes
2156 1212 2168 1235 ,
2189 1176 2483 1224 attendentes

374 1253 506 1317 quod
530 1255 766 1301 Dominus
798 1255 894 1302 ait²
920 1273 931 1302 ε
963 1274 988 1300 «
1006 1255 1204 1302 Facilius
1233 1265 1303 1302 est
1329 1255 1566 1303 camelum
1602 1257 1778 1303 intrare
1810 1273 1897 1320 per
1923 1256 2134 1303 foramen
2165 1272 2306 1315 acus,
2340 1272 2484 1320 quam

374 1331 569 1380 divitem
594 1334 642 1380 in
667 1351 868 1399 regnum
890 1334 1137 1382 coelorum.
1166 1353 1190 1380 »
1223 1336 1451 1400 Spiritum
1478 1336 1638 1399 itaque
1659 1335 1755 1382 hoc
1790 1335 1898 1382 loco
1927 1336 2160 1383 rationem
2188 1335 2326 1394 dicit,
2364 1337 2484 1383 sicut

373 1419 426 1458 et·
444 1412 695 1476 Apostolus
718 1413 769 1459 id
795 1423 984 1461 secutus
1010 1414 1102 1460 ait³
1123 1432 1134 1460 z
1169 1433 1194 1459 «
1220 1416 1343 1461 Caro
1371 1415 1679 1480 concupiscit·
1695 1414 1920 1462 adversus
1955 1415 2198 1478 spiritum,
2227 1424 2274 1462 et
2297 1412 2499 1480 spiritus

378 1490 604 1539 adversus
628 1509 836 1540 carnem.
862 1511 885 1537 n
915 1494 1032 1551 Quis
1056 1493 1186 1541 enim
1209 1494 1388 1541 nesciat
1403 1494 1834 1559 concupiscentiam
1854 1494 2022 1541 animae
2040 1494 2198 1559 potius
2217 1510 2359 1558 quam
2379 1510 2484 1541 cor·

371 1571 502 1635 poris
523 1572 660 1619 esse?
685 1572 780 1619 Sed
803 1583 918 1620 tunc
943 1588 1054 1620 caro
1082 1573 1307 1620 adversus
1327 1574 1545 1639 spiritum
1564 1574 1882 1639 concupiscit,
1911 1574 2124 1638 quum.in
2143 1573 2311 1621 eadem
2329 1574 2485 1620 anima

371 1650 671 1710 sensualitas,
701 1651 794 1699 hoc
823 1661 893 1699 est
924 1651 1174 1699 delectatio
1205 1668 1261 1699 ex
1286 1652 1558 1700 infirmitate
1587 1653 1741 1700 carnis
1764 1653 1984 1712 veniens,
2025 1653 2198 1700 rationi
2222 1662 2480 1718 repugnat,

373 1739 441 1788 ut,
463 1730 598 1793 juxta
619 1731 844 1778 eumdem
868 1731 1161 1796 apostolum,
1189 1748 1329 1798 saepe,
1361 1733 1470 1779 victi
1494 1732 1719 1779 faciamus
1744 1749 1849 1796 quae
1877 1732 2127 1792 nolumus3
2156 1732 2251 1780 hoc
2280 1742 2351 1780 est
2380 1749 2485 1796 quae

371 1807 584 1855 facienda
617 1825 717 1856 esse
740 1825 839 1855 non
866 1809 1205 1874 approbamus.
1236 1813 1396 1868 Quum
1434 1827 1547 1874 ergo
1581 1811 1795 1875 spiritus,
1823 1811 1918 1858 hoc
1941 1821 2010 1858 est
2036 1812 2179 1869 ratio,
2205 1812 2483 1875 suggesserit

371 1903 459 1935 nos
484 1888 634 1935 facere
653 1889 783 1953 quod
801 1889 1061 1949 debemus,
1093 1898 1141 1938 et
1175 1907 1264 1938 nos
1299 1889 1411 1938 inde
1435 1891 1684 1938 carnalitas
1714 1891 1933 1950 retrahit,
1974 1892 2023 1938 in
2059 1908 2156 1956 quo
2189 1891 2482 1956 perficiendo

370 1967 602 2015 nonnulla
623 1968 872 2015 difficultas
896 1969 1129 2016 incumbit
1151 1988 1161 2016 z
1186 1971 1390 2018 vincitur
1405 1971 1595 2035 spiritus
1611 1970 1890 2018 dominante
1906 1987 2048 2018 carne
2061 2007 2074 2031 ‚
2096 1980 2143 2018 et
2158 1973 2201 2018 ei
2218 1971 2480 2035 subjicitur,

369 2055 423 2093 ut
444 2046 594 2094 homo
613 2048 713 2110 jam
735 2048 935 2096 carnalis
959 2049 1035 2096 vel
1054 2049 1270 2097 animalis
1294 2049 1353 2097 sit
1368 2049 1599 2096 dicendus
1613 2085 1625 2109 ,
1654 2049 1898 2096 desideriis
1917 2050 2072 2096 carnis
2088 2066 2222 2098 more
2240 2051 2478 2115 pecudum

370 2123 574 2173 deditus.
605 2146 628 2171 «
647 2129 884 2184 Quoniam
904 2129 1116 2193 ipsorum
1141 2138 1211 2176 est
1235 2145 1433 2192 regnum
1456 2129 1703 2176 coelorum.
1730 2149 1749 2172 »
1778 2129 1894 2176 Inde
1921 2145 2153 2194 pauperes
2177 2131 2341 2195 spiritu
2369 2148 2480 2195 pro-

304 2261 308 2268 ·
370 2203 451 2252 bat
471 2222 572 2253 esse
590 2206 781 2266 beatos;
804 2208 915 2271 quia
936 2208 1018 2271 qui
1039 2208 1379 2256 rationabiliter
1397 2219 1583 2256 terrena
1607 2218 1947 2266 contemnunt,
1976 2208 2179 2256 coelestia
2203 2225 2483 2274 promeren-

369 2293 462 2331 tur.
486 2287 720 2350 Pauperes
735 2287 892 2350 itaque
912 2287 1078 2351 spiritu
1098 2298 1208 2335 sunt
1221 2324 1233 2347 ‚
1260 2289 1343 2352 qui
1365 2299 1458 2335 tam
1474 2288 1785 2353 possessionis
1800 2304 1945 2352 quam
1958 2288 2156 2336 honoris
2173 2289 2482 2337 ambitionem

369 2373 566 2428 propter
589 2368 743 2412 Deum
768 2377 1093 2431 postponunt,
1137 2378 1182 2415 et
1214 2367 1332 2414 nibil
1358 2367 1418 2415 ad
1443 2367 1737 2433 voluptatem
1760 2377 1990 2433 appetunt
2017 2386 2026 2414 :
2056 2368 2140 2416 sed
2166 2371 2376 2417 contenti
2401 2387 2482 2417 ne-

369 2443 608 2503 cessariis,
633 2459 662 2490 a
685 2443 821 2491 licitis
843 2461 1036 2510 quoque
1061 2445 1323 2506 abstinent,
1358 2464 1419 2493 ne
1446 2446 1767 2511 voluptatibus
1791 2447 1987 2494 terrenis
2017 2448 2287 2512 capiantur,
2313 2459 2360 2496 et
2378 2451 2479 2496 Deo

369 2522 517 2586 magis
541 2539 686 2592 quam
704 2523 875 2571 saeculo
898 2524 1012 2571 dare
1037 2541 1235 2590 operam
1261 2525 1575 2572 contendunt.
1606 2526 1738 2573 Tales
1765 2535 1903 2582 sunt,
1934 2527 2017 2590 qui
2041 2542 2067 2572 a
2091 2527 2381 2575 tumultuosa
2405 2543 2481 2575 sae-

368 2601 463 2649 culi
483 2603 577 2649 vita
602 2612 847 2650 transeunt
870 2603 931 2650 ad
955 2604 1164 2668 quietem
1187 2606 1498 2652 monasticam
1515 2641 1527 2665 ,
1556 2614 1608 2651 ut
1632 2614 1765 2651 tanto
1791 2605 1955 2669 purius
1979 2608 2082 2652 Deo
2107 2615 2154 2652 et
2172 2605 2261 2652 sibi
2283 2617 2475 2665 vacent,

368 2691 549 2746 quanto
579 2683 725 2746 magis
759 2685 932 2730 remoti
968 2694 1077 2731 sunt
1113 2701 1140 2730 a
1175 2669 1477 2732 curis'saeculi
1503 2702 1512 2730 ε
1543 2693 1590 2730 et
1613 2693 1745 2730 tanto
1774 2683 1952 2731 facilius
1988 2684 2049 2731 ad
2080 2684 2225 2731 coelos
2258 2685 2475 2744 evolent,

368 2771 548 2825 quanto
566 2763 713 2826 magis
738 2764 936 2810 terrenis
958 2764 1151 2810 sarcinis
1176 2764 1418 2810 exonerati
1443 2772 1568 2810 sunt.
1598 2763 1739 2820 Quod
1765 2773 1810 2810 et
1840 2764 2157 2826 Hieronymus
2182 2764 2230 2809 in
2251 2763 2331 2810 illo
2351 2766 2479 2828 prin-

364 2841 470 2905 cipe
494 2841 844 2889 monachorum
878 2841 1225 2906 praefiguratum
1264 2842 1538 2901 attendenS,
1568 2842 1779 2906 quodam
1806 2841 1916 2888 loco
1944 2843 2008 2888 ait
2025 2845 2069 2888 ⁶:
2109 2862 2131 2887 «
2159 2842 2281 2889 Elias
2303 2843 2363 2889 ad
2386 2859 2478 2889 coe-

366 2918 523 2966 lorum
534 2936 678 2983 regua
699 2921 946 2982 festinans,
971 2922 1196 2969 melotam
1215 2922 1401 2986 reliquit
1414 2923 1464 2968 in
1485 2923 1635 2969 terris.
1654 2940 1677 2964 »
1701 2922 1755 2967 Hi
1771 2921 1885 2968 tales
1899 2938 2047 2984 quum
2066 2938 2297 2986 pauperes
2313 2923 2474 2986 spiritu

365 2998 475 3046 facti
501 2998 698 3058 fuerint,
729 3001 865 3047 mites
890 3016 946 3047 ac
971 3003 1203 3048 mansueti
1222 3018 1411 3049 necesse
1436 3011 1506 3048 est
1525 3001 1656 3048 fiant.
1684 3001 1776 3058 Qui
1796 3001 1924 3047 enim
1949 3001 1996 3046 in
2016 3002 2211 3047 terrenis
2238 3001 2355 3047 nihil
2379 3018 2476 3048 am-

365 3077 502 3125 biunt
522 3114 534 3137 ,
563 3095 862 3143 nequaquam
889 3080 950 3126 de
971 3082 1223 3128 amissione
1240 3098 1406 3136 *rerum
1423 3116 1437 3141 ,
1464 3081 1538 3128 vel
1565 3081 1701 3128 illatis
1727 3080 1908 3143 injuriis
1930 3080 1977 3126 in
1996 3081 2113 3125 iram
2130 3080 2470 3127 accenduntur.

367 3157 449 3204 His
470 3157 593 3206 bene
617 3175 667 3206 se
692 3160 1043 3223 possidentibus
1058 3195 1070 3219 ,
1097 3171 1143 3207 et
1166 3161 1369 3226 impetus
1394 3161 1547 3208 carnis
1567 3160 1776 3224 regendo
1799 3159 2118 3223 frangentibus
2134 3195 2146 3218 ‚
2174 3169 2296 3206 terra
2316 3161 2474 3208 viven-

367 3236 510 3296 tium,
547 3237 642 3284 hoc
676 3248 745 3285 est
770 3255 879 3286 vera
918 3239 1142 3287 stabilitas
1170 3239 1418 3287 beatorum
1444 3242 1491 3287 in
1516 3241 1762 3304 praemium
1790 3240 2102 3303 supponitur,
2143 3255 2293 3303 quum
2325 3241 2389 3286 ait
2410 3243 2424 3264 ⁸
2459 3259 2468 3285 z

411 3449 418 3465 ¹
445 3448 573 3487 nauh..
596 3459 669 3492 cap.
687 3459 720 3488 v,
736 3459 766 3482 v.
788 3451 839 3482 19.
856 3467 896 3474 -
912 3449 925 3466 ¹
944 3450 1072 3490 Manli„
1089 3460 1162 3493 cap.
1179 3461 1254 3490 xix,
1274 3461 1307 3484 v.
1326 3452 1382 3484 2⁴.
1397 3451 1468 3482 --,³
1489 3452 1612 3488 Galat„
1629 3460 1702 3493 cap.
1722 3461 1752 3489 v,
1767 3461 1797 3482 v.
1818 3451 1867 3482 1‘1.
1893 3468 1923 3472 ν-
1943 3449 1954 3467 ⁴
1974 3450 2075 3493 Epist.
2091 3461 2143 3488 tn,
2163 3451 2231 3491 Opp
2266 3458 2289 3483 t.
2309 3450 2362 3489 Ν,
2376 3461 2408 3492 ρ.
2430 3449 2473 3489 ΙΙ,

362 3505 426 3538 col.
445 3506 520 3538 578.
535 3521 579 3531 -
591 3505 604 3523 ⁸
617 3506 747 3546 Manu,
764 3517 837 3550 cap.
854 3517 885 3546 v,
900 3517 929 3539 v.
950 3508 978 3540 ¹¹.
