2970 4152
1074 381 1386 430 EXPOSITIO
1419 381 1690 429 SYMBOLI.
2356 381 2409 430 61
2425 383 2451 431 5

331 492 378 531 et
396 483 448 530 in
469 480 755 546 corporibus
774 487 1088 541 utrorumque
1110 476 1339 540 deinceps
1360 475 1492 522 nulla
1512 474 1825 522 dissolutione
1845 474 2211 522 interveniente.
2241 493 2266 520 «
2290 475 2452 523 Vitam

254 613 263 618 ,
331 572 580 621 aeternam,
609 580 633 606 n
668 561 768 609 sive
789 559 852 608 ad
874 557 1097 623 gloriam,
1130 557 1230 604 sive
1266 556 1329 603 ad
1360 572 1572 620 poenam.
1609 575 1632 600 «
1658 559 1810 609 Amen
1823 592 1834 614 ,
1863 573 1887 599 »
1917 554 2012 602 hoc
2041 565 2138 616 est,
2169 571 2340 603 verum
2361 566 2449 603 est.

331 642 476 701 Quod
491 641 688 707 quidem
704 641 837 705 juxta
858 637 1140 704 Apostolum
1151 674 1163 696 ‚
1186 647 1244 687 ut
1260 652 1404 702 supra
1423 635 1731 683 meminimus
1742 672 1755 695 ‚
1777 635 1936 683 dicere
1953 652 2054 683 non
2070 635 2319 698 debemus,
2337 636 2449 696 nisi,

330 740 436 788 quae
456 724 698 789 praemissa
716 731 844 780 sunt,
864 719 1195 768 intelleximus.
1216 717 1355 765 Unde
1372 717 1437 765 ad
1453 716 1765 782 parvulorum
1786 715 2109 765 eruditionem
2121 754 2133 777 ,
2151 717 2278 765 hanc
2298 732 2452 783 quan-

329 802 670 868 tulamcunque
691 799 1007 850 necessariam
1028 798 1249 846 duximus
1270 797 1636 863 expositionem.

1065 1302 1464 1365 EXPOSITIO
1504 1300 1714 1362 FIDEI

976 1471 1037 1514 IN
1077 1470 1401 1516 SYMBOLUM
1439 1467 1791 1512 ATHANASII.

392 1659 415 1686 «
433 1638 717 1704 Quicunque
734 1638 834 1686 vult
848 1637 1006 1687 salvus
1024 1654 1164 1699 esse,.
1175 1675 1186 1685 .
1197 1674 1208 1685 .
1226 1657 1249 1683 »
1268 1637 1526 1686 Voluntate
1544 1637 1723 1702 quippe
1739 1636 1952 1702 propria,
1974 1651 2074 1683 non
2091 1635 2342 1683 coactione
2360 1636 2449 1683 sal-

323 1736 493 1768 vamur
513 1718 682 1766 aliena.
717 1737 742 1764 «
762 1728 934 1767 ...ante
956 1719 1122 1767 omnia
1142 1735 1264 1784 opus
1286 1727 1419 1765 est...
1438 1736 1463 1763 »
1493 1715 1730 1765 Subaudis
1758 1735 1768 1763 :
1792 1715 1863 1763 llli
1885 1714 1981 1763 hoc
2008 1724 2079 1763 est
2106 1714 2443 1763 necessarium.

322 1801 443 1846 Ante
465 1799 652 1857 omnia,
677 1797 772 1845 hoc
800 1807 870 1845 est
896 1808 1007 1846 ante
1029 1814 1165 1863 spem
1186 1807 1234 1845 et
1251 1797 1499 1846 caritatem
1513 1834 1525 1857 ,
1556 1795 1633 1844 vel
1654 1806 1823 1844 caetera
1842 1794 1991 1855 bona,
2016 1793 2190 1860 quibus
2211 1794 2273 1842 ad
2298 1795 2446 1843 vitam

321 1888 548 1927 aeternam
568 1878 861 1944 pervenitur.
886 1897 910 1924 «
930 1915 961 1925 ..
973 1915 983 1925 .
995 1888 1048 1926 ut
1063 1888 1317 1926 teneat...»
1335 1881 1442 1925 Non
1459 1877 1616 1925 solum
1637 1876 1833 1937 habeat,
1852 1875 1937 1924 sed
1952 1875 2168 1923 habitam
2188 1875 2444 1936 custodiat,

320 1970 552 2026 tanquam
563 1958 808 2009 bonorum
822 1959 1043 2007 omnium
1055 1958 1424 2007 fundamentum
1436 1968 1579 2023 atque
1592 1957 1828 2022 originem
1846 1975 1857 2004 ε
1878 1976 1901 2001 «
1914 1956 2025 2004 Sine
2038 1955 2134 2003 fide
2144 1974 2169 2002 »
2185 1956 2382 2021 quippe,
2396 1967 2448 2004 ut

321 2040 387 2087 ait
395 2037 684 2103 Apostolus¹,
703 2056 727 2083 «
737 2037 1031 2103 impossibile
1041 2048 1112 2086 est
1124 2038 1313 2104 placere
1326 2041 1482 2085 Deo.»
1502 2057 1525 2082 «
1537 2074 1546 2083 .
1559 2074 1568 2083 .
1581 2074 1590 2083 .
1602 2036 1906 2095 catholicam,
1916 2053 1941 2080 »
1956 2034 2006 2082 id
2020 2043 2091 2082 est
2104 2034 2442 2095 universalem,

320 2130 367 2167 et
400 2118 624 2167 omnibus
660 2117 879 2166 fidelibus
909 2135 1221 2166 communem
1239 2155 1251 2177 ,
1290 2127 1433 2182 atque
1468 2118 1535 2164 ita
1562 2117 1747 2164 cunctis
1781 2115 2124 2174 necessariam,
2162 2124 2216 2162 ut
2238 2131 2329 2162 nec
2360 2133 2445 2164 an-

319 2199 439 2264 tiqui
461 2198 576 2262 justi
603 2208 703 2245 tam
730 2207 841 2246 ante
869 2197 1023 2262 legem
1040 2235 1051 2257 ‚
1078 2214 1224 2263 quam
1247 2196 1337 2244 sub
1358 2196 1461 2261 lege
1478 2235 1489 2256 ‚
1516 2195 1697 2261 absque
1720 2195 1800 2243 illa
1821 2194 2135 2243 salvarentur.
2167 2214 2191 2240 «
2217 2197 2271 2242 In
2293 2196 2446 2243 Trini-

319 2287 414 2326 tate
429 2314 441 2338 ‚
473 2296 496 2322 »
528 2276 624 2324 hoc
654 2287 725 2325 est
746 2278 795 2325 in
823 2277 975 2325 tribus
1003 2278 1220 2343 personis
1242 2278 1521 2333 existentem
1537 2314 1548 2336 ,
1575 2285 1622 2323 et
1644 2285 1740 2323 tres
1762 2291 1993 2341 personas
2023 2275 2074 2322 in
2096 2291 2197 2322 uno
2218 2277 2322 2322 Deo
2344 2293 2444 2323 non

318 2357 475 2405 solum
501 2357 753 2405 credamus
769 2395 780 2417 ,
805 2358 891 2406 sed
912 2359 1058 2406 etiam
1079 2374 1382 2406 veneremur.
1409 2357 1624 2416 Qualiter
1647 2367 1808 2405 autem
1831 2357 1932 2403 haec
1953 2356 2156 2403 Trinitas
2173 2356 2305 2420 juxta
2330 2374 2443 2422 pro-

318 2439 540 2504 prietates
567 2454 906 2503 personarum,
932 2450 979 2486 et
1004 2439 1106 2487 haec
1128 2440 1285 2487 unitas
1306 2433 1573 2487 secundum
1601 2448 1823 2485 naturam
1847 2436 2022 2484 divinae
2044 2435 2319 2485 substantiae
2340 2453 2445 2484 cre-

319 2516 478 2565 denda
499 2517 586 2577 sit,
618 2518 777 2565 statim
806 2517 1121 2579 determinat,
1147 2518 1312 2566 dicens
1340 2537 1350 2565 ε
1381 2537 1403 2564 «
1431 2521 1594 2582 Neque
1622 2515 1975 2564 confundentes
2002 2530 2251 2581 personas.
2285 2534 2308 2560 »
2338 2518 2442 2564 Hoc

318 2606 411 2658 est,
431 2596 769 2662 permiscentes
790 2596 852 2645 ad
873 2597 1081 2646 invicem
1102 2614 1331 2663 personas
1345 2636 1356 2657 ,
1381 2607 1435 2644 ut
1455 2597 1676 2645 videlicet
1698 2595 1921 2644 eamdem
1945 2595 2160 2643 dicamus
2182 2612 2440 2661 personam

317 2679 489 2737 Patris,
527 2694 632 2743 quae
659 2677 784 2738 Filii,
810 2679 885 2727 vel
907 2679 1108 2745 Spiritus
1136 2680 1311 2739 sancti;
1337 2680 1458 2727 sicut
1479 2679 1559 2727 illa
1579 2678 1772 2726 haeresis
1801 2677 2063 2736 asserebat,
2089 2692 2195 2742 quae
2222 2677 2284 2725 de
2305 2681 2442 2726 Patre

317 2758 528 2818 dicebat,
566 2760 679 2824 quia
712 2759 908 2824 quando
942 2761 1043 2808 vult
1079 2763 1215 2808 Pater
1237 2771 1332 2821 est,
1357 2759 1555 2826 quando
1576 2757 1680 2808 vult
1700 2758 1860 2808 Filius.
1895 2761 2103 2819 «Neque
2125 2757 2439 2807 substantiam

316 2848 613 2904 separantes,
635 2858 660 2884 »
679 2839 774 2887 hoc
790 2850 861 2887 est
875 2878 886 2900 ,
912 2840 1122 2889 diversas
1143 2840 1432 2890 substantias
1452 2842 1503 2888 in
1525 2843 1630 2889 Deo
1653 2839 1926 2899 credentes,
1952 2838 2036 2886 sed
2058 2854 2205 2886 unam
2227 2848 2435 2886 tantum.

316 2918 598 2965 Sicut‘enim
629 2918 951 2967 diversitatem
979 2937 1295 2986 personarum
1322 2921 1373 2968 in
1405 2923 1509 2968 Deo
1539 2919 1770 2968 debemus
1803 2919 2022 2978 credere,
2060 2918 2125 2965 ita
2162 2917 2305 2966 etiam
2328 2919 2438 2965 uni-

315 3008 463 3046 tatem
504 2998 676 3046 divinae
709 2998 997 3049 substantiae.
1036 3002 1181 3059 Quod
1218 3003 1378 3050 statim
1415 3018 1685 3068 exponens,
1723 3002 1789 3049 ait
1821 3019 1832 3048 ε
1874 3020 1897 3046 «
1925 2999 2027 3047 Alia
2056 3009 2127 3047 est
2167 3000 2296 3046 enim
2328 3015 2438 3064 per-

315 3095 435 3127 sona
456 3079 628 3145 Patris,
655 3089 745 3127 etc.
776 3099 800 3126 »
828 3082 886 3129 Et
915 3098 1129 3142 rursum,
1167 3102 1189 3127 «
1215 3082 1299 3130 sed
1324 3083 1499 3141 Patris,
1532 3092 1579 3129 et
1600 3081 1733 3147 kFilii,
1764 3081 1823 3146 [et
1843 3080 2044 3146 Spiritus
2066 3078 2218 3126 sancti
2241 3094 2338 3126 una
2372 3089 2442 3127 est

314 3161 525 3209 Deitas.»
546 3180 569 3206 «
583 3161 793 3227 AEqualis
812 3162 979 3227 gloria,
1001 3182 1024 3209 υ
1043 3163 1094 3212 id
1111 3174 1181 3212 est
1196 3164 1465 3213 reverentia
1481 3163 1767 3212 exhibenda.
1791 3181 1814 3207 «
1829 3162 2048 3226 Majestas
2060 3197 2071 3219 ,
2085 3178 2110 3205 »
2131 3159 2183 3207 id
2202 3169 2273 3207 est
2291 3159 2442 3224 digni-

315 3251 403 3288 tas.
441 3242 627 3299 Quare?
657 3242 793 3307 quia,
823 3262 846 3288 «
873 3243 1025 3309 qualis
1063 3247 1215 3304 Pater,
1244 3264 1268 3290 »
1299 3243 1350 3292 id
1371 3254 1442 3293 est
1475 3253 1682 3309 quantus
1705 3242 1951 3306 dignitate.
1978 3243 2137 3299 Quam
2158 3239 2438 3305 dignitatem

315 3322 474 3369 statim
494 3324 816 3388 prosequitur,
842 3324 1007 3373 dicens
1028 3344 1038 3373 :
1060 3344 1084 3372 «
1101 3329 1342 3376 lncreatus
1363 3329 1518 3386 Pater,
1541 3335 1630 3373 ete.
1654 3329 1919 3372 Immensus
1933 3326 2087 3383 Pater,
2117 3341 2140 3368 »
2167 3339 2268 3370 non
2291 3322 2435 3378 mole,

399 3472 509 3513 Hebr„
526 3484 600 3518 cap.
618 3487 670 3517 ιι,
685 3487 717 3510 v.
736 3478 767 3510 6.
