2970 4152
510 383 605 429 428
1310 382 1481 429 PETRI
1518 382 1689 429 ABAEL
1696 383 1834 430 ARDI

510 493 698 542 semper
722 485 881 523 mente
904 475 965 522 ad
990 492 1101 523 eum
1120 511 1132 535 ,
1162 485 1214 522 ut
1236 474 1441 522 diximus
1457 485 1544 536 ,·et
1566 476 1725 542 ipsum
1755 476 1822 523 sic
1847 490 1936 540 pro
1973 473 2110 520 nobis
2142 482 2426 520 coronatum
2451 489 2634 521 memo-

511 558 623 605 riter
646 557 907 614 intuentes,
940 572 1194 620 sequamur
1221 557 1403 622 ipsum,
1427 573 1618 604 crucem
1638 557 1738 620 ejus
1762 556 1997 603 tollentes.
2022 553 2166 612 Quod
2189 554 2228 600 si
2245 554 2347 618 jam
2367 554 2418 600 in
2441 570 2500 601 eo
2520 563 2637 602 tem-

511 654 628 702 pore
651 653 750 683 non
775 652 939 682 sumus
964 645 1014 683 ut
1036 652 1127 701 pro
1155 652 1213 684 eo
1241 637 1367 684 mori
1391 632 1637 702 cogamur,
1673 637 1894 701 quotiens
1921 646 2081 682 tamen
2106 650 2198 681 nos
2226 650 2315 699 pro
2342 634 2448 699 ipso
2475 634 2638 699 affligi·

513 734 637 777 mur,
675 732 864 763 crucem
901 715 1002 779 ejus
1043 716 1269 764 tollimus.
1309 719 1434 764 Crux
1466 718 1645 782 quippe
1670 734 1697 764 a
1729 715 1987 764 cruciando
2020 714 2145 762 dicta
2181 723 2267 762 est.
2308 717 2511 761 Crucem
2540 715 2640 778 eJus

513 796 748 856 tollimus,
775 812 926 859 quum
950 796 1184 861 quaslibet
1205 797 1510 844 adversitates
1529 814 1619 863 pro
1642 813 1700 844 eo
1718 796 2030 855 sustinemus,
2051 793 2127 842 vel
2153 794 2445 842 abstinentiae
2467 793 2642 842 virtute

514 894 703 924 carnem
731 887 943 924 nostram
975 878 1290 938 macerando,
1322 878 1538 926 dominio
1564 878 1755 943 spiritus
1781 893 1887 924 eam
1921 876 2212 940 subjicimus.
2244 874 2389 933 Quod
2417 873 2493 922 his
2520 890 2640 940 prae-

514 960 652 1023 cipue
680 957 848 1005 diebus
874 957 1013 1005 nobis
1044 968 1113 1005 est
1136 958 1491 1024 providendum
1505 994 1518 1019 ,
1540 958 1714 1022 quibus
1733 957 2003 1022 spiritaliter
2020 973 2110 1004 nos
2127 955 2381 1021 praeparari
2396 954 2637 1015 convenit,

516 1038 576 1085 ad
596 1038 750 1102 ipsum
770 1037 1032 1085 Dominum
1048 1039 1098 1085 in
1117 1038 1347 1086 sacrificio
1368 1039 1573 1105 propriae
1589 1038 1744 1085 carnis
1762 1047 1809 1084 et
1828 1037 2066 1101 sanguinis
2090 1034 2463 1101 suscipiendum.
2484 1036 2639 1094 Certe,

516 1118 554 1164 si
579 1118 682 1181 quis
705 1128 956 1183 potentum
978 1118 1054 1166 vel
1078 1119 1342 1167 amicorum
1366 1118 1576 1184 hospitio
1600 1116 1928 1182 suscipiendus
1950 1133 1978 1163 a
2002 1115 2141 1163 nobis
2167 1124 2509 1180 expectaretur,
2531 1130 2644 1162 cum

518 1199 650 1244 omni
675 1198 915 1263 diligentia
940 1198 1141 1246 domum
1166 1209 1378 1246 nostram
1403 1214 1799 1264 praepararemus,
1831 1214 1892 1244 ne
1920 1196 2038 1261 quid
2068 1195 2375 1243 immundum
2406 1193 2482 1242 vel
2508 1193 2643 1240 inde-

518 1295 630 1325 cens
648 1278 814 1326 oculos
841 1279 1058 1326 intrantis
1092 1279 1369 1328 offenderet.
1394 1281 1583 1336 Quanta
1600 1278 1740 1341 igitur
1757 1293 1888 1337 cura,
1907 1286 2088 1340 quanto
2105 1275 2263 1323 studio
2288 1273 2642 1341 providendum

520 1368 616 1417 est,
641 1374 700 1405 ne
725 1359 882 1423 ipsum
900 1369 1084 1406 creator
1113 1374 1168 1405 ac
1194 1357 1470 1423 redemptor
1494 1374 1523 1404 a
1539 1356 1703 1417 nobis,
1727 1366 1780 1403 ut
1797 1356 2027 1416 diximus,
2057 1354 2385 1421 suscipiendus
2403 1390 2415 1414 ,
2439 1355 2646 1402 immun-

521 1437 637 1484 dum
671 1438 873 1502 reperiat
911 1437 1263 1497 habitaculum3
1300 1453 1451 1501 quum
1477 1436 1722 1501 propriam
1761 1436 1983 1499 injuriam
2019 1445 2152 1482 tanto
2190 1434 2377 1499 gravius
2411 1433 2641 1493 vindicet,

523 1528 702 1582 quanto
727 1518 928 1583 amplius
946 1528 1104 1583 potest
1130 1534 1185 1565 ac
1209 1517 1384 1565 debet?
1404 1520 1462 1564 Et
1486 1518 1714 1582 quoniam
1734 1518 1835 1582 ejus
1859 1533 2052 1581 quoque
2068 1526 2138 1564 est
2154 1516 2311 1580 gratiae
2328 1516 2378 1562 in
2401 1514 2540 1563 nobis
2558 1514 2648 1562 sihi

527 1599 821 1646 mansionem
845 1614 1040 1663 parare,
1069 1599 1170 1663 ipse
1195 1597 1284 1645 sibi
1308 1597 1432 1645 hanc
1457 1607 1711 1662 praeparet,
1749 1598 1832 1662 qui
1853 1597 1949 1644 hoc
1980 1596 2119 1644 nobis
2147 1594 2430 1644 sacrificium
2448 1594 2509 1642 ad
2527 1594 2648 1643 salu-

526 1689 622 1726 tem
644 1680 864 1739 instituit,
896 1695 994 1726 non
1018 1679 1079 1726 ad
1097 1678 1347 1742 judicium.
1381 1680 1545 1725 Amen.

803 2148 898 2205 DE
944 2147 1179 2208 REBUS
1223 2147 1480 2208 GESTIS
1527 2150 1606 2208 IN
1652 2148 1920 2208 DIEBUS
1963 2146 2370 2208 PASSIONIS.

1474 2324 1622 2355 SERMO
1656 2325 1703 2354 XI
1710 2343 1720 2354 .

599 2429 706 2484 Quo
741 2428 888 2491 magis
918 2437 1092 2475 nostrae
1125 2428 1468 2494 redemptionis
1496 2439 1710 2495 tempus,
1744 2440 1792 2478 et
1819 2430 2070 2477 dominicae
2096 2426 2456 2476 resurrectionis
2478 2440 2659 2491 appro-

533 2507 730 2571 pinquat
756 2507 1054 2569 solemnitas,
1086 2508 1297 2557 crebrius
1321 2509 1587 2558 aedificandi
1611 2511 1754 2559 sacris
1783 2508 2193 2558 exhortationibus
2215 2525 2401 2567 sumus;
2437 2517 2490 2555 ut
2519 2506 2660 2554 tantis

533 2587 775 2636 beneficiis
806 2589 937 2653 digni
961 2590 1271 2656 reperiamur,
1303 2603 1350 2639 et
1374 2591 1719 2659 redemptionis
1746 2593 1999 2658 participes
2023 2592 2170 2639 simus
2187 2627 2200 2652 ,
2232 2600 2280 2638 et
2303 2587 2660 2638 resurrectionis

533 2679 792 2717 consortes.
816 2673 874 2716 Et
890 2671 1119 2735 quoniam
1136 2671 1419 2736 plerumque
1437 2673 1538 2737 ipsa
1556 2689 1717 2721 rerum
1740 2683 1978 2737 gestarum
1998 2671 2196 2719 historia
2216 2670 2524 2719 devotionem
2548 2669 2659 2715 sim-

534 2749 728 2813 plicium
756 2751 927 2798 excitat
951 2753 1099 2816 magis
1131 2769 1277 2817 quam
1302 2754 1524 2817 mystica3
1549 2754 1683 2818 juvat
1708 2754 1974 2802 secundum
2003 2753 2208 2800 litteram
2241 2751 2376 2799 omni
2408 2747 2661 2797 dulcedine

534 2829 753 2876 refertam
769 2865 782 2890 ,
804 2831 937 2877 omni
959 2832 1132 2896 pietate
1151 2833 1343 2898 plenam
1354 2868 1368 2894 ,
1389 2850 1444 2881 ea
1462 2851 1568 2898 quae
1586 2835 1821 2882 Dominus
1843 2834 1916 2881 his
1934 2833 2103 2881 diebus
2121 2832 2261 2898 gessit
2278 2827 2529 2880 referendo
2548 2843 2663 2875 con-

536 2919 709 2971 texere,
730 2921 776 2958 et
791 2911 853 2959 ad
868 2912 1249 2961 exhortationem
1267 2924 1481 2962 nostram
1496 2915 1546 2962 in
1566 2926 1778 2964 mentem
1795 2915 2041 2963 reducere.
2061 2913 2217 2961 Refert
2233 2914 2393 2977 itaque
2410 2914 2618 2958 Joannes
2629 2909 2658 2967 ¹,

537 2991 669 3054 quod
695 2993 970 3039 resuscitato
1002 2996 1179 3040 Lazaro
1213 2994 1350 3042 multi
1371 2995 1643 3043 Judaeorum
1659 3033 1672 3057 ,
1699 2997 1783 3061 qui
1810 2996 1904 3043 hoc
1922 2995 2164 3054 viderant,
2197 2991 2504 3041 crediderunt
2521 2989 2571 3035 in
2589 2990 2664 3034 Je-

538 3087 659 3117 sum.
692 3073 938 3130 «Quidam
964 3084 1126 3121 autem
1144 3091 1202 3122 ex
1224 3075 1338 3140 ipsis
1356 3075 1575 3123 abierunt
1604 3077 1666 3124 ad
1687 3077 1972 3142 pharisaeos,
1999 3085 2046 3123 et
2071 3075 2292 3136 dixerunt
2317 3072 2387 3120 eis
2416 3086 2521 3135 quae
2554 3067 2664 3115 fecit

538 3154 686 3198 Jesus.
716 3153 1019 3218 Collegerunt
1044 3172 1156 3220 ergo
1192 3155 1444 3222 pontifices
1476 3167 1523 3205 et
1547 3156 1764 3222 pharisaei
1792 3157 2071 3216 concilium,
2109 3165 2157 3202 et
2196 3151 2419 3200 dicebant
2445 3167 2455 3195 :
2486 3168 2511 3194 «
2535 3147 2664 3206 Quid

539 3230 760 3292 facimus,
782 3243 872 3280 etc.
890 3253 915 3278 »
944 3234 1015 3282 Ab
1033 3235 1115 3283 illo
1138 3253 1251 3301 ergo
1275 3235 1352 3284 die
1371 3237 1697 3301 cogitaverunt
1724 3247 1778 3285 ut
1804 3235 2127 3284 interficerent
2153 3249 2281 3282 eum.
2304 3228 2631 3278 Interflcerent
2647 3262 2660 3285 ‚

539 3310 735 3375 inquam
755 3347 767 3370 ,
806 3323 1022 3361 mortuos
1057 3316 1386 3377 suscitantem,
1419 3327 1465 3364 et
1489 3334 1578 3383 pro
1609 3317 1706 3365 vita
1735 3316 1920 3365 reddita
1954 3325 2158 3364 mortem
2190 3307 2443 3360 inferrent!
2478 3310 2521 3355 Ο
2555 3305 2665 3354 caeci

590 3471 599 3488 ¹
626 3470 734 3511 Joan„
755 3482 829 3515 cap.
849 3483 902 3514 xi,
916 3483 947 3506 v.
964 3474 1007 3506 45
1025 3481 1058 3508 et
1075 3486 1125 3518 sq.
