2970 4152
532 396 627 442 438
1334 385 1504 435 PETRI
1541 388 1855 436 ABAELARDl

530 504 662 535 mum
686 483 814 532 diem
839 498 1114 546 azymorum
1142 480 1407 545 intelligunt
1424 517 1436 540 ,
1463 499 1614 546 quum
1639 482 1826 541 dicunt,
1853 499 1877 523 «
1893 494 1990 525 non
2010 478 2059 524 in
2085 477 2162 525 die
2184 477 2352 524 festo.»
2373 481 2505 526 Tunc
2525 479 2652 525 enim

532 585 700 617 omnes
726 567 899 632 pariter
931 563 1194 611 secundum
1226 561 1378 626 legem
1409 563 1469 609 ab
1498 563 1723 629 operibus
1749 570 1968 610 vacantes
1995 559 2266 623 congregati
2285 559 2336 606 in
2359 560 2562 619 civitate,
2588 560 2654 606 fa-

531 649 664 696 cilius
682 645 938 694 tumultum
953 642 1280 689 credebantur
1306 642 1522 690 excitare.
1547 630 1692 700 Quod
1722 658 1836 690 vero
1864 639 2108 687 Matthaeus
2134 639 2199 686 ait
2221 657 2230 685 :
2257 658 2281 684 «
2302 643 2433 686 Tunc
2457 655 2655 704 congre-

533 728 626 791 gati
656 736 793 784 sunt,
823 733 912 771 etc.
935 741 958 767 υ
1000 722 1121 770 Illud
1148 741 1170 768 «
1195 732 1334 782 tunc,
1361 741 1385 767 η
1421 722 1724 769 referendum
1756 731 1826 769 est
1859 720 1921 767 ad
1954 719 2227 784 praedictam
2255 718 2418 766 feriam
2442 720 2654 778 tertiam,

532 805 726 871 quando
752 805 816 851 ait
843 803 1077 850 Dominus
1101 821 1111 848 :
1137 822 1160 847 «
1182 802 1316 856 Scitis
1333 838 1345 862 ,
1375 803 1485 867 quia
1517 813 1624 867 post
1655 802 1885 859 biduum,
1922 810 2012 847 etc.
2035 819 2058 843 »

598 885 727 943 Quid
746 894 905 932 autem
922 884 1021 948 ipse
1038 883 1272 929 Dominus
1292 892 1456 948 postea
1474 883 1618 946 egerit
1637 882 1686 928 iu
1704 881 1782 929 illa
1801 882 1938 929 tertia
1955 880 2049 939 die,
2070 879 2144 927 vel
2161 880 2210 926 in
2227 889 2394 944 quarta
2411 888 2657 943 sequente,

534 982 633 1012 non
657 965 877 1030 exprimit
902 964 1141 1027 Scriptura
1178 963 1439 1010 manifeste.
1464 962 1713 1009 Credimus
1736 955 1897 1009 autem
1924 971 1975 1009 ut
2000 961 2096 1008 hoc
2126 960 2376 1008 definitum
2408 958 2662 1006 consilium

535 1051 558 1093 J
564 1047 809 1094 udaeorum
832 1047 1051 1105 evitaret,
1083 1061 1172 1092 nec
1197 1030 1271 1092 eis*
1291 1044 1559 1092 facultatem
1584 1044 1866 1109 peragendae
1890 1043 2077 1091 malitiae
2101 1042 2333 1108 praeberet
2349 1080 2361 1102 ,
2391 1052 2501 1089 ante
2535 1041 2663 1088 diem

535 1128 802 1175 traditionis
821 1127 917 1174 sive
933 1126 1165 1191 passionis
1185 1126 1285 1190 ejus
1305 1142 1582 1189 congruam.
1607 1125 1752 1182 Quod
1770 1142 1883 1173 v-ero
1902 1125 2075 1189 adjecit
2090 1123 2399 1188 evangelista¹
2421 1142 2431 1170 :
2458 1143 2479 1167 (ι
2504 1126 2664 1180 Quum

535 1221 695 1257 autem
718 1219 839 1257 esset
863 1213 995 1256 Jesus
1017 1209 1066 1255 in
1093 1208 1317 1256 Bethania
1343 1209 1392 1255 in
1410 1208 1557 1255 domo
1578 1208 1784 1255 Simonis
1803 1208 2005 1273 leprosi,
2031 1226 2054 1252 »
2078 1212 2142 1267 et,
2168 1216 2221 1253 ut
2237 1209 2422 1255 Marcus
2439 1206 2519 1264 ait,
2546 1204 2668 1252 «ibi-

540 1314 560 1337 «
584 1292 721 1340 dem²
745 1290 1067 1350 recumberet,
1089 1310 1112 1335 »
1142 1291 1338 1338 accessit
1369 1290 1430 1337 ad
1459 1305 1569 1336 eum
1596 1289 1767 1337 mulier
1788 1289 1971 1336 habens
1996 1288 2308 1348 alabastrum,
2338 1297 2427 1334 etc.
2458 1306 2482 1331 n
2510 1290 2667 1333 Incer-

538 1382 639 1418 tum
664 1381 734 1418 est
760 1381 917 1418 utrum
942 1370 1036 1417 hoc
1059 1369 1193 1417 fieret
1217 1371 1266 1416 in
1293 1370 1515 1435 praedicta
1542 1370 1619 1417 die
1647 1370 1805 1429 tertia,
1834 1386 1895 1416 an
1915 1370 1966 1416 in
1986 1379 2155 1433 quarta
2175 1377 2418 1431 sequente.
2442 1365 2691 1424 Nonnulli.

539 1463 694 1499 tamen
728 1451 853 1498 istud
878 1450 1155 1498 recumbere
1180 1451 1228 1496 in
1255 1451 1403 1496 domo
1434 1451 1639 1496 Simonis
1656 1485 1668 1509 ,
1696 1460 1867 1514 putant
1901 1449 2030 1495 illam
2058 1449 2200 1494 fuisse
2234 1463 2443 1506 coenam,
2481 1447 2542 1494 de
2575 1462 2669 1510 qua

537 1536 748 1579 Joannes·
761 1532 825 1578 ait
839 1533 852 1556 ³
873 1550 882 1577 :
914 1550 936 1575 «
954 1531 1076 1588 Quia
1094 1539 1203 1576 ante
1223 1546 1302 1575 sex
1326 1529 1426 1575 dies
1454 1529 1641 1575 Paschae
1659 1529 1789 1575 venit
1806 1532 1939 1575 Jesus
1955 1527 2233 1574 Bethaniam
2245 1562 2258 1585 ‚
2278 1527 2492 1574 fecerunt
2510 1535 2670 1573 autem

538 1614 581 1658 ei
609 1629 795 1659 coenam
827 1611 915 1670 ibi,
952 1621 999 1657 et
1030 1609 1214 1657 Martha
1237 1608 1562 1666 ministrabat,
1602 1619 1734 1655 etc.»
1758 1612 1815 1655 Et
1840 1608 2037 1673 quidem
2061 1608 2154 1668 illi,
2183 1608 2267 1672 qui
2298 1608 2424 1654 hanc
2447 1619 2635 1653 coenam
2654 1639 2667 1663 ‚

538 1710 683 1756 quam
699 1692 944 1739 Matthaeus
968 1701 1013 1738 et
1029 1693 1212 1738 Marcus
1229 1699 1633 1749 commemorant,
1651 1689 1780 1736 illam
1800 1689 2021 1736 eamdem
2041 1705 2142 1736 esse
2161 1688 2345 1748 volunt,
2368 1704 2511 1752 quam
2533 1689 2673 1734 Joan-

538 1791 622 1820 nes
645 1782 754 1819 ante
780 1789 859 1820 sex
876 1772 976 1818 dies
997 1771 1184 1818 Paschae
1212 1770 1383 1817 factam
1403 1770 1592 1830 asserit,
1623 1769 1789 1817 dicunt
1815 1787 1945 1817 nunc
1961 1786 2067 1818 eam
2086 1779 2391 1835 nequaquam
2408 1767 2673 1815 secundum

539 1854 760 1900 ordinem
783 1853 853 1899 rei
885 1861 1024 1916 gestae
1060 1850 1121 1897 ab
1148 1849 1445 1914 evangelistis
1473 1851 1679 1910 narrari3
1716 1849 1802 1897 sed
1834 1860 2060 1914 tanquam
2091 1849 2204 1896 inde
2234 1849 2366 1914 prius
2405 1848 2576 1895 factam
2612 1847 2674 1896 ad

541 1934 822 1981 memoriam
859 1932 1055 1991 reduci,
1102 1941 1152 1978 ut
1186 1931 1405 1978 videlicet
1444 1931 1700 1979 innuerent
1735 1931 1847 1978 inde
1886 1931 2060 1978 Judam
2097 1930 2399 1977 occasionem
2438 1929 2675 1993 accepisse

541 2014 779 2061 vendendi
798 2014 1091 2071 Dominum,
1121 2012 1257 2076 quasi
1282 2011 1375 2059 hoc
1401 2013 1554 2076 pretio
1584 2011 1704 2058 illud
1728 2028 1868 2059 suum
1895 2011 2128 2058 damnum
2148 2019 2450 2058 restauraret.
2477 2011 2534 2055 At
2561 2023 2673 2055 vero

541 2096 580 2140 si
604 2094 851 2158 diligenter
876 2093 1001 2140 hanc
1031 2102 1077 2139 et
1103 2091 1232 2139 illam
1256 2107 1442 2139 coenam
1469 2092 1559 2138 sibi
1587 2092 1914 2151 conferamus,
1942 2091 2210 2138 videbimus
2235 2091 2348 2155 quia
2371 2103 2675 2154 nequaquam

544 2174 742 2222 decebat
759 2174 809 2220 in
836 2173 1026 2220 alterius
1045 2172 1217 2232 domo,
1242 2171 1316 2219 vel
1341 2171 1401 2219 de
1426 2172 1590 2219 alienis
1616 2172 1884 2238 sumptibus
1903 2172 2114 2218 Domino
2135 2172 2419 2218 ministrare.
2448 2173 2677 2216 Praeterea

544 2259 750 2302 Joannes
772 2254 838 2301 ibi
854 2255 1051 2301 Mariam
1071 2271 1170 2300 non
1199 2253 1340 2301 refert
1363 2253 1454 2300 nisi
1479 2253 1625 2318 pedes
1653 2256 1758 2301 Jesu
1785 2253 1975 2300 unxisse
2001 2262 2045 2300 et
2075 2252 2272 2317 capillos
2298 2251 2564 2309 extersisse,
2588 2264 2677 2294 nec

546 2336 619 2381 isti
636 2334 932 2398 evangelistae
956 2334 1167 2381 referunt
1187 2334 1266 2380 hic
1291 2349 1398 2381 eam
1422 2334 1514 2380 nisi
1533 2349 1676 2398 super
1694 2343 1837 2398 caput
1864 2333 2010 2397 ipsius
2035 2332 2355 2379 recumbentis
2379 2339 2678 2394 unguentum

547 2417 774 2479 posuisse.
799 2414 943 2473 Quod
963 2431 1064 2462 non
1083 2414 1392 2462 incommode
1412 2415 1461 2460 in
1482 2414 1634 2461 aliena
1657 2414 1806 2461 domo
1827 2413 1981 2460 facere
2001 2413 2179 2478 potuit,
2204 2428 2355 2476 quum
2380 2411 2573 2457 fortasse
2597 2410 2680 2473 qui

548 2496 705 2543 cibum
725 2496 858 2543 daret
877 2506 1174 2561 unguentum
1202 2512 1301 2543 non
1326 2496 1572 2561 praeberet.
1600 2499 1726 2542 Bene
1745 2505 1905 2542 autem
1928 2495 2060 2559 prius
2090 2494 2284 2542 Domini
2312 2493 2456 2557 longa
2478 2492 2555 2539 via
2581 2491 2682 2537 fati-

549 2578 642 2640 gati
666 2577 810 2642 pedes
841 2578 976 2624 unxit
1007 2577 1200 2637 mulier,
1239 2586 1292 2623 ut
1327 2577 1393 2623 sic
1431 2593 1542 2623 eum
1567 2592 1595 2622 a
1624 2575 1788 2622 labore
1816 2576 1901 2622 viae
1937 2585 2186 2622 recrearet.
2219 2577 2356 2621 Nunc
2381 2583 2541 2620 autem
2572 2571 2682 2618 satis

550 2674 648 2704 esse
677 2657 899 2704 arbitrata
923 2667 992 2704 est
1026 2667 1168 2722 caput
1205 2656 1490 2721 quiescentis
1522 2656 1720 2719 inungi,
1756 2665 1983 2718 tanquam
2008 2654 2103 2700 hoc
2136 2663 2381 2717 unguento
2415 2649 2683 2714 remedium

550 2738 798 2785 conferens
826 2724 992 2786 contra
1018 2737 1141 2784 illius
1170 2737 1520 2784 ferventissimae
1542 2726 1680 2783 terrae
1701 2735 1900 2783 caloreS.
1923 2735 2142 2798 Denique
2162 2735 2212 2780 in
2231 2733 2310 2780 illa
2328 2733 2487 2797 priore
2513 2746 2651 2777 coena
2666 2766 2677 2784 ‚

551 2836 644 2882 qua
669 2819 852 2866 Martha
879 2818 1184 2877 ministravit,
1217 2820 1424 2864 Joannes
1452 2817 1697 2864 neminem
1722 2816 1863 2863 refert
1893 2815 1953 2862 de
1979 2823 2225 2879 unguento
2254 2827 2576 2860 murmurasse
2599 2809 2690 2856 nisi

553 2899 723 2945 Judam
749 2899 1063 2965 proditorem.
1102 2901 1155 2944 In
1189 2897 1280 2944 hac
1313 2914 1428 2944 vero
1460 2897 1669 2944 secunda
1698 2912 1857 2956 coena,
1891 2910 2197 2959 nequaquam
2228 2893 2373 2940 Judas
2409 2892 2470 2940 de
2500 2890 2595 2938 hoc
2627 2888 2688 2935 ab

556 2980 847 3044 evangelistis
873 2989 1081 3039 notatur,
1114 2978 1198 3026 sed
1227 2977 1473 3025 indefinite
1501 2995 1643 3043 super
1672 2978 1768 3024 hoc
1797 2975 2056 3042 discipulos
2088 2975 2360 3038 indignatos
2393 2973 2535 3019 fuisse
2572 2969 2688 3016 refe-

556 3071 681 3108 runt.
700 3065 765 3108 Ex
778 3061 950 3126 quibus
963 3060 1187 3109 omnibus
1200 3060 1334 3124 quasi
1348 3059 1635 3124 quibusdam
1650 3058 1937 3122 conjecturis
1952 3057 2078 3105 hanc
2097 3065 2144 3104 et
2159 3055 2289 3102 illam
2302 3069 2489 3101 coenam
2508 3066 2687 3114 nequa-

558 3157 701 3203 quam
733 3141 950 3189 eamdem
976 3141 1227 3200 fuisse,·.et
1262 3139 1571 3186 devotionem
1608 3138 1819 3185 mulieris
1852 3147 1985 3184 tanto
2011 3138 2137 3183 circa
2160 3134 2421 3181 Dominum
2457 3130 2689 3192 majorem

559 3221 787 3280 extitisse,
811 3232 991 3285 quanto
1023 3222 1191 3287 saepius
1219 3221 1312 3267 hoc
1332 3221 1384 3269 ei
1393 3218 1680 3267 beneficium
1706 3218 2004 3265 ministravit.
2027 3220 2098 3264 De
2125 3216 2215 3262 hac
2238 3225 2398 3262 autem
2416 3222 2462 3260 et
2481 3209 2690 3259 secunda

560 3317 720 3359 coena,
748 3301 868 3348 sicut
893 3301 1137 3348 Matthaeus
1162 3310 1379 3367 patenter
1403 3299 1633 3359 ostendit,
1668 3298 1812 3345 Judas
1840 3298 1954 3345 abiit
1988 3296 2049 3344 ad
2081 3295 2320 3361 principes
2359 3291 2685 3350 sacerdotum,

608 3476 616 3492 ¹
644 3476 772 3515 Matth„
789 3487 860 3521 cap.
880 3488 975 3517 xxvi,
993 3488 1022 3510 v.
1045 3480 1077 3510 6.
1093 3494 1137 3502 -
1153 3475 1165 3493 ³
1184 3477 1298 3518 Mare.,
1317 3487 1392 3520 cap.
1409 3487 1477 3516 x1V,
1495 3488 1528 3509 v.
1547 3476 1577 3508 3.
1596 3492 1640 3501 ·-
1655 3475 1668 3492 ³
1684 3474 1793 3515 Joan.,
1812 3484 1885 3517 cap.
1903 3485 1966 3513 xn,
1983 3483 2013 3505 v.
2034 3477 2045 3504 1
2065 3479 2098 3504 et
2113 3481 2162 3514 sq.
