2970 4152
525 374 578 420 74
592 377 623 422 2
1437 370 1753 419 APPENDlX.

525 484 668 531 agone
694 465 992 525 contendant,
1009 463 1158 511 verbis
1184 464 1353 527 pariter
1374 475 1421 510 et
1445 457 1657 529 exemplis
1675 467 1908 513 accendas.
1937 469 1995 514 Es
2015 468 2136 513 enim
2156 486 2298 515 unum
2315 470 2371 516 de
2389 471 2655 519 animalibus

524 549 628 608 illis,
653 565 752 612 quae
774 545 979 593 Ezechiel
1001 546 1224 609 propheta
1242 545 1392 605 vidit-¹,
1413 545 1517 593 licet
1540 548 1597 594 sis
1623 547 1810 594 mulier:
1829 565 1929 611 quae
1955 566 2046 594 non
2065 559 2239 596 tantum
2257 561 2308 596 ut
2323 551 2459 597 carbo
2476 552 2652 611 ardere,

523 631 600 677 sed
623 642 674 677 ut
698 631 866 693 lampas
895 629 1053 676 ardere
1078 628 1216 675 debes*
1242 629 1412 692 pariter
1437 639 1482 675 et
1515 629 1679 676 lucere.
1714 632 1772 675 Es
1801 630 1983 693 quidem
2015 631 2233 694 discipula
2257 633 2481 692 veritatis,
2508 632 2586 679 sed
2609 650 2655 678 es

522 713 657 758 etiam
677 713 775 774 ipso
800 710 970 769 officio,
991 720 1211 773 quantum
1234 710 1290 756 ad
1316 710 1398 756 tibi
1423 711 1680 757 commissas
1703 711 1922 773 pertinet,
1950 712 2160 775 magistra
2186 712 2466 760 humilitatis.
2493 714 2655 760 Humi—

522 791 658 838 litatis
679 791 829 855 plane,
852 802 897 837 et
914 791 1052 838 totius
1069 790 1541 854 coelesfisdisciplinae,
1560 792 1643 837 tibi
1661 808 1687 837 a
1704 793 1805 836 Deo
1824 792 2130 855 magisterium
2147 792 2410 855 impositum
2426 803 2515 839 est:
2533 793 2654 839 unde

520 889 615 919 non
639 872 785 919 solum
808 874 893 932 tui,
920 872 997 919 sed
1017 883 1062 919 et
1085 872 1311 919 commissi
1335 873 1480 936 gregis
1502 889 1655 918 curam
1682 872 1866 931 habere,
1885 882 1929 918 et
1953 890 2038 935 pro
2056 873 2294 933 universis,
2315 875 2530 936 majorem
2552 874 2655 920 uni-

518 956 657 1001 versis
673 955 808 1001 debes
825 954 1079 1001 mercedem
1096 955 1312 1018 recipere.
1333 957 1491 1000 Manet
1510 954 1592 1000 tibi
1613 964 1733 1000 certe
1754 953 1901 1017 palma
1919 972 2003 1018 pro
2024 956 2258 1001 omnibus:
2281 956 2402 1018 quia,
2420 965 2472 1002 ut
2484 955 2654 1018 optime

519 1036 661 1095 nosti,
689 1045 915 1098 quotquot
951 1035 1118 1081 ducatu
1142 1045 1221 1080 tuo
1244 1035 1463 1080 mundum
1492 1034 1741 1097 mundique
1766 1035 2016 1098 principem
2045 1036 2236 1082 vicerint
2252 1071 2264 1095 ,
2292 1046 2361 1081 tot
2382 1035 2465 1082 tibi
2491 1028 2671 1081 trium-¹

517 1117 631 1179 phos
646 1151 658 1175 ,
688 1126 758 1161 tot
779 1114 974 1178 gloriosa
998 1115 1201 1178 trophaea
1226 1115 1345 1178 apud
1369 1125 1589 1160 aeternum
1613 1131 1764 1178 regem
1789 1125 1835 1160 et
1851 1115 2051 1177 judicem
2083 1116 2417 1179 praeparabunt.
2443 1115 2540 1161 Sed
2570 1131 2654 1162 nec

516 1199 704 1244 omnino
728 1197 849 1261 apud
875 1196 1087 1244 mortales
1112 1196 1344 1256 insolitum
1368 1207 1435 1242 est
1457 1196 1647 1242 feminas
1667 1197 1845 1243 feminis
1866 1197 2135 1260 principari,
2167 1215 2249 1244 nec
2271 1215 2323 1244 ex
2348 1208 2445 1244 toto
2465 1197 2652 1243 inusita-
2710 1234 2713 1237 .

516 1289 612 1324 tum
631 1278 766 1324 etiam
788 1276 1010 1340 «praeliari3
1046 1278 1165 1340 ipsos
1197 1278 1382 1340 insuper
1400 1277 1520 1323 viros
1545 1276 1601 1323 ad
1626 1275 1779 1340 praelia
1802 1277 2025 1323 comitari.
2057 1279 2172 1324 Nam
2198 1279 2233 1323 si
2259 1294 2415 1324 verum
2441 1287 2506 1323 est
2530 1276 2653 1340 quod

516 1360 706 1406 dicitur²

1214 1456 1291 1495 Fas
1311 1460 1375 1495 est
1397 1459 1438 1495 et
1456 1453 1507 1494 ab
1526 1453 1646 1495 hoste
1667 1453 1828 1505 doceri,

514 1589 559 1624 et
583 1578 704 1642 apud
727 1577 916 1642 gentiles
935 1594 1203 1624 amazonum
1235 1578 1389 1641 regina
1418 1578 1715 1625 Penthesilaea
1730 1596 1833 1625 cum
1855 1579 1946 1626 suis
1968 1580 2281 1636 amazonibUS,
2306 1596 2399 1625 non
2422 1580 2547 1639 viris,
2575 1579 2652 1625 sed

513 1658 795 1717 mulieribus,
822 1658 1007 1721 Trojani
1032 1657 1139 1704 belli
1167 1669 1388 1722 tempore,
1409 1676 1525 1722 saepe
1543 1676 1763 1723 pugnasse
1780 1659 2017 1705 scribitur³
2037 1677 2046 1704 :
2069 1670 2114 1705 et
2136 1660 2182 1704 in
2199 1658 2373 1722 ‚populo
2393 1659 2527 1705 etiam
2543 1659 2667 1718 Dei,

511 1739 795 1803 prophetissa
830 1739 1040 1785 Debora⁴
1073 1739 1472 1801 Barach.judicem
1504 1738 1642 1785 Israel
1670 1750 1830 1786 contra
1863 1739 2080 1786 Ethnicos
2104 1740 2321 1785 animasse
2347 1738 2527 1802 legitur.
2559 1740 2653 1784 Cur

511 1836 619 1882 ergo
652 1835 746 1864 non
779 1817 909 1865 liceat
919 1818 1123 1865 ufeminas
1147 1819 1325 1865 virtutis
1348 1829 1508 1866 contra
1526 1820 1695 1866 ¹fortem
1714 1830 1938 1866 armatum
1962 1820 2017 1865 ad
2042 1819 2194 1882 praelia
2219 1819 2537 1882 procedentes,
2565 1818 2650 1864 du·

511 1900 672 1946 ctrices
694 1899 793 1946 fieri
810 1901 1030 1946 exercitus
1053 1900 1262 1961 Domini,
1292 1917 1433 1964 quum
1458 1911 1503 1947 et
1526 1900 1618 1960 illa,
1641 1901 1764 1964 quod
1788 1901 1971 1964 quidem
1994 1901 2206 1947 indecens
2229 1900 2490 1959 videbatur,
2512 1916 2651 1946 manu

510 1990 662 2027 tamen
698 1981 885 2044 propria
916 1991 1078 2027 contra
1101 1981 1252 2027 hostes
1275 1982 1568 2044 pugnaverit„
1602 1992 1645 2028 et
1673 1983 1768 2028 haec
1791 1993 1944 2029 nostra
1967 1982 2152 2028 Dehora
2173 1982 2294 2027 viros
2318 1982 2438 2044 ipsos
2455 1980 2512 2026 ad
2537 1978 2650 2026 bella

510 2061 663 2108 divina
690 2063 1012 2122 commoverit,
1043 2063 1309 2122 armaverit,
1342 2063 1628 2110 accenderit?
1650 2064 1787 2110 Victo
1813 2064 1976 2110 dehinc
1999 2064 2132 2110 Jabin
2154 2080 2289 2126 ²rege,
2321 2063 2467 2109 occiso
2502 2062 2652 2108 Sisara

510 2141 648 2202 duce,
681 2142 829 2189 deleto
851 2144 1097 2207 ,prophano
1124 2145 1322 2191 exercitu
1337 2180 1350 2203 ,
1381 2146 1545 2191 cecinit
1573 2146 1723 2192 statim
1748 2146 1972 2192 canticum
1995 2145 2094 2205 illa,
2116 2144 2318 2206 illudque
2334 2144 2421 2189 Dei
2444 2143 2651 2190 laudibus

509 2224 671 2270 devota
690 2224 895 2271 dicavit⁵.
923 2225 1041 2284 Erit,
1061 2225 1148 2271 Dei
1170 2226 1316 2288 gratia
1337 2226 1425 2271 hoc
1443 2226 1653 2285 faciente,
1680 2236 1783 2288 post
1797 2226 1947 2272 datam
1969 2226 2051 2271 tibi
2076 2226 2255 2287 tuisque
2271 2224 2327 2270 de
2344 2222 2476 2286 longe
2494 2223 2651 2269 fortio-

510 2306 635 2351 ribus
659 2305 865 2352 hostibus
891 2305 1144 2365 victoriam,
1178 2305 1312 2369 longe
1337 2316 1465 2354 tuum
1491 2306 1730 2370 gloriosius
1764 2308 2015 2366 canticum,
2049 2306 2173 2369 quod
2202 2306 2264 2351 sic
2293 2305 2392 2351 laeta
2417 2305 2645 2364 cantabis,

507 2395 560 2431 ut
583 2401 817 2447 nunquam
843 2394 999 2448 postea
1033 2383 1201 2445 laetari,
1231 2402 1466 2449 nunquam
1499 2396 1680 2432 cantare
1715 2386 1915 2433 desistas.
1961 2387 2152 2432 Interim
2188 2385 2276 2431 eris
2316 2383 2488 2430 ancillis
2531 2384 2645 2442 Dei,

508 2467 595 2514 hoc
630 2477 697 2513 est
725 2465 894 2512 coelesti
922 2467 1160 2526 exercitui,
1191 2467 1315 2530 quod
1339 2467 1415 2514 illa
1439 2485 1521 2515 suo
1544 2468 1730 2531 judaico
1754 2468 1925 2531 populo
1949 2468 2134 2514 Dehora
2162 2485 2172 2513 ε
2199 2484 2284 2513 nec
2303 2484 2328 2513 a
2352 2476 2442 2512 tam
2472 2465 2649 2512 lucroso

508 2547 771 2606 certamine,
790 2546 941 2610 aliquo
964 2557 1186 2610 tempore,
1213 2546 1419 2610 quolibet
1442 2565 1565 2608 casu,
1590 2549 1681 2595 ‚nisi
1703 2548 1928 2595 vincendo
1951 2548 2157 2595 cessabis.
2178 2549 2236 2595 Et
2252 2546 2461 2610 quiahoc
2482 2561 2648 2590 nomen

507 2629 710 2688 Dehora,
738 2639 788 2675 ut
811 2639 888 2675 tua
907 2629 1035 2675 novit
1054 2628 1269 2688 eruditio,
1299 2628 1454 2693 lingua
1474 2630 1686 2677 hebraica
1711 2647 1840 2694 apem
1862 2630 2089 2693 designat;
2114 2630 2201 2675 eris
2221 2628 2353 2674 etiam
2371 2628 2418 2673 in
2435 2627 2522 2672 hoc
2538 2636 2584 2672 et
2600 2634 2649 2672 tu

508 2709 715 2767 Dehora,
738 2709 783 2754 id
807 2719 874 2755 est
895 2710 1009 2773 apis.
1036 2708 1319 2757 Mellificabis
1341 2711 1464 2758 enim
1491 2721 1564 2769 tu,
1591 2711 1669 2757 sed
1687 2728 1783 2757 non
1806 2710 1888 2757 soli
1912 2711 2020 2770 tihi,
2050 2711 2156 2773 quia
2184 2707 2401 2774 quicquid
2424 2707 2537 2753 honi
2568 2723 2650 2768 per

508 2789 709 2836 diversos
731 2801 776 2836 et
800 2807 827 2836 a
849 2790 1036 2836 diversis
1058 2789 1299 2855 collegisti,
1327 2790 1550 2854 exemplo,
1579 2792 1736 2851 verbo,
1766 2792 2002 2854 modisque
2027 2790 2192 2854 quibus
2212 2788 2409 2852 poteris,
2435 2786 2649 2832 domesti-

507 2871 570 2916 cis
588 2871 821 2921 sororibus
842 2887 924 2916 seu
942 2869 1220 2933 quibuslibet
1242 2870 1362 2931 aliis,
1388 2882 1534 2919 totum
1559 2872 1786 2919 refundes.
1816 2872 2008 2918 Satiabis
2030 2872 2118 2923 hoc
2130 2871 2296 2934 exiguo
2322 2870 2423 2916 vitae
2445 2867 2648 2914 mortalis

506 2961 714 3014 tempore
737 2961 780 2996 et
805 2961 849 2996 te
873 2951 1015 3014 ipsam
1039 2967 1268 3001 sacrarum
1292 2951 1546 3000 litterarum
1568 2964 1737 3001 secreta
1751 2953 2014 3012 dulcedine,
2042 2963 2088 2999 et
2112 2952 2265 2998 beatas
2288 2966 2465 2997 sorores
2494 2958 2647 3012 aperta

508 3031 854 3095 praedicatione,
879 3049 1136 3095 quousque,
1159 3033 1288 3095 juxta
1315 3050 1472 3080 vocem
1501 3035 1840 3098 propheticam,
1869 3035 1914 3080 in
1948 3033 2046 3093 illa,
2080 3050 2180 3096 quae
2207 3032 2518 3095 promittitur,
2552 3030 2642 3088 die,

509 3111 729 3159 distillent
753 3122 929 3159 montes
948 3123 1163 3160 aeternam
1187 3112 1474 3161 dulcedinem
1486 3116 1515 3174 ⁸,
1539 3125 1584 3161 et
1603 3114 1738 3162 colles
1756 3116 1899 3162 fluant
1923 3115 1990 3162 lac
2006 3125 2050 3161 et
2068 3113 2176 3160 mel.
2207 3116 2307 3158 Hoc
2325 3113 2446 3158 enim
2464 3110 2569 3156 licet
2589 3110 2645 3155 de

509 3204 713 3257 tempore
735 3195 892 3257 gratiae
914 3194 1114 3254 dicatur,
1137 3194 1202 3240 nil
1226 3195 1391 3255 obstat,
1412 3197 1505 3242 imo
1527 3207 1573 3242 et
1594 3196 1768 3243 dulcius
1789 3208 1871 3256 est,
1898 3207 1949 3243 ut
1966 3197 2027 3242 de
2051 3207 2255 3258 tempore
2281 3193 2434 3257 gloriae
2457 3191 2645 3254 accipia-

510 3284 601 3319 tur.
629 3273 774 3320 Dulce
794 3275 904 3320 mihi
930 3285 1044 3321 esset
1063 3275 1141 3321 diu
1161 3286 1310 3322 tecum
1329 3276 1385 3322 de
1408 3277 1666 3339 hujusmodi
1689 3278 1954 3341 protrahere
1979 3293 2257 3333 sermonem,
2286 3274 2392 3337 quia
2412 3284 2457 3319 et
2475 3273 2645 3318 famosa

555 3414 565 3432 ¹
592 3415 729 3454 Ezech„
751 3425 827 3459 cap.
847 3426 870 3448 ι.
886 3433 928 3440 -
941 3414 954 3433 ¹
970 3416 1064 3451 Ovid.
1085 3418 1219 3451 Hetam.
1237 3417 1296 3451 lib.
1317 3417 1373 3458 lv,
1391 3429 1421 3451 v.
1436 3418 1514 3452 428.
1531 3438 1569 3444 -
1581 3418 1594 3436 ⁵
1610 3419 1744 3460 lustin„
1759 3420 1857 3458 Βία,
1874 3418 1933 3453 lib.
1949 3418 1998 3460 11,
2015 3428 2089 3462 cap.
2119 3428 2163 3460 ιν,
2193 3428 2223 3451 v.
2255 3417 2307 3449 31.
2320 3433 2363 3440 —
2378 3414 2392 3431 ⁴
2405 3414 2555 3449 Indicum
2587 3413 2643 3452 lv,

511 3484 583 3518 cap.
600 3485 642 3508 iv.
663 3491 704 3499 --
716 3473 845 3517 ⁸1b1d.,
861 3485 936 3515 cap.
952 3486 982 3509 v.
997 3493 1040 3501 —
1054 3475 1068 3494 ⁶
1080 3476 1179 3516 Joel.,
1197 3487 1272 3520 cap.
1287 3489 1321 3518 v,
1336 3488 1368 3511 v.
1386 3478 1437 3511 18.
