2970 4152
547 416 642 463 362
1345 419 1516 465 PETRI
1551 419 1864 466 ABAELARDI

547 527 681 569 nem,
712 511 771 557 de
790 521 920 559 tanta
949 512 1125 558 scilicet
1148 513 1324 559 fructus
1354 512 1646 561 abundantia
1668 531 1777 561 eum
1802 514 2009 561 Domino
2028 513 2323 579 persolvisse.
2346 514 2663 580 lntelligamus

547 592 703 654 itaque
726 592 879 638 David
907 593 954 638 in
981 592 1233 658 prophetia
1256 593 1397 656 hujus
1427 594 1604 661 fructus
1631 611 1776 658 quem
1798 594 1909 640 alibi
1929 593 2017 640 sibi
2036 610 2064 639 a
2081 594 2290 640 Domino
2318 606 2663 643 commemorat

548 672 831 735 promissum
867 689 992 732 esse,
1022 673 1210 720 dicens¹
1234 693 1243 720 :
1279 692 1302 718 «
1328 677 1398 722 De
1424 674 1577 721 fructu
1602 675 1778 721 ventris
1804 675 1872 720 tui
1897 689 2074 738 ponam
2101 689 2243 737 super
2266 673 2428 721 sedem
2453 685 2582 722 tuam
2599 712 2612 735 ,
2637 695 2660 720 »

548 750 606 796 ad
641 741 1070 815 congratulandum
1104 751 1193 800 sibi
1230 770 1397 801 omnes
1431 755 1608 819 pariter
1629 754 1896 812 adhortari,
1930 768 2135 816 quorum
2159 753 2209 800 in
2232 752 2327 799 hoc
2355 770 2664 803 communem

548 831 815 879 considerat
847 832 1063 880 salutem.
1106 835 1192 881 Hic
1223 843 1292 881 est
1326 834 1403 880 ille
1446 834 1624 896 fructus
1656 843 1790 879 terrae
1820 832 2057 892 sublimis,
2092 849 2236 897 quem
2261 843 2307 879 et
2330 834 2467 881 lsaias
2498 836 2665 899 praevi-

549 910 693 957 dens²
714 930 722 957 :
748 932 770 957 «
802 914 919 973 Erit,
946 932 968 957 »
990 915 1170 978 inquit,
1201 934 1224 959 «
1253 930 1444 978 germen
1468 914 1662 961 Domini
1678 914 1726 959 in
1752 912 2122 977 magnificentia,
2151 914 2264 961 etin
2284 913 2453 977 gloria,
2481 925 2528 962 et
2545 915 2666 963 fruc-

549 1001 621 1037 tus
656 1001 779 1039 terra
812 993 1025 1041 sublimis
1042 1030 1054 1054 ,
1082 1005 1129 1042 et
1153 995 1438 1060 exspectatio
1461 994 1534 1040 his
1562 994 1645 1058 qui
1673 993 1837 1040 salvati
1866 993 2038 1040 fuerint
2063 993 2124 1040 de
2147 993 2306 1040 Israel.
2332 1012 2354 1037 »
2383 993 2511 1051 Quid
2539 995 2667 1042 enim

548 1089 739 1134 germen
758 1076 979 1136 Domini,
1011 1067 1265 1123 sublimem
1289 1077 1493 1123 fructum
1520 1072 1677 1132 terrae,
1704 1091 2108 1139 communemque
2127 1075 2345 1122 omnium
2360 1074 2473 1122 hinc
2492 1075 2668 1123 exulta-

548 1153 722 1200 tionem
742 1154 982 1217 fidelium,
1010 1157 1099 1203 nisi
1118 1147 1357 1204 Christum
1381 1165 1571 1220 oportet
1593 1155 1788 1219 intelligi
1807 1156 1889 1219 qui
1909 1166 1955 1202 et
1981 1165 2091 1202 ante
2111 1155 2269 1202 secula
2292 1155 2477 1219 genitus
2502 1172 2560 1202 ex
2585 1158 2669 1202 Pa-

546 1243 637 1293 tre,
660 1245 705 1282 et
721 1235 866 1284 hodie
882 1239 1015 1302 quasi
1032 1238 1091 1285 de
1110 1248 1233 1285 terra
1250 1237 1425 1303 prodiit
1445 1247 1582 1284 natus
1599 1254 1656 1284 ex
1674 1237 1889 1301 Virgine;
1911 1237 2045 1300 cujus
2064 1237 2259 1301 quidem
2285 1236 2669 1284 sublimationem

546 1332 599 1360 ac
635 1317 1034 1381 magnificentiam
1074 1318 1239 1366 definit
1272 1317 1546 1382 Apostolus,
1584 1317 1772 1364 dicens³
1802 1336 1865 1363 :·«
1899 1321 2098 1382 Propter
2129 1317 2261 1381 quod
2291 1327 2337 1364 et
2377 1320 2505 1364 Deus
2534 1316 2670 1364 illum

549 1395 789 1457 exaltavit,
814 1408 861 1444 et
879 1398 1075 1446 donavit
1099 1398 1166 1444 illi
1191 1414 1369 1444 nomen
1392 1397 1523 1461 quod
1549 1407 1617 1444 est
1638 1414 1781 1461 super
1806 1414 1950 1444 omne
1970 1414 2166 1444 nomen.
2195 1416 2217 1440 »
2246 1396 2390 1454 Quod
2415 1397 2556 1443 etiam
2583 1413 2670 1443 no-

548 1493 680 1533 men,
709 1478 759 1524 id
785 1489 854 1525 est
879 1482 1065 1539 Jesum,
1088 1479 1221 1543 quod
1239 1478 1452 1525 Salvator
1471 1479 1822 1543 interpretatur,
1858 1477 1988 1524 idem
2012 1477 2272 1542 propheta,
2303 1493 2452 1540 quum
2478 1476 2539 1524 de
2563 1476 2668 1541 ipso

548 1566 680 1604 terrae
710 1558 861 1605 fructu
887 1559 997 1605 alibi
1025 1569 1392 1625 praeconaretur,
1415 1559 1496 1605 aitff·
1521 1577 1530 1604 :
1564 1578 1586 1603 «
1612 1561 1803 1617 Rorate,
1837 1558 1968 1614 coeli,
2005 1557 2227 1621 desuper,
2257 1567 2302 1604 et
2327 1557 2478 1603 nubes
2505 1556 2670 1621 pluant

542 1639 746 1701 justum;
771 1642 1008 1705 aperiatur
1026 1652 1165 1700 terra,
1189 1651 1235 1688 et
1253 1640 1483 1704 germinet
1498 1640 1814 1698 Salvatorem,
1833 1649 1879 1686 et
1890 1639 2070 1702 justitia
2089 1639 2269 1684 oriatur
2289 1638 2445 1684 simul.
2462 1640 2561 1700 Ego
2574 1640 2670 1683 Do-

548 1721 705 1767 minus
731 1722 887 1767 creavi
909 1738 1035 1769 eum.
1063 1740 1085 1765 »
1115 1721 1242 1779 Quid
1268 1722 1396 1768 enim
1419 1720 1523 1767 coeli
1549 1720 1623 1767 vel
1642 1720 1845 1767 nubium
1870 1720 2093 1778 nomine,
2123 1719 2212 1765 nisi
2242 1718 2396 1782 angeli
2421 1718 2496 1765 vel
2522 1719 2671 1765 sancti

546 1810 702 1863 patres
728 1801 953 1865 dignitate
978 1803 1154 1848 caeteris
1179 1802 1535 1866 praeminentes,
1563 1811 1610 1848 et
1634 1811 1862 1864 tanquam
1889 1800 1938 1846 in
1967 1800 2183 1864 supernis
2203 1800 2362 1845 animo
2387 1814 2670 1846 conversan-

547 1890 640 1940 tes,
663 1883 1025 1947 intelligendum
1044 1883 1142 1930 est?
1161 1883 1255 1941 Qui
1279 1883 1395 1930 dum
1413 1882 1673 1929 adventum
1696 1881 1967 1929 Mediatoris
1993 1879 2363 1945 vel-parabolice
2378 1916 2390 1939 ,
2413 1879 2485 1926 vel
2512 1879 2670 1926 mani—

548 1961 660 2009 feste
691 1964 1160 2028 praenuntiaverunt,
1190 1963 1325 2027 quasi
1355 1979 1513 2010 rorem
1546 1962 1620 2009 vel
1654 1961 1863 2026 pluviam
1895 1960 2038 2008 verba
2074 1960 2288 2025 ipsorum
2318 1958 2483 2006 fideles
2516 1975 2672 2005 susce-

547 2053 736 2105 perunt.
776 2046 870 2090 Ros
902 2044 1109 2109 quippe,
1150 2044 1310 2109 pluvia
1348 2043 1580 2102 subtilior,
1610 2053 1655 2089 et
1700 2042 2036 2089 minutissimas
2068 2041 2248 2088 habens
2288 2050 2470 2105 guttas,
2510 2049 2561 2086 ut
2591 2040 2672 2086 vix

548 2125 758 2188 conspici
795 2135 969 2188 queat,
1015 2125 1161 2172 verba
1204 2135 1314 2172 sunt
1358 2125 1609 2189 allegorica
1642 2124 1705 2171 ad
1737 2123 2099 2187 intelligendum
2138 2121 2360 2169 difficilia.
2403 2124 2519 2179 Quae
2556 2137 2672 2167 vero

548 2213 709 2267 aperta
736 2214 871 2264 sunt,
899 2205 1069 2269 pluviae
1097 2214 1451 2269 comparantur.
1488 2208 1597 2251 Haec
1621 2204 1762 2268 igitur
1790 2203 1934 2250 verba
1958 2213 2132 2250 terram
2157 2211 2393 2260 sanctam,
2420 2200 2471 2247 id
2493 2210 2563 2247 est
2586 2200 2673 2246 im-

548 2283 831 2330 maculatam
853 2284 1106 2349 irrigarunt
1129 2284 1390 2347 Virginem,
1410 2294 1462 2330 ut
1486 2284 1614 2330 hunc
1638 2283 1776 2330 nobis
1801 2283 2007 2330 fructum
2026 2282 2215 2328 afferret
2236 2282 2375 2345 :quia
2398 2280 2672 2346 promissio—

506 2360 508 2364 *
548 2363 687 2409 nibus
722 2373 820 2410 tam
853 2381 940 2427 per
974 2364 1168 2428 angelos
1208 2381 1353 2428 quam
1391 2381 1478 2428 per
1514 2357 1773 2428 prophetas
1810 2363 1871 2409 de
1912 2362 2099 2408 Christo
2138 2361 2269 2408 factis
2300 2360 2514 2418 erudita,
2555 2359 2671 2406 dum

550 2459 716 2490 eorum
750 2444 933 2490 auditui
967 2444 1189 2501 credidit,
1229 2444 1364 2507 quasi
1394 2460 1508 2490 aure
1538 2443 1787 2507 concepit,
1825 2452 1873 2488 et
1904 2458 1961 2488 ex
1996 2441 2090 2487 fide
2123 2440 2343 2488 audibilis
2379 2438 2512 2486 verbi
2553 2438 2673 2485 illud

549 2524 799 2588 concipere
825 2524 1038 2571 Verbum
1069 2525 1157 2571 Dei
1181 2525 1375 2581 meruit,
1404 2524 1465 2570 de
1491 2540 1588 2587 quo
1614 2524 1844 2587 scriptum
1872 2523 1965 2569 est⁵
1987 2542 1997 2567 ε
2027 2541 2049 2566 «
2077 2524 2131 2567 ln
2164 2520 2399 2586 principio
2424 2529 2525 2567 erat
2552 2521 2670 2565 Ver-

547 2604 686 2664 bum,
722 2624 743 2649 »
771 2605 893 2651 sicut
920 2615 965 2651 et
996 2615 1343 2669 consequenter
1368 2604 1634 2651 ostenditur
1661 2620 1811 2667 quum
1840 2603 2012 2649 dicitur
2035 2620 2044 2648 :
2070 2621 2092 2646 «
2123 2604 2181 2649 Et
2202 2600 2414 2648 Verbum
2445 2615 2556 2647 caro
2581 2599 2674 2646 fac-

550 2696 650 2731 tum
675 2695 760 2732 est.
789 2704 811 2728 »
844 2685 915 2731 Ad
941 2685 1071 2732 hunc
1099 2685 1258 2749 itaque
1286 2701 1446 2732 rorem
1471 2701 1552 2731 seu
1585 2683 1797 2748 pluviam
1826 2683 2096 2743 divinarum
2129 2681 2502 2747 promissionum
2527 2680 2672 2726 susci-

548 2765 773 2829 piendam
793 2775 917 2812 terra
939 2782 987 2812 se
1004 2766 1213 2829 aperuit,
1231 2782 1383 2829 quum
1400 2782 1487 2830 per
1510 2765 1868 2829 intelligentiam
1887 2774 1934 2811 et
1958 2762 2102 2810 fidem
2126 2779 2225 2809 non
2250 2761 2406 2808 solum
2431 2761 2669 2825 corporis,

549 2846 633 2892 sed
657 2847 798 2893 etiam
823 2845 982 2893 cordis
1007 2862 1144 2892 aures
1167 2846 1234 2892 eis
1259 2855 1444 2910 apertas
1474 2845 1642 2892 habuit
1665 2863 1675 2891 ε
1700 2855 1752 2892 ut
1774 2861 1879 2908 quae
1904 2844 2122 2891 videlicet
2149 2843 2421 2889 dicerentur
2444 2840 2585 2887 simul
2605 2841 2675 2887 in-

550 2926 774 2990 telligeret
794 2936 841 2972 et
858 2926 1088 2972 crederet.
1108 2925 1246 2972 Unde
1264 2925 1387 2972 bene
1403 2926 1453 2971 in
1474 2941 1580 2972 eam
1597 2925 1740 2972 verba
1754 2925 1858 2984 ista,
1879 2924 2077 2990 «pluere
2091 2924 2292 2986 justum,
2308 2940 2332 2965 »
2353 2922 2511 2986 potius
2528 2935 2673 2984 quam

550 3017 847 3069 peccatorem
881 3006 1128 3066 dicuntur;
1163 3005 1275 3070 quia
1310 3005 1438 3052 solus
1463 2993 1549 3051 iste
1580 3005 1679 3052 sine
1705 3005 2088 3070 concupiscentia
2123 3002 2299 3051 carnali
2323 3010 2581 3066 conceptus
2611 2999 2673 3047 ab

552 3087 684 3132 omni
708 3087 896 3151 penitus
923 3095 1119 3151 peccato
1144 3086 1231 3133 fuit
1254 3085 1450 3133 alienus.
1479 3084 1591 3132 Tale
1619 3095 1689 3132 est
1713 3101 1849 3148 ergo,
1883 3104 1906 3130 «
1930 3084 2098 3150 pluant
2122 3086 2327 3141 Justum,
2355 3100 2378 3125 »
2406 3096 2461 3127 ac
2484 3080 2523 3126 si
2547 3079 2673 3127 dice-

553 3175 681 3211 retur
707 3184 716 3211 :
747 3167 975 3214 doctrinae
1004 3184 1099 3214 suae
1130 3165 1275 3214 verba
1303 3175 1593 3230 conceptum
1617 3181 1645 3211 a
1669 3175 1863 3229 peccato
1886 3181 2082 3230 prorsus
2112 3165 2406 3221 immunem,
2426 3159 2673 3209 conferant

554 3246 734 3308 Virgini
757 3264 767 3292 ι
797 3256 843 3292 et
869 3247 929 3293 ad
954 3247 1033 3294 illa
1059 3264 1145 3312 per
1164 3246 1311 3295 fidem
1335 3245 1636 3311 suscipienda
1661 3261 1763 3292 sese
1786 3246 1965 3310 aperiat
1982 3254 2130 3305 terra,
2155 3242 2251 3290 hoc
2275 3251 2371 3301 est,
2397 3240 2459 3287 de
2495 3240 2671 3304 impos-

596 3451 606 3468 ⁴
634 3452 752 3485 Psalm.
775 3463 892 3494 cxxxi,
912 3464 943 3485 v.
967 3455 1016 3486 11.
1032 3471 1075 3477 —
1091 3452 1105 3470 ¹
1119 3453 1209 3487 lsaiae
1228 3464 1303 3497 cap.
1322 3464 1367 3494 ιν,
1388 3464 1420 3486 v.
1440 3454 1471 3485 2.
1490 3471 1530 3477 —
1545 3452 1558 3470 ⁸
1576 3452 1716 3494 Philip„
1732 3462 1807 3495 cap.
1827 3463 1869 3491 11,
1889 3462 1921 3484 v.
1942 3452 1975 3483 9.
1996 3468 2031 3473 -
2047 3448 2062 3467 ⁴
2078 3448 2169 3482 lsaiae
2188 3458 2262 3491 cap.
2281 3458 2342 3479 xm
2355 3471 2363 3486 ,
2393 3457 2421 3478 v.
2455 3446 2474 3477 6
2501 3451 2534 3478 et
2561 3455 2610 3487 sq.
2625 3458 2670 3468 ·-

555 3510 691 3555 'Joan.‚
704 3522 777 3555 cap.
795 3523 823 3552 ι,
839 3514 920 3544 v.1.
