2970 4152
565 375 655 419 142
1128 376 1298 422 PETRI
1335 373 1651 424 ABAELARm.
1681 379 1754 425 ET
1786 377 2088 427 HELOlSSAE

551 470 743 532 Magnae'
750 478 993 533 postremo
1012 469 1331 534 providentiae·
1351 479 1443 529 est,
1468 469 1549 518 his
1567 472 1648 535 qui
1676 474 1779 520 Deo
1802 489 1852 520 se
1874 489 1961 538 per
1983 483 2151 520 votum
2165 472 2406 537 ’obligant‚
2438 484 2489 522 ut
2507 476 2663 524 minus

558 556 759 596 voveant
776 559 860 608 ‚et
883 548 990 613 plus
1007 559 1321 613 exequantur,
1343 559 1395 596 ut
1410 550 1587 615 aliquid
1610 568 1798 618 semper
1821 552 1990 600 debitis
2015 553 2162 616 gratia
2186 545 2472 617 superaddat
2486 559 2514 601 ².
2541 555 2662 603 Hinc

555 629 682 674 enim
701 640 795 692 ‘per
820 628 1119 692 semetipsam
1136 629 1317 675 Veritas
1339 628 1430 676 ait²
1456 647 1466 675 ε
1500 632 1704 687 «Quum
1721 631 1924 678 feceritis
1941 632 2102 678 omnia
2126 648 2236 695 quae·
2260 642 2501 696 praecepta¹
2516 644 2627 681 sunt
2643 669 2655 692 ‚

554 709 692 755 dicite
715 724 724 752 ε
752 708 882 755 Servi
895 707 1091 755 'inutiles
1118 725 1280 756 sumus
1296 745 1308 768 ,
1331 725 1436 774 quae
1460 710 1711 758 debuimus
1739 711 1892 759 facere
1913 711 2125 758 fecimus.
2147 730 2170 756 »
2200 715 2265 759 Ac
2293 713 2331 758 si
2353 722 2515 777 aperte
2535 713 2659 761 dice-

554 796 622 833 ret
655 806 663 833 :
703 787 816 834 Ideo
842 787 1028 834 inutiles
1057 798 1103 835 et
1128 789 1263 852 quasi
1295 806 1384 854 pro
1412 789 1563 836 nihilo
1579 811 1602 850 ,2
1627 808 1684 860 ac
1708 791 1810 837 sine
1838 791 2015 838 meritis
2042 790 2319 856 reputandi,
2352 792 2463 855 quia
2490 791 2659 840 debitis

553 878 734 915 tantum
760 867 1056 915 exsolvendis
1074 869 1285 916 contenti
1313 869 1431 916 nihil
1456 887 1513 917 ex
1534 871 1680 934 gratia
1701 870 2115 935 superaddidimus
2128 873 2157 918 ³.
2179 875 2250 918 De
2274 871 2447 936 quibus
2466 871 2659 935 quidem

550 949 690 1011 gratis
705 947 1081 1013 superaddendis
1097 949 1198 1014 ipse
1215 964 1406 1014 quoque
1430 951 1665 997 Dominus
1688 950 1796 998 alibi
1813 950 2083 1015 parabolice
2107 951 2308 1016 loquens
2325 952 2388 999 ait
2401 953 2415 978 '0
2434 969 2445 998 ε
2469 951 2660 1000 «Sedet

549 1029 585 1073 si
613 1027 729 1097 quid
755 1029 1181 1092 supererogaveris,
1211 1044 1302 1093 ego
1337 1046 1487 1093 quum
1524 1030 1737 1088 rediero,
1765 1030 1964 1077 reddam
1985 1030 2089 1077 tibi.
2115 1049 2141 1075 n
2171 1030 2316 1088 Quod
2345 1030 2540 1094 quidem
2565 1030 2661 1079 hoc

548 1096 764 1175 tempore
787 1109 923 1156 multi
956 1111 1226 1158 monasticae
1256 1111 1494 1174 religionis
1522 1112 1757 1158 temerarii
1786 1112 2076 1176 professores
2099 1112 2138 1159 si
2161 1111 2429 1176 diligentius
2448 1111 2661 1159 attende·

551 1200 675 1249 rent,
705 1200 752 1237 et
776 1191 823 1236 in
847 1206 994 1254 quam
1016 1191 1357 1256 professionem
1377 1192 1617 1255 jurarent,
1647 1190 2076 1240 animadverterent
2092 1195 2106 1218 ⁵
2121 1228 2134 1252 ,
2159 1202 2301 1256 atque
2321 1193 2476 1257 ipsum
2493 1192 2662 1256 regulae

550 1282 764 1317 tenorem
796 1270 1007 1317 studiose
1038 1281 1446 1336 perscrutarentur
1479 1289 1488 1317 :
1524 1272 1681 1318 minus
1705 1289 1792 1336 per
1815 1272 2130 1335 ignorantiam
2155 1272 2478 1332 offenderent,
2508 1282 2557 1319 etr
2576 1288 2664 1337 per

547 1350 881 1414 negligentiam
899 1361 1167 1416 peccarent.
1191 1354 1328 1397 Nunc
1345 1368 1461 1397 vero
1486 1350 1739 1398 indiscrete
1762 1367 1929 1398 omnes
1956 1351 2053 1399 fere
2077 1351 2253 1417 pariter
2273 1350 2335 1398 ad
2352 1352 2662 1399 monasticam

547 1431 984 1478 conversationem⁶
1025 1440 1267 1477 currentes
1300 1431 1570 1477 inordinate
1610 1432 1814 1495 suscepti
1841 1431 2154 1478 inordinatius
2186 1431 2375 1490 vivunt,
2419 1441 2466 1478 et
2494 1431 2661 1479 eadem

546 1511 763 1558 facilitate
781 1526 882 1574 qua
919 1510 1130 1574 ignotam
1156 1511 1367 1574 regulam
1389 1510 1699 1575 profitentur,
1739 1527 1844 1558 eam
1869 1521 2253 1571 contemnenteS‚
2295 1511 2664 1559 consuetudines

547 1601 664 1654 quas
698 1591 867 1637 volunt
902 1601 991 1654 pro
1019 1590 1121 1653 lege
1151 1593 1406 1636 statuunt⁷.
1446 1590 1803 1637 Providendum
1837 1591 1995 1654 itaque
2032 1590 2171 1637 nobis
2203 1601 2297 1650 est,
2330 1607 2391 1638 ne
2427 1591 2476 1637 id
2509 1592 2668 1639 oneris

546 1671 729 1717 feminae
752 1681 1116 1734 praesumamus,
1154 1670 1203 1715 in
1229 1685 1327 1733 quo
1352 1670 1479 1716 viros
1512 1669 1609 1716 fere
1638 1670 1738 1732 jam
1776 1670 2020 1717 universos
2044 1669 2356 1717 succumbere
2388 1670 2660 1730 videamus,

545 1753 642 1797 imo
672 1756 722 1797 'et
755 1749 973 1797 deficere.
1012 1750 1230 1796 Senuisse
1260 1749 1360 1812 jam
1397 1750 1633 1796 mundum
1671 1751 2014 1815 conspicimus,
2047 1750 2363 1816 hominesque
2394 1751 2525 1815 ipsos
2553 1767 2665 1798 cum

547 1831 724 1878 caeteris
759 1846 864 1894 quae
894 1829 1065 1876 mundi
1101 1840 1236 1889 sunt,
1271 1830 1524 1895 pristinum
1562 1840 1739 1877 naturae
1770 1830 1981 1894 vigorem
2025 1831 2257 1891 amisisse,
2297 1841 2344 1878 et
2382 1832 2515 1895 juxta
2548 1830 2666 1878 illud

551 1912 765 1958 Veritatis
779 1913 808 1968 ⁸,
831 1911 980 1975 ipsam
1006 1910 1284 1957 charitatem
1309 1926 1408 1956 non
1426 1920 1527 1956 tam
1553 1910 1814 1957 multorum
1839 1921 1985 1974 quam
2009 1910 2106 1958 fere
2130 1912 2348 1958 omnium
2367 1912 2661 1975 refriguisse3

548 2001 599 2037 ut
618 1992 718 2054 jam
742 1990 959 2038 videlicet
972 2004 1070 2054 ‘pro
1096 1989 1319 2053 qualitate
1344 1989 1597 2036 hominum
1621 1991 1746 2055 ipsas
1769 2000 1966 2055 propter
1990 1990 2210 2038 homines
2237 1992 2434 2056 scriptas
2462 1990 2538 2038 vel
2565 2008 2668 2038 mu-

551 2072 659 2129 tari,
686 2070 763 2117 vel
781 2070 1037 2134 temperari
1053 2070 1068 2094 ⁹
1089 2085 1280 2117 necesse
1300 2070 1358 2116 sit
1376 2069 1577 2133 regulas.
1600 2069 1744 2133 Cujus
1769 2070 1964 2133 quidem
1990 2070 2291 2117 discretionis
2310 2071 2411 2135 ipse
2442 2087 2635 2135 quoque
2648 2107 2664 2130 ,

554 2151 719 2198 beatus
737 2166 836 2197 non
854 2150 1108 2196 immemor
1124 2149 1415 2196 'Benedictus
1441 2150 1504 2196 ita
1531 2167 1580 2196 se
1605 2150 1873 2197 monasticae
1892 2150 2198 2197 districtionis
2210 2154 2235 2176 ¹⁰
2253 2151 2457 2214 rigorem
2479 2160 2669 2216 tempe-

554 2247 679 2278 rasse
711 2231 905 2289 fatetur,
938 2239 990 2276 ut
1024 2229 1312 2294 descriptam
1332 2244 1369 2276 a
1400 2246 1450 2276 se
1474 2230 1687 2294 regulam
1718 2231 2076 2295 comparatione
2100 2231 2315 2295 priorum
2346 2231 2668 2277 institutorum

554 2327 653 2357 non
669 2310 758 2357 nisi
776 2309 1034 2374 quamdam
1051 2309 1311 2357 honestatis
1325 2309 1668 2356 institutionem
1687 2319 1734 2356 et
1752 2309 2010 2373 quamdam
2025 2310 2396 2357 conversationis
2414 2308 2672 2356 inchoatio-

553 2403 664 2437 nem
701 2399 887 2454 reputet
910 2389 1084 2436 'dicens
1102 2391 1126 2413 ¹¹
1159 2407 1168 2434 :
1209 2408 1231 2432 «
1271 2389 1496 2453 Regulam
1527 2398 1685 2436 autem
1713 2389 1837 2436 hanc
1864 2389 2222 2454 descripsimus,
2264 2399 2317 2436 ut
2353 2389 2480 2436 hanc
2506 2388 2669 2437 obser-

554 2480 716 2517 vantes
745 2470 1040 2534 aliquatenus
1068 2468 1151 2515 'vel
1186 2468 1483 2516 honestatem
1514 2485 1705 2515 morum
1739 2479 1820 2516 aut
1849 2469 2038 2515 initium
2063 2470 2436 2517 conversationis
2456 2485 2552 2517 <nos
2583 2469 2668 2516 de-

553 2559 872 2596 monstremus
911 2548 1103 2595 habere.
1150 2551 1382 2595 Caeterum
1423 2548 1484 2595 ad
1528 2549 1870 2613 perfectionem
1920 2548 2291 2595 conversationis
2335 2548 2418 2612 qui
2458 2548 2664 2605 festinat,

551 2640 661 2677 sunt
693 2630 921 2678 doctrinae
952 2639 1225 2677 sanctorum
1261 2633 1478 2690 Patrum‚
1517 2647 1720 2695 quarum
1765 2629 2032 2677 observatio
2069 2629 2298 2694 perducat
2329 2629 2578 2677 hominem
2605 2629 2667 2678 ad

551 2710 878 2757 celsitudinem
897 2710 1214 2774 perfectionis.
1235 2729 1257 2753 »
1277 2712 1395 2756 Item
1412 2711 1460 2756 ¹²:
1489 2728 1510 2755 «
1529 2710 1753 2774 Quisquis
1772 2725 1884 2773 ergo
1902 2709 1962 2759 ad
1981 2708 2220 2756 coelestem
2239 2708 2439 2773 patriam
2459 2707 2664 2767 festinas,

550 2791 675 2839 hanc
701 2791 947 2838 minimam
970 2790 1289 2839 inchoationis
1319 2789 1530 2854 regulam
1555 2790 1808 2853 adjuvante
1832 2789 2018 2836 Christo
2043 2787 2248 2853 perfice,
2268 2798 2315 2835 et
2334 2798 2448 2835 tunc
2472 2787 2666 2835 demum

551 2873 612 2920 ad
641 2873 821 2936 majora
851 2872 1077 2918 doctrinae
1102 2872 1425 2935 virtutumque
1450 2871 1658 2919 culmina
1686 2874 1788 2918 Deo
1821 2880 2098 2935 protegente
2122 2870 2426 2935 pervenies.»
2461 2869 2580 2928 Qui,
2615 2879 2668 2916 ut

550 2953 649 3016 ipse
678 2953 742 2999 ait
758 2954 799 3011 ¹³,
829 2967 979 3016 quum
997 2951 1207 3015 legamus
1231 2951 1347 2998 olim
1364 2961 1552 2997 sanctos
1579 2954 1738 2997 Patres
1756 2966 1855 2996 uno
1876 2949 1953 2997 die
1972 2949 2261 2996 Psalterium
2281 2949 2468 3015 explere
2486 2948 2661 3006 solere,

549 3032 613 3078 ita
649 3032 963 3097 psalmodiam
993 3031 1161 3096 tepidis
1198 3031 1500 3095 temperavit,
1534 3032 1661 3078 utin
1690 3031 1791 3096 ipsa
1823 3047 1909 3095 per
1943 3029 2299 3077 hebdomadam
2335 3028 2666 3076 distributione

549 3110 867 3175 psalmorum,
904 3111 1090 3158 minore
1123 3111 1338 3176 ipsorum
1363 3126 1566 3157 numero
1591 3109 1816 3157 monachi
1839 3125 1984 3174 quam
2019 3108 2177 3158 clerici
2202 3108 2415 3156 contenti
2441 3116 2595 3154 essent
2620 3108 2660 3152 ¹⁴.

597 3281 606 3296 ¹
631 3281 861 3322 superaddant
880 3280 945 3313 Cl).
961 3298 1003 3305 —
1018 3280 1031 3298 ²
1053 3282 1147 3321 Luc.,
1180 3291 1255 3324 cap.
1291 3292 1357 3314 xvii
1369 3306 1378 3321 ‚
1407 3290 1439 3313 v.
1467 3280 1520 3311 10.
1545 3296 1586 3303 ——
1635 3280 1823 3320 Temperare
1835 3277 1998 3311 Edd.—⁴⁰
2012 3278 2113 3311 Sic.-
2126 3278 2333 3311 Discretionis
2351 3276 2435 3309 Edd.
2447 3277 2664 3310 -Pruaemioe

554 3336 566 3352 ⁸
585 3336 838 3377 Super-addimus
857 3336 894 3370 D.
906 3353 949 3361 -—
964 3336 977 3354 ⁴
995 3337 1089 3378 Luc.,
1105 3347 1177 3379 cap.
1199 3348 1237 3374 x,
1261 3347 1295 3369 v.
1313 3337 1367 3369 35.
1382 3354 1425 3359 —
1439 3335 1453 3352 ⁵
1472 3336 1586 3368 Anima
1631 3335 1801 3368 RMS.—¹¹
1813 3335 1934 3379 Regula
1949 3335 2059 3369 Sancti
2078 3334 2265 3375 Benedicti,
2275 3344 2350 3377 cap.
2364 3331 2663 3370 uxiu.—-¹¹lbid.‚

548 3396 751 3433 providerem
778 3393 815 3426 D.
838 3409 883 3418 -
896 3392 910 3410 ⁶
927 3394 1167 3427 Conversionem
1194 3393 1248 3427 CD
1280 3399 1314 3426 et
1333 3392 1400 3426 MS.
1425 3390 1520 3425 Amb.
1545 3409 1587 3414 ——
1632 3391 1712 3425 ibid.
1729 3391 1800 3416 -—‘⁸
1822 3392 1944 3435 Regula
1964 3391 2074 3425 Sancti
2091 3390 2278 3432 Benedicti,
2300 3400 2374 3434 cap.
2392 3401 2481 3424 xvui.
2503 3406 2546 3414 —-
2562 3387 2593 3407 ‘⁴
2610 3387 2665 3422 sio

555 3448 567 3464 ¹
587 3449 771 3510 Statuerknt
786 3448 824 3481 Ι).
840 3466 874 3471 -·
887 3448 898 3466 ⁸
915 3449 1044 3490 Matth„
1063 3460 1135 3493 cap.
1158 3460 1254 3490 xxiv,
1279 3460 1311 3482 v.
1333 3450 1384 3482 12.
1400 3467 1436 3473 -—
1448 3448 1461 3466 ⁰
1481 3448 1535 3482 Sic
1549 3448 1586 3481 Ι).
1633 3447 1701 3481 MS.
1721 3447 1817 3482 Amb.
1830 3465 1855 3474 -·
1872 3448 1945 3482 Sim
1967 3447 2051 3481 Edd.

702 3540 755 3584 prb
