2970 4152
1279 442 1598 490 EPISTOLAE.
2417 445 2512 492 205

387 543 539 587 Nemo
563 555 678 602 vero
704 538 945 586 studiosus
969 547 1040 586 est
1063 538 1112 585 in
1136 537 1454 585 custodiendo
1470 574 1482 598 ‚
1512 538 1603 585 nisi
1627 538 1709 602 qui
1733 537 1934 603 pavidus
1957 537 2096 585 fuerit
2118 537 2168 584 in
2188 537 2509 603 suscipiendo.

386 622 441 666 Et
469 636 613 667 nemo
639 619 706 666 sic
729 628 999 684 perseverat
1026 619 1075 666 in
1097 628 1257 687 coepto
1274 654 1286 678 ,
1317 616 1443 665 sicut
1459 619 1543 683 qui
1570 617 1734 665 tardus
1759 628 1830 665 est
1859 628 1907 666 et
1941 617 2172 684 providus
2196 617 2259 666 ad
2286 618 2515 685 incipien-

387 700 521 747 dum.
554 703 608 747 In
635 717 734 765 quo
760 699 957 765 quidem
986 709 1118 747 tanto
1145 699 1430 746 feminarum
1452 699 1513 746 sit
1533 697 1861 764 providentia,
1883 708 2065 763 quanto
2083 715 2247 746 earum
2262 698 2513 747 infirmitas

387 797 561 846 magna
586 783 746 829 minus
768 781 939 828 tolerat
964 797 1113 828 onera
1129 817 1142 840 ,
1174 791 1221 828 et
1244 780 1404 845 quiete
1429 780 1690 846 plurimum
1716 789 1787 827 est
1813 779 2035 826 fovenda.

452 862 711 927 Speculum
740 862 910 909 animae
940 862 1233 927 Scripturam
1265 877 1451 909 sacram
1473 870 1660 908 constat
1689 877 1816 917 esse,
1845 860 1895 907 in
1920 876 2067 924 quam
2090 859 2287 925 quilibet
2309 860 2513 926 legendo

386 944 576 1003 vivens,
602 939 911 1007 intelligendo
945 942 1229 1008 proficiens,
1259 959 1452 990 morum
1482 958 1680 989 suorum
1710 940 2115 1006 pulchritudinem
2143 943 2410 1006 cognoscit,
2438 943 2514 990 vel

386 1023 735 1071 deformitatem
762 1022 1105 1088 deprehendit:
1141 1032 1195 1070 ut
1226 1022 1356 1070 illam
1387 1022 1608 1070 videlicet
1638 1038 1837 1086 augere,
1871 1021 1997 1069 hanc
2029 1021 2217 1070 studeat
2244 1039 2507 1072 removere.

386 1107 489 1151 Hoc
531 1103 671 1151 nobis
710 1103 959 1170 speculum
992 1103 1159 1151 beatus
1192 1120 1579 1152 commemorans
1608 1103 1867 1168 Gregorius
1906 1103 1955 1149 in
2000 1105 2040 1149 11
2075 1102 2334 1150 Mdralium
2360 1106 2370 1129 ¹
2406 1104 2469 1150 ait
2497 1123 2506 1150 ε

388 1205 411 1230 «
432 1185 676 1251 Scriptura
698 1200 830 1232 sacra
853 1184 1027 1248 mentis
1057 1184 1208 1232 oculis
1230 1185 1366 1249 quasi
1390 1183 1638 1249 quoddam
1668 1183 1914 1250 speculum
1938 1183 2224 1250 opponitur,
2252 1193 2305 1231 ut
2327 1184 2514 1232 interna

386 1275 548 1314 nostra
571 1266 711 1313 facies
741 1261 791 1313 in
813 1266 915 1331 ipsa
939 1265 1173 1313 videatur.
1204 1265 1273 1313 lbi
1299 1267 1476 1313 etenim
1501 1265 1626 1314 foeda
1649 1265 2008 1330 cognoscimus,
2038 1264 2105 1313 ihi
2127 1264 2329 1331 pulchra
2351 1274 2515 1312 nostra

384 1346 721 1411 conspicimus.
745 1344 817 1393 lbi
837 1346 1069 1393 sentimus
1092 1356 1325 1411 quantum
1352 1345 1658 1412 proficimus,
1677 1345 2015 1411 ibiaprofectu
2041 1361 2187 1410 quam
2210 1344 2353 1410 longe
2372 1345 2514 1395 dista·

384 1443 541 1474 mus.»
558 1427 653 1485 Qui
665 1436 824 1474 autem
834 1427 1127 1492 Scripturam
1140 1426 1373 1493 conspicit
1383 1444 1528 1492 quam
1544 1444 1644 1475 non
1655 1427 1888 1492 intelligit,
1908 1427 2042 1492 quasi
2064 1443 2216 1474 caecus
2226 1436 2336 1474 ante
2349 1426 2515 1474 oculos

384 1505 652 1573 [speculum
663 1506 702 1574 Ρ]
717 1517 861 1565 tenet,
880 1508 930 1555 in
945 1524 1045 1573 quo
1062 1507 1214 1573 qualis
1229 1508 1287 1555 sit
1305 1524 1595 1572 cognoscere
1612 1525 1712 1556 non
1725 1508 1877 1568 valet,
1898 1524 1988 1555 nec
2004 1506 2273 1555 doctrinam
2285 1507 2452 1572 quaerit
2467 1508 2515 1555 in

384 1587 644 1654 Scriptura,
657 1588 719 1635 ad
733 1605 879 1654 quam
895 1591 998 1655 ipsa
1011 1599 1082 1636 est
1094 1588 1430 1636 tantummodo
1450 1589 1589 1649 facta,
1607 1599 1652 1636 et
1666 1599 1895 1654 tanquam
1908 1589 2069 1636 asinus
2090 1588 2356 1654 applicatur
2371 1587 2433 1635 ad
2449 1587 2515 1651 ly-

385 1684 504 1727 ram,
530 1668 597 1715 sic
610 1669 792 1716 otiosus
806 1668 938 1717 sedet
951 1668 1013 1716 ad
1028 1669 1338 1735 Scripturam,
1353 1678 1400 1716 et
1412 1670 1549 1734 quasi
1558 1685 1732 1734 panem
1746 1669 2017 1735 appositum
2030 1667 2192 1728 habet,
2211 1684 2310 1733 quo
2324 1668 2516 1732 jejunus

382 1764 482 1794 non
506 1747 740 1809 reficitur,
767 1748 885 1797 dum
903 1748 1104 1797 verbum
1128 1750 1216 1796 Dei
1240 1765 1329 1796 nec
1350 1766 1402 1796 se
1424 1766 1512 1814 per
1533 1749 1892 1814 intelligentiam
1914 1758 2222 1814 penetrante,
2250 1766 2340 1797 nec
2362 1748 2454 1796 alio
2474 1751 2515 1796 ei

382 1827 606 1876 docendo
626 1829 886 1894 frangente,
909 1830 1139 1878 inutiliter
1157 1829 1318 1877 cibum
1333 1829 1478 1877 habet
1499 1830 1583 1895 qui
1600 1830 1643 1877 ei
1658 1829 1928 1878 nullatenus
1946 1829 2158 1895 prodest.
2178 1830 2316 1877 Unde
2331 1839 2378 1877 et
2396 1833 2517 1896 Apo-

381 1908 530 1956 stolus
546 1909 826 1975 generaliter
837 1909 899 1957 ad
915 1910 1267 1976 Scripturarum
1278 1909 1488 1957 studium
1500 1926 1590 1958 nos
1603 1910 1883 1957 adhortans²
1898 1928 1908 1957 ε
1924 1930 1947 1955 «
1961 1913 2324 1974 Quaecunque,»
2340 1911 2510 1975 inquit,

384 2008 408 2033 «
432 1990 606 2056 scripta
630 2000 765 2051 sunt,
787 1989 850 2037 ad
874 2000 1088 2038 nostram
1112 1990 1380 2038 doctrinam
1407 1991 1581 2055 scripta
1605 2000 1742 2050 sunt3
1765 2000 1818 2038 ut
1835 2007 1922 2056 per
1940 1990 2218 2055 patientiam
2236 1999 2283 2037 et
2301 1990 2516 2038 consola-

382 2071 564 2118 tionem
587 2072 939 2136 Scripturarum
974 2088 1109 2136 spem
1134 2070 1414 2118 habeamus.
1438 2090 1462 2116 »
1491 2074 1548 2119 Et
1572 2071 1708 2118 alibi⁸
1731 2089 1741 2118 :
1775 2091 1798 2117 t(
1817 2071 2088 2136 Implemini
2121 2071 2297 2136 Spiritu
2320 2081 2510 2129 sancto,

380 2150 631 2217 loquentes
660 2151 1009 2218 vobismetipsis
1043 2153 1092 2199 in
1131 2152 1354 2218 psalmis,
1381 2162 1428 2200 et
1449 2152 1640 2216 hymnis
1657 2189 1669 2213 ,
1707 2162 1754 2200 et
1781 2153 1976 2200 canticis
2004 2152 2341 2218 spiritualibus.
2370 2172 2393 2197 »
2419 2151 2515 2199 Sibi

380 2232 559 2298 quippe
583 2232 657 2280 vel
681 2250 842 2280 secum
872 2232 1110 2297 loquitur,
1140 2233 1223 2297 qui
1245 2231 1378 2297 quod
1408 2233 1590 2299 profert
1621 2233 1858 2298 intelligit,
1889 2233 1965 2281 vel
1990 2232 2051 2281 de
2072 2233 2381 2298 intelligentia
2402 2250 2513 2281 ver-

379 2311 554 2360 borum
579 2330 778 2361 suorum
805 2314 1011 2361 fructum
1036 2313 1163 2364 facit.
1185 2313 1316 2361 Idem
1337 2312 1405 2360 ad
1430 2314 1744 2362 Tc'motlzeum‘
1768 2333 1781 2360 :
1806 2316 1973 2361 «Dum
1989 2314 2150 2374 venio,
2167 2334 2190 2359 »
2212 2315 2383 2379 inquit,
2410 2325 2511 2362 «at-

380 2393 524 2441 tende
546 2393 756 2454 lecfioni,
781 2394 1118 2455 exhortationi,
1141 2393 1420 2442 doctrinae.»
1435 2397 1492 2442 Et
1509 2395 1731 2442 iterum⁸:
1759 2398 1863 2442 «Tu
1881 2412 1993 2443 vero
2012 2412 2241 2461 permane
2259 2396 2308 2443 in
2331 2396 2386 2442 iis
2408 2412 2511 2459 quae

380 2472 617 2534 didicisti,
646 2485 694 2522 et
723 2474 903 2523 credita
930 2485 1042 2522 sunt
1071 2474 1183 2533 tibi;
1212 2476 1366 2522 sciens
1388 2492 1414 2523 a
1443 2492 1542 2540 quo
1568 2475 1818 2536 didiceris,
1845 2486 1893 2524 et
1914 2477 2026 2541 quia
2050 2475 2110 2523 ab
2138 2476 2335 2523 infantia
2357 2491 2511 2524 sacras

380 2553 556 2603 litteras
580 2556 723 2616 nosti,
749 2573 854 2620 quae
877 2565 923 2603 te
943 2565 1147 2621 possunt
1170 2556 1405 2603 instruere
1429 2556 1491 2603 ad
1514 2556 1731 2616 salutem,
1755 2572 1841 2622 per
1868 2556 2014 2604 fidem
2039 2572 2144 2620 quae
2169 2556 2305 2603 estin
2323 2556 2509 2604 Christo

379 2639 506 2685 Jesu.
536 2638 707 2685 Omnis
731 2637 973 2703 Scriptura
993 2636 1220 2684 divinitus
1238 2637 1481 2702 inspirata,
1500 2636 1625 2684 utilis
1643 2647 1711 2684 est
1726 2636 1788 2684 ad
1801 2635 2100 2697 docendum,
2117 2635 2179 2684 ad
2191 2636 2506 2701 arguendum,

379 2716 440 2765 ad
465 2717 826 2783 corripiendum
841 2753 854 2777 ,
880 2716 943 2764 ad
965 2716 1284 2765 erudiendum
1307 2717 1354 2764 in
1372 2717 1573 2781 justitia,
1594 2727 1646 2764 ut
1668 2716 1904 2783 perfectus
1927 2727 1997 2764 est
2014 2716 2165 2764 homo
2184 2717 2272 2764 Dei
2289 2716 2352 2765 ad
2367 2733 2511 2765 omne

379 2814 501 2863 opus
525 2797 710 2845 bonum
735 2799 1006 2845 instructus.
1035 2816 1057 2842 »ι
1081 2798 1177 2856 Qui
1201 2798 1342 2845 etiam
1369 2797 1431 2845 ad
1465 2797 1820 2863 intelligentiam
1849 2798 2101 2863 Scripturae
2131 2798 2405 2847 Corinthios
2431 2797 2513 2846 ad·-

379 2894 582 2927 monens
596 2881 636 2939 ⁸,
657 2888 710 2926 ut
731 2895 836 2943 quae
859 2878 1080 2926 videlicet
1100 2878 1179 2926 alii
1192 2878 1253 2927 de
1269 2880 1511 2944 Scriptura
1529 2879 1794 2944 loquuntur
1812 2895 2053 2944 exponere
2069 2879 2283 2927 valeant:
2308 2898 2331 2925 «
2358 2881 2514 2927 Secta-

380 2956 514 3016 mini,
535 2974 560 3001 »
581 2956 752 3021 inquit,
780 2976 804 3001 «
825 2955 1122 3016 charitatem,
1137 2955 1427 3003 aemulamini
1446 2956 1705 3021 spiritualia
1724 2976 1734 3004 :
1753 2957 1902 3021 magis
1920 2966 2080 3004 autem
2098 2957 2290 3023 spiritus
2304 2959 2318 2983 '¹
2334 2966 2386 3004 ut
2397 2973 2511 3023 pro-

380 3035 621 3100 phetetis⁸.
643 3037 738 3095 Qui
754 3037 883 3084 enim
903 3036 1115 3101 loquitur
1130 3036 1292 3101 lingua
1307 3072 1320 3096 ,
1340 3053 1439 3084 non
1459 3036 1738 3085 hominibus
1754 3036 1966 3101 loquitur
1979 3072 1991 3096 ‚
2009 3036 2093 3084 sed
2107 3039 2226 3084 Deo.
2246 3037 2340 3095 Qui
2352 3047 2510 3085 autem

380 3116 660 3182 prophetat,
679 3116 936 3165 Ecclesiam
955 3116 1173 3165 aedificat.
1204 3119 1263 3164 Et
1287 3117 1398 3165 ideo
1418 3119 1501 3182 qui
1516 3117 1729 3183 loquitur
1747 3117 1933 3181 lingua,
1957 3127 2062 3165 oret
2081 3127 2134 3165 ut
2154 3118 2505 3184 interpretetur.

381 3196 543 3246 Orabo
568 3198 759 3263 spiritu,
789 3197 941 3245 orabo
967 3207 1015 3246 et
1047 3207 1223 3246 mente.
1250 3198 1453 3246 Psallam
1484 3199 1676 3264 spiritu,
1703 3198 1903 3264 psallam
1935 3208 1982 3246 et
2012 3209 2188 3247 mente.
2217 3202 2448 3247 Caeterum
2472 3198 2510 3244 si

379 3277 678 3327 benedixeris
708 3278 900 3344 spiritu,
930 3279 1037 3343 quis
1061 3278 1277 3344 implebit
1302 3278 1463 3327 locum
1496 3279 1712 3327 idiotae⁹?
1745 3278 2007 3337 Quomodo
2035 3279 2163 3328 dicet
2190 3296 2331 3327 amen
2365 3295 2509 3344 super

427 3434 434 3450 ¹
454 3434 524 3467 Lib.
542 3434 589 3474 n,
604 3445 679 3478 cap.
695 3445 704 3468 ι
718 3459 727 3475 ,
744 3436 825 3477 Ορρ.
842 3442 866 3468 t.
881 3436 914 3475 1,
932 3435 995 3468 col.
1013 3433 1127 3467 37.-¹
1144 3435 1253 3473 Rom„
1270 3445 1345 3479 cap.
1359 3446 1414 3474 xv.
1443 3466 1446 3470 ,
1462 3436 1474 3452 ⁰
1491 3435 1633 3468 Corinth.
1646 3436 1679 3473 1,
1693 3445 1766 3479 cap.
1783 3446 1850 3476 xiv,
1862 3446 1893 3468 v.
1913 3440 1923 3468 1
1941 3443 1974 3468 et
1987 3447 2037 3480 sq.
2052 3453 2091 3459 —
2105 3435 2265 3477 'Spiritus
2281 3434 2374 3467 deest
2387 3435 2418 3466 in
2432 3434 2507 3465 Vul-

381 3501 410 3522 v.
430 3491 461 3522 4.
476 3507 519 3514 -
535 3490 547 3507 ³
564 3491 697 3532 Ephes„
716 3502 789 3535 cap.
818 3503 851 3531 v,
877 3503 907 3525 v.
941 3493 976 3524 18
1003 3499 1036 3525 et
1066 3492 1116 3524 19.
1129 3507 1173 3516 -·
1191 3490 1203 3507 ⁴
1227 3493 1360 3525 Timom-
1385 3493 1416 3528 Ι,
1462 3489 1691 3532 gan—'Aliter
1702 3492 1890 3531 proficiatis.
1902 3491 1952 3514 -”
1964 3490 2091 3534 Vulgat.
2110 3505 2116 3523 :
2133 3493 2287 3525 Coeternm
2299 3492 2327 3522 si
2340 3491 2508 3521 benedixe-

380 3557 455 3589 cap.
475 3557 518 3586 iv,
536 3557 565 3579 v.
583 3549 633 3580 13.
656 3566 685 3573 ..
708 3548 720 3564 “
736 3549 870 3581 Timoth.
901 3548 952 3586 ΙΙ,
975 3558 1047 3591 cap.
1068 3559 1121 3588 m,
1143 3559 1172 3580 v.
1195 3549 1231 3579 14
1258 3554 1290 3580 et
1308 3559 1358 3591 sq.
1374 3565 1417 3571 —
1463 3550 1505 3579 ris
1521 3550 1632 3587 spiritu
1646 3562 1654 3578 .·
1671 3550 1724 3588 qui
1736 3550 1860 3589 supplet
1876 3550 1979 3580 locum
1996 3550 2125 3586 idiotae,
2142 3549 2300 3588 quomodo
2316 3548 2399 3579 dicet
2413 3571 2422 3584 ‚
2439 3552 2502 3577 ete.
