2970 4152
1282 366 1566 416 CARMlNA.

364 462 449 499 Non
467 475 489 498 a
505 473 602 511 quo,
622 460 687 498 sed
703 461 794 510 quid
812 460 975 508 dicatur,
992 461 1040 497 sit
1056 460 1125 497 tibi
1142 471 1260 496 curae:

412 522 569 558 Auctori
586 533 723 558 nomen
741 520 833 557 dant
848 519 1060 557 benedicta
1077 532 1155 556 suo.

366 581 422 618 Ne
440 581 509 618 tibi
525 581 656 618 dilecti
669 581 775 629 jures
791 581 832 616 in
846 580 958 617 verba
977 580 1166 629 magistri,

411 642 491 680 Nec
506 649 544 680 te
563 641 729 679 detineat
745 641 878 678 doctor
894 653 1021 677 amore
1036 653 1115 677 suo.

362 704 505 740 Fructu
517 703 543 748 ¹,
564 714 638 739 non
655 701 754 738 foliis
771 713 971 750 pomorum
989 701 1149 750 quisque
1163 700 1322 746 cibatur,

410 763 458 800 Et
473 773 602 799 sensus
617 761 738 798 verbis
754 760 1017 798 anteferendus
1034 761 1119 797 erit.

364 823 519 861 Ornatis
535 822 678 859 animos
696 827 819 870 captet
837 821 1025 869 persuasio
1042 820 1185 866 verbis,

411 883 597 920 Doctrinae
615 882 733 931 magis
749 888 806 918 est
820 881 947 918 debita
963 880 1145 929 planities.

363 943 481 991 Copia
496 942 696 980 verborum
713 948 770 978 est
781 969 791 987 ,
811 940 877 977 ubi
897 952 973 977 non
989 948 1046 977 est
1063 941 1170 989 copia
1189 952 1335 986 sensus,

410 1003 566 1040 Constat
581 1009 620 1039 et
635 1008 824 1038 errantem
845 999 1096 1049 multiplicare
1113 1000 1202 1038 vias.

360 1062 479 1110 Cujus
493 1061 704 1099 doctrinam
721 1061 792 1097 sibi
809 1060 1008 1097 dissentire
1026 1060 1185 1106 videbis,

408 1122 471 1158 Nil
488 1121 590 1159 illam
605 1122 698 1158 certi
716 1127 861 1158 constet
877 1120 1017 1157 habere
1035 1120 1119 1156 tibi.

365 1227 554 1264 Instabilis
571 1227 666 1264 lunae
683 1227 821 1271 stultus
840 1234 1011 1265 mutatur
1026 1228 1073 1265 ad
1091 1229 1227 1273 instar;

405 1287 511 1325 Sicut
529 1288 602 1330 sol,
624 1289 770 1337 sapiens
787 1295 982 1336 permanet
997 1289 1077 1338 ipse
1093 1289 1178 1327 sibi.

359 1348 392 1384 N
398 1361 471 1385 unc
489 1349 587 1394 huc,
608 1361 709 1386 nunc
726 1349 815 1386 illuc
830 1349 936 1387 stulti
954 1362 1059 1386 mens
1079 1363 1168 1387 caeca
1188 1358 1355 1400 vagatur,

404 1408 564 1446 Provida
580 1422 685 1446 mens
703 1409 873 1447 stabilem
891 1410 972 1459 figit
983 1411 999 1432 ²
1015 1410 1155 1461 ubique
1173 1411 1343 1461 gradum.

357 1468 534 1506 Providet
553 1476 640 1506 ante
656 1470 724 1506 diu
739 1469 833 1519 quid
849 1477 949 1507 recte
964 1470 1090 1508 dicere
1108 1472 1225 1520 possit
1237 1501 1246 1517 ‚

406 1528 462 1565 Ne
476 1528 594 1576 judex
613 1530 676 1567 fiat
693 1531 857 1579 turpiter
874 1531 953 1579 ipsa
972 1531 1042 1567 sui.

359 1587 455 1625 Nolo
473 1590 662 1638 repentini
682 1597 745 1627 tua
761 1591 810 1627 sit
829 1590 1000 1627 doctrina
1019 1592 1202 1640 magistri,

405 1647 482 1693 Qui
500 1655 655 1697 cogatur
671 1649 794 1685 adhuc
813 1649 955 1698 fingere
971 1662 1052 1700 quae
1069 1650 1214 1688 doceat.

356 1706 477 1744 Nemo
487 1708 557 1745 tibi
569 1710 710 1747 tribuet
717 1709 819 1760 quod
834 1710 1000 1747 nondum
1008 1718 1064 1748 est
1073 1724 1209 1749 nomen
1218 1713 1388 1763 adeptus:

403 1767 492 1804 Post
509 1768 647 1816 multos
659 1798 668 1815 ,
688 1770 718 1806 si
737 1770 809 1817 vis,
829 1771 1033 1819 experiaris
1052 1784 1154 1810 eum.

355 1826 474 1863 Filius
490 1833 547 1864 est
565 1827 711 1877 sapiens
727 1828 940 1866 benedictio
959 1829 1076 1867 multa
1094 1839 1294 1880 parentum
1305 1861 1315 1878 ‚

401 1887 576 1935 Ipsorum
595 1887 731 1925 stultus
746 1888 910 1926 dedecus
928 1897 1041 1940 atque
1058 1891 1177 1928 dolor.

355 1948 371 1983 Ι
375 1948 540 1996 nsipiens
555 1961 621 1986 rex
637 1956 694 1986 est
709 1950 834 1986 asinus
851 1950 1061 1988 diademate
1077 1952 1239 2000 pollens,

401 2009 495 2045 Tam
514 2009 583 2046 sibi
599 2022 712 2060 quam
731 2012 876 2056 cunctis
894 2011 1126 2060 perniciosus
1142 2013 1205 2050 hic
1223 2020 1291 2051 est.

353 2067 553 2117 Scripturas
569 2069 722 2119 ignarus
739 2071 914 2120 princeps
929 2070 995 2121 qui
1012 2072 1169 2108 sustinet
1185 2085 1281 2119 esse,

400 2128 562 2178 Cogitur
576 2143 753 2168 arcanum
770 2130 933 2180 pandere
951 2144 1043 2180 saepe
1059 2144 1182 2168 suum.

355 2235 539 2276 occasum
558 2241 725 2289 sapienS,
746 2240 885 2278 stultus
905 2241 1117 2278 considerat
1135 2249 1259 2279 ortum
1274 2271 1284 2287 ‚

401 2299 503 2336 Finis
523 2301 663 2349 quippe
682 2301 736 2336 rei
755 2302 897 2338 cantica
915 2301 1036 2339 laudis
1051 2303 1178 2339 habet.

352 2357 470 2395 Dictis
482 2360 497 2380 ⁸
517 2360 732 2406 doctorum,
751 2361 857 2398 sactis
874 2362 1027 2399 intende
1044 2362 1232 2400 bonorum
1247 2379 1256 2408 ;

399 2419 553 2455 Ferveat
571 2419 642 2455 hac
660 2431 807 2468 semper
824 2427 954 2468 pectus
970 2422 1134 2458 avaritia.

353 2477 500 2525 Ingenii
517 2478 662 2527 sapiens
681 2479 723 2515 fit
740 2479 864 2516 nullus
879 2481 1052 2519 acumine
1070 2483 1217 2530 magni;

401 2540 511 2575 Hunc
531 2541 656 2588 potius
674 2552 796 2576 mores
811 2547 849 2577 et
864 2541 963 2577 bona
979 2541 1052 2578 vita
1071 2549 1210 2578 creant.

352 2599 491 2645 Factis,
514 2612 590 2636 nou
607 2600 747 2646 verbis,
769 2601 948 2649 sapientia
965 2613 1002 2638 se
1022 2602 1240 2650 profitetur-3

396 2659 491 2696 Solis
510 2672 680 2697 concessa
699 2667 755 2697 est
774 2660 890 2710 gratia
908 2667 1011 2698 tanta
1031 2661 1153 2698 bonis.

348 2719 480 2757 Credit
495 2720 739 2756 inhumanam
755 2727 919 2758 mentem
938 2721 1166 2769 sapientibus
1184 2734 1261 2759 esse
1275 2751 1284 2766 ,

396 2782 474 2828 Qui
494 2780 591 2817 nihil
608 2780 758 2817 illorum
777 2780 889 2819 corda
905 2780 1031 2818 dolere
1049 2788 1168 2830 putat.

348 2841 483 2878 Ferrea
504 2854 579 2878 non
596 2841 687 2878 adeo
703 2841 852 2878 virtutis
867 2841 1035 2891 duraque
1055 2854 1159 2879 mens
1175 2850 1251 2889 est,

394 2901 448 2938 Ut
464 2901 581 2951 pietas
596 2901 734 2938 horum
750 2901 887 2938 viscera
907 2890 1007 2938 nulla
1027 2903 1118 2940 sciat
1129 2904 1158 2941 ⁴.

345 2961 400 2998 Sit
417 2960 488 2997 tibi
507 2973 595 2997 cura
611 2961 715 3009 prior
732 2961 892 2997 faciendi
903 2989 913 3007 ,
933 2961 1069 2999 deinde
1085 2962 1243 3000 docendi

392 3022 483 3069 Quae
499 3021 596 3058 bona
618 3028 725 3067 sunt,
745 3034 792 3058 ne
810 3022 858 3058 sis
877 3021 1048 3059 dissonus
1065 3023 1142 3072 ipse
1160 3023 1243 3061 tibi.

345 3130 401 3167 Sit
419 3130 507 3173 tibi,
527 3141 668 3178 quaeso,
689 3130 863 3178 frequens
881 3130 1073 3178 scripturae
1093 3131 1203 3168 lectio
1222 3144 1354 3178 sacrae3

391 3189 530 3225 Caetera
548 3189 578 3224 si
593 3201 665 3238 qua
685 3188 804 3237 legas,
824 3189 948 3225 omnia
968 3196 1121 3238 propter
1136 3202 1230 3227 eam.

385 3326 395 3343 ¹
421 3327 603 3368 Fructuque
628 3325 711 3360 Cod.
740 3325 839 3360 Burn.
867 3343 911 3352 —
937 3326 950 3344 ⁹
974 3328 1071 3372 Fugit
1093 3327 1175 3362 Cod.
1207 3328 1304 3363 Burn.
1329 3348 1372 3355 —

341 3381 355 3399 ³
373 3382 496 3416 Doctis.
510 3382 593 3416 Cod.
609 3381 741 3417 Cotton.
756 3397 801 3411 -ι
816 3382 831 3400 ⁴
847 3383 919 3418 Giat
934 3383 1018 3418 eod.
1034 3384 1239 3419 Cenem—⁸
1253 3387 1373 3422 Discite

340 3438 423 3473 Cod.
442 3438 558 3482 Burn.;
581 3439 669 3484 quod
683 3441 829 3485 sequitur
843 3440 883 3476 D.
900 3441 963 3476 Th.
975 3441 1123 3487 Wrigffl,
1142 3443 1249 3479 minus
1264 3443 1349 3480 bene
1361 3470 1370 3486 ,

2390 366 2475 413 344

1454 459 1520 495 Est
1531 458 1625 507 justi
1642 459 1839 507 proprium
1856 457 1963 494 reddi
1980 469 2044 493 sua
2061 456 2152 494 velle
2170 456 2401 506 quibusque3

1500 518 1625 555 Fortis
1643 519 1683 555 in
1698 517 1860 555 adversis
1878 529 1954 554 non
1970 517 2158 566 trepidare
2176 517 2251 553 suis
2266 532 2276 562 ;

1452 577 1610 615 Illicitos
1624 578 1739 614 animi
1754 585 1878 615 motus
1890 577 2038 615 frenare
2052 577 2232 623 modesti,

1501 638 1611 675 Tunc
1625 650 1742 687 quum
1762 637 1967 674 succedunt
1984 650 2160 687 prospera
2175 638 2371 687 praecipue.

1453 698 1560 736 Sicut
1576 699 1615 734 in
1632 697 1792 734 adversis
1808 697 1926 734 virtus
1947 710 1988 735 ea
2008 710 2140 735 murus
2159 698 2332 743 habetur,

1501 759 1562 796 Sic
1579 758 1686 795 istius
1703 764 1815 807 egent
1833 770 2008 807 prospera
2025 759 2226 807 temperie,

1453 819 1532 856 Nec
1549 818 1654 868 prior
1671 818 1733 855 illa
1749 825 1875 855 manet
1889 819 2024 865 virtus,
2044 819 2116 855 nisi
2130 819 2224 855 fulta
2240 819 2289 855 sit
2303 819 2383 855 istis
2395 847 2405 863 ‚

1500 879 1557 916 Ne
1576 879 1625 915 sit
1639 878 1755 915 fracta
1772 878 1897 923 malis,
1918 879 1993 914 sive
2010 879 2161 916 remissa
2179 880 2304 925 bonis,

1454 937 1559 986 Quid
1577 938 1677 980 vitii,
1693 938 1786 988 quid
1806 939 1854 975 sit
1869 939 2018 976 virtutis
2029 967 2038 984 ,
2057 938 2202 976 discute
2215 943 2228 960 ³
2244 939 2407 988 prudens
2424 956 2432 975 ι

1500 998 1614 1046 Quod
1632 999 1661 1034 si
1679 997 1906 1047 perdideris,
1925 999 2064 1036 desinis
2081 1011 2159 1037 esse
2175 1000 2277 1050 quod
2294 1012 2345 1036 es.

1450 1059 1702 1108 Philosophus
1719 1071 1844 1096 causas
1862 1072 1988 1096 rerum
2006 1059 2185 1098 discernit
2203 1072 2355 1110 opacas;

1499 1118 1660 1156 Effectus
1678 1131 1835 1169 operum
1855 1120 2038 1169 practicus
2055 1121 2270 1170 exsequitur
2284 1122 2311 1154 ⁶.

1451 1219 1508 1257 Sit
1527 1219 1594 1256 tibi
1612 1218 1820 1269 praecipuus
1834 1220 1951 1257 divini
1970 1220 2093 1257 cultus
2107 1221 2280 1266 honoris,

1499 1281 1629 1330 Teque
1645 1280 1761 1317 timor
1779 1292 1925 1330 semper
1941 1281 2075 1318 subdat
2093 1294 2272 1331 amorque
2290 1282 2381 1318 Deo.

1449 1341 1570 1377 Nemo
1586 1341 1704 1377 Deum
1725 1348 1868 1378 metuet
1885 1342 1941 1378 vel
1955 1342 2094 1379 amabit
2111 1343 2208 1379 sicut
2224 1350 2371 1392 oportet
2385 1371 2395 1389 ‚

1497 1401 1535 1438 Si
1555 1413 1628 1438 non
1645 1409 1820 1451 agnoscat
1831 1431 1841 1448 ,
1861 1403 1958 1439 sicut
1973 1411 2122 1452 oportet
2137 1416 2221 1440 eum
2237 1432 2246 1449 ‚
2366 1405 2458 1454 [ipse
2470 1434 2478 1448 ‚

1449 1462 1571 1509 Quam
1584 1462 1708 1510 justus
1721 1463 1768 1499 sit
1782 1463 1844 1500 hic
1855 1464 1870 1485 ⁷
1887 1471 1999 1513 atque
2012 1471 2157 1513 potens,
2175 1478 2286 1515 quam
2303 1467 2350 1502 sit
2364 1466 2481 1502 bonus

1496 1524 1689 1570 Quantum
1708 1536 1775 1560 nos
1791 1525 1942 1567 toleret,
1957 1537 2068 1574 quam
2086 1538 2195 1573 grave
2211 1528 2405 1574 percutiat.

1449 1582 1536 1629 Quo
1554 1582 1686 1619 melior
1701 1585 1845 1620 cunctis
1858 1585 1959 1621 Deus
1974 1592 2047 1630 est,
2064 1584 2147 1634 plus
2164 1585 2275 1623 debet
2292 1590 2405 1624 amari
2419 1602 2428 1630 ;

1496 1643 1542 1680 Et
1560 1643 1692 1680 melior
1711 1652 1794 1692 post
1808 1645 1908 1681 bunc
1927 1645 2059 1682 ordine
2075 1638 2234 1696 quisq⁶ue
2250 1659 2333 1692 suo,

1449 1703 1536 1750 Quo
1554 1703 1685 1740 melior
1698 1704 1857 1753 quisque
1869 1712 1942 1750 est,
1959 1705 2100 1753 majore
2112 1713 2168 1743 est
2181 1706 2318 1755 dignus
2331 1721 2454 1744 amore
2466 1725 2473 1752 ;

1495 1764 1622 1814 thue
1638 1764 1717 1800 Deo
1735 1764 1849 1801 suerit
1865 1766 1998 1811 carior,
2017 1772 2055 1803 et
2070 1766 2139 1802 tibi
2158 1766 2219 1804 sit.

1447 1825 1551 1871 Quos
1566 1825 1704 1861 etenim
1723 1824 1793 1861 nisi
1811 1832 1966 1874 propter
1981 1838 2067 1862 eum
2083 1825 2261 1864 debemus
2277 1840 2400 1864 amare
2415 1831 2430 1863 ι’)

1494 1886 1596 1922 Finis
1611 1885 1675 1921 hic
1691 1886 1730 1921 in
1748 1887 1892 1922 cunctis
1908 1898 1989 1935 quae
2006 1886 2093 1923 sacis
2111 1899 2208 1924 unus
2223 1889 2307 1924 erit.

1446 1945 1531 1982 Non
1548 1953 1630 1990 tua,
1650 1945 1714 1982 sed
1733 1946 1884 1982 Domini
1902 1953 2089 1995 quaeratur
2110 1947 2227 1995 gloria
2243 1961 2309 1997 per
2329 1957 2375 1985 te.

1492 2007 1572 2044 Non
1590 2006 1678 2051 tibi,
1700 2005 1764 2043 sed
1780 2008 1923 2043 cunctis
1939 2007 2072 2044 vixeris
2083 2035 2092 2052 ‚
2113 2008 2229 2045 immo
2245 2009 2337 2046 Deo.

1444 2112 1676 2149 Detrimenta
1695 2119 1766 2149 tuae
1785 2126 1908 2151 caveas
1926 2126 2037 2163 super
2055 2116 2179 2152 omnia
2199 2116 2300 2153 famae
2313 2147 2321 2157 ,

1491 2172 1544 2209 Ut
1562 2172 1688 2209 multis
1705 2174 1822 2222 possis
1840 2181 1878 2211 et
1895 2174 1962 2212 tibi
1981 2175 2172 2224 proficere.

1442 2233 1534 2280 Quae
1549 2242 1813 2282 praecesserunt
1830 2243 1971 2283 cogunt
1989 2248 2082 2273 nova
2098 2238 2257 2275 crimina
2274 2241 2375 2276 credi
2390 2256 2398 2283 ;

1489 2294 1535 2330 Et
1551 2294 1656 2343 prior
1672 2295 1712 2331 in
1732 2302 1863 2332 testem
1882 2297 1956 2333 vita
1971 2298 2160 2347 sequentis
2176 2299 2260 2336 erit.

1441 2354 1620 2391 scandala
1635 2368 1747 2404 quam
1763 2357 1878 2405 possis
1893 2357 2090 2394 homiuum
2106 2359 2221 2396 vitare
2235 2359 2374 2396 labora.

1488 2414 1541 2450 Ut
1560 2421 1684 2451 tamen
1697 2416 1712 2436 ⁸
1728 2416 1896 2452 incurras
1912 2417 2082 2454 scandala
2098 2418 2198 2455 nulla
2216 2419 2294 2455 Dei.

1439 2473 1601 2510 Insames
1619 2474 1739 2522 fugiat
1756 2482 1820 2511 tua
1837 2477 2066 2513 conversatio
2083 2489 2241 2526 semper,

1487 2533 1534 2568 Et
1552 2533 1651 2569 socio
1669 2533 1790 2582 gaude
1806 2541 1843 2570 te
1862 2534 2015 2572 meliore
2031 2535 2119 2573 frui.

1439 2591 1505 2627 Est
1520 2592 1654 2628 melius
1671 2594 1812 2629 socium
1830 2606 1942 2643 quam
1956 2603 2156 2644 cognatum
2171 2609 2249 2634 esse
2266 2598 2447 2636 bonorum
2461 2618 2469 2644 3

1485 2652 1583 2688 Hinc
1599 2653 1738 2689 etenim
1758 2654 1876 2690 virtus
1892 2656 2052 2701 eminet,
2070 2655 2159 2693 inde
2174 2669 2301 2706 genuS.

1437 2711 1495 2747 Ne
1511 2718 1654 2749 tentare
1671 2713 1814 2758 Deum,
1835 2714 1885 2750 fili
1902 2741 1913 2760 ‚
1933 2717 2206 2765 praesumpseris
2226 2731 2389 2767 unquam
2412 2738 2418 2754 ·.

1480 2768 1615 2808 vNitere
1630 2785 1705 2821 quo
1716 2773 1731 2794 ⁹
1752 2774 1868 2822 possis
1883 2781 1922 2811 et
1937 2777 2113 2812 merearis
2130 2789 2253 2826 opem.

1436 2829 1589 2867 Summa
1603 2831 1672 2869 Dei
1685 2831 1832 2870 bonitas
1851 2834 2053 2884 disponens
2067 2838 2191 2874 omnia
2208 2847 2324 2881 recte,

1483 2891 1575 2936 Quae
1594 2891 1709 2939 bona,
1730 2906 1811 2943 quoe
1826 2894 1921 2932 mala
1935 2903 2044 2944 sunt,
2060 2897 2211 2934 ordinat
2228 2899 2306 2947 ipse
2325 2900 2430 2937 bene.

1437 2951 1534 2988 Hinc
1552 2965 1620 2989 nec
1638 2954 1676 2990 in
1697 2954 1858 2992 adversis
1869 2956 1972 3004 justo
1990 2956 2117 2994 solatia
2135 2957 2271 2996 desunt
2283 2987 2292 3004 ,

1481 3011 1534 3049 Ut
1552 3013 1647 3050 mala
1663 3015 1738 3052 sint
1752 3016 1863 3053 etiam
1884 3030 2002 3066 quum
2022 3018 2113 3054 sciat
2133 3031 2212 3056 esse
2229 3020 2383 3056 bonum.

1431 3074 1451 3110 J
1457 3086 1535 3110 ussa
1555 3076 1747 3123 potestatis
1763 3085 1918 3114 terrenae
1934 3079 2166 3117 discutienda
2183 3097 2190 3115 :

1478 3134 1648 3172 Coelestis
1667 3137 1735 3173 tibi
1753 3150 1838 3174 mox
1855 3138 2079 3187 perficienda
2093 3142 2198 3177 scias.

1430 3195 1468 3232 Si
1485 3196 1570 3245 quis
1584 3196 1719 3234 divinis
1729 3197 1861 3246 jubeat
1876 3200 2061 3237 contraria
2073 3201 2205 3248 jussis,

1426 3338 1463 3366 ut
1489 3332 1647 3377 suspicor.
1666 3350 1708 3358 -
1728 3333 1741 3352 ⁸
1763 3335 1945 3376 Exequitur
1966 3336 2048 3371 Cod.
2075 3337 2176 3372 Burn.
2205 3355 2250 3365 -—
2285 3340 2297 3357 '¹
2313 3342 2345 3375 Is
2368 3350 2462 3384 aeque

1426 3389 1511 3423 Cod.
1543 3389 1631 3424 Cott.
1645 3409 1685 3416 -
1701 3390 1713 3409 '
1731 3392 1771 3426 Ut
1799 3400 1875 3428 tunc
1901 3392 1985 3428 eod.
2011 3394 2096 3429 Cott.
2116 3413 2157 3421 —
2174 3395 2187 3414 ⁹
2205 3398 2299 3438 Quod
2315 3399 2367 3433 vel
2384 3403 2462 3441 quid
2486 3410 2494 3418 ·

1426 3445 1509 3480 Cod.
1532 3446 1617 3481 Con.
