<?xml version="1.0" encoding="UTF-8"?>
<!DOCTYPE html PUBLIC "-//W3C//DTD XHTML 1.0 Transitional//EN"
    "http://www.w3.org/TR/xhtml1/DTD/xhtml1-transitional.dtd">
<html xmlns="http://www.w3.org/1999/xhtml" xml:lang="en" lang="en">
 <head>
  <title>
</title>
<meta http-equiv="Content-Type" content="text/html;charset=utf-8" />
  <meta name='ocr-system' content='tesseract 3.04.00' />
  <meta name='ocr-capabilities' content='ocr_page ocr_carea ocr_par ocr_line ocrx_word'/>
</head>
<body>
  <div class='ocr_page' id='page_1' title='image "./operahactenusseo01abeluoft_0154.png"; bbox 0 0 2970 4152; ppageno 0'>
   <div class='ocr_carea' id='block_1_1' title="bbox 587 423 2126 475">
    <p class='ocr_par' dir='ltr' id='par_1_1' title="bbox 587 423 2126 475">
     <span class='ocr_line' id='line_1_1' title="bbox 587 423 2126 475; baseline 0.001 -4"><span class='ocrx_word' id='word_1_1' title='bbox 587 427 680 474; x_wconf 69' lang='lat'>442</span> <span class='ocrx_word' id='word_1_2' title='bbox 1170 426 1341 472; x_wconf 89' lang='lat' dir='ltr'>PETRI</span> <span class='ocrx_word' id='word_1_3' title='bbox 1377 426 1686 474; x_wconf 84' lang='lat' dir='ltr'>ABAELARDI</span> <span class='ocrx_word' id='word_1_4' title='bbox 1717 423 1791 474; x_wconf 89' lang='grc' dir='ltr'>ΕΤ</span> <span class='ocrx_word' id='word_1_5' title='bbox 1823 425 2126 475; x_wconf 88' lang='lat' dir='ltr'><strong>HELOISSAE</strong></span> 
     </span>
    </p>
   </div>
   <div class='ocr_carea' id='block_1_2' title="bbox 575 519 2765 2041">
    <p class='ocr_par' dir='ltr' id='par_1_2' title="bbox 575 519 2765 2041">
     <span class='ocr_line' id='line_1_2' title="bbox 584 519 2707 586; baseline 0 -17"><span class='ocrx_word' id='word_1_6' title='bbox 584 523 676 581; x_wconf 89' lang='lat' dir='ltr'>vit,</span> <span class='ocrx_word' id='word_1_7' title='bbox 708 531 754 568; x_wconf 92' lang='lat' dir='ltr'>et</span> <span class='ocrx_word' id='word_1_8' title='bbox 777 520 930 585; x_wconf 88' lang='lat' dir='ltr'>ipsam</span> <span class='ocrx_word' id='word_1_9' title='bbox 945 520 1141 566; x_wconf 88' lang='lat' dir='ltr'>Domini</span> <span class='ocrx_word' id='word_1_10' title='bbox 1159 529 1360 568; x_wconf 90' lang='lat' dir='ltr'>matrem</span> <span class='ocrx_word' id='word_1_11' title='bbox 1378 520 1439 567; x_wconf 90' lang='lat' dir='ltr'>ad</span> <span class='ocrx_word' id='word_1_12' title='bbox 1456 520 1858 585; x_wconf 85' lang='lat' dir='ltr'>magnificandum</span> <span class='ocrx_word' id='word_1_13' title='bbox 1878 538 2020 586; x_wconf 91' lang='lat' dir='ltr'>super</span> <span class='ocrx_word' id='word_1_14' title='bbox 2031 519 2127 567; x_wconf 91' lang='lat' dir='ltr'>hoc</span> <span class='ocrx_word' id='word_1_15' title='bbox 2146 521 2250 585; x_wconf 92' lang='lat' dir='ltr'>ipso</span> <span class='ocrx_word' id='word_1_16' title='bbox 2268 522 2532 570; x_wconf 90' lang='lat' dir='ltr'>Dominum</span> <span class='ocrx_word' id='word_1_17' title='bbox 2547 523 2707 570; x_wconf 88' lang='lat' dir='ltr'>conci·</span> 
     </span>
     <span class='ocr_line' id='line_1_3' title="bbox 584 600 2701 669; baseline 0.001 -20"><span class='ocrx_word' id='word_1_18' title='bbox 584 602 713 649; x_wconf 89' lang='lat' dir='ltr'>tavit.</span> <span class='ocrx_word' id='word_1_19' title='bbox 759 600 1075 648; x_wconf 83' lang='lat' dir='ltr'>Excellentius</span> <span class='ocrx_word' id='word_1_20' title='bbox 1108 611 1265 648; x_wconf 88' lang='lat' dir='ltr'>autern</span> <span class='ocrx_word' id='word_1_21' title='bbox 1301 601 1563 667; x_wconf 88' lang='lat' dir='ltr'>prophetiae</span> <span class='ocrx_word' id='word_1_22' title='bbox 1587 602 1773 649; x_wconf 91' lang='lat' dir='ltr'>donum</span> <span class='ocrx_word' id='word_1_23' title='bbox 1806 603 1854 649; x_wconf 92' lang='lat' dir='ltr'>in</span> <span class='ocrx_word' id='word_1_24' title='bbox 1890 600 2350 664; x_wconf 31' lang='lat' dir='ltr'>Elisabeth-videtur</span> <span class='ocrx_word' id='word_1_25' title='bbox 2382 603 2701 669; x_wconf 88' lang='lat' dir='ltr'>completum,</span> 
     </span>
     <span class='ocr_line' id='line_1_4' title="bbox 582 670 2705 748; baseline 0 -18"><span class='ocrx_word' id='word_1_26' title='bbox 582 691 873 747; x_wconf 91' lang='lat' dir='ltr'>conceptum</span> <span class='ocrx_word' id='word_1_27' title='bbox 895 681 1050 728; x_wconf 89' lang='lat' dir='ltr'>statim</span> <span class='ocrx_word' id='word_1_28' title='bbox 1067 682 1155 728; x_wconf 90' lang='lat' dir='ltr'>Dei</span> <span class='ocrx_word' id='word_1_29' title='bbox 1168 681 1319 728; x_wconf 88' lang='lat' dir='ltr'>filium</span> <span class='ocrx_word' id='word_1_30' title='bbox 1337 699 1611 747; x_wconf 85' lang='lat' dir='ltr'>agnoscere,</span> <span class='ocrx_word' id='word_1_31' title='bbox 1634 700 1780 748; x_wconf 91' lang='lat' dir='ltr'>quam</span> <span class='ocrx_word' id='word_1_32' title='bbox 1799 684 1848 729; x_wconf 93' lang='lat' dir='ltr'>in</span> <span class='ocrx_word' id='word_1_33' title='bbox 1867 670 2050 729; x_wconf 67' lang='lat' dir='ltr'>joanne</span> <span class='ocrx_word' id='word_1_34' title='bbox 2070 683 2225 748; x_wconf 91' lang='lat' dir='ltr'>ipsum</span> <span class='ocrx_word' id='word_1_35' title='bbox 2240 683 2526 746; x_wconf 89' lang='lat' dir='ltr'>jamdudum</span> <span class='ocrx_word' id='word_1_36' title='bbox 2539 693 2705 732; x_wconf 89' lang='lat' dir='ltr'>natum</span> 
     </span>
     <span class='ocr_line' id='line_1_5' title="bbox 583 762 2702 829; baseline 0 -19"><span class='ocrx_word' id='word_1_37' title='bbox 583 762 853 810; x_wconf 88' lang='lat' dir='ltr'>ostendere.</span> <span class='ocrx_word' id='word_1_38' title='bbox 887 762 1016 809; x_wconf 91' lang='lat' dir='ltr'>Sicut</span> <span class='ocrx_word' id='word_1_39' title='bbox 1046 762 1188 826; x_wconf 89' lang='lat' dir='ltr'>igitur</span> <span class='ocrx_word' id='word_1_40' title='bbox 1211 763 1408 810; x_wconf 88' lang='lat' dir='ltr'>Mariam</span> <span class='ocrx_word' id='word_1_41' title='bbox 1446 763 1776 828; x_wconf 88' lang='lat' dir='ltr'>Magdalenam</span> <span class='ocrx_word' id='word_1_42' title='bbox 1809 763 2137 828; x_wconf 88' lang='lat' dir='ltr'>apostolorum</span> <span class='ocrx_word' id='word_1_43' title='bbox 2172 763 2374 810; x_wconf 88' lang='lat' dir='ltr'><strong>dicimus</strong></span> <span class='ocrx_word' id='word_1_44' title='bbox 2407 764 2702 829; x_wconf 85' lang='lat' dir='ltr'>apostolam,</span> 
     </span>
     <span class='ocr_line' id='line_1_6' title="bbox 582 830 2765 909; baseline 0.001 -20"><span class='ocrx_word' id='word_1_45' title='bbox 582 844 650 889; x_wconf 92' lang='lat' dir='ltr'>sic</span> <span class='ocrx_word' id='word_1_46' title='bbox 677 859 766 890; x_wconf 89' lang='lat' dir='ltr'>nec</span> <span class='ocrx_word' id='word_1_47' title='bbox 794 843 932 890; x_wconf 90' lang='lat' dir='ltr'>istam</span> <span class='ocrx_word' id='word_1_48' title='bbox 969 842 1316 908; x_wconf 78' lang='lat' dir='ltr'>prophetarum</span> <span class='ocrx_word' id='word_1_49' title='bbox 1350 844 1508 892; x_wconf 87' lang='lat' dir='ltr'>dicere</span> <span class='ocrx_word' id='word_1_50' title='bbox 1544 830 1816 891; x_wconf 75' lang='lat' dir='ltr'>dubitemus</span> <span class='ocrx_word' id='word_1_51' title='bbox 1852 843 2162 908; x_wconf 88' lang='lat' dir='ltr'>prophetam,</span> <span class='ocrx_word' id='word_1_52' title='bbox 2197 844 2294 891; x_wconf 88' lang='lat' dir='ltr'>sive</span> <span class='ocrx_word' id='word_1_53' title='bbox 2326 844 2482 909; x_wconf 84' lang='lat' dir='ltr'>ipsam</span> <span class='ocrx_word' id='word_1_54' title='bbox 2516 843 2706 892; x_wconf 83' lang='lat' dir='ltr'>beatam</span> <span class='ocrx_word' id='word_1_55' title='bbox 2762 881 2765 883; x_wconf 83' lang='grc'>-</span> 
     </span>
     <span class='ocr_line' id='line_1_7' title="bbox 581 923 2706 990; baseline 0.001 -21"><span class='ocrx_word' id='word_1_56' title='bbox 581 923 777 970; x_wconf 89' lang='lat' dir='ltr'>viduam</span> <span class='ocrx_word' id='word_1_57' title='bbox 803 926 1012 983; x_wconf 91' lang='lat' dir='ltr'>Annam,</span> <span class='ocrx_word' id='word_1_58' title='bbox 1041 923 1102 971; x_wconf 91' lang='lat' dir='ltr'>de</span> <span class='ocrx_word' id='word_1_59' title='bbox 1126 940 1222 988; x_wconf 91' lang='lat' dir='ltr'>qua</span> <span class='ocrx_word' id='word_1_60' title='bbox 1246 941 1389 990; x_wconf 90' lang='lat' dir='ltr'>supra</span> <span class='ocrx_word' id='word_1_61' title='bbox 1406 924 1546 972; x_wconf 87' lang='lat' dir='ltr'>latius</span> <span class='ocrx_word' id='word_1_62' title='bbox 1564 934 1723 971; x_wconf 91' lang='lat' dir='ltr'>actum</span> <span class='ocrx_word' id='word_1_63' title='bbox 1749 934 1834 971; x_wconf 91' lang='lat' dir='ltr'>est.</span> <span class='ocrx_word' id='word_1_64' title='bbox 1856 924 2000 981; x_wconf 87' lang='lat' dir='ltr'>Quod</span> <span class='ocrx_word' id='word_1_65' title='bbox 2019 924 2058 971; x_wconf 93' lang='lat' dir='ltr'>si</span> <span class='ocrx_word' id='word_1_66' title='bbox 2081 923 2205 971; x_wconf 89' lang='lat' dir='ltr'>hanc</span> <span class='ocrx_word' id='word_1_67' title='bbox 2228 924 2490 990; x_wconf 86' lang='lat' dir='ltr'>prophetiae</span> <span class='ocrx_word' id='word_1_68' title='bbox 2509 926 2706 989; x_wconf 80' lang='lat' dir='ltr'>gratiam</span> 
     </span>
     <span class='ocr_line' id='line_1_8' title="bbox 581 1003 2706 1071; baseline 0.001 -21"><span class='ocrx_word' id='word_1_69' title='bbox 581 1020 732 1067; x_wconf 90' lang='lat' dir='ltr'>usque</span> <span class='ocrx_word' id='word_1_70' title='bbox 757 1003 819 1051; x_wconf 87' lang='lat' dir='ltr'>ad</span> <span class='ocrx_word' id='word_1_71' title='bbox 836 1003 1032 1068; x_wconf 88' lang='lat' dir='ltr'>gentiles</span> <span class='ocrx_word' id='word_1_72' title='bbox 1055 1005 1198 1051; x_wconf 88' lang='lat' dir='ltr'>etiam</span> <span class='ocrx_word' id='word_1_73' title='bbox 1223 1005 1560 1063; x_wconf 81' lang='lat' dir='ltr'>extendamUS,</span> <span class='ocrx_word' id='word_1_74' title='bbox 1589 1004 1756 1068; x_wconf 84' lang='lat' dir='ltr'>sibylla</span> <span class='ocrx_word' id='word_1_75' title='bbox 1773 1014 1903 1051; x_wconf 91' lang='lat' dir='ltr'>vates</span> <span class='ocrx_word' id='word_1_76' title='bbox 1929 1005 1976 1051; x_wconf 93' lang='lat' dir='ltr'>in</span> <span class='ocrx_word' id='word_1_77' title='bbox 2003 1004 2218 1051; x_wconf 91' lang='lat' dir='ltr'>medium</span> <span class='ocrx_word' id='word_1_78' title='bbox 2246 1005 2499 1070; x_wconf 88' lang='lat' dir='ltr'>procedat,</span> <span class='ocrx_word' id='word_1_79' title='bbox 2529 1016 2576 1053; x_wconf 92' lang='lat' dir='ltr'>et</span> <span class='ocrx_word' id='word_1_80' title='bbox 2600 1023 2706 1071; x_wconf 86' lang='lat' dir='ltr'>quae</span> 
     </span>
     <span class='ocr_line' id='line_1_9' title="bbox 579 1086 2701 1154; baseline 0.002 -21"><span class='ocrx_word' id='word_1_81' title='bbox 579 1087 622 1133; x_wconf 86' lang='lat' dir='ltr'>ei</span> <span class='ocrx_word' id='word_1_82' title='bbox 648 1086 708 1135; x_wconf 90' lang='lat' dir='ltr'>de</span> <span class='ocrx_word' id='word_1_83' title='bbox 728 1087 916 1136; x_wconf 90' lang='lat' dir='ltr'>Christo</span> <span class='ocrx_word' id='word_1_84' title='bbox 935 1087 1139 1135; x_wconf 89' lang='lat' dir='ltr'>revelata</span> <span class='ocrx_word' id='word_1_85' title='bbox 1155 1098 1266 1134; x_wconf 90' lang='lat' dir='ltr'>sunt</span> <span class='ocrx_word' id='word_1_86' title='bbox 1284 1088 1507 1152; x_wconf 88' lang='lat' dir='ltr'>proferat.</span> <span class='ocrx_word' id='word_1_87' title='bbox 1530 1090 1652 1134; x_wconf 90' lang='lat' dir='ltr'>Cum</span> <span class='ocrx_word' id='word_1_88' title='bbox 1671 1103 1766 1152; x_wconf 88' lang='lat' dir='ltr'>qua</span> <span class='ocrx_word' id='word_1_89' title='bbox 1782 1087 1821 1134; x_wconf 91' lang='lat' dir='ltr'>si</span> <span class='ocrx_word' id='word_1_90' title='bbox 1838 1088 2085 1135; x_wconf 90' lang='lat' dir='ltr'>universos</span> <span class='ocrx_word' id='word_1_91' title='bbox 2101 1088 2402 1149; x_wconf 86' lang='lat' dir='ltr'>conferamus</span> <span class='ocrx_word' id='word_1_92' title='bbox 2418 1088 2675 1154; x_wconf 86' lang='lat' dir='ltr'>prophetas</span> <span class='ocrx_word' id='word_1_93' title='bbox 2687 1127 2701 1150; x_wconf 92' lang='lat'>‚</span> 
     </span>
     <span class='ocr_line' id='line_1_10' title="bbox 578 1167 2704 1233; baseline 0.001 -20"><span class='ocrx_word' id='word_1_94' title='bbox 578 1169 736 1232; x_wconf 91' lang='lat' dir='ltr'>ipsum</span> <span class='ocrx_word' id='word_1_95' title='bbox 755 1169 898 1215; x_wconf 90' lang='lat' dir='ltr'>etiam</span> <span class='ocrx_word' id='word_1_96' title='bbox 917 1168 1126 1228; x_wconf 85' lang='lat' dir='ltr'>Esaiam,</span> <span class='ocrx_word' id='word_1_97' title='bbox 1150 1167 1250 1232; x_wconf 88' lang='lat' dir='ltr'>qui,</span> <span class='ocrx_word' id='word_1_98' title='bbox 1275 1178 1326 1215; x_wconf 91' lang='lat' dir='ltr'>ut</span> <span class='ocrx_word' id='word_1_99' title='bbox 1345 1168 1663 1231; x_wconf 82' lang='lat' dir='ltr'>Hieronymus</span> <span class='ocrx_word' id='word_1_100' title='bbox 1679 1167 1881 1227; x_wconf 84' lang='lat' dir='ltr'>asserit²‚</span> <span class='ocrx_word' id='word_1_101' title='bbox 1903 1184 2002 1214; x_wconf 93' lang='lat' dir='ltr'>non</span> <span class='ocrx_word' id='word_1_102' title='bbox 2027 1177 2124 1215; x_wconf 87' lang='lat' dir='ltr'>tam</span> <span class='ocrx_word' id='word_1_103' title='bbox 2141 1168 2377 1233; x_wconf 89' lang='lat' dir='ltr'>propheta</span> <span class='ocrx_word' id='word_1_104' title='bbox 2392 1185 2538 1232; x_wconf 90' lang='lat' dir='ltr'>quam</span> <span class='ocrx_word' id='word_1_105' title='bbox 2561 1185 2704 1216; x_wconf 89' lang='lat' dir='ltr'>evan-</span> 
     </span>
     <span class='ocr_line' id='line_1_11' title="bbox 579 1247 2700 1314; baseline 0 -18"><span class='ocrx_word' id='word_1_106' title='bbox 579 1248 739 1313; x_wconf 84' lang='lat' dir='ltr'>gelista</span> <span class='ocrx_word' id='word_1_107' title='bbox 757 1248 989 1296; x_wconf 91' lang='lat' dir='ltr'>dicendus</span> <span class='ocrx_word' id='word_1_108' title='bbox 1003 1259 1094 1309; x_wconf 82' lang='lat' dir='ltr'>est3</span> <span class='ocrx_word' id='word_1_109' title='bbox 1116 1247 1382 1296; x_wconf 89' lang='lat' dir='ltr'>videbimus</span> <span class='ocrx_word' id='word_1_110' title='bbox 1394 1247 1548 1295; x_wconf 45' lang='lat' dir='ltr'>inxhac</span> <span class='ocrx_word' id='word_1_111' title='bbox 1563 1264 1756 1312; x_wconf 92' lang='lat' dir='ltr'>quoque</span> <span class='ocrx_word' id='word_1_112' title='bbox 1773 1249 1920 1312; x_wconf 86' lang='lat' dir='ltr'>gratia</span> <span class='ocrx_word' id='word_1_113' title='bbox 1936 1249 2163 1295; x_wconf 89' lang='lat' dir='ltr'>feminam</span> <span class='ocrx_word' id='word_1_114' title='bbox 2181 1249 2292 1295; x_wconf 91' lang='lat' dir='ltr'>viris</span> <span class='ocrx_word' id='word_1_115' title='bbox 2306 1248 2448 1313; x_wconf 88' lang='lat' dir='ltr'>longe</span> <span class='ocrx_word' id='word_1_116' title='bbox 2465 1258 2700 1314; x_wconf 82' lang='lat' dir='ltr'>praestare.</span> 
     </span>
     <span class='ocr_line' id='line_1_12' title="bbox 577 1314 2707 1394; baseline -0 -17"><span class='ocrx_word' id='word_1_117' title='bbox 577 1332 649 1377; x_wconf 94' lang='lat' dir='ltr'>De</span> <span class='ocrx_word' id='word_1_118' title='bbox 674 1346 769 1394; x_wconf 91' lang='lat' dir='ltr'>qua</span> <span class='ocrx_word' id='word_1_119' title='bbox 794 1330 1103 1393; x_wconf 86' lang='lat' dir='ltr'>Augustinus,</span> <span class='ocrx_word' id='word_1_120' title='bbox 1137 1338 1304 1376; x_wconf 86' lang='lat' dir='ltr'>contra</span> <span class='ocrx_word' id='word_1_121' title='bbox 1338 1327 1537 1375; x_wconf 87' lang='lat' dir='ltr'>haereses</span> <span class='ocrx_word' id='word_1_122' title='bbox 1572 1329 1900 1376; x_wconf 89' lang='lat' dir='ltr'>testimonium</span> <span class='ocrx_word' id='word_1_123' title='bbox 1936 1329 2214 1394; x_wconf 88' lang='lat' dir='ltr'>proferens,</span> <span class='ocrx_word' id='word_1_124' title='bbox 2248 1329 2358 1375; x_wconf 77' lang='lat' dir='ltr'>ait²z</span> <span class='ocrx_word' id='word_1_125' title='bbox 2398 1314 2707 1376; x_wconf 79' lang='lat' dir='ltr'>«Audiamus</span> 
     </span>
     <span class='ocr_line' id='line_1_13' title="bbox 579 1404 2706 1475; baseline -0 -17"><span class='ocrx_word' id='word_1_126' title='bbox 579 1411 696 1475; x_wconf 93' lang='lat' dir='ltr'>quid</span> <span class='ocrx_word' id='word_1_127' title='bbox 715 1411 858 1459; x_wconf 87' lang='lat' dir='ltr'>etiam</span> <span class='ocrx_word' id='word_1_128' title='bbox 876 1410 1052 1474; x_wconf 84' lang='lat' dir='ltr'>Sibylla</span> <span class='ocrx_word' id='word_1_129' title='bbox 1069 1420 1200 1458; x_wconf 86' lang='lat' dir='ltr'>vates</span> <span class='ocrx_word' id='word_1_130' title='bbox 1220 1426 1387 1457; x_wconf 90' lang='lat' dir='ltr'>eorum</span> <span class='ocrx_word' id='word_1_131' title='bbox 1409 1410 1469 1457; x_wconf 94' lang='lat' dir='ltr'>de</span> <span class='ocrx_word' id='word_1_132' title='bbox 1495 1404 1669 1457; x_wconf 90' lang='lat' dir='ltr'>eodem</span> <span class='ocrx_word' id='word_1_133' title='bbox 1693 1409 1820 1456; x_wconf 91' lang='lat' dir='ltr'>dicat</span> <span class='ocrx_word' id='word_1_134' title='bbox 1840 1446 1850 1456; x_wconf 92' lang='lat'>.</span> <span class='ocrx_word' id='word_1_135' title='bbox 1877 1409 2095 1469; x_wconf 84' lang='lat' dir='ltr'>«Alium,</span> <span class='ocrx_word' id='word_1_136' title='bbox 2118 1410 2296 1474; x_wconf 90' lang='lat' dir='ltr'>inquit,</span> <span class='ocrx_word' id='word_1_137' title='bbox 2320 1409 2453 1457; x_wconf 86' lang='lat' dir='ltr'>dedit</span> <span class='ocrx_word' id='word_1_138' title='bbox 2470 1411 2706 1457; x_wconf 91' lang='lat' dir='ltr'>Dominus</span> 
     </span>
     <span class='ocr_line' id='line_1_14' title="bbox 583 1489 2705 1555; baseline 0.001 -20"><span class='ocrx_word' id='word_1_139' title='bbox 583 1512 605 1536; x_wconf 86' lang='lat'><em>«</em></span> <span class='ocrx_word' id='word_1_140' title='bbox 629 1491 906 1539; x_wconf 88' lang='lat' dir='ltr'>hominibus</span> <span class='ocrx_word' id='word_1_141' title='bbox 932 1490 1151 1538; x_wconf 89' lang='lat' dir='ltr'>fidelibus</span> <span class='ocrx_word' id='word_1_142' title='bbox 1178 1489 1451 1538; x_wconf 91' lang='lat' dir='ltr'>colendum.</span> <span class='ocrx_word' id='word_1_143' title='bbox 1484 1509 1506 1534; x_wconf 89' lang='lat'>»</span> <span class='ocrx_word' id='word_1_144' title='bbox 1529 1493 1647 1537; x_wconf 91' lang='lat' dir='ltr'>Item</span> <span class='ocrx_word' id='word_1_145' title='bbox 1673 1509 1682 1536; x_wconf 92' lang='lat'>:</span> <span class='ocrx_word' id='word_1_146' title='bbox 1705 1491 1874 1555; x_wconf 77' lang='lat' dir='ltr'>«Ipse³</span> <span class='ocrx_word' id='word_1_147' title='bbox 1898 1500 2036 1536; x_wconf 88' lang='lat' dir='ltr'>tuum</span> <span class='ocrx_word' id='word_1_148' title='bbox 2069 1506 2306 1553; x_wconf 85' lang='lat' dir='ltr'>cognosce</span> <span class='ocrx_word' id='word_1_149' title='bbox 2329 1490 2592 1537; x_wconf 90' lang='lat' dir='ltr'>Dominum</span> <span class='ocrx_word' id='word_1_150' title='bbox 2618 1491 2705 1537; x_wconf 89' lang='lat' dir='ltr'>Dei</span> 
     </span>
     <span class='ocr_line' id='line_1_15' title="bbox 582 1569 2705 1635; baseline -0 -17"><span class='ocrx_word' id='word_1_151' title='bbox 582 1595 605 1618; x_wconf 89' lang='lat'>«</span> <span class='ocrx_word' id='word_1_152' title='bbox 627 1573 779 1620; x_wconf 85' lang='lat' dir='ltr'>filium</span> <span class='ocrx_word' id='word_1_153' title='bbox 795 1589 946 1620; x_wconf 82' lang='lat' dir='ltr'>esse.»</span> <span class='ocrx_word' id='word_1_154' title='bbox 964 1571 1066 1619; x_wconf 88' lang='lat' dir='ltr'>Alio</span> <span class='ocrx_word' id='word_1_155' title='bbox 1087 1572 1195 1618; x_wconf 93' lang='lat' dir='ltr'>loco</span> <span class='ocrx_word' id='word_1_156' title='bbox 1210 1571 1361 1618; x_wconf 86' lang='lat' dir='ltr'>filium</span> <span class='ocrx_word' id='word_1_157' title='bbox 1377 1572 1465 1618; x_wconf 89' lang='lat' dir='ltr'>Dei</span> <span class='ocrx_word' id='word_1_158' title='bbox 1482 1570 1755 1635; x_wconf 90' lang='lat' dir='ltr'>symbolum</span> <span class='ocrx_word' id='word_1_159' title='bbox 1769 1570 1991 1635; x_wconf 88' lang='lat' dir='ltr'>appellat,</span> <span class='ocrx_word' id='word_1_160' title='bbox 2010 1569 2060 1616; x_wconf 89' lang='lat' dir='ltr'>id</span> <span class='ocrx_word' id='word_1_161' title='bbox 2079 1580 2150 1616; x_wconf 88' lang='lat' dir='ltr'>est</span> <span class='ocrx_word' id='word_1_162' title='bbox 2161 1569 2500 1617; x_wconf 86' lang='lat' dir='ltr'>consiliarium.</span> <span class='ocrx_word' id='word_1_163' title='bbox 2515 1573 2573 1616; x_wconf 92' lang='lat' dir='ltr'>Et</span> <span class='ocrx_word' id='word_1_164' title='bbox 2591 1587 2705 1635; x_wconf 89' lang='lat' dir='ltr'>pro-</span> 
     </span>
     <span class='ocr_line' id='line_1_16' title="bbox 578 1650 2745 1719; baseline -0.002 -18"><span class='ocrx_word' id='word_1_165' title='bbox 578 1654 724 1719; x_wconf 90' lang='lat' dir='ltr'>pheta</span> <span class='ocrx_word' id='word_1_166' title='bbox 742 1654 900 1701; x_wconf 73' lang='lat' dir='ltr'>dicit⁴z</span> <span class='ocrx_word' id='word_1_167' title='bbox 922 1673 946 1698; x_wconf 89' lang='lat'>«</span> <span class='ocrx_word' id='word_1_168' title='bbox 962 1651 1216 1700; x_wconf 91' lang='lat' dir='ltr'>Vocabunt</span> <span class='ocrx_word' id='word_1_169' title='bbox 1240 1669 1420 1699; x_wconf 91' lang='lat' dir='ltr'>nomen</span> <span class='ocrx_word' id='word_1_170' title='bbox 1440 1651 1540 1714; x_wconf 90' lang='lat' dir='ltr'>ejus</span> <span class='ocrx_word' id='word_1_171' title='bbox 1559 1650 1805 1709; x_wconf 86' lang='lat' dir='ltr'>mirabilis,</span> <span class='ocrx_word' id='word_1_172' title='bbox 1830 1650 2175 1697; x_wconf 88' lang='lat' dir='ltr'>consiliarius.»</span> <span class='ocrx_word' id='word_1_173' title='bbox 2196 1653 2266 1697; x_wconf 92' lang='lat' dir='ltr'>De</span> <span class='ocrx_word' id='word_1_174' title='bbox 2285 1667 2379 1714; x_wconf 89' lang='lat' dir='ltr'>qua</span> <span class='ocrx_word' id='word_1_175' title='bbox 2394 1667 2557 1697; x_wconf 88' lang='lat' dir='ltr'>rursus</span> <span class='ocrx_word' id='word_1_176' title='bbox 2575 1650 2706 1698; x_wconf 88' lang='lat' dir='ltr'>idem</span> <span class='ocrx_word' id='word_1_177' title='bbox 2742 1682 2745 1684; x_wconf 91' lang='lat'>-</span> 
     </span>
     <span class='ocr_line' id='line_1_17' title="bbox 579 1730 2705 1800; baseline -0.001 -19"><span class='ocrx_word' id='word_1_178' title='bbox 579 1745 713 1800; x_wconf 89' lang='lat' dir='ltr'>pater</span> <span class='ocrx_word' id='word_1_179' title='bbox 745 1733 1031 1798; x_wconf 86' lang='lat' dir='ltr'>Augustinus</span> <span class='ocrx_word' id='word_1_180' title='bbox 1056 1734 1105 1779; x_wconf 92' lang='lat' dir='ltr'>in</span> <span class='ocrx_word' id='word_1_181' title='bbox 1135 1734 1281 1779; x_wconf 88' lang='lat' dir='ltr'><strong>XVIII</strong></span> <span class='ocrx_word' id='word_1_182' title='bbox 1307 1731 1364 1778; x_wconf 82' lang='lat' dir='ltr'>de</span> <span class='ocrx_word' id='word_1_183' title='bbox 1391 1733 1587 1778; x_wconf 65' lang='lat' dir='ltr'>Ciuitate</span> <span class='ocrx_word' id='word_1_184' title='bbox 1606 1733 1720 1778; x_wconf 71' lang='lat' dir='ltr'>Dei⁵</span> <span class='ocrx_word' id='word_1_185' title='bbox 1742 1749 1752 1777; x_wconf 79' lang='lat' dir='ltr'><strong><em>z</em></strong></span> <span class='ocrx_word' id='word_1_186' title='bbox 1779 1734 1914 1790; x_wconf 85' lang='lat' dir='ltr'>«Eo,</span> <span class='ocrx_word' id='word_1_187' title='bbox 1939 1750 1962 1775; x_wconf 90' lang='lat'>»</span> <span class='ocrx_word' id='word_1_188' title='bbox 1984 1732 2164 1795; x_wconf 88' lang='lat' dir='ltr'>inquit,</span> <span class='ocrx_word' id='word_1_189' title='bbox 2195 1751 2218 1776; x_wconf 79' lang='grc' dir='ltr'>α</span> <span class='ocrx_word' id='word_1_190' title='bbox 2237 1741 2452 1796; x_wconf 90' lang='lat' dir='ltr'>tempore</span> <span class='ocrx_word' id='word_1_191' title='bbox 2483 1730 2705 1778; x_wconf 86' lang='lat' dir='ltr'>nonnulli</span> 
     </span>
     <span class='ocr_line' id='line_1_18' title="bbox 580 1811 2704 1879; baseline -0.002 -17"><span class='ocrx_word' id='word_1_192' title='bbox 580 1814 798 1879; x_wconf 89' lang='lat' dir='ltr'>sibyllam</span> <span class='ocrx_word' id='word_1_193' title='bbox 822 1814 1102 1878; x_wconf 88' lang='lat' dir='ltr'>erythraeam</span> <span class='ocrx_word' id='word_1_194' title='bbox 1135 1812 1439 1860; x_wconf 84' lang='lat' dir='ltr'>vaticinatam</span> <span class='ocrx_word' id='word_1_195' title='bbox 1465 1812 1621 1860; x_wconf 87' lang='lat' dir='ltr'>ferunt</span> <span class='ocrx_word' id='word_1_196' title='bbox 1651 1813 1825 1877; x_wconf 88' lang='lat' dir='ltr'>(quam</span> <span class='ocrx_word' id='word_1_197' title='bbox 1861 1811 2059 1876; x_wconf 90' lang='lat' dir='ltr'>quidam</span> <span class='ocrx_word' id='word_1_198' title='bbox 2087 1812 2234 1876; x_wconf 91' lang='lat' dir='ltr'>magis</span> <span class='ocrx_word' id='word_1_199' title='bbox 2259 1811 2462 1859; x_wconf 90' lang='lat' dir='ltr'>credunt</span> <span class='ocrx_word' id='word_1_200' title='bbox 2489 1828 2591 1859; x_wconf 90' lang='lat' dir='ltr'>esse</span> <span class='ocrx_word' id='word_1_201' title='bbox 2620 1827 2704 1859; x_wconf 91' lang='lat' dir='ltr'>cu-</span> 
     </span>
     <span class='ocr_line' id='line_1_19' title="bbox 577 1891 2705 1960; baseline -0.003 -15"><span class='ocrx_word' id='word_1_202' title='bbox 577 1896 812 1960; x_wconf 83' lang='lat' dir='ltr'>manam).</span> <span class='ocrx_word' id='word_1_203' title='bbox 842 1899 900 1943; x_wconf 89' lang='lat' dir='ltr'>Et</span> <span class='ocrx_word' id='word_1_204' title='bbox 926 1905 1037 1943; x_wconf 90' lang='lat' dir='ltr'>sunt</span> <span class='ocrx_word' id='word_1_205' title='bbox 1071 1895 1172 1958; x_wconf 88' lang='lat' dir='ltr'>ejus</span> <span class='ocrx_word' id='word_1_206' title='bbox 1202 1894 1367 1958; x_wconf 88' lang='lat' dir='ltr'>viginti</span> <span class='ocrx_word' id='word_1_207' title='bbox 1393 1904 1440 1941; x_wconf 90' lang='lat' dir='ltr'>et</span> <span class='ocrx_word' id='word_1_208' title='bbox 1470 1904 1654 1958; x_wconf 88' lang='lat' dir='ltr'>septem</span> <span class='ocrx_word' id='word_1_209' title='bbox 1686 1911 1874 1953; x_wconf 90' lang='lat' dir='ltr'>versus;</span> <span class='ocrx_word' id='word_1_210' title='bbox 1903 1894 2010 1958; x_wconf 89' lang='lat' dir='ltr'>qui,</span> <span class='ocrx_word' id='word_1_211' title='bbox 2049 1893 2169 1940; x_wconf 92' lang='lat' dir='ltr'>sicut</span> <span class='ocrx_word' id='word_1_212' title='bbox 2198 1909 2280 1940; x_wconf 91' lang='lat' dir='ltr'>eos</span> <span class='ocrx_word' id='word_1_213' title='bbox 2318 1892 2515 1957; x_wconf 89' lang='lat' dir='ltr'>quidam</span> <span class='ocrx_word' id='word_1_214' title='bbox 2547 1891 2705 1939; x_wconf 87' lang='lat' dir='ltr'>latinis</span> 
     </span>
     <span class='ocr_line' id='line_1_20' title="bbox 575 1975 1685 2041; baseline -0.005 -15"><span class='ocrx_word' id='word_1_215' title='bbox 575 1978 787 2026; x_wconf 88' lang='lat' dir='ltr'>versibus</span> <span class='ocrx_word' id='word_1_216' title='bbox 811 1987 882 2024; x_wconf 88' lang='lat' dir='ltr'>est</span> <span class='ocrx_word' id='word_1_217' title='bbox 896 1977 1256 2041; x_wconf 83' lang='lat' dir='ltr'>interpretatus,</span> <span class='ocrx_word' id='word_1_218' title='bbox 1286 1975 1380 2022; x_wconf 95' lang='grc'>1100</span> <span class='ocrx_word' id='word_1_219' title='bbox 1405 1975 1655 2022; x_wconf 89' lang='lat' dir='ltr'>continent</span> <span class='ocrx_word' id='word_1_220' title='bbox 1676 1993 1685 2020; x_wconf 91' lang='lat'><strong>:</strong></span> 
     </span>
    </p>
   </div>
   <div class='ocr_carea' id='block_1_3' title="bbox 1080 2084 2098 2276">
    <p class='ocr_par' dir='ltr' id='par_1_3' title="bbox 1080 2084 2098 2276">
     <span class='ocr_line' id='line_1_21' title="bbox 1080 2084 1964 2137; baseline -0.001 -11"><span class='ocrx_word' id='word_1_221' title='bbox 1080 2085 1228 2127; x_wconf 86' lang='lat' dir='ltr'>Judicii</span> <span class='ocrx_word' id='word_1_222' title='bbox 1249 2086 1412 2137; x_wconf 85' lang='lat' dir='ltr'>signum</span> <span class='ocrx_word' id='word_1_223' title='bbox 1433 2085 1553 2126; x_wconf 86' lang='lat' dir='ltr'>tellus</span> <span class='ocrx_word' id='word_1_224' title='bbox 1572 2084 1723 2126; x_wconf 67' lang='lat' dir='ltr'>sudoce</span> <span class='ocrx_word' id='word_1_225' title='bbox 1743 2084 1964 2125; x_wconf 82' lang='lat' dir='ltr'>madescet.</span> 
     </span>
     <span class='ocr_line' id='line_1_22' title="bbox 1081 2153 1957 2206; baseline -0.002 -12"><span class='ocrx_word' id='word_1_226' title='bbox 1081 2154 1114 2195; x_wconf 74' lang='lat' dir='ltr'>E</span> <span class='ocrx_word' id='word_1_227' title='bbox 1135 2154 1240 2194; x_wconf 89' lang='lat' dir='ltr'>coelo</span> <span class='ocrx_word' id='word_1_228' title='bbox 1261 2166 1333 2194; x_wconf 84' lang='lat' dir='ltr'>rex</span> <span class='ocrx_word' id='word_1_229' title='bbox 1352 2153 1541 2194; x_wconf 83' lang='lat' dir='ltr'>adveniet</span> <span class='ocrx_word' id='word_1_230' title='bbox 1559 2165 1632 2206; x_wconf 89' lang='lat' dir='ltr'>per</span> <span class='ocrx_word' id='word_1_231' title='bbox 1650 2153 1758 2193; x_wconf 87' lang='lat' dir='ltr'>secla</span> <span class='ocrx_word' id='word_1_232' title='bbox 1776 2153 1934 2193; x_wconf 89' lang='lat' dir='ltr'>futurus</span> <span class='ocrx_word' id='word_1_233' title='bbox 1947 2185 1957 2203; x_wconf 87' lang='lat'>,</span> 
     </span>
     <span class='ocr_line' id='line_1_23' title="bbox 1081 2221 2098 2276; baseline -0.002 -13"><span class='ocrx_word' id='word_1_234' title='bbox 1081 2222 1242 2264; x_wconf 88' lang='lat' dir='ltr'>Scilicet</span> <span class='ocrx_word' id='word_1_235' title='bbox 1260 2222 1303 2263; x_wconf 92' lang='lat' dir='ltr'>in</span> <span class='ocrx_word' id='word_1_236' title='bbox 1322 2235 1443 2263; x_wconf 87' lang='lat' dir='ltr'>carne</span> <span class='ocrx_word' id='word_1_237' title='bbox 1463 2234 1644 2276; x_wconf 76' lang='lat' dir='ltr'>praesens</span> <span class='ocrx_word' id='word_1_238' title='bbox 1662 2227 1707 2262; x_wconf 92' lang='lat' dir='ltr'>ut</span> <span class='ocrx_word' id='word_1_239' title='bbox 1721 2221 1880 2275; x_wconf 87' lang='lat' dir='ltr'>judicet</span> <span class='ocrx_word' id='word_1_240' title='bbox 1899 2221 2057 2262; x_wconf 89' lang='lat' dir='ltr'>orbem.</span> <span class='ocrx_word' id='word_1_241' title='bbox 2082 2238 2098 2254; x_wconf 75' lang='lat' dir='ltr'><em>n</em></span> 
     </span>
    </p>
   </div>
   <div class='ocr_carea' id='block_1_4' title="bbox 571 2323 2705 3279">
    <p class='ocr_par' dir='ltr' id='par_1_4' title="bbox 571 2323 2705 3279">
     <span class='ocr_line' id='line_1_24' title="bbox 637 2323 2705 2391; baseline -0.001 -16"><span class='ocrx_word' id='word_1_242' title='bbox 637 2331 857 2386; x_wconf 89' lang='lat' dir='ltr'>Quorum</span> <span class='ocrx_word' id='word_1_243' title='bbox 873 2325 1070 2391; x_wconf 90' lang='lat' dir='ltr'>quidem</span> <span class='ocrx_word' id='word_1_244' title='bbox 1082 2341 1306 2372; x_wconf 91' lang='lat' dir='ltr'>versuum</span> <span class='ocrx_word' id='word_1_245' title='bbox 1326 2325 1490 2390; x_wconf 88' lang='lat' dir='ltr'>primae</span> <span class='ocrx_word' id='word_1_246' title='bbox 1508 2324 1673 2372; x_wconf 87' lang='lat' dir='ltr'>litterae</span> <span class='ocrx_word' id='word_1_247' title='bbox 1689 2325 1737 2370; x_wconf 93' lang='lat' dir='ltr'>in</span> <span class='ocrx_word' id='word_1_248' title='bbox 1757 2340 1909 2388; x_wconf 90' lang='lat' dir='ltr'>graeco</span> <span class='ocrx_word' id='word_1_249' title='bbox 1934 2323 2217 2387; x_wconf 78' lang='lat' dir='ltr'>conjunctae,</span> <span class='ocrx_word' id='word_1_250' title='bbox 2240 2323 2290 2369; x_wconf 93' lang='lat' dir='ltr'>id</span> <span class='ocrx_word' id='word_1_251' title='bbox 2307 2333 2505 2370; x_wconf 91' lang='lat' dir='ltr'>sonant:</span> <span class='ocrx_word' id='word_1_252' title='bbox 2533 2343 2555 2368; x_wconf 87' lang='lat'><strong><em>«</em></strong></span> <span class='ocrx_word' id='word_1_253' title='bbox 2571 2326 2705 2371; x_wconf 87' lang='lat' dir='ltr'>Jesus</span> 
     </span>
     <span class='ocr_line' id='line_1_25' title="bbox 572 2403 2703 2468; baseline -0.002 -12"><span class='ocrx_word' id='word_1_254' title='bbox 572 2408 785 2456; x_wconf 90' lang='lat' dir='ltr'>Christus</span> <span class='ocrx_word' id='word_1_255' title='bbox 804 2406 929 2454; x_wconf 88' lang='lat' dir='ltr'>filius</span> <span class='ocrx_word' id='word_1_256' title='bbox 939 2407 1028 2453; x_wconf 90' lang='lat' dir='ltr'>Dei</span> <span class='ocrx_word' id='word_1_257' title='bbox 1051 2405 1304 2453; x_wconf 84' lang='lat' dir='ltr'>salvator.»</span> <span class='ocrx_word' id='word_1_258' title='bbox 1328 2405 1473 2452; x_wconf 88' lang='lat' dir='ltr'>Infert</span> <span class='ocrx_word' id='word_1_259' title='bbox 1491 2406 1635 2451; x_wconf 90' lang='lat' dir='ltr'>etiam</span> <span class='ocrx_word' id='word_1_260' title='bbox 1654 2405 1944 2452; x_wconf 78' lang='lat' dir='ltr'>Lactantius⁶</span> <span class='ocrx_word' id='word_1_261' title='bbox 1960 2403 2179 2468; x_wconf 78' lang='lat' dir='ltr'>quaedam</span> <span class='ocrx_word' id='word_1_262' title='bbox 2195 2403 2255 2451; x_wconf 92' lang='lat' dir='ltr'>de</span> <span class='ocrx_word' id='word_1_263' title='bbox 2272 2403 2458 2451; x_wconf 87' lang='lat' dir='ltr'>Christo</span> <span class='ocrx_word' id='word_1_264' title='bbox 2484 2404 2703 2451; x_wconf 87' lang='lat' dir='ltr'>vaticinia</span> 
     </span>
     <span class='ocr_line' id='line_1_26' title="bbox 571 2484 2702 2553; baseline -0.002 -16"><span class='ocrx_word' id='word_1_265' title='bbox 571 2488 775 2553; x_wconf 80' lang='lat' dir='ltr'>sibyllae:</span> <span class='ocrx_word' id='word_1_266' title='bbox 809 2491 902 2534; x_wconf 90' lang='lat' dir='ltr'>«In</span> <span class='ocrx_word' id='word_1_267' title='bbox 934 2502 1129 2547; x_wconf 83' lang='lat' dir='ltr'>manus,</span> <span class='ocrx_word' id='word_1_268' title='bbox 1158 2506 1180 2531; x_wconf 76' lang='lat'>&gt;2</span> <span class='ocrx_word' id='word_1_269' title='bbox 1222 2487 1404 2550; x_wconf 83' lang='lat' dir='ltr'>inquit,</span> <span class='ocrx_word' id='word_1_270' title='bbox 1438 2485 1744 2532; x_wconf 88' lang='lat' dir='ltr'>«infidelium</span> <span class='ocrx_word' id='word_1_271' title='bbox 1779 2495 1946 2551; x_wconf 89' lang='lat' dir='ltr'>postea</span> <span class='ocrx_word' id='word_1_272' title='bbox 1986 2485 2159 2532; x_wconf 86' lang='lat' dir='ltr'>veniet.</span> <span class='ocrx_word' id='word_1_273' title='bbox 2196 2484 2390 2531; x_wconf 89' lang='lat' dir='ltr'>Dabunt</span> <span class='ocrx_word' id='word_1_274' title='bbox 2415 2487 2517 2532; x_wconf 91' lang='lat' dir='ltr'>Deo</span> <span class='ocrx_word' id='word_1_275' title='bbox 2543 2484 2702 2551; x_wconf 90' lang='lat' dir='ltr'>alapas</span> 
     </span>
     <span class='ocr_line' id='line_1_27' title="bbox 573 2564 2702 2633; baseline -0.003 -15"><span class='ocrx_word' id='word_1_276' title='bbox 573 2570 794 2618; x_wconf 91' lang='lat' dir='ltr'>manibus</span> <span class='ocrx_word' id='word_1_277' title='bbox 829 2569 1044 2628; x_wconf 87' lang='lat' dir='ltr'>incestis,</span> <span class='ocrx_word' id='word_1_278' title='bbox 1082 2578 1130 2615; x_wconf 92' lang='lat' dir='ltr'>et</span> <span class='ocrx_word' id='word_1_279' title='bbox 1168 2568 1427 2633; x_wconf 78' lang='lat' dir='ltr'>impurato⁷</span> <span class='ocrx_word' id='word_1_280' title='bbox 1458 2583 1542 2613; x_wconf 93' lang='lat' dir='ltr'>ore</span> <span class='ocrx_word' id='word_1_281' title='bbox 1576 2575 1783 2631; x_wconf 88' lang='lat' dir='ltr'>expuent</span> <span class='ocrx_word' id='word_1_282' title='bbox 1812 2575 2075 2613; x_wconf 89' lang='lat' dir='ltr'>venenatos</span> <span class='ocrx_word' id='word_1_283' title='bbox 2105 2575 2287 2630; x_wconf 88' lang='lat' dir='ltr'>sputos.</span> <span class='ocrx_word' id='word_1_284' title='bbox 2323 2564 2465 2611; x_wconf 90' lang='lat' dir='ltr'>Dabit</span> <span class='ocrx_word' id='word_1_285' title='bbox 2496 2581 2611 2612; x_wconf 91' lang='lat' dir='ltr'>vero</span> <span class='ocrx_word' id='word_1_286' title='bbox 2641 2565 2702 2612; x_wconf 90' lang='lat' dir='ltr'>ad</span> 
     </span>
     <span class='ocr_line' id='line_1_28' title="bbox 571 2645 2702 2715; baseline -0.003 -16"><span class='ocrx_word' id='word_1_287' title='bbox 571 2651 769 2699; x_wconf 86' lang='lat' dir='ltr'>verbera</span> <span class='ocrx_word' id='word_1_288' title='bbox 806 2649 1080 2715; x_wconf 85' lang='lat' dir='ltr'>suppliciter</span> <span class='ocrx_word' id='word_1_289' title='bbox 1118 2658 1336 2696; x_wconf 89' lang='lat' dir='ltr'>sanctum</span> <span class='ocrx_word' id='word_1_290' title='bbox 1368 2648 1566 2696; x_wconf 87' lang='lat' dir='ltr'>dorsum</span> <span class='ocrx_word' id='word_1_291' title='bbox 1584 2683 1596 2700; x_wconf 89' lang='lat'><strong>‚</strong></span> <span class='ocrx_word' id='word_1_292' title='bbox 1638 2657 1685 2693; x_wconf 90' lang='lat' dir='ltr'>et</span> <span class='ocrx_word' id='word_1_293' title='bbox 1721 2646 1951 2712; x_wconf 90' lang='lat' dir='ltr'>colaphos</span> <span class='ocrx_word' id='word_1_294' title='bbox 1991 2646 2226 2710; x_wconf 90' lang='lat' dir='ltr'>accipiens</span> <span class='ocrx_word' id='word_1_295' title='bbox 2261 2645 2462 2704; x_wconf 89' lang='lat' dir='ltr'>tacebit,</span> <span class='ocrx_word' id='word_1_296' title='bbox 2503 2662 2564 2692; x_wconf 92' lang='lat' dir='ltr'>ne</span> <span class='ocrx_word' id='word_1_297' title='bbox 2596 2645 2702 2710; x_wconf 91' lang='lat' dir='ltr'>quis</span> 
     </span>
     <span class='ocr_line' id='line_1_29' title="bbox 573 2726 2702 2796; baseline -0.003 -18"><span class='ocrx_word' id='word_1_298' title='bbox 573 2741 798 2796; x_wconf 89' lang='lat' dir='ltr'>agnoscat</span> <span class='ocrx_word' id='word_1_299' title='bbox 836 2730 970 2794; x_wconf 92' lang='lat' dir='ltr'>quod</span> <span class='ocrx_word' id='word_1_300' title='bbox 1003 2729 1205 2776; x_wconf 87' lang='lat' dir='ltr'>verbum</span> <span class='ocrx_word' id='word_1_301' title='bbox 1242 2729 1318 2776; x_wconf 91' lang='lat' dir='ltr'>vel</span> <span class='ocrx_word' id='word_1_302' title='bbox 1357 2728 1487 2775; x_wconf 91' lang='lat' dir='ltr'>unde</span> <span class='ocrx_word' id='word_1_303' title='bbox 1529 2727 1712 2775; x_wconf 88' lang='lat' dir='ltr'>venerit</span> <span class='ocrx_word' id='word_1_304' title='bbox 1748 2726 1909 2773; x_wconf 91' lang='lat' dir='ltr'>inferis</span> <span class='ocrx_word' id='word_1_305' title='bbox 1957 2726 2207 2790; x_wconf 90' lang='lat' dir='ltr'>loquatur,</span> <span class='ocrx_word' id='word_1_306' title='bbox 2243 2735 2289 2772; x_wconf 92' lang='lat' dir='ltr'>et</span> <span class='ocrx_word' id='word_1_307' title='bbox 2325 2726 2488 2791; x_wconf 90' lang='lat' dir='ltr'>spinea</span> <span class='ocrx_word' id='word_1_308' title='bbox 2522 2741 2702 2772; x_wconf 90' lang='lat' dir='ltr'>corona</span> 
     </span>
     <span class='ocr_line' id='line_1_30' title="bbox 573 2804 2702 2870; baseline -0.004 -10"><span class='ocrx_word' id='word_1_309' title='bbox 573 2811 919 2860; x_wconf 72' lang='lat' dir='ltr'>coronabitur8.</span> <span class='ocrx_word' id='word_1_310' title='bbox 952 2809 1021 2857; x_wconf 88' lang='lat' dir='ltr'>Ad</span> <span class='ocrx_word' id='word_1_311' title='bbox 1046 2809 1208 2856; x_wconf 92' lang='lat' dir='ltr'>cibum</span> <span class='ocrx_word' id='word_1_312' title='bbox 1238 2819 1398 2855; x_wconf 91' lang='lat' dir='ltr'>autem</span> <span class='ocrx_word' id='word_1_313' title='bbox 1429 2808 1515 2869; x_wconf 89' lang='lat' dir='ltr'>fel,</span> <span class='ocrx_word' id='word_1_314' title='bbox 1543 2818 1590 2855; x_wconf 91' lang='lat' dir='ltr'>et</span> <span class='ocrx_word' id='word_1_315' title='bbox 1614 2807 1676 2855; x_wconf 93' lang='lat' dir='ltr'>ad</span> <span class='ocrx_word' id='word_1_316' title='bbox 1703 2807 1829 2854; x_wconf 90' lang='lat' dir='ltr'>sitim</span> <span class='ocrx_word' id='word_1_317' title='bbox 1861 2816 2049 2854; x_wconf 88' lang='lat' dir='ltr'>acetum</span> <span class='ocrx_word' id='word_1_318' title='bbox 2083 2805 2334 2853; x_wconf 87' lang='lat' dir='ltr'>dederunt.</span> <span class='ocrx_word' id='word_1_319' title='bbox 2371 2809 2423 2852; x_wconf 93' lang='lat' dir='ltr'>In</span> <span class='ocrx_word' id='word_1_320' title='bbox 2450 2804 2702 2870; x_wconf 90' lang='lat' dir='ltr'>hospitali-</span> 
     </span>
     <span class='ocr_line' id='line_1_31' title="bbox 574 2887 2700 2953; baseline -0.004 -12"><span class='ocrx_word' id='word_1_321' title='bbox 574 2903 719 2941; x_wconf 89' lang='lat' dir='ltr'>tatem</span> <span class='ocrx_word' id='word_1_322' title='bbox 742 2893 868 2940; x_wconf 91' lang='lat' dir='ltr'>hanc</span> <span class='ocrx_word' id='word_1_323' title='bbox 894 2890 1230 2939; x_wconf 88' lang='lat' dir='ltr'>monstrabunt</span> <span class='ocrx_word' id='word_1_324' title='bbox 1258 2905 1491 2937; x_wconf 85' lang='lat' dir='ltr'>mensam.</span> <span class='ocrx_word' id='word_1_325' title='bbox 1523 2892 1630 2953; x_wconf 94' lang='lat' dir='ltr'>Ipsa</span> <span class='ocrx_word' id='word_1_326' title='bbox 1654 2888 1781 2935; x_wconf 90' lang='lat' dir='ltr'>enim</span> <span class='ocrx_word' id='word_1_327' title='bbox 1809 2887 2036 2952; x_wconf 87' lang='lat' dir='ltr'>insipiens</span> <span class='ocrx_word' id='word_1_328' title='bbox 2068 2903 2210 2951; x_wconf 84' lang='lat' dir='ltr'>gens,</span> <span class='ocrx_word' id='word_1_329' title='bbox 2246 2897 2380 2933; x_wconf 90' lang='lat' dir='ltr'>tuum</span> <span class='ocrx_word' id='word_1_330' title='bbox 2412 2889 2567 2933; x_wconf 87' lang='lat' dir='ltr'>Deum</span> <span class='ocrx_word' id='word_1_331' title='bbox 2601 2902 2700 2933; x_wconf 90' lang='lat' dir='ltr'>non</span> 
     </span>
     <span class='ocr_line' id='line_1_32' title="bbox 574 2966 2695 3033; baseline -0.004 -13"><span class='ocrx_word' id='word_1_332' title='bbox 574 2974 843 3022; x_wconf 85' lang='lat' dir='ltr'>intellexisti</span> <span class='ocrx_word' id='word_1_333' title='bbox 866 2971 1163 3019; x_wconf 88' lang='lat' dir='ltr'>laudandum</span> <span class='ocrx_word' id='word_1_334' title='bbox 1187 2970 1462 3018; x_wconf 87' lang='lat' dir='ltr'>mortalium</span> <span class='ocrx_word' id='word_1_335' title='bbox 1492 2968 1732 3015; x_wconf 88' lang='lat' dir='ltr'>mentibus</span> <span class='ocrx_word' id='word_1_336' title='bbox 1749 3005 1761 3028; x_wconf 90' lang='lat'>,</span> <span class='ocrx_word' id='word_1_337' title='bbox 1796 2967 1881 3015; x_wconf 88' lang='lat' dir='ltr'>sed</span> <span class='ocrx_word' id='word_1_338' title='bbox 1908 2968 2054 3033; x_wconf 89' lang='lat' dir='ltr'>spinis</span> <span class='ocrx_word' id='word_1_339' title='bbox 2080 2967 2341 3026; x_wconf 87' lang='lat' dir='ltr'>coronasti,</span> <span class='ocrx_word' id='word_1_340' title='bbox 2365 2966 2425 3014; x_wconf 88' lang='lat' dir='ltr'>fel</span> <span class='ocrx_word' id='word_1_341' title='bbox 2450 2966 2695 3014; x_wconf 90' lang='lat' dir='ltr'>miscuisti.</span> 
     </span>
     <span class='ocr_line' id='line_1_33' title="bbox 573 3047 2696 3120; baseline -0.004 -19"><span class='ocrx_word' id='word_1_342' title='bbox 573 3055 755 3120; x_wconf 91' lang='lat' dir='ltr'>Templi</span> <span class='ocrx_word' id='word_1_343' title='bbox 787 3054 948 3108; x_wconf 85' lang='lat' dir='ltr'>velum</span> <span class='ocrx_word' id='word_1_344' title='bbox 979 3052 1246 3111; x_wconf 89' lang='lat' dir='ltr'>scindetur,</span> <span class='ocrx_word' id='word_1_345' title='bbox 1287 3061 1334 3098; x_wconf 92' lang='lat' dir='ltr'>et</span> <span class='ocrx_word' id='word_1_346' title='bbox 1370 3051 1419 3097; x_wconf 92' lang='lat' dir='ltr'>in</span> <span class='ocrx_word' id='word_1_347' title='bbox 1451 3049 1612 3097; x_wconf 90' lang='lat' dir='ltr'>medio</span> <span class='ocrx_word' id='word_1_348' title='bbox 1638 3049 1716 3096; x_wconf 93' lang='lat' dir='ltr'>die</span> <span class='ocrx_word' id='word_1_349' title='bbox 1751 3065 1847 3095; x_wconf 88' lang='lat' dir='ltr'>nox</span> <span class='ocrx_word' id='word_1_350' title='bbox 1878 3048 1967 3095; x_wconf 88' lang='lat' dir='ltr'>erit</span> <span class='ocrx_word' id='word_1_351' title='bbox 1999 3047 2151 3094; x_wconf 91' lang='lat' dir='ltr'>tribus</span> <span class='ocrx_word' id='word_1_352' title='bbox 2173 3047 2325 3105; x_wconf 86' lang='lat' dir='ltr'>horis,</span> <span class='ocrx_word' id='word_1_353' title='bbox 2363 3057 2410 3094; x_wconf 90' lang='lat' dir='ltr'>et</span> <span class='ocrx_word' id='word_1_354' title='bbox 2440 3047 2696 3106; x_wconf 88' lang='lat' dir='ltr'>morietur,</span> 
     </span>
     <span class='ocr_line' id='line_1_34' title="bbox 575 3127 2696 3196; baseline -0.005 -13"><span class='ocrx_word' id='word_1_355' title='bbox 575 3135 724 3182; x_wconf 87' lang='lat' dir='ltr'>tribus</span> <span class='ocrx_word' id='word_1_356' title='bbox 750 3135 919 3182; x_wconf 89' lang='lat' dir='ltr'>diebus</span> <span class='ocrx_word' id='word_1_357' title='bbox 955 3150 1128 3181; x_wconf 90' lang='lat' dir='ltr'>somno</span> <span class='ocrx_word' id='word_1_358' title='bbox 1165 3141 1414 3196; x_wconf 88' lang='lat' dir='ltr'>suscept0‚</span> <span class='ocrx_word' id='word_1_359' title='bbox 1453 3140 1501 3178; x_wconf 89' lang='lat' dir='ltr'>et</span> <span class='ocrx_word' id='word_1_360' title='bbox 1531 3140 1646 3177; x_wconf 90' lang='lat' dir='ltr'>tunc</span> <span class='ocrx_word' id='word_1_361' title='bbox 1676 3128 1737 3176; x_wconf 86' lang='lat' dir='ltr'>ab</span> <span class='ocrx_word' id='word_1_362' title='bbox 1769 3129 1929 3176; x_wconf 87' lang='lat' dir='ltr'>inferis</span> <span class='ocrx_word' id='word_1_363' title='bbox 1958 3144 2197 3193; x_wconf 87' lang='lat' dir='ltr'>regressus</span> <span class='ocrx_word' id='word_1_364' title='bbox 2228 3127 2290 3174; x_wconf 89' lang='lat' dir='ltr'>ad</span> <span class='ocrx_word' id='word_1_365' title='bbox 2323 3127 2480 3175; x_wconf 89' lang='lat' dir='ltr'>lucem</span> <span class='ocrx_word' id='word_1_366' title='bbox 2509 3127 2696 3184; x_wconf 89' lang='lat' dir='ltr'>veniet,</span> 
     </span>
     <span class='ocr_line' id='line_1_35' title="bbox 573 3199 2700 3279; baseline -0.003 -17"><span class='ocrx_word' id='word_1_367' title='bbox 573 3215 756 3279; x_wconf 90' lang='lat' dir='ltr'>primus</span> <span class='ocrx_word' id='word_1_368' title='bbox 786 3214 1142 3262; x_wconf 88' lang='lat' dir='ltr'>resurrectionis</span> <span class='ocrx_word' id='word_1_369' title='bbox 1166 3212 1402 3279; x_wconf 90' lang='lat' dir='ltr'>principio</span> <span class='ocrx_word' id='word_1_370' title='bbox 1434 3220 1664 3259; x_wconf 90' lang='lat' dir='ltr'>ostensus.</span> <span class='ocrx_word' id='word_1_371' title='bbox 1694 3230 1717 3255; x_wconf 74' lang='lat' dir='ltr'>&gt;J</span> <span class='ocrx_word' id='word_1_372' title='bbox 1753 3213 1856 3258; x_wconf 91' lang='lat' dir='ltr'>Hoc</span> <span class='ocrx_word' id='word_1_373' title='bbox 1873 3210 2088 3275; x_wconf 88' lang='lat' dir='ltr'>profecto</span> <span class='ocrx_word' id='word_1_374' title='bbox 2114 3199 2290 3273; x_wconf 79' lang='lat' dir='ltr'>si&#39;byllae</span> <span class='ocrx_word' id='word_1_375' title='bbox 2316 3208 2591 3256; x_wconf 83' lang='lat' dir='ltr'>vaticinium</span> <span class='ocrx_word' id='word_1_376' title='bbox 2608 3244 2620 3268; x_wconf 89' lang='lat'>,</span> <span class='ocrx_word' id='word_1_377' title='bbox 2649 3209 2700 3255; x_wconf 92' lang='lat' dir='ltr'>ni</span> 
     </span>
    </p>
   </div>
   <div class='ocr_carea' id='block_1_5' title="bbox 570 3350 2699 3568">
    <p class='ocr_par' dir='ltr' id='par_1_5' title="bbox 570 3350 2699 3568">
     <span class='ocr_line' id='line_1_36' title="bbox 619 3350 2695 3398; baseline -0.003 -8"><span class='ocrx_word' id='word_1_378' title='bbox 619 3356 630 3373; x_wconf 82' lang='lat'><strong>⁴</strong></span> <span class='ocrx_word' id='word_1_379' title='bbox 652 3357 801 3398; x_wconf 76' lang='lat' dir='ltr'>Exposit.</span> <span class='ocrx_word' id='word_1_380' title='bbox 818 3356 914 3389; x_wconf 78' lang='lat' dir='ltr'>Isaioe</span> <span class='ocrx_word' id='word_1_381' title='bbox 924 3356 1091 3397; x_wconf 66' lang='lat' dir='ltr'>prophetoe</span> <span class='ocrx_word' id='word_1_382' title='bbox 1099 3359 1201 3398; x_wconf 86' lang='lat' dir='ltr'>prol.‚</span> <span class='ocrx_word' id='word_1_383' title='bbox 1219 3357 1301 3397; x_wconf 81' lang='lat' dir='ltr'>opp.</span> <span class='ocrx_word' id='word_1_384' title='bbox 1316 3362 1339 3388; x_wconf 89' lang='lat' dir='ltr'>t.</span> <span class='ocrx_word' id='word_1_385' title='bbox 1360 3354 1430 3396; x_wconf 87' lang='lat'>111,</span> <span class='ocrx_word' id='word_1_386' title='bbox 1446 3354 1509 3388; x_wconf 86' lang='lat' dir='ltr'>col.</span> <span class='ocrx_word' id='word_1_387' title='bbox 1529 3355 1561 3386; x_wconf 85' lang='lat' dir='ltr'>l.</span> <span class='ocrx_word' id='word_1_388' title='bbox 1571 3371 1612 3378; x_wconf 90' lang='lat'><em>-</em></span> <span class='ocrx_word' id='word_1_389' title='bbox 1656 3353 1715 3378; x_wconf 77' lang='lat'>—⁴</span> <span class='ocrx_word' id='word_1_390' title='bbox 1724 3354 1814 3394; x_wconf 64' lang='lat' dir='ltr'>lsai„</span> <span class='ocrx_word' id='word_1_391' title='bbox 1827 3363 1900 3397; x_wconf 87' lang='lat' dir='ltr'>cap.</span> <span class='ocrx_word' id='word_1_392' title='bbox 1914 3364 1961 3393; x_wconf 78' lang='lat' dir='ltr'>ix,</span> <span class='ocrx_word' id='word_1_393' title='bbox 1973 3363 2004 3386; x_wconf 86' lang='lat' dir='ltr'>v.</span> <span class='ocrx_word' id='word_1_394' title='bbox 2019 3351 2112 3385; x_wconf 77' lang='lat'>6.-⁸</span> <span class='ocrx_word' id='word_1_395' title='bbox 2124 3352 2207 3394; x_wconf 88' lang='lat' dir='ltr'>Cap.</span> <span class='ocrx_word' id='word_1_396' title='bbox 2219 3362 2314 3392; x_wconf 82' lang='lat' dir='ltr'>xxm,</span> <span class='ocrx_word' id='word_1_397' title='bbox 2327 3352 2408 3393; x_wconf 83' lang='lat' dir='ltr'>Opp.</span> <span class='ocrx_word' id='word_1_398' title='bbox 2421 3358 2444 3384; x_wconf 88' lang='lat' dir='ltr'>t.</span> <span class='ocrx_word' id='word_1_399' title='bbox 2459 3350 2603 3392; x_wconf 77' lang='lat' dir='ltr'>v11,001.</span> <span class='ocrx_word' id='word_1_400' title='bbox 2619 3351 2695 3383; x_wconf 79' lang='lat'>504.</span> 
     </span>
     <span class='ocr_line' id='line_1_37' title="bbox 573 3406 2699 3456; baseline -0.003 -10"><span class='ocrx_word' id='word_1_401' title='bbox 573 3413 586 3429; x_wconf 85' lang='lat'><strong>’</strong></span> <span class='ocrx_word' id='word_1_402' title='bbox 609 3415 766 3446; x_wconf 74' lang='lat' dir='ltr'>Adversus</span> <span class='ocrx_word' id='word_1_403' title='bbox 787 3414 814 3446; x_wconf 84' lang='lat' dir='ltr'><em>V</em></span> <span class='ocrx_word' id='word_1_404' title='bbox 829 3414 994 3451; x_wconf 78' lang='lat' dir='ltr'>Haereses,</span> <span class='ocrx_word' id='word_1_405' title='bbox 1017 3422 1092 3456; x_wconf 87' lang='lat' dir='ltr'>cap.</span> <span class='ocrx_word' id='word_1_406' title='bbox 1110 3424 1163 3455; x_wconf 89' lang='grc'>111,</span> <span class='ocrx_word' id='word_1_407' title='bbox 1183 3413 1264 3454; x_wconf 84' lang='lat' dir='ltr'>Opp.</span> <span class='ocrx_word' id='word_1_408' title='bbox 1283 3418 1308 3445; x_wconf 84' lang='lat' dir='ltr'>t.</span> <span class='ocrx_word' id='word_1_409' title='bbox 1322 3411 1418 3452; x_wconf 83' lang='lat' dir='ltr'>vlu,</span> <span class='ocrx_word' id='word_1_410' title='bbox 1435 3411 1469 3444; x_wconf 90' lang='lat' dir='ltr'>in</span> <span class='ocrx_word' id='word_1_411' title='bbox 1486 3421 1613 3454; x_wconf 86' lang='lat' dir='ltr'>appen-</span> <span class='ocrx_word' id='word_1_412' title='bbox 1657 3427 1701 3436; x_wconf 89' lang='lat'>-</span> <span class='ocrx_word' id='word_1_413' title='bbox 1714 3410 1728 3428; x_wconf 77' lang='lat'>⁶</span> <span class='ocrx_word' id='word_1_414' title='bbox 1746 3411 1851 3443; x_wconf 84' lang='lat' dir='ltr'>Instit.</span> <span class='ocrx_word' id='word_1_415' title='bbox 1878 3412 1992 3449; x_wconf 65' lang='lat' dir='ltr'>divin„</span> <span class='ocrx_word' id='word_1_416' title='bbox 2017 3408 2075 3442; x_wconf 87' lang='lat' dir='ltr'>lib.</span> <span class='ocrx_word' id='word_1_417' title='bbox 2101 3407 2158 3449; x_wconf 84' lang='lat' dir='ltr'>lv,</span> <span class='ocrx_word' id='word_1_418' title='bbox 2182 3418 2257 3451; x_wconf 86' lang='lat' dir='ltr'>cap.</span> <span class='ocrx_word' id='word_1_419' title='bbox 2281 3419 2370 3441; x_wconf 77' lang='lat' dir='ltr'>xvut.</span> <span class='ocrx_word' id='word_1_420' title='bbox 2391 3423 2437 3433; x_wconf 88' lang='lat'>·-</span> <span class='ocrx_word' id='word_1_421' title='bbox 2451 3407 2463 3426; x_wconf 86' lang='lat'>&#39;¹</span> <span class='ocrx_word' id='word_1_422' title='bbox 2484 3408 2611 3450; x_wconf 73' lang='lat' dir='ltr'>[mpura</span> <span class='ocrx_word' id='word_1_423' title='bbox 2628 3406 2699 3439; x_wconf 75' lang='lat' dir='ltr'>MS.</span> 
     </span>
     <span class='ocr_line' id='line_1_38' title="bbox 572 3465 2086 3513; baseline -0.003 -10"><span class='ocrx_word' id='word_1_424' title='bbox 572 3470 646 3504; x_wconf 86' lang='lat' dir='ltr'>dice</span> <span class='ocrx_word' id='word_1_425' title='bbox 658 3495 667 3510; x_wconf 87' lang='lat'>,</span> <span class='ocrx_word' id='word_1_426' title='bbox 683 3470 748 3503; x_wconf 90' lang='lat' dir='ltr'>col.</span> <span class='ocrx_word' id='word_1_427' title='bbox 766 3471 798 3502; x_wconf 88' lang='grc'>3.</span> <span class='ocrx_word' id='word_1_428' title='bbox 812 3470 913 3510; x_wconf 87' lang='lat' dir='ltr'>Quem</span> <span class='ocrx_word' id='word_1_429' title='bbox 927 3470 1046 3503; x_wconf 85' lang='lat' dir='ltr'>librum</span> <span class='ocrx_word' id='word_1_430' title='bbox 1060 3469 1238 3513; x_wconf 83' lang='lat' dir='ltr'>Augustino</span> <span class='ocrx_word' id='word_1_431' title='bbox 1254 3469 1335 3503; x_wconf 85' lang='lat' dir='ltr'>falso</span> <span class='ocrx_word' id='word_1_432' title='bbox 1347 3468 1447 3502; x_wconf 83' lang='lat' dir='ltr'>&#39;tribui</span> <span class='ocrx_word' id='word_1_433' title='bbox 1461 3468 1612 3502; x_wconf 85' lang='lat' dir='ltr'>monaehi</span> <span class='ocrx_word' id='word_1_434' title='bbox 1659 3466 1754 3501; x_wconf 81' lang='lat' dir='ltr'>Amb.</span> <span class='ocrx_word' id='word_1_435' title='bbox 1767 3483 1811 3492; x_wconf 90' lang='lat'>·—</span> <span class='ocrx_word' id='word_1_436' title='bbox 1823 3466 1837 3484; x_wconf 84' lang='lat'>⁸</span> <span class='ocrx_word' id='word_1_437' title='bbox 1854 3467 2034 3500; x_wconf 83' lang='lat' dir='ltr'>Coronatur</span> <span class='ocrx_word' id='word_1_438' title='bbox 2048 3465 2086 3498; x_wconf 88' lang='lat' dir='ltr'>D.</span> 
     </span>
     <span class='ocr_line' id='line_1_39' title="bbox 570 3524 1610 3568; baseline -0.004 -6"><span class='ocrx_word' id='word_1_439' title='bbox 570 3527 694 3563; x_wconf 81' lang='lat' dir='ltr'>ordinis</span> <span class='ocrx_word' id='word_1_440' title='bbox 706 3527 816 3561; x_wconf 82' lang='lat' dir='ltr'>Sancti</span> <span class='ocrx_word' id='word_1_441' title='bbox 824 3526 988 3561; x_wconf 83' lang='lat' dir='ltr'>Benedicti</span> <span class='ocrx_word' id='word_1_442' title='bbox 1002 3526 1147 3560; x_wconf 85' lang='lat' dir='ltr'>arbitrati</span> <span class='ocrx_word' id='word_1_443' title='bbox 1162 3526 1311 3560; x_wconf 82' lang='lat' dir='ltr'>sunt.—⁸</span> <span class='ocrx_word' id='word_1_444' title='bbox 1323 3527 1429 3568; x_wconf 76' lang='lat' dir='ltr'>Ipsum</span> <span class='ocrx_word' id='word_1_445' title='bbox 1439 3525 1506 3559; x_wconf 88' lang='lat' dir='ltr'>MS.</span> <span class='ocrx_word' id='word_1_446' title='bbox 1515 3524 1610 3558; x_wconf 84' lang='lat' dir='ltr'>Amb.</span> 
     </span>
    </p>
   </div>
  </div>
 </body>
</html>
