2970 4152
332 532 376 567 In
394 528 511 565 David
528 527 660 563 caritas
677 525 833 574 perfecti
850 524 1035 567 noscitur,

332 591 424 637 Quae
441 600 549 626 saevos
564 588 637 624 ¹....
657 594 695 623 et
711 586 835 622 hostes
861 583 1100 632 amplectitur
1111 608 1122 623 ,

331 650 504 699 Pepercit
522 647 624 685 Sauli
639 659 750 696 quem
765 645 908 694 planxit
924 649 1118 680 mortuum
1129 669 1140 686 ‚

334 711 455 747 Morte
472 722 559 745 mox
574 709 734 757 puniens
751 705 966 742 mendacem
985 703 1175 740 nuntium.

334 802 518 840 Hostilem
536 801 669 850 religat
684 799 895 848 praedonem
911 797 1044 833 caritas
1054 823 1064 840 ‚

336 863 413 899 Nec
427 863 499 899 erit
516 862 645 898 animae
662 872 748 896 cum
762 859 833 894 hac
850 856 1061 906 captivitas;

337 922 413 959 Ubi
429 922 609 966 defuerit,
628 920 725 957 salus
741 919 942 961 amittitur,

338 984 384 1019 Et
401 983 518 1019 nostri
536 982 697 1030 pectoris
720 980 810 1016 urbs
828 978 927 1014 hosti
944 976 1121 1013 traditur.

335 1079 496 1115 Perenni
517 1077 678 1113 Domino
690 1104 699 1122 ,
719 1082 790 1112 etc.

778 1185 923 1222 XXIV.

338 1284 450 1332 Quod
469 1290 552 1319 aetas
568 1281 689 1318 saeculi
709 1281 841 1331 quinta
862 1278 1099 1328 perducitur,

338 1342 395 1381 Ad
415 1343 556 1380 Christi
572 1349 743 1391 tempora
761 1353 782 1377 a
800 1339 928 1376 multis
950 1338 1133 1382 traditur,

339 1405 384 1440 In
401 1402 532 1440 mundi
548 1403 651 1439 senio
668 1413 784 1438 novus
801 1399 847 1437 ad
864 1406 1038 1443 veterem,

340 1464 395 1500 Ut
411 1476 498 1500 eum
516 1468 668 1500 renovet
679 1490 689 1507 ‚
710 1462 842 1498 missus
855 1467 912 1497 est
926 1460 1132 1496 hominem.

342 1558 538 1595 Deiectum
558 1557 694 1592 virium
709 1562 880 1593 senectus
895 1555 1057 1604 patitur,

343 1618 392 1655 Et
406 1617 539 1655 mundi
556 1617 700 1654 senium
717 1616 790 1652 hoc
808 1622 908 1651 recte
930 1613 1090 1657 dicitur,

344 1679 387 1715 In
407 1690 483 1728 quo
501 1677 694 1714 consulere
710 1676 828 1712 virtus
841 1674 1019 1711 Altissimi

344 1740 534 1791 Bonorum
552 1738 722 1775 omnium
739 1737 840 1773 venit
862 1735 1040 1772 defectui.

345 1836 428 1871 Jam
451 1834 680 1882 praeterierat
704 1838 852 1880 patrum
870 1829 1025 1878 religio,

345 1895 541 1943 Prophetae
557 1892 730 1939 deerant,
753 1891 892 1928 defecit
909 1889 1055 1929 unctio.

348 1957 476 2004 Quum
495 1956 598 1991 hunc
617 1953 821 2002 injunxerit
838 1952 962 1988 divina
981 1950 1115 1999 gratia,

348 2018 422 2064 Qui
441 2015 658 2065 spiritaliter
676 2020 859 2051 restauret
878 2012 1015 2049 omnia.

349 2111 508 2147 Perenni
525 2110 688 2147 Domino
701 2136 712 2156 ‚
729 2115 800 2145 etc.

801 2225 926 2262 XXV.

351 2325 404 2361 Ex
419 2325 525 2374 aquis
541 2322 655 2359 hodie
671 2322 834 2358 viventes
853 2320 994 2356 animas

351 2383 512 2420 Produci
529 2382 658 2419 docuit
675 2381 876 2430 Scripturae
893 2380 1044 2425 veritas,

352 2444 452 2490 Quia
470 2441 704 2490 baptismatis
720 2439 871 2476 absente
886 2438 1031 2475 lavacro

352 2503 502 2539 Morum
522 2514 597 2538 non
618 2500 752 2538 sufficit
772 2500 1027 2537 catechizatio.

354 2588 427 2624 Hic
444 2593 562 2623 mater
580 2586 698 2635 gratia
717 2585 849 2634 sepelit
866 2592 1026 2621 veterem
1041 2612 1050 2629 ,

355 2648 453 2684 Hinc
474 2658 611 2683 novum
629 2646 690 2694 pia
706 2644 810 2694 plebs
830 2643 983 2693 suscipit
1004 2643 1193 2680 hominem
1210 2671 1219 2688 ,

355 2709 431 2755 Qui
447 2712 718 2744 sacramentum
733 2705 807 2741 hoc
823 2704 988 2753 primum
1003 2703 1194 2747 exhibuit,

356 2767 569 2805 Adventum
594 2766 744 2804 Domini
763 2766 924 2815 Baptista
943 2764 1131 2813 praevenit.

357 2858 402 2893 In
419 2857 558 2906 quintae
576 2854 741 2891 mittitur
757 2854 871 2890 aetatis
888 2860 1076 2901 tempore,

358 2917 507 2964 Quintae
528 2915 747 2964 mysterium
771 2914 836 2964 qui
862 2912 999 2962 pandat
1018 2913 1131 2950 feriae.

359 2977 435 3024 Qui
453 2976 536 3013 finis
551 2982 719 3012 veterum
736 2985 829 3010 nova
845 2973 910 3010 dat
924 2972 1066 3009 lavacra
1080 3000 1090 3017 ‚

358 3037 473 3084 Quasi
491 3035 715 3085 produceret
732 3034 821 3071 hinc
844 3034 1061 3070 animantia.

359 3124 519 3161 Perenni
535 3123 698 3160 Domino
707 3151 716 3168 ‚
737 3129 808 3159 etc.

800 3236 933 3274 XXVI
941 3266 947 3271 .

362 3326 471 3363 Sexta
486 3331 563 3361 tam
578 3324 778 3361 hominum
798 3330 882 3360 aetas
898 3335 1009 3372 quam
1029 3329 1244 3370 temporum

362 3385 460 3422 Meta
479 3384 535 3421 vel
555 3383 639 3420 finis
656 3391 711 3421 est
727 3390 874 3421 aetatum
892 3383 1080 3426 omnium,

1249 423 1532 472 CARMINA.
2359 417 2453 465 305

1420 519 1524 555 Finis
1542 518 1736 567 perficiens
1754 518 1939 554 honorum
1957 515 2131 552 Christus
2147 522 2215 558 est,

1421 580 1545 616 AEtate
1559 578 1680 616 saeculi
1697 585 1797 615 sexta
1814 577 1880 627 qui
1898 588 2025 625 passus
2041 582 2111 612 est.

1418 675 1540 722 Ipsius
1555 673 1676 722 passio
1688 701 1698 717 ,
1717 679 1842 708 nostra
1858 670 2084 718 redemptio,

1420 735 1610 772 Bonorum
1627 740 1684 769 est
1706 733 1876 769 omnium
1893 737 1932 767 et
1946 730 2263 772 consummati023

1421 794 1558 832 Salutis
1573 800 1704 830 caetera
1719 800 1807 829 sunt
1823 790 2049 828 adminicula
2061 818 2071 835 ,

1423 855 1510 891 Haec
1528 861 1584 891 est
1598 852 1799 902 completio
1819 851 1947 888 salutis
1964 849 2099 886 hostia.

1426 951 1506 987 Hac
1523 950 1584 986 die
1598 949 1772 986 conditus
1789 949 1905 984 homo
1920 959 1959 983 se
1976 945 2141 995 perdidit
2155 960 2164 990 ;

1426 1010 1565 1047 Eadem
1584 1009 1758 1046 conditor
1775 1009 1899 1057 ipsum
1919 1006 2100 1052 restituit,

1425 1069 1586 1118 Propter
1600 1081 1711 1119 quem
1731 1068 1882 1105 subiens
1899 1066 2022 1103 crucis
2037 1063 2276 1113 suspendium
2287 1089 2298 1107 ,

1428 1130 1483 1167 Ut
1498 1143 1644 1167 servum
1662 1129 1841 1173 redimat,
1861 1139 1900 1164 se
1916 1125 2022 1163 dedit
2037 1126 2215 1174 pretinm.

1428 1225 1485 1261 De
1501 1231 1600 1261 costa
1617 1224 1686 1260 viri
1707 1223 1750 1259 fit
1764 1222 1875 1271 sopiti
1898 1221 2050 1258 femina.

1429 1285 1505 1322 Ubi
1522 1284 1716 1330 Christus,
1737 1294 1870 1332 sponsa
1893 1281 1973 1330 ejus
1990 1287 2047 1316 est
2064 1278 2225 1315 Ecclesia
2238 1276 2273 1320 ³3

1429 1346 1532 1382 Mors
1547 1345 1690 1382 Christi
1705 1355 1819 1392 sopor
1834 1349 1890 1379 est
1901 1370 1912 1388 ,
1932 1340 1980 1378 de
1997 1339 2103 1388 cujus
2120 1338 2233 1374 latere

1430 1406 1508 1442 Nos
1529 1405 1687 1442 mundat
1710 1403 1888 1453 prodiens
1903 1413 1998 1452 aqua
2016 1412 2101 1437 cum
2121 1398 2312 1447 sanguine.

1431 1499 1501 1535 Rei
1519 1497 1720 1547 cujuslibet
1738 1497 1819 1545 ejus
1836 1496 2035 1545 imaginem

1432 1560 1651 1608 Expressam
1670 1558 1831 1594 dicimus
1849 1554 2133 1593 similitudinem
2150 1569 2159 1597 ;

1433 1620 1547 1668 Quod
1564 1632 1652 1657 vero
1673 1617 1879 1669 quamlibet
1896 1629 1976 1653 rem
1996 1627 2133 1652 munus
2152 1611 2328 1661 exprimit
2340 1639 2349 1655 ‚

1434 1680 1701 1719 Similitudinis
1718 1690 1857 1715 nomen
1875 1689 1950 1713 non
1966 1675 2119 1724 refugit.

1435 1776 1573 1813 Virum
1591 1782 1630 1811 et
1643 1774 1789 1811 feminae
1805 1783 1959 1822 praeesse
1977 1771 2160 1813 novimus,

1433 1837 1523 1885 Ejus
1542 1835 1588 1871 de
1604 1846 1761 1883 corpore
1785 1845 1898 1883 quam
1921 1831 2079 1880 sumpsit
2097 1829 2293 1865 Dominus.

1434 1897 1534 1932 llinc
1550 1895 1620 1931 Dei
1644 1893 1806 1930 dicimus
1823 1893 1944 1929 virum
1963 1891 2166 1939 imaginem

1437 1956 1604 2005 Ejusque
1619 1954 1797 1991 seminam
1818 1950 2119 1990 similitudinem.

1437 2052 1524 2098 Quo
1539 2061 1675 2098 nempe
1691 2048 1811 2095 major
1826 2054 1883 2084 est
1897 2045 1967 2083 viri
1985 2044 2212 2086 sublimitas,

1436 2113 1562 2159 Atque
1576 2108 1753 2158 potentiae
1766 2105 1943 2156 praecellit
1958 2104 2123 2154 dignitas
2136 2132 2145 2146 ,

1437 2172 1491 2208 Eo
1507 2171 1563 2207 vir
1578 2168 1738 2218 amplius
1760 2175 1816 2205 est
1834 2168 1914 2204 Deo
1931 2165 2064 2203 similis
2078 2192 2089 2209 ‚

1437 2232 1566 2278 Quum
1584 2231 1681 2267 hanc
1699 2236 1737 2266 et
1753 2229 1849 2266 ratio
1866 2232 2055 2278 praeponat
2072 2224 2227 2262 caeteris.

1436 2325 1598 2362 Perenni
1617 2324 1780 2360 Domino
1791 2350 1801 2367 ,
1820 2328 1892 2359 etc.

1874 2441 2041 2479 XXVII.

1441 2544 1569 2580 Finem
1591 2554 1632 2578 ac
1652 2539 1820 2589 requiem
1836 2536 2008 2573 laborum
2025 2534 2195 2571 omnium

1442 2601 1691 2639 Beatitudinis
1707 2597 1870 2647 imponit
1885 2595 2099 2633 brachium.

1443 2663 1501 2700 Ad
1523 2663 1620 2699 hanc
1639 2659 1872 2710 pertingitur
1890 2669 1958 2706 per
1971 2653 2234 2705 praecedentia,

1444 2724 1535 2770 Quae
1553 2734 1614 2758 sex
1634 2718 1846 2769 significant
1863 2716 2012 2753 dierum
2030 2726 2156 2764 opera.

1446 2823 1573 2867 Fides,
1593 2832 1674 2870 spes
1689 2819 1753 2856 illa
1770 2824 1876 2862 sunt,
1895 2817 2029 2861 timor,
2047 2813 2219 2857 dilectio,

1445 2882 1622 2932 Baptismi
1646 2879 1764 2929 gratia
1781 2877 2000 2926 Christique
2014 2874 2148 2924 passio.

1446 2943 1569 2991 Hujus
1586 2940 1721 2978 senarii
1740 2938 1858 2976 beatis
1882 2934 2059 2987 gradibus

1449 3001 1696 3040 Beatitudinis
1713 2997 1880 3036 succedit
1897 2996 2035 3034 aditus.

1445 3105 1517 3140 Per
1534 3101 1670 3152 gradus
1688 3098 1854 3148 singulos
1873 3095 1995 3133 deduc
2013 3105 2096 3139 nos,
2121 3091 2300 3135 Domine,

1447 3165 1500 3201 Ut
1515 3169 1655 3213 queant
1673 3160 1838 3198 membra
1855 3165 1892 3195 te
1907 3162 2021 3206 caput
2042 3152 2286 3203 apprendere,

1447 3228 1492 3263 In
1506 3226 1583 3262 veri
1601 3222 1743 3260 sabbati
1760 3219 1917 3270 perenni
1936 3217 2072 3268 gloria,

1450 3286 1568 3334 Cujus
1585 3288 1809 3332 exsuperant
1824 3291 1936 3318 omne
1952 3290 2017 3316 cor
2035 3275 2182 3326 gaudia.

1451 3379 1612 3417 Perenni
1628 3377 1790 3415 Domino
1800 3404 1810 3421 ‚
1832 3381 1905 3412 etc.

411 3519 420 3535 ¹
445 3519 504 3553 llic
523 3519 656 3554 verbum
670 3519 832 3563 quoddam
847 3517 978 3553 excidit.
1001 3536 1036 3542 -
1062 3516 1075 3534 ¹
1097 3517 1151 3550 Sic
1167 3516 1251 3550 eod.
1265 3533 1287 3541 -
1304 3516 1361 3548 Est
1380 3514 1555 3549 delendum
1569 3522 1641 3546 esse
1659 3511 1798 3545 videtur.
1814 3527 1852 3534 s·
1875 3509 1888 3526 ⁸
1910 3508 1963 3543 Sic
1981 3507 2063 3541 Cod.
2083 3507 2181 3541 Brux.

551 3589 565 3619 1

2253 3566 2306 3606 39
