2970 4152
543 388 637 434 550
1343 385 1514 431 PETRI
1549 385 1859 433 ABAELARDI

541 481 672 528 ribus
694 480 912 527 debuerit
929 478 1129 541 erogari,
1147 486 1220 523 tot
1231 493 1465 542 pauperes
1486 488 1540 525 ut
1560 470 1804 526 homicida
1816 480 2055 544 peremit¹‚
2073 496 2194 542 quos
2204 491 2468 529 sustentare
2480 484 2653 547 potuit.

544 560 679 607 Unde
703 561 1019 621 Hieronymus
1042 559 1092 602 in
1117 557 1380 620 Epistolam
1403 558 1550 604 Pauli
1566 558 1635 604 ad
1648 562 1886 605 Romanos
1905 577 1915 604 :
1945 578 1968 603 «
1990 561 2110 604 Nam
2131 559 2170 606 si
2191 559 2363 606 viderit
2383 561 2517 607 illum
2534 562 2658 609 fame

539 639 818 704 periclitari,
841 654 1006 684 nonne
1028 637 1127 701 ipse
1150 636 1286 683 illum
1312 637 1512 696 occidit,
1545 639 1584 685 si
1599 638 1678 684 *illi
1700 655 1851 702 quum
1873 638 2008 684 affuit
2030 654 2129 684 non
2152 638 2286 686 dedit
2307 640 2514 687 victum?
2540 642 2657 698 Qui-

539 734 728 781 cunque
751 717 881 769 enim
902 717 951 762 in
969 716 1247 763 necessitate
1268 733 1543 763 succurrere
1565 717 1808 764 morituris
1827 726 2002 781 potest,
2027 717 2067 763 si
2088 734 2189 763 non
2213 717 2392 777 fecerit,
2418 718 2610 766 occidit.
2633 739 2656 763 »
2713 737 2715 741 ¹

540 797 826 859 Augustinus
848 806 1014 842 contra
1041 799 1268 842 Faustum
1302 814 1312 842 ε
1343 815 1366 840 «
1391 799 1554 860 Itaque
1584 798 1624 843 si
1658 811 1880 842 occurras
1909 796 1958 842 in
1989 813 2100 842 eum
2130 796 2401 843 famelicum
2427 798 2510 861 qui
2537 800 2660 846 mori

540 877 726 940 possit,¹
740 876 831 922 nisi
854 875 1017 923 cibum
1044 875 1337 940 porrigendo
1359 876 1636 935 subvenias,
1658 877 1758 939 jam
1779 885 1832 922 tu
1853 875 2098 923 homicida
2114 877 2351 924 teneberis
2373 877 2475 941 lege
2496 878 2602 937 Dei,
2620 879 2661 925 si

542 973 641 1002 non
665 956 871 1002 dederis.
893 975 916 999 »
942 959 1038 1003 Leo
1060 972 1185 1020 papa
1201 956 1250 1002 in
1273 958 1499 1002 Sermone
1518 955 1718 1002 secando
1739 954 1988 1002 domc‘mboe
2015 955 2425 1022 Quadragesimoe’
2445 975 2454 1003 :
2485 976 2507 1002 «
2524 957 2663 1015 Quis-

541 1036 647 1098 quis
663 1036 792 1082 enim
814 1035 1057 1100 pascendo
1074 1035 1322 1082 hominem
1344 1052 1531 1083 servare
1547 1035 1744 1100 poteris,
1769 1036 1809 1082 si
1830 1052 1930 1082 non
1949 1036 2154 1100 paveris,
2177 1036 2410 1083 occidisti.
2433 1055 2457 1080 »
2483 1035 2663 1083 Nobilis

542 1134 736 1181 quoque
758 1116 944 1180 gentilis
965 1118 1168 1175 Seneca,
1194 1126 1241 1162 et
1262 1116 1467 1163 naturali
1491 1115 1716 1180 praeditus
1742 1115 1868 1178 lege,
1899 1115 1995 1162 hoc
2022 1112 2216 1179 quoque
2238 1115 2321 1162 diu
2343 1126 2453 1163 ante
2474 1117 2524 1162 in
2546 1132 2663 1180 pro-

543 1195 716 1243 verbiis
738 1196 834 1242 suis
856 1205 1097 1253 sanxerat,
1125 1194 1288 1242 dicens
1316 1213 1326 1241 :
1357 1214 1379 1239 «
1395 1195 1488 1252 Qui
1510 1211 1786 1241 succurrere
1807 1195 2021 1259 perituro
2044 1204 2227 1258 potest,
2253 1211 2404 1258 quum
2432 1211 2532 1241 non
2554 1210 2662 1241 suc·

543 1275 708 1333 currit,
729 1274 921 1321 occidit.
945 1293 966 1318 υ
992 1277 1238 1331 Quantum
1255 1274 1352 1333 hic,
1380 1274 1564 1332 fratres,
1584 1273 1726 1320 nobis
1747 1273 2013 1338 periculum
2026 1273 2269 1332 indicitur,
2288 1274 2409 1320 sisic
2430 1285 2663 1338 pauperes

545 1354 762 1400 membra
792 1354 967 1401 Christi
1000 1354 1196 1401 avaritia
1227 1364 1391 1401 nostra
1420 1352 1667 1412 interficit,
1699 1354 1798 1400 imo
1833 1354 1990 1418 ipsum
2022 1353 2196 1400 iterum
2226 1354 2275 1399 in
2307 1352 2535 1399 membris
2568 1353 2664 1400 suis

545 1433 786 1480 Christum
820 1433 1022 1480 occidit?
1052 1437 1157 1498 Ipse
1183 1435 1361 1498 quippe
1393 1433 1453 1480 de
1480 1433 1554 1480 his
1583 1433 1832 1492 omnibus,
1857 1450 1962 1497 quae
1989 1433 2064 1479 his
2092 1432 2382 1498 pauperibus
2408 1431 2551 1491 fiunt,
2578 1449 2664 1496 per

544 1514 854 1577 semetipsum
870 1513 1131 1576 loquitur³2
1152 1534 1175 1558 «
1193 1514 1336 1571 Quod
1354 1501 1438 1560 uni
1453 1531 1507 1560 ex
1530 1514 1739 1560 minimis
1758 1514 1876 1559 meis
1898 1513 2088 1572 fecistis,
2108 1512 2228 1559 mihi
2249 1512 2438 1559 fecistis.
2461 1531 2484 1556 »
2509 1512 2665 1559 Etiam

544 1593 593 1638 in
617 1592 738 1639 coelo
755 1593 1018 1639 consistens
1041 1593 1333 1657 persecutori
1349 1610 1437 1639 suo
1459 1593 1650 1651 clamat,
1677 1592 1867 1639 dicens*
1893 1610 1903 1639 z
1927 1592 2125 1651 «Saule,
2146 1592 2302 1651 Saule,
2325 1591 2443 1656 quid
2464 1609 2542 1639 me
2562 1608 2667 1657 per-

543 1672 780 1735 sequeris?
801 1690 823 1715 n
858 1675 963 1736 Ipse
984 1682 1181 1736 propter
1205 1688 1438 1737 pauperes
1462 1689 1574 1719 suos
1595 1672 1742 1718 semel
1765 1672 1949 1719 occisus
1971 1682 2059 1731 est,
2084 1688 2175 1719 nos
2196 1689 2307 1718 eum
2330 1671 2488 1719 adhuc
2509 1672 2666 1736 quoti-

544 1751 621 1798 die
646 1752 695 1798 in
726 1752 838 1815 ipsis
860 1751 1150 1816 pauperibus
1172 1751 1501 1798 interficimus.
1535 1753 1671 1800 Prior
1692 1753 1791 1816 ejus
1819 1752 1900 1799 illa
1921 1752 2097 1799 occisio
2112 1789 2123 1810 ,
2151 1768 2238 1817 per
2262 1768 2409 1816 quam
2429 1751 2665 1817 redempti

544 1848 707 1878 sumus
722 1868 733 1889 ,
759 1831 998 1878 fructuosa
1022 1831 1163 1879 nobis
1197 1832 1307 1891 fuit,
1339 1832 1440 1879 haec
1469 1841 1630 1880 autem
1659 1832 1968 1880 solummodo
1996 1832 2247 1880 damnosa.
2280 1833 2494 1897 Suscepit
2521 1832 2666 1879 Judas

545 1927 874 1958 mammonam
894 1911 1180 1975 iniquitatis,
1212 1922 1266 1958 ut
1296 1911 1539 1959 Christum
1566 1912 1793 1960 traderet.
1826 1915 1922 1959 Nos
1943 1928 2273 1959 mammonam
2293 1912 2552 1958 retinentes
2573 1911 2663 1958 ini-

545 1991 752 2054 quitatis,
778 1991 936 2054 ipsum
957 1989 1222 2037 interficere
1245 2008 1345 2037 non
1368 2008 1624 2038 cessamus.
1651 1994 1938 2038 Accusamus
1960 1991 2160 2050 Judam,
2185 1990 2319 2055 quod
2341 2007 2452 2037 eum
2469 1999 2667 2055 propter

546 2070 799 2134 pecuniam
828 2069 975 2116 semel
1007 2069 1220 2116 tradidit.
1260 2072 1368 2116 Non
1397 2086 1674 2117 accusamus
1705 2086 1795 2116 nos
1813 2106 1824 2128 ,
1856 2070 1990 2133 quod
2016 2087 2102 2135 per
2123 2070 2336 2134 pecuniae
2357 2069 2667 2134 cupiditatem

547 2167 657 2196 eum
688 2149 903 2213 quotidie
939 2150 1074 2212 quasi
1112 2149 1286 2195 iterum
1318 2148 1647 2212 crucifigentes
1685 2148 2013 2195 interficimus.
2053 2149 2432 2207 Transffiramus,
2474 2148 2663 2208 fratres,

546 2230 689 2277 istam
727 2246 1056 2280 mammonam
1089 2228 1351 2293 iniquitatis
1385 2229 1434 2275 in
1468 2244 1798 2275 mammonam
1825 2228 2056 2292 aequitatis
2078 2238 2220 2292 atque
2236 2228 2427 2291 justitiae
2445 2265 2457 2287 ,
2490 2227 2551 2274 de
2573 2243 2668 2292 qua

547 2309 778 2372 scriptum
796 2310 890 2355 est*⁵
917 2327 926 2355 :
957 2328 980 2353 «
1001 2308 1255 2373 Dispersit,
1281 2307 1414 2354 dedit
1434 2306 1748 2372 pauperibus,
1771 2307 1952 2370 justitia
1974 2308 2073 2371 ejus
2095 2317 2258 2354 manet
2281 2308 2331 2353 in
2359 2306 2572 2354 seculum
2592 2323 2666 2354 se-

548 2388 658 2435 culi.
677 2407 700 2432 »
738 2388 822 2435 I-lla
850 2398 921 2435 est
946 2381 1224 2436 mammona
1245 2388 1493 2452 aequitatis,
1520 2387 1571 2434 id
1592 2397 1663 2434 est
1683 2387 1888 2452 pecunia
1903 2387 2118 2450 justitiae,
2144 2403 2291 2452 quam
2311 2387 2462 2434 virtus
2477 2387 2672 2450 justitiae

548 2467 749 2514 fideliter
771 2467 1030 2532 dispensat,
1056 2468 1176 2514 sicut
1197 2467 1277 2514 illa
1297 2477 1368 2514 est
1388 2467 1668 2531 iniquitatis,
1690 2482 1837 2530 quam
1859 2467 2064 2513 avaritiae
2085 2466 2338 2514 defraudat
2357 2466 2598 2530 iniquitas.

614 2550 680 2593 Ne
702 2547 899 2611 putetis,
922 2547 1088 2605 fratres
1101 2584 1112 2604 ,
1138 2564 1289 2610 quum
1310 2546 1411 2593 haec
1432 2545 1723 2611 pauperibus
1744 2545 2037 2611 impenditis,
2063 2562 2151 2593 vos
2167 2546 2234 2593 eis
2248 2555 2405 2592 vestra
2426 2544 2558 2604 dare,
2582 2545 2666 2592 sed

548 2643 633 2674 sua
660 2626 877 2672 reddere.
918 2626 1164 2690 Quidquid
1195 2627 1325 2673 enim
1358 2642 1503 2690 supra
1532 2625 1797 2672 necessaria
1817 2625 1924 2672 vitae
1954 2626 2190 2684 retinetis,
2217 2626 2433 2690 ipsorum
2456 2633 2590 2681 sunt,
2620 2634 2667 2671 et

549 2724 633 2770 per
655 2707 873 2770 rapinam
895 2722 980 2752 sua
994 2706 1229 2753 violenter
1255 2706 1545 2771 occupastis,
1572 2705 1746 2770 quibus
1772 2705 1941 2752 ablatis
1964 2722 2046 2752 eos
2073 2704 2355 2752 interficitis.
2388 2704 2526 2751 Unde
2547 2706 2666 2751 Gre-

550 2786 708 2850 gorius
745 2786 794 2832 in
824 2785 1089 2832 Ριι.ςτ“οιίιίι”6
1117 2804 1126 2831 :
1157 2790 1279 2844 «Ea,
1298 2804 1320 2830 »
1352 2786 1507 2850 inquit
1522 2823 1534 2845 ,
1575 2785 1679 2832 «de
1702 2801 1797 2850 qua
1821 2786 2000 2850 sumpti
2023 2795 2161 2843 sunt,
2186 2785 2369 2832 cunctis
2388 2784 2666 2832 hominibus

549 2876 673 2913 terra
699 2867 968 2912 communis
990 2875 1077 2924 est,
1101 2876 1148 2912 et
1171 2866 1351 2913 idcirco
1375 2867 1600 2913 alimenta
1619 2883 1812 2931 quoque
1833 2867 2154 2914 communiter
2176 2865 2402 2913 omnibus
2423 2865 2620 2930 profert.
2639 2883 2663 2909 »

547 2950 791 2994 Incassum
825 2963 875 2993 se
903 2963 1016 3009 ergo
1047 2946 1328 2992 innocentes
1363 2956 1560 3010 putant,
1598 2947 1681 3010 qui
1713 2963 1971 2993 commune
1994 2947 2082 2993 Dei
2112 2963 2287 2993 munus
2321 2945 2413 2992 sihi
2444 2944 2666 3009 privatim

551 3027 820 3089 vindicant,
859 3027 942 3091 qui
970 3044 1121 3091 quum
1151 3036 1346 3090 accepta
1373 3043 1474 3073 non
1504 3026 1745 3085 tribuunt,
1781 3027 1831 3073 in
1866 3027 2197 3091 proximorum
2229 3043 2346 3073 nece
2374 3034 2661 3089 grassantur.

551 3107 669 3152 Nam
698 3123 848 3167 quum
874 3106 1096 3170 quaelibet
1124 3106 1389 3153 necessaria
1419 3106 1779 3169 indignantibus
1804 3107 2153 3166 ministramus,
2179 3122 2264 3154 sua
2285 3105 2376 3152 illis
2399 3104 2661 3163 reddimus,

552 3201 651 3230 non
668 3200 832 3232 nostra
851 3186 1095 3249 largimur.
1119 3190 1143 3233 J
1146 3187 1314 3234 ustitiae
1330 3187 1489 3252 potius
1505 3186 1723 3233 debitum
1739 3187 1984 3246 solvimus,
2005 3203 2150 3251 quam
2170 3184 2502 3233 misericordiae
2519 3200 2665 3248 opera

599 3332 609 3349 ¹
635 3333 785 3374 Pereqit‚
804 3334 867 3368 Ed.
892 3334 986 3369 Amb.
1011 3354 1056 3360 -
1083 3335 1096 3353 ¹
1111 3337 1146 3370 S.
1172 3337 1290 3371 Leonis
1315 3336 1422 3381 magni
1455 3337 1581 3379 Opera,
1635 3347 1668 3370 v.
1683 3336 1715 3370 4.
1731 3354 1773 3361 —
1789 3336 1802 3354 ⁸
1817 3337 1936 3371 Psalm.
1956 3347 2011 3379 111,
2025 3347 2057 3371 v.
2071 3337 2105 3370 9.
2121 3354 2161 3361 —
2177 3335 2189 3354 ⁰
2202 3335 2290 3369 Part.
2310 3333 2377 3375 111,
2393 3344 2467 3378 cap.
2483 3344 2560 3376 xxx,
2581 3333 2660 3375 Opp-

554 3388 642 3424 stud.
655 3389 690 3422 P.
706 3389 768 3421 Th.
783 3390 925 3424 Caeciari
939 3414 946 3429 ,
960 3391 1071 3425 Romae
1082 3418 1092 3434 ,
1110 3395 1342 3435 1753‚in-f01.,
1357 3405 1390 3437 p.
1405 3394 1437 3434 1,
1451 3405 1486 3437 p.
1506 3395 1582 3427 338.
1637 3399 1661 3426 t.
1678 3392 1708 3425 11
1722 3417 1730 3433 ‚
1745 3393 1809 3426 col.
1827 3394 1884 3426 66.

552 3459 595 3467 ·-
609 3442 764 3485 'Matth.,
781 3454 853 3487 cap.
874 3456 951 3487 xxv,
976 3457 1006 3479 v.
1030 3447 1142 3479 40.-
1156 3447 1170 3465 ⁴
1186 3451 1256 3482 Act.
1281 3450 1409 3490 Apost„
1433 3459 1505 3492 cap.
1531 3459 1582 3489 xx,
