2970 4152
550 384 613 441 64
1272 392 1533 442 ANDREAE
1565 394 1935 453 QUERCETANI

546 486 720 524 inebriati
748 486 842 523 nihil
868 486 968 522 aliud
992 491 1159 534 quaerant
1176 485 1248 521 nisi
1272 484 1422 523 laudare
1440 499 1577 524 nomen
1595 488 1767 535 Domini,
1789 497 1936 526 cantare
1952 490 1987 526 ei
2004 490 2190 526 canticum
2218 502 2370 529 novum.
2385 508 2402 527 ν
2421 493 2498 532 Nec
2514 498 2667 535 omnino

546 548 639 585 male
658 548 739 585 loco
754 549 841 584 huic
858 547 1053 584 convenire
1069 547 1228 593 videtur,
1245 547 1347 596 quod
1360 555 1490 585 auctor
1504 550 1671 587 chronici
1686 551 1941 588 lemovicensis
1956 552 2069 588 refert
2087 552 2134 588 ad
2153 565 2292 590 annum
2309 557 2423 593 4⁴30:
2441 572 2458 590 α
2472 558 2549 595 Sub
2564 560 2636 607 his,
2647 576 2665 593 „

546 610 682 659 inquit,
703 609 975 657 «temporibus,
989 608 1082 645 ordo
1100 609 1301 646 canonieus
1313 614 1729 659 praemonstratensium,
1749 621 1786 651 et
1805 616 2029 651 monasticus
2045 615 2339 653 cisterciensium
2354 620 2459 667 quasi
2474 620 2555 657 duae
2567 621 2667 658 olivae

546 674 584 708 in
604 678 805 720 conspectu
820 670 889 706 Dei
908 671 1055 718 pietatis
1072 670 1200 708 lumen
1219 678 1258 708 et
1274 671 1482 710 devotionis
1500 675 1769 723 pinguedinem
1787 677 1928 713 mundo
1949 677 2227 724 ministrabant,
2245 686 2284 716 et
2296 681 2403 728 quasi
2423 682 2515 720 vites
2533 683 2667 721 fructi-

545 733 629 769 ferae
646 733 837 781 religionis
852 731 1023 780 palmites
1041 733 1332 782 circumquaque
1349 736 1625 784 propagabant,
1642 743 1680 773 et
1699 749 1765 786 per
1781 749 1908 773 omnes
1935 738 2012 774 fere
2037 739 2230 778 christiani
2250 740 2351 776 orbis
2369 743 2548 779 terminos
2564 744 2668 781 bonae

543 795 729 843 opinionis
746 794 923 842 paulatim
947 794 1062 831 odore
1078 794 1213 831 diffuso
1231 807 1342 832 novas
1361 796 1547 840 abbatias,
1566 798 1631 834 ubi
1651 806 1756 834 antea
1774 799 1896 835 cultus
1911 800 1980 835 Dei
1999 812 2076 836 non
2092 801 2233 846 fuerat,
2253 804 2532 841 construebant.
2553 805 2667 845 Unde

543 864 579 892 et
598 857 637 892 in
654 856 798 903 Syriam
814 863 852 892 ct
867 855 1090 892 Palestinam
1112 856 1159 894 de
1176 864 1338 907 utroque
1354 858 1489 895 ordine
1506 859 1640 895 fratres
1662 860 1760 896 missi
1789 860 1986 897 nonnullas
2005 861 2171 899 abbatias
2187 863 2471 902 aedificaverunt.
2500 866 2663 916 Eratque

543 919 639 954 circa
655 931 697 954 ea
715 925 881 966 tempora
899 918 1053 966 pulchra
1064 931 1106 955 ac
1118 918 1250 955 decora
1267 919 1375 956 facies
1390 921 1550 957 ecclesias
1567 921 1798 957 diversorum
1817 922 1992 958 ordinum
2012 936 2054 959 ac
2068 924 2340 972 professionum
2358 927 2586 964 circumdata
2603 941 2667 967 va-

543 982 690 1026 rietate,
714 980 805 1017 dum
827 981 917 1017 hinc
944 988 1324 1029 praemonstratenses,
1351 982 1440 1018 inde
1464 980 1716 1020 cistercienses
1743 985 1935 1029 monachi,
1965 985 2052 1021 inde
2080 987 2191 1022 etiam
2222 986 2356 1025 diversi
2387 989 2534 1026 habitus
2555 997 2666 1039 atque

542 1044 781 1090 professionis
790 1043 1089 1079 sanctimoniales
1105 1050 1142 1080 et
1160 1043 1334 1080 mulieres
1349 1044 1430 1080 Deo
1443 1044 1581 1080 devota!
1597 1045 1636 1080 in
1652 1045 1883 1082 continentia
1897 1053 2008 1095 atque
2024 1055 2241 1096 paupertate
2258 1049 2328 1085 sub
2344 1049 2562 1088 obedientiae
2571 1052 2666 1099 jugo

541 1104 762 1153 regulariter
788 1106 952 1141 viventes
965 1130 974 1147 ‚
997 1105 1143 1141 fervore
1161 1105 1353 1154 religionis
1369 1117 1407 1142 se
1425 1106 1583 1142 invicem
1603 1115 1862 1154 provocarent,
1881 1115 1920 1144 et
1937 1121 2030 1145 nova
2048 1111 2220 1146 certatim
2237 1109 2391 1148 (liversis
2409 1113 2448 1147 in
2466 1113 2556 1149 locis
2584 1125 2666 1150 mo-

539 1168 696 1203 nasteria
722 1167 934 1203 fundarent.
954 1183 972 1200 >1
994 1167 1154 1216 Utrique
1173 1174 1295 1203 tamen
1316 1167 1369 1204 illi
1389 1167 1551 1204 duorum
1570 1168 1752 1215 ejusmodi
1778 1169 1955 1206 ordinum
1978 1178 2242 1220 propagatores
2269 1172 2365 1209 sellis
2391 1181 2430 1210 et
2455 1176 2665 1212 acrimoniae

537 1230 636 1277 pleni
654 1229 808 1266 fuerunt
826 1230 863 1265 in
880 1229 1111 1265 Abaelardum
1130 1237 1320 1274 nostrum,
1341 1237 1382 1266 ut
1401 1230 1456 1265 vel
1474 1241 1518 1266 ex
1533 1230 1620 1268 solis
1633 1229 1775 1279 aliquot
1791 1232 1957 1279 epistolis
1974 1233 2092 1281 liquet
2105 1246 2197 1282 quas
2214 1234 2425 1271 Bernardus
2444 1237 2665 1274 Innocentio

540 1292 707 1339 pontifici
727 1304 880 1328 romano
898 1298 935 1327 et
951 1291 1201 1328 cardinalibus
1220 1292 1395 1329 adversus
1415 1304 1504 1328 eum
1523 1292 1681 1340 scripsit.

1357 1401 1454 1437 Nota
1479 1401 1663 1447 XLVIII,
1692 1415 1775 1451 pag.
1803 1406 1863 1442 29.

584 1489 685 1525 Erat
701 1490 741 1525 in
758 1489 961 1525 Britannia
977 1491 1178 1525 minore...
1196 1489 1351 1525 abbatia
1367 1490 1543 1538 quoedam
1561 1491 1694 1527 Sancti
1708 1491 1872 1527 Gildasii
1885 1492 2074 1529 Ruiensis.
2085 1513 2120 1518 -
2131 1492 2290 1528 Abbatia
2306 1493 2382 1529 haec
2395 1494 2565 1530 omnium
2577 1494 2663 1531 Bri-

536 1551 669 1586 tanniae
696 1550 927 1587 abbatiarum
954 1551 1221 1600 antiquissima.
1242 1551 1336 1587 Nam
1361 1558 1508 1588 sanctus
1535 1552 1614 1600 ipse
1631 1552 1845 1598 Gildasius,
1868 1553 1942 1589 sive
1966 1552 2121 1598 Gildas,
2146 1561 2396 1602 cognomento
2424 1555 2598 1603 Sapiens,
2623 1557 2663 1592 in

535 1613 675 1660 majore
692 1613 882 1649 Britannia
900 1621 1008 1649 natus
1022 1641 1031 1657 ‚
1053 1613 1154 1648 illius
1171 1613 1292 1661 prima
1309 1613 1551 1650 fundamenta
1563 1615 1655 1661 jecit
1671 1622 1842 1663 tempore
1858 1615 2066 1652 Childerici
2088 1617 2187 1664 regis
2204 1617 2369 1653 Merovei
2389 1617 2469 1654 filii.
2486 1618 2599 1664 Quod
2616 1631 2663 1655 ne

536 1675 658 1711 minus
678 1675 923 1723 probabiliter
938 1675 1073 1711 dixisse
1089 1675 1229 1720 videar,
1250 1675 1454 1723 producam
1473 1677 1732 1713 testimonium
1750 1678 1914 1714 auctoris
1931 1679 2130 1726 anonymi,
2150 1678 2214 1716 sed
2233 1680 2367 1716 veteris
2384 1692 2427 1715 ac
2442 1680 2515 1717 fide
2532 1680 2660 1730 digni,

534 1738 599 1785 qui
623 1738 752 1776 Vitam
772 1750 814 1773 ac
830 1750 889 1774 res
911 1744 1028 1786 gestas
1048 1737 1164 1773 sancti
1182 1737 1303 1774 Gildae
1320 1738 1468 1786 scripsit
1483 1754 1490 1773 :
1513 1753 1530 1771 «
1550 1739 1677 1785 Quum
1696 1740 1764 1776 Dei
1779 1740 1904 1787 jussu,
1921 1756 1938 1774 »
1956 1741 2100 1790 inquit,
2121 1756 2139 1774 «
2154 1742 2379 1789 pervenisset
2394 1742 2525 1778 Gildas
2541 1743 2580 1779 in
2596 1743 2664 1780 Ar·—

535 1800 713 1836 moricam
729 1800 923 1849 quondam
932 1799 1063 1837 Galliae
1083 1800 1275 1848 regionem
1293 1801 1403 1847 (tunc
1416 1807 1541 1837 autem
1558 1814 1578 1837 a
1594 1802 1783 1838 Britannis
1794 1829 1804 1849 ,
1826 1815 1847 1838 a
1861 1803 1999 1851 quibus
2016 1803 2288 1851 possidebatur,
2304 1803 2496 1839 Britannia
2512 1804 2663 1840 diceba-

533 1862 630 1910 tur),
653 1861 699 1898 ab
715 1862 768 1898 eis
787 1862 994 1898 honorifice
1011 1869 1050 1898 et
1064 1874 1150 1898 cum
1171 1861 1307 1910 gaudio
1326 1871 1462 1910 magno
1479 1870 1673 1912 susceptus
1689 1871 1756 1900 est.
1777 1879 1794 1896 »
1814 1864 1860 1900 Et
1877 1864 1988 1912 paulo
2005 1872 2088 1913 post
2105 1880 2112 1900 z
2130 1880 2147 1897 «
2163 1865 2330 1902 Veniens
2345 1865 2471 1914 itaque
2483 1865 2529 1901 ad
2545 1865 2665 1914 quod-

533 1923 619 1959 dam
643 1929 805 1959 castrum
826 1924 866 1959 in
882 1930 1010 1960 monte
1030 1923 1225 1971 Reuvysii,
1243 1924 1284 1959 in
1302 1931 1502 1972 prospectu
1527 1925 1640 1961 maris
1663 1926 1776 1961 situm
1789 1954 1798 1970 ,
1823 1925 1877 1961 ibi
1893 1927 2050 1974 potioris
2068 1926 2213 1962 fabricae
2237 1927 2446 1962 construxit
2473 1935 2661 1963 monaste-

534 1986 656 2028 rium,
677 1991 788 2032 atque
808 1985 847 2020 in
871 1997 914 2020 eo
936 1984 1095 2020 claustra
1122 1984 1334 2021 coenobitali
1362 1986 1440 2021 ritu
1466 1986 1636 2034 perfecit.
1655 2002 1672 2019 υ
1689 1987 1861 2036 Itemque
1885 2000 2013 2023 rursus
2038 2004 2046 2024 ε
2070 2003 2087 2021 α
2103 1988 2272 2024 Positum
2300 1995 2355 2024 est
2381 1995 2506 2024 autem
2526 2001 2663 2037 corpus

534 2047 651 2082 sancti
667 2046 735 2081 viri
755 2047 793 2082 in
809 2046 963 2082 eeclesia
984 2059 1096 2096 quam
1123 2047 1201 2095 ipse
1222 2047 1261 2082 in
1281 2047 1438 2096 antiquo
1455 2055 1576 2084 castro
1599 2048 1727 2084 Reusii
1745 2057 2016 2086 construxerat.
2035 2050 2111 2086 Ubi
2133 2063 2200 2098 per
2224 2050 2343 2086 multa
2366 2062 2551 2087 annorum
2574 2063 2662 2087 cur-

533 2107 650 2143 ricula
668 2107 894 2153 servabatur,
914 2115 952 2143 et
970 2107 1016 2143 ab
1035 2108 1207 2144 universa
1226 2108 1493 2145 Britannorum
1515 2117 1623 2158 gente
1647 2111 1910 2147 venerabiliter
1937 2111 2143 2156 colebatur,
2169 2111 2348 2160 quoniam
2370 2111 2664 2150 innumerabiles

534 2170 586 2206 ibi
606 2170 744 2206 fiebant
761 2171 930 2206 virtutes.
949 2186 966 2204 >›
986 2170 1098 2207 Unde
1115 2177 1216 2219 patet
1233 2178 1271 2207 et
1288 2184 1356 2207 cur
1372 2172 1583 2208 coenobium
1610 2173 1703 2209 illud
1721 2174 1845 2210 Sancti
1863 2174 1984 2223 Gildae
1999 2174 2174 2211 Ruiensis
2190 2186 2328 2210 nomen
2345 2174 2563 2212 obtinuerit.
2581 2175 2660 2213 Ve-

533 2246 617 2268 rum
639 2239 763 2280 postea
779 2231 885 2267 bellis
904 2232 942 2267 in
960 2232 1150 2268 Britannia
1176 2234 1544 2281 supervenientibus,
1574 2235 1845 2284 interfectoque
1870 2235 2073 2272 crudeliter
2096 2236 2143 2272 ab
2162 2236 2288 2284 impiis
2319 2235 2496 2284 religioso
2525 2236 2662 2273 comite

536 2298 730 2333 Britonum
756 2296 953 2332 Salomone
967 2324 977 2340 ‚
999 2309 1075 2332 non
1096 2296 1208 2332 modo
1229 2296 1331 2332 locus
1349 2297 1428 2344 ipse
1447 2298 1617 2345 penitus,
1637 2310 1723 2333 cum
1755 2298 1848 2344 alio,
1872 2300 2023 2335 nomine
2049 2299 2329 2344 Lochmenech,
2357 2298 2526 2334 desertus
2550 2306 2660 2348 atque

534 2359 743 2395 destructus
768 2365 843 2402 est,
870 2358 933 2394 sed
955 2358 1067 2394 etiam
1092 2358 1318 2394 habitatores
1336 2370 1466 2394 eorum
1486 2360 1656 2407 regiones
1679 2359 1815 2396 alienas
1831 2368 1958 2408 petere
1977 2361 2158 2408 compulsi
2187 2368 2291 2406 sunt,
2310 2374 2351 2398 ac
2371 2373 2481 2397 novas
2498 2362 2538 2397 in
2555 2362 2660 2397 bitu-

536 2422 666 2457 ricensi
690 2433 785 2469 pago
807 2420 910 2456 sedes
935 2420 1139 2469 eligentes,
1168 2433 1292 2458 secum
1314 2433 1449 2469 corpus
1475 2422 1680 2469 pretiosum
1705 2423 1820 2458 sancti
1846 2423 1967 2460 Gildae
1987 2423 2229 2470 detulerunt,
2249 2430 2287 2459 et
2304 2424 2344 2459 in
2368 2423 2510 2459 dolensi
2532 2435 2661 2460 mona-

535 2485 649 2520 sterio
665 2490 891 2532 posuerunt,
914 2483 977 2518 ubi
1002 2484 1188 2519 bituricus
1210 2484 1384 2531 princeps
1403 2484 1508 2519 Ebbo
1525 2483 1740 2532 benigniter
1757 2497 1819 2520 eos
1848 2487 2031 2534 suscepit,
2058 2485 2159 2534 quod
2187 2485 2324 2522 diserte
2347 2485 2591 2526 confirmatur
2614 2486 2661 2526 ab

535 2555 685 2583 auctore
714 2546 879 2581 chronici
908 2546 1184 2593 lemovicensis,
1214 2546 1251 2581 in
1282 2546 1358 2581 liaec
1387 2546 1517 2582 verba:
1538 2562 1553 2579 α
1570 2548 1642 2582 Per
1669 2547 1766 2583 idem
1798 2554 1971 2596 tempus,
1993 2564 2010 2580 2»
2035 2548 2181 2596 inquit,
2213 2560 2347 2596 nempe
2372 2560 2495 2583 versus
2519 2560 2659 2584 annum

535 2610 675 2646 Christi
693 2611 781 2652 907,
803 2624 819 2641 ι(
836 2610 875 2644 in
897 2608 1089 2644 Bithurica
1107 2609 1145 2643 in
1166 2615 1286 2644 castro
1305 2608 1447 2644 dolensi
1464 2609 1663 2645 fundatum
1682 2617 1739 2646 est
1757 2610 1967 2646 coenobium
1986 2611 2110 2646 nobile
2127 2610 2229 2660 quod
2248 2610 2405 2646 Dolense
2422 2617 2587 2654 vocatur,
2612 2610 2659 2647 ab

538 2671 687 2706 Ebbone
706 2671 783 2706 viro
801 2669 935 2705 illustri
953 2669 1107 2705 domino
1123 2669 1289 2717 praedicti
1309 2671 1433 2706 castri.
1453 2671 1528 2706 Hic⁴
1539 2671 1695 2707 devotus
1708 2671 1763 2706 vir
1775 2679 1858 2720 post
1875 2672 2068 2720 paululum
2082 2685 2101 2708 a
2117 2672 2306 2710 Britannia
2319 2671 2442 2720 plures
2457 2672 2661 2708 monachos

535 2734 720 2780 fugientes
737 2744 823 2767 cum
844 2731 971 2766 multis
988 2738 1200 2766 sanctorum
1227 2731 1395 2780 reliquiis
1419 2732 1592 2780 religiose
1621 2734 1801 2781 suscepit,
1822 2735 1886 2782 qui
1906 2734 2207 2770 Normannorum
2237 2733 2377 2769 rabiem
2404 2734 2537 2769 mortis
2556 2740 2659 2770 metu

536 2802 735 2831 evaserant.
754 2794 803 2830 Hi
817 2805 952 2841 corpus
967 2793 1065 2829 beati
1081 2792 1240 2829 Gildasii
1258 2793 1399 2829 abbatis
1417 2794 1465 2829 ad
1482 2794 1632 2830 dolense
1645 2795 1857 2831 coenobium
1869 2795 2099 2832 detulerunt.
2114 2797 2185 2832 Cui
2202 2796 2271 2831 Dei
2287 2795 2425 2832 electus
2438 2796 2537 2832 idem
2552 2795 2658 2832 Ebbo

538 2858 729 2904 proprium
748 2855 963 2892 coenobium
977 2855 1083 2902 juxta
1100 2854 1291 2891 castellum
1310 2867 1417 2891 suum
1437 2868 1482 2891 ex
1507 2856 1577 2891 alia
1599 2869 1701 2905 aquae
1716 2864 1820 2904 parte
1842 2858 2071 2905 construxit,
2088 2859 2153 2893 ubi
2172 2857 2272 2894 illius
2290 2858 2499 2894 venerabile
2522 2870 2657 2907 corpus

538 2932 622 2954 cum
649 2919 854 2954 multorum
875 2925 1090 2954 sanctorum
1110 2917 1263 2967 reliquis
1279 2918 1551 2955 honorabiliter
1568 2918 1765 2955 conditum
1782 2921 1995 2969 requiescit.
2013 2935 2031 2953 1»
2048 2921 2127 2956 Nec
2143 2928 2268 2957 tamen
2288 2928 2486 2969 propterea
2508 2922 2657 2957 ruiense

540 2982 802 3017 monasterium
817 3009 827 3024 ‚
846 2993 962 3029 quum
978 2980 1226 3028 omnipotenti
1245 2979 1408 3015 Domino
1427 2980 1624 3028 placuisset
1641 2988 1685 3016 ut
1702 2988 1985 3027 restauraretur,
1999 2982 2063 3018 illo
2079 2982 2254 3031 deinceps
2267 2982 2391 3018 adhuc
2404 2982 2519 3018 sancti
2535 2981 2658 3018 Gildae

540 3045 689 3079 nomine
708 3044 829 3078 minus
853 3044 1016 3091 gavisum
1037 3050 1104 3079 est.
1125 3042 1220 3078 Nam
1237 3042 1445 3078 Gaufridus
1461 3042 1613 3078 tandem
1636 3056 1780 3090 comes,
1801 3044 1916 3079 totius
1933 3044 2132 3081 Britanniae
2149 3046 2401 3093 principatum
2417 3044 2592 3092 adeptus,
2613 3050 2657 3079 ut

540 3108 653 3143 refert
672 3106 772 3142 idem
789 3107 853 3154 qui
873 3118 982 3154 supra
1003 3107 1100 3144 Vitae
1121 3106 1237 3142 sancti
1255 3105 1376 3142 Gildae
1395 3106 1567 3155 scriptor,
1592 3121 1610 3139 «
1629 3107 1771 3155 rogavit
1787 3107 1987 3144 Goslinum
2005 3107 2231 3145 floriacensis
2247 3114 2338 3143 tunc
2360 3106 2574 3143 monasterii
2589 3106 2659 3142 ab·

542 3170 661 3205 batem
677 3197 686 3212 ,
705 3169 769 3216 qui
786 3168 897 3203 etiam
916 3174 1041 3215 postea
1057 3167 1276 3204 bituricensi
1291 3167 1449 3204 ecclesiae
1465 3168 1610 3216 praefnit
1626 3169 1926 3217 archiepiscopus
1937 3197 1946 3214 ‚
1964 3177 2008 3206 ut
2025 3170 2292 3206 transmitteret
2308 3168 2378 3205 sibi
2393 3168 2554 3204 Felicem
2572 3179 2655 3203 mo-

542 3232 703 3268 nachum
722 3230 767 3266 ad
787 3229 1025 3265 restauranda
1043 3230 1278 3275 monasteria,
1293 3242 1374 3279 quae
1388 3237 1494 3266 erant
1513 3231 1551 3266 in
1567 3243 1630 3266 sua
1646 3232 1797 3280 regione
1812 3231 1890 3267 solo
1909 3239 2017 3268 tenus
2035 3232 2235 3269 destructa.
2253 3233 2364 3268 Anno
2378 3231 2496 3278 igitur
2511 3231 2653 3266 incarn.

542 3293 734 3329 dominicae
760 3303 875 3335 mviii,
897 3292 1030 3327 missus
1054 3299 1109 3327 est
1127 3293 1229 3328 Felix
1248 3306 1267 3328 a
1285 3292 1497 3341 supradicto
1524 3292 1655 3329 abbate
1681 3293 1727 3329 ad
1753 3294 1988 3331 Gaufredum
2013 3295 2210 3342 comitem,
2231 3294 2297 3342 qui
2324 3292 2529 3328 honorifice
2547 3292 2594 3327 ab
2611 3303 2656 3327 eo

543 3353 732 3404 susceptus
750 3361 822 3397 est,
841 3361 951 3403 atque
969 3354 1141 3402 praedicta
1160 3355 1346 3401 coenobia,
1363 3370 1380 3388 n
1401 3367 1534 3404 nempe
1552 3355 1731 3401 Rujense,
1755 3363 1792 3392 et
1815 3357 2076 3394 Lochmenech
2089 3385 2098 3402 ‚
2120 3372 2137 3390 «
2152 3357 2186 3393 ei
2209 3355 2360 3392 donavit
2381 3367 2465 3391 cum
2483 3354 2658 3391 omnibus

542 3417 770 3470 appendiciis
795 3416 869 3451 suis
888 3432 894 3451 ε
924 3416 1270 3466 commendavitque
1288 3417 1393 3453 illum
1411 3417 1519 3454 fratri
1538 3429 1605 3454 suo
1621 3418 1642 3454 J
1646 3417 1786 3454 udicaeli
1805 3420 1978 3467 episcopo
1995 3419 2202 3463 venetensi,
2223 3418 2262 3454 in
2281 3418 2388 3464 cujus
2411 3417 2548 3453 diocesi
2577 3417 2656 3464 ipsa

543 3479 762 3518 monasteria
789 3485 904 3514 erant.
922 3494 939 3510 υ
956 3479 1003 3515 Et
1023 3478 1221 3527 aliquando
1240 3487 1340 3527 post:
1363 3496 1380 3511 α
1399 3481 1526 3526 Quum
1557 3487 1680 3516 autem
1698 3480 1898 3522 *dubitaret
1929 3494 2040 3530 quem
2072 3482 2255 3530 potiorem
2284 3481 2407 3523 locum
2436 3480 2482 3515 de
2510 3479 2655 3515 duobus
