2970 4152
1025 386 1334 434 EXPOSlTlO
1370 387 1428 434 ΙΝ
1460 386 1850 434 HEXAMERON.
2397 388 2482 435 (344

383 495 563 544 tamus,
595 495 642 532 et
670 484 872 531 dicimus
905 482 1038 547 quod
1070 482 1249 529 factum
1286 492 1356 529 est
1385 499 1581 546 vespere
1614 492 1662 529 et
1692 498 1833 529 mane
1867 482 1968 528 dies
2002 498 2149 540 unus,
2191 499 2494 546 nequaquam

385 566 513 613 diem
535 566 609 613 vel
630 581 878 631 vesperam
898 564 974 612 vel
994 580 1135 611 mane
1152 563 1286 627 juxta
1307 562 1409 610 dies
1431 573 1622 626 nostros
1645 580 1767 628 quos
1798 580 1927 609 nunc
1955 563 2188 610 habemus
2211 564 2491 628 accipimus3

381 644 467 691 sed
487 662 634 693 unam
657 655 705 692 et
726 645 867 692 aliam
889 644 1018 691 diem
1035 642 1302 695 secundum
1324 659 1528 707 operum
1543 642 1901 689 distinctionem
1916 642 2242 706 intelligimus,
2269 653 2322 690 ut
2342 644 2494 708 prima

380 724 604 772 videlicet
633 725 733 772 dies
767 724 953 772 dicatur
985 723 1140 788 prima
1166 722 1255 769 Dei
1291 723 1507 786 operatio
1524 760 1535 780 ,
1566 738 1652 786 per
1685 738 1831 786 quam
1858 723 1959 787 ipse
1988 723 2119 786 prius
2150 733 2372 787 operatus
2400 733 2492 781 est,

383 804 513 851 unde
536 821 625 851 nos
647 804 917 850 illuminare
940 803 1002 850 de
1023 819 1108 850 sua
1130 801 1301 849 notiti'a
1320 811 1504 866 posset,
1525 802 1660 865 juxta
1680 801 1799 848 illud
1821 802 2017 866 quidem
2040 803 2253 867 Apostoli
2271 807 2299 862 ¹,
2330 822 2354 847 «
2374 804 2496 850 invi-

381 883 534 931 sibilia
557 884 686 931 enim
708 884 878 948 ipsius,
898 892 989 929 etc.
1018 901 1041 926 »
1066 883 1165 930 Etsi
1181 883 1311 929 enim
1334 882 1533 929 materia
1554 881 1633 928 illa
1651 881 1871 928 informis
1893 882 2049 946 primo
2067 882 2144 928 die
2160 894 2315 930 creata
2339 884 2497 929 minus

381 962 619 1011 sufficiens
641 973 763 1010 esset
784 962 846 1010 ad
869 962 1090 1009 notitiam
1113 961 1186 1009 vel
1208 960 1402 1009 laudem
1426 961 1653 1008 creatoris
1676 960 1908 1025 quamdiu
1931 961 1979 1008 in
2009 961 2087 1008 illa
2118 961 2399 1009 confusione
2423 963 2496 1008 vel

378 1042 671 1109 informitate
697 1042 768 1090 sui
802 1051 1126 1107 permaneret,
1165 1041 1243 1088 illa
1275 1051 1437 1088 tamen
1471 1041 1637 1106 primae
1661 1041 1914 1088 creationis
1948 1041 2166 1088 confusio
2203 1052 2367 1105 postea
2401 1043 2496 1089 sor-

381 1123 560 1171 manda
585 1134 727 1188 atque
750 1122 1088 1187 distinguenda
1109 1122 1159 1168 in
1183 1121 1313 1169 hunc
1342 1122 1513 1170 mundi
1537 1132 1761 1169 ornatum
1784 1139 1882 1187 quo
1910 1139 2040 1169 nunc
2066 1123 2260 1182 utimur,
2286 1134 2333 1170 et
2354 1141 2499 1188 quem

377 1203 699 1250 necessarium
733 1202 876 1249 nobis
910 1201 1227 1266 intelligentes
1243 1239 1254 1260 ‚
1288 1204 1444 1248 Deum
1474 1201 1587 1249 inde
1620 1201 1870 1249 laudamus
1888 1239 1899 1261 ,
1938 1219 2038 1248 non
2072 1203 2310 1250 immerito
2345 1204 2500 1268 prima

380 1283 481 1330 dies
515 1282 641 1330 dicta
674 1293 767 1342 est,
806 1283 918 1347 quia
940 1281 1053 1328 inde
1085 1281 1309 1328 humanae
1340 1281 1520 1328 notitiae
1553 1281 1679 1328 circa
1699 1284 1855 1329 Deum
1889 1282 2137 1329 exordium
2168 1283 2327 1346 coepit.
2367 1284 2500 1330 Prius

378 1364 556 1428 quippe
591 1362 765 1410 coelum
797 1372 844 1409 et
872 1372 1051 1409 terram
1080 1362 1231 1409 creari
1262 1378 1455 1408 necesse
1485 1361 1593 1420 fuit,
1630 1361 1726 1408 hoc
1760 1371 1831 1409 est
1866 1362 2114 1409 materiam
2146 1362 2415 1409 futurorum
2450 1363 2499 1409 in

378 1443 623 1491 elementis
643 1444 924 1509 praeparari,
947 1458 1095 1508 quam
1112 1458 1219 1489 eam
1232 1442 1281 1489 in
1303 1458 1451 1507 opera
1465 1442 1719 1490 subsecuta
1736 1442 1949 1490 formari.
1974 1443 2181 1491 Primam
2197 1443 2355 1507 itaque
2372 1443 2499 1490 diem

379 1523 516 1583 dicit,
548 1533 602 1570 ut
621 1524 722 1588 jam
749 1540 894 1589 supra
916 1523 1246 1581 meminimus,
1272 1522 1477 1587 primam
1508 1522 1715 1569 materiae
1749 1522 2043 1570 creationem
2071 1523 2119 1573 ivn
2144 1522 2406 1569 elementis.
2430 1526 2499 1569 De

378 1621 576 1670 vespera
597 1621 791 1670 quoque
814 1615 861 1652 et
883 1620 1024 1652 mane
1045 1603 1188 1668 hujus
1211 1603 1306 1651 diei
1328 1604 1450 1651 sicut
1483 1613 1530 1651 et
1563 1613 1844 1651 caeterorum
1876 1604 1978 1668 jam
2013 1603 2199 1650 dudum
2224 1604 2493 1651 docuimus,

443 1688 580 1733 Nunc
601 1696 762 1734 autem
784 1696 837 1734 ut
858 1686 920 1734 ad
943 1686 1209 1733 intermissa
1225 1722 1236 1744 ,
1264 1702 1364 1732 non
1391 1684 1585 1732 dimissa
1603 1722 1615 1743 ,
1640 1684 1917 1744 redeamus,
1942 1686 2059 1732 sciat
2092 1684 2241 1732 lector
2275 1702 2365 1732 nos
2399 1685 2498 1731 haec

377 1758 744 1833 interposuisse,
784 1783 875 1815 nec
910 1783 1061 1831 quum
1090 1765 1224 1814 audit
1245 1782 1392 1814 unam
1427 1766 1556 1813 diem
1580 1766 1656 1813 vel
1690 1766 1832 1813 aliam
1867 1783 1895 1813 a
1922 1765 2158 1831 propheta
2189 1766 2306 1824 dici,
2339 1781 2498 1812 moras

377 1848 487 1896 istas
509 1849 740 1913 temporis
770 1847 1024 1912 intelligat,
1049 1864 1168 1912 quas
1191 1864 1321 1894 nunc
1344 1848 1394 1894 in
1418 1847 1588 1895 diebus
1611 1848 1786 1894 nostris
1819 1848 2076 1912 accipimus
2093 1884 2104 1905 ,
2138 1847 2221 1894 sed
2250 1847 2498 1894 diversita-

376 1939 474 1976 tem
497 1929 683 1976 dierum
707 1928 768 1976 ad
791 1928 1116 1975 diversitatem
1149 1945 1351 1992 operum
1380 1928 1578 1986 referat,
1619 1938 2057 1993 quantamcumque
2092 1944 2279 1975 moram
2308 1929 2354 1974 in
2390 1944 2497 1974 suc-

376 2009 590 2056 cessione
604 2008 680 2055 vel
696 2008 978 2073 operatione
997 2008 1069 2054 sui
1084 2006 1387 2054 habentium.
1410 2010 1560 2054 Nemo
1578 2008 1720 2071 igitur
1737 2010 1951 2067 miretur,
1971 2025 2122 2073 quum
2139 2007 2273 2054 audit
2287 2008 2498 2055 secunda

375 2089 452 2136 die
477 2104 623 2153 aquas
647 2087 828 2135 firmari
852 2088 952 2151 jam
976 2103 1119 2152 super
1141 2086 1286 2133 coelos
1312 2087 1588 2145 existentes,
1619 2097 1850 2151 tanquam
1873 2087 2031 2151 aliqua
2053 2103 2187 2133 mora
2212 2087 2351 2133 fuerit
2375 2088 2497 2134 inter

374 2168 503 2216 illam
538 2183 702 2215 earum
725 2167 1021 2214 existentiam
1044 2176 1090 2213 et
1114 2165 1435 2213 firmationem
1470 2166 1679 2230 ipsarum
1697 2204 1708 2225 ,
1749 2183 1900 2230 quum
1931 2166 2151 2214 videlicet
2177 2169 2335 2216 statim
2365 2180 2496 2234 post-

326 2262 332 2269 ·
374 2265 519 2314 quam
535 2247 601 2295 ibi
616 2247 814 2305 suerint,
833 2246 1030 2294 firmatae
1051 2247 1145 2293 sint
1164 2245 1247 2293 ibi.
1267 2244 1411 2303 Quod
1430 2262 1544 2310 ergo
1562 2263 1692 2293 nunc
1708 2246 1882 2293 dicitur
1898 2265 1908 2293 z
1924 2248 2058 2294 «Fiat
2076 2247 2430 2297 firmamentum
2443 2289 2454 2309 ‚
2469 2272 2492 2296 »

373 2328 449 2375 vel
475 2347 498 2372 «
517 2328 677 2375 divisit
697 2343 844 2391 aquas
866 2343 971 2391 quae
994 2336 1153 2385 erant,
1180 2336 1271 2373 etc.
1290 2363 1302 2386 ,
1325 2346 1347 2371 »
1375 2327 1463 2374 ista
1486 2325 1692 2373 firmatio
1715 2343 1879 2374 earum
1901 2328 1975 2374 vel
1999 2327 2169 2375 divisio
2194 2330 2257 2377 ita
2279 2340 2348 2377 est
2371 2332 2494 2379 acci-

374 2407 548 2473 pienda
567 2444 578 2465 ,
610 2417 663 2453 ut
692 2407 794 2453 sine
822 2405 1053 2452 dilatione
1075 2415 1331 2470 postquam
1359 2404 1425 2451 ibi
1454 2404 1646 2452 fuerunt
1670 2406 1718 2452 in
1755 2405 2133 2454 indissolubilem
2162 2408 2359 2470 glaciem
2388 2421 2493 2458 tan—

373 2503 519 2552 quam
548 2485 793 2550 crystallus
817 2484 1072 2543 induratae,
1105 2485 1171 2531 sic
1203 2483 1529 2532 stabilirentur
1557 2494 1605 2531 et
1634 2483 1939 2532 firmarentur
1966 2502 2052 2550 per
2079 2488 2491 2552 interpositionem

374 2568 558 2615 aetheris
581 2576 627 2613 et
649 2566 769 2613 aeris
788 2602 799 2623 ,
827 2581 887 2611 ne
909 2564 971 2611 ad
995 2564 1219 2612 inferiora
1243 2564 1568 2612 dilaberentur
1590 2566 1806 2628 quamvis
1829 2583 1883 2613 ex
1907 2576 2077 2614 natura
2100 2567 2321 2615 elementi
2344 2586 2491 2634 aqua-

371 2649 451 2695 tici
474 2646 653 2712 aliquid
675 2644 1043 2711 ponderositatis
1064 2644 1323 2704 haberent,
1350 2654 1397 2692 et
1425 2645 1557 2708 juxta
1586 2644 1902 2711 philosophos
1934 2648 2097 2695 omnia
2129 2648 2345 2713 pond‘era
2368 2662 2488 2699 nutu

371 2746 458 2776 suo
481 2728 692 2776 ferantur
715 2727 762 2773 in
787 2735 979 2773 terram.

437 2812 575 2855 Forte
597 2817 645 2854 et
672 2806 766 2853 hoc
787 2805 955 2870 aliquis
984 2805 1204 2870 requirit,
1235 2807 1297 2863 si,
1330 2815 1382 2853 ut
1413 2806 1605 2866 dicitur,
1633 2824 1767 2872 aquae
1795 2808 1883 2856 illae
1911 2812 2180 2875 superiores
2204 2813 2299 2875 igni
2322 2829 2486 2877 super-

371 2882 536 2953 positae
571 2888 619 2933 in
655 2886 853 2950 glaciem
884 2885 1161 2944 duruerint,
1196 2901 1292 2950 qua
1327 2887 1372 2932 vi
1409 2897 1587 2935 naturae
1610 2888 1659 2934 id
1692 2888 1869 2935 factum
1904 2890 1979 2936 sit.
2019 2890 2089 2937 Ad
2118 2891 2251 2956 quod
2279 2893 2488 2957 primum

371 2967 642 3034 respondeo
661 3005 672 3025 ,
700 2966 968 3014 nullatenus
992 2983 1081 3013 nos
1100 2965 1247 3013 modo
1263 3003 1274 3025 ,
1294 2983 1444 3031 quum
1474 2968 1522 3014 in
1546 2968 1783 3033 aliquibus
1803 2987 1962 3018 rerum
1986 2972 2166 3020 affectis
2183 2975 2281 3020 vim
2310 2985 2490 3022 naturae

370 3050 444 3097 vel
468 3066 633 3097 causas
651 3047 890 3095 naturales
915 3048 1199 3112 requirimus
1221 3047 1296 3095 vel
1331 3049 1648 3113 assignamus,
1690 3050 1739 3097 id
1771 3068 1860 3099 nos
1885 3052 2038 3100 facere
2061 3054 2325 3102 secundum
2360 3055 2489 3103 illam

371 3129 581 3194 priorem
604 3128 692 3174 Dei
714 3127 1044 3192 operationem
1070 3127 1118 3173 in
1142 3127 1485 3176 constitutione
1508 3129 1702 3187 mundi,
1729 3129 1812 3177 ubi
1836 3131 1938 3179 sola
1959 3133 2046 3179 Dei
2066 3133 2287 3182 voluntas
2310 3146 2489 3183 naturae

371 3206 631 3255 efficaciam
651 3205 890 3256 habuitin
914 3205 1004 3253 illis
1025 3215 1140 3253 tunc
1163 3208 1383 3254 creandis
1410 3207 1479 3255 vel
1502 3208 1837 3274 disponendis3
1866 3211 1950 3258 sed
1974 3222 2159 3259 tantum
2185 3213 2246 3260 ab
2269 3213 2348 3261 illa
2370 3232 2486 3280 ope-

368 3287 555 3335 ratione
585 3287 672 3333 Dei
705 3302 784 3333 sex
815 3284 986 3333 diebus
1020 3285 1098 3333 illa
1127 3300 1383 3351 compieta.
1415 3289 1649 3353 Deinceps
1677 3290 1774 3337 vim
1809 3300 1988 3338 naturae
2019 3308 2220 3356 pensare
2248 3293 2483 3354 solemus,

422 3450 437 3475 ·‘
462 3451 571 3490 Rom„
587 3461 661 3495 cap.
680 3463 689 3484 ι
705 3477 713 3492 ,
732 3462 764 3485 v.
783 3453 839 3493 20.

550 3520 564 3549 1
2300 3520 2345 3557 81
