2970 4152
538 400 600 448 46
1262 400 1523 449 ANDREAE
1543 400 1926 461 QUERCETANI

540 508 621 531 rum
638 495 868 544 praebendam
889 493 1008 529 libens
1027 493 1219 541 acquirere
1238 492 1427 531 laborabo.
1446 510 1464 528 n
1479 495 1655 533 Gestasse
1671 508 1758 533 vero
1772 504 1811 534 et
1826 498 1929 533 Petri
1947 508 2158 545 praenomen
2173 496 2277 534 hune
2294 499 2556 547 Astralabium,
2575 502 2648 539 sive

537 557 788 595 Astrolabium
796 585 805 602 ,
821 556 929 591 docet
939 553 1192 603 necrologicus
1210 554 1304 591 liber
1316 557 1574 604 paracletensis
1587 559 1627 595 in
1638 560 1715 596 haec
1727 559 1838 596 verba
1854 575 1860 595 :
1880 574 1897 592 α
1912 571 1952 594 iv
1962 558 2034 595 kal.
2050 559 2223 597 novemb.
2238 560 2333 597 obiit
2341 557 2477 600 Petrus
2488 565 2649 601 Astrala-

539 621 621 656 hius
654 619 819 667 magistri
847 617 963 653 nostri
995 617 1098 653 Petri
1123 617 1231 654 filius.
1250 632 1267 651 ι)
1293 617 1509 667 [Hactenus
1533 604 2095 678 Quercetaanecrologium
2119 630 2244 659 autem
2269 626 2481 662 monasterii
2502 626 2549 663 de
2566 627 2648 664 Alta

539 682 645 730 Ripa,
661 679 803 716 ordinis
815 678 1072 723 cisterciensis,
1088 677 1187 727 apud
1205 678 1405 734 Helvetios,
1423 680 1475 718 sic
1492 681 1616 728 habet,
1635 691 1678 720 ut
1690 683 1820 721 retulit
1831 684 1939 720 nobis
1951 684 2006 720 vir
2020 683 2294 721 eruditissimus
2302 686 2342 721 L.
2356 685 2404 722 de
2415 686 2563 733 Sinn‘er,
2583 690 2648 738 qui

538 746 660 780 locum
673 743 750 791 ipse
769 740 1051 789 transcripserat
1071 757 1078 776 :
1103 756 1119 774 «
1139 754 1148 777 i
1165 741 1311 790 januar.
1334 754 1432 780 anno
1449 752 1625 794 reparatae
1641 746 1768 783 salutis
1785 759 1912 783 mctvn
1926 775 1936 791 ‚
1958 747 2052 784 obiit
2071 748 2295 784 reverendus
2317 747 2492 786 dominus
2507 750 2651 798 primus

538 806 650 853 hujus
672 803 887 840 monasterii
913 803 1042 849 abbas,
1064 803 1272 852 postulatus
1289 817 1309 842 a
1327 804 1480 843 domino
1508 805 1715 845 Guillelmo
1739 809 1786 845 de
1810 809 1931 846 Glana
1953 806 2152 846 fundatore
2177 820 2221 846 ex
2248 810 2395 847 abbatia
2419 808 2591 850 Caroloci
2608 813 2650 850 in

536 866 760 915 Burgundiae
785 866 965 902 comitatu
984 866 1052 902 sita
1071 881 1078 902 :
1094 873 1131 902 et
1149 867 1218 903 sub
1236 868 1316 916 ipso
1336 868 1410 905 fuit
1433 877 1645 906 consecrata
1660 870 1812 908 ecclesia
1837 870 2040 920 altaripana
2059 883 2083 908 a
2107 872 2286 910 Guidone
2305 874 2478 926 episcopo
2502 875 2650 912 lausan-

537 930 653 974 nensi,
667 941 711 965 an
718 942 764 964 no
776 929 927 964 Domini
939 940 1122 971 Mcxxxvll,
1132 930 1171 965 in
1184 940 1308 967 mense
1322 932 1516 968 martis.—
1523 945 1553 968 11
1562 933 1710 980 januar.
1723 933 2037 971 Commemoratio
2047 935 2336 973 reverendorum
2345 945 2494 988 patrum
2509 937 2651 975 :Theo-

535 993 653 1029 ‹lorici
675 992 832 1041 prioris3
849 991 1049 1036 Germani,
1069 991 1249 1029 Richardi
1268 993 1410 1030 abbatis
1422 1005 1539 1031 MCLvu
1555 1011 1564 1041 ;
1582 993 1748 1032 Cononis
1768 996 1995 1045 subprioris3
2012 996 2170 1044 Josleni,
2189 998 2316 1036 Pontii
2329 1000 2473 1036 abbatis
2485 1008 2648 1045 nemum

533 1055 673 1091 ,Iuliani
689 1053 839 1092 Cellarii
851 1069 860 1098 ;
874 1054 1065 1102 Hugonis,
1084 1052 1335 1101 Wuilliermi,
1356 1057 1554 1093 Astralabii
1570 1056 1713 1094 abbatis
1725 1068 1846 1095 Mctxn
1863 1074 1872 1103 ;
1890 1059 2062 1096 Gualteri
2077 1066 2115 1096 et
2127 1060 2242 1097 Petri.
2262 1061 2339 1098 Nec
2351 1070 2424 1098 non
2441 1069 2479 1098 et
2491 1062 2648 1112 fratrum

534 1130 793 1168 conversorum
810 1134 817 1153 ε
832 1116 1000 1162 Martini,
1020 1117 1195 1154 Borcardi
1206 1146 1216 1163 ,
1231 1117 1422 1165 Willenci‚
1438 1120 1620 1165 Bossonis,
1635 1120 1839 1157 Amaldrici
1850 1149 1861 1169 ‚
1879 1122 2046 1160 Viventii
2062 1151 2071 1167 ‚
2089 1123 2244 1159 Torinci
2257 1151 2268 1169 ‚
2285 1124 2420 1171 Marci,
2438 1123 2649 1173 Raymundi

523 1188 569 1229 *et
593 1180 792 1216 Mendrici.
819 1180 894 1226 Qui
921 1192 1049 1216 omnes
1074 1191 1117 1216 ex
1147 1180 1295 1217 abbatia
1318 1181 1488 1218 Caroloci
1511 1182 1706 1230 postulati,
1734 1178 1808 1220 hoc
1836 1185 2102 1221 monasterium
2133 1185 2245 1234 primi
2272 1185 2652 1235 inhabitavemnt.v÷

535 1255 555 1277 v
573 1242 736 1292 augusti.
755 1243 1070 1279 Commemoratio
1092 1243 1284 1280 reverendi
1302 1244 1446 1280 domini
1466 1244 1668 1282 Astrolabii
1688 1247 1702 1293 (
1715 1246 1793 1293 sic)
1812 1246 1954 1283 abbatis
1973 1247 2042 1286 lv.
2058 1226 2150 1347 ἓῑῐ
2171 1248 2265 1285 ordo
2279 1249 2520 1286 successionis
2538 1245 2651 1286 abba-

534 1312 612 1340 tum
626 1304 926 1352 altaripensium:
943 1319 959 1338 «
971 1305 1002 1341 I.
1014 1303 1199 1341 Girardus
1215 1306 1331 1341 sancti
1350 1306 1526 1343 Bernardi
1545 1306 1764 1355 discipulus,
1778 1318 1826 1344 ex
1837 1307 1985 1345 abbatia
2002 1309 2049 1346 de
2121 1309 2246 1346 roloco
2261 1310 2300 1346 in
2314 1310 2545 1359 Burgundia,
2562 1309 2650 1346 mis·

534 1380 594 1403 sus
610 1380 706 1403 anno
724 1379 904 1403 mcxxxvu.
916 1367 966 1403 II.
982 1365 1193 1403 Richardus
1208 1367 1412 1403 monachus
1428 1367 1612 1414 Caroloci,
1625 1368 1765 1406 electus
1781 1367 1918 1418 (abbas)
1931 1382 2028 1407 anno
2040 1379 2174 1407 Mctvu.
2185 1370 2255 1408 ΙΙΙ.
2267 1372 2437 1417 Pontius,
2448 1371 2652 1409 monachus

533 1428 718 1473 Caroloci,
732 1439 882 1463 mecvm.
898 1427 969 1465 IV.
984 1428 1225 1472 Astralabius,
1244 1428 1450 1465 monachus
1461 1429 1630 1466 Caroloci
1647 1441 1789 1467 MCLxu.
1808 1431 1858 1469 V.
1874 1432 1996 1480 Hugu,
2013 1444 2057 1468 ex
2069 1433 2186 1469 nobili
2201 1433 2341 1470 familia
2352 1433 2593 1470 dominorum
2605 1433 2652 1470 de

532 1490 648 1525 Ponte
661 1502 786 1525 mcth.
834 1490 987 1526 Constat
998 1501 1087 1537 ergo
1101 1489 1353 1526 Astralabium
1369 1491 1581 1539 quemdam,
1601 1492 1827 1528 monachum
1845 1493 2005 1528 coenobii
2017 1494 2186 1530 Caroloci
2203 1496 2243 1530 in
2254 1494 2482 1543 Burgundia,
2497 1495 2651 1531 missum

528 1552 643 1588 fuisso
671 1564 757 1587 cum
784 1563 803 1586 a
822 1563 865 1586 us
888 1564 906 1586 a
936 1558 1061 1586 sancto
1089 1551 1303 1596 Bernardo,
1330 1558 1373 1587 ut
1399 1552 1667 1588 monasterium
1690 1553 1782 1588 Attae
1802 1553 1907 1601 Ripae
1927 1554 2040 1601 primi
2063 1555 2339 1602 inhabitarent,
2363 1555 2538 1592 abbatem
2565 1568 2651 1604 vero

531 1613 690 1649 electum
708 1624 805 1649 anno
820 1615 911 1651 1162
923 1641 932 1658 ,
951 1612 1069 1649 tribus
1086 1620 1169 1660 post
1185 1611 1291 1648 annis
1310 1625 1330 1648 e
1347 1613 1420 1648 vita
1438 1613 1647 1650 decessisse.
1666 1613 1917 1650 Astralabium
1933 1613 2041 1651 illum
2062 1615 2245 1652 Abaelardi
2266 1616 2384 1652 filium
2400 1617 2514 1654 fuisse
2527 1615 2651 1654 forsan

530 1683 819 1712 consentaneum
838 1683 904 1712 est.
941 1674 1040 1714 Vide
1067 1675 1220 1723 Fragm.
1244 1673 1291 1710 de
1310 1674 1453 1711 Philos.
1474 1675 1650 1712 scholast.
1667 1701 1677 1717 ‚
1696 1676 1801 1711 Paris
1815 1703 1824 1721 ‚
1848 1679 1942 1715 ⁴840
1955 1705 1964 1723 ‚
1985 1690 2021 1727 p.
2043 1679 2150 1726 447.)
2168 1677 2312 1715 Verum
2331 1685 2369 1715 et
2386 1680 2527 1716 mentio
2547 1678 2590 1715 fit
2612 1680 2650 1715 in

529 1737 728 1773 cartulario
746 1738 906 1774 coenobii
950 1737 1148 1782 uzeiensis,
1168 1738 1207 1773 in
1225 1737 1437 1782 Britannia,
1465 1737 1618 1774 alterius
1636 1738 1834 1775 Astralahii
1854 1741 1918 1788 qui
1943 1750 2029 1776 cum
2048 1739 2327 1788 avunculoejus
2342 1741 2520 1778 Por-cario
2537 1738 2651 1778 cano-

530 1802 635 1836 nicus
647 1799 806 1836 ecclesiae
819 1800 1057 1837 nannetensis
1070 1800 1182 1836 fuisse
1195 1800 1329 1837 fertur.
1341 1799 1441 1838 Vide
1453 1798 1616 1837 Histoire
1630 1800 1676 1836 de
1690 1801 1897 1849 Bretagne,
1912 1809 2013 1839 auct.
2025 1802 2126 1839 dom.
2142 1800 2343 1849 lobineau,
2356 1796 2523 1849 Parisiis,
2542 1805 2649 1849 ⁴707,

531 1870 558 1899 t.
573 1864 608 1899 Il
626 1892 636 1911 ,
654 1877 692 1912 p.
712 1862 828 1909 296.]

1395 1940 1491 1975 Nota
1511 1940 1624 1986 XXI,
1642 1954 1725 1990 pag.
1745 1943 1803 1978 Μ.

583 2033 682 2082 Quid
703 2043 735 2069 te
762 2034 935 2068 clericum
963 2038 1075 2081 atque
1103 2031 1465 2080 catzonicumsacere
1489 2035 1698 2081 oportet...?
1715 2054 1763 2062 —
1782 2031 1898 2080 Cujus
1915 2034 2074 2070 ecclesiae
2090 2034 2203 2069 fuerit
2222 2035 2421 2070 canonicus
2438 2033 2653 2069 Abaelardus

532 2096 665 2132 nullibi
683 2095 823 2144 reperi,
840 2095 911 2130 nisi
926 2094 1025 2132 forte
1041 2094 1271 2131 senonensis.
1291 2092 1339 2130 Id
1351 2094 1455 2130 enim
1474 2094 1587 2131 habet
1605 2095 1826 2132 chronicum
1846 2097 2142 2144 manuscriptum
2160 2097 2526 2145 archiepiscoporum
2545 2106 2652 2131 seno-

532 2159 701 2195 nensium
716 2171 724 2191 z
747 2159 879 2194 «Anno
896 2167 1015 2193 Mcxmi
1029 2157 1171 2205 inquit,
1192 2157 1370 2204 magister
1383 2157 1516 2193 Petrus
1534 2157 1713 2194 Abaulart
1731 2157 1930 2194 canonicus
1953 2159 2077 2206 primo
2095 2158 2245 2206 majoris
2261 2158 2422 2195 ecclesiae
2438 2157 2653 2194 senonensis

532 2222 687 2258 obiit....
706 2220 919 2258 Canonicus
934 2219 1024 2264 fuit,
1045 2226 1082 2256 et
1094 2226 1179 2267 post
1194 2226 1385 2256 uxoratus.
1404 2234 1421 2253 »
1441 2220 1514 2257 Sed
1533 2220 1733 2257 concilium
1757 2220 2002 2269 provinciale,
2019 2220 2123 2270 quod
2141 2228 2267 2269 postea
2292 2221 2452 2257 Senonis
2479 2220 2654 2256 adversus

532 2296 618 2319 eum
642 2289 882 2320 convocatum
905 2289 980 2327 est,
997 2281 1088 2317 huic
1105 2281 1274 2329 opinioni
1290 2281 1414 2317 locum
1430 2281 1575 2318 dedisse
1592 2282 1746 2331 quidam
1757 2283 2006 2331 suspicantur.
2023 2283 2078 2319 Ut
2098 2289 2140 2318 ut
2152 2284 2204 2319 ‘sit
2216 2311 2227 2328 ‚
2248 2282 2425 2319 clericum
2446 2282 2520 2318 sive
2540 2293 2652 2318 cano-

533 2348 657 2381 nicum
682 2346 795 2381 fuisse
821 2345 1041 2393 priusquam
1071 2355 1224 2379 uxorem
1238 2343 1395 2380 duceret
1408 2371 1418 2390 ,
1444 2344 1522 2393 ipsa
1534 2345 1651 2383 *etiam
1667 2345 1750 2392 ejus
1768 2357 1883 2381 uxore
1903 2352 2063 2381 testante
2077 2373 2086 2390 ‚
2104 2357 2180 2381 non
2205 2344 2458 2381 dubitandum
2469 2351 2538 2381 est.
2562 2343 2653 2392 [Alii

535 2408 769 2444 Abaelardum
793 2407 951 2443 ecclesiae
975 2406 1187 2454 parisiensis
1219 2412 1284 2442 aut
1313 2407 1426 2442 etiam
1458 2407 1669 2443 turonensis
1701 2409 1921 2444 canonicum
1941 2407 2053 2443 fuisse
2071 2406 2320 2443 contendunt.
2341 2406 2441 2445 Vide
2464 2406 2554 2442 olari
2583 2406 2652 2441 viri

535 2470 730 2515 Remusat,
759 2470 798 2505 in
825 2479 937 2517 opere
959 2479 1050 2516 saepe
1069 2467 1241 2513 laudato,
1266 2474 1297 2504 t.
1323 2467 1364 2514 Ι,
1386 2481 1422 2516 p.
1445 2469 1489 2506 io
1503 2497 1512 2514 ,
1541 2468 1606 2505 ubi
1630 2469 1754 2506 locum
1773 2470 1942 2506 chronici
1971 2469 2185 2505 senonensis
2206 2469 2345 2516 partim
2376 2480 2396 2503 a
2419 2468 2654 2514 Quercetano

532 2538 804 2580 expromptum,
824 2537 946 2567 totum
964 2531 1015 2566 sic
1032 2529 1131 2578 legas
1146 2542 1153 2562 ε
1169 2543 1186 2562 α
1203 2530 1256 2566 Ex
1269 2530 1448 2566 chronico
1463 2531 1660 2567 senonensi
1673 2531 1853 2571 Gaufridi
1868 2530 1915 2567 de
1927 2530 2096 2575 Conone,
2115 2530 2289 2566 monachi
2307 2530 2433 2566 Sancti
2446 2529 2549 2565 Petri
2567 2528 2652 2567 vivi

532 2595 762 2639 senonensis,
787 2593 911 2630 seculo
927 2602 995 2628 xm
1009 2621 1018 2637 ‚
1034 2603 1131 2627 anno
1148 2591 1300 2628 Domini
1317 2603 1409 2627 men
1427 2593 1440 2639 (
1449 2593 1530 2640 lege
1544 2593 1639 2639 λιιι)
1659 2593 1840 2641 magister
1853 2593 1989 2629 Petrus
1999 2592 2200 2636 Abaulart,
2221 2591 2422 2628 canonicus
2432 2591 2555 2639 primo
2572 2597 2654 2625 ma·-

529 2657 619 2702 joris
635 2655 795 2692 ecclesiae
811 2654 1042 2699 senonensis,
1064 2654 1159 2690 obiit
1176 2668 1183 2687 :
1204 2655 1269 2703 qui
1286 2654 1510 2691 monasteria
1528 2654 1867 2691 sanctimonialium
1886 2654 2076 2699 fundavit,
2098 2652 2308 2702 specialiter
2323 2652 2508 2688 abbatiam
2522 2651 2569 2687 de
2582 2652 2654 2687 Pa-

535 2718 678 2762 melito,
695 2719 733 2753 in
746 2729 821 2767 quo
838 2716 1015 2765 sepelitur
1030 2728 1118 2752 cum
1135 2729 1261 2753 uxore.
1280 2717 1400 2753 Suum
1417 2717 1651 2765 epitaphium
1670 2716 1742 2753 tale
1761 2724 1816 2753 est
1837 2733 1843 2752 :
1865 2732 1883 2750 «
1898 2717 1962 2754 Est
1979 2717 2066 2753 satis
2082 2717 2124 2756 in
2141 2715 2309 2751 tumulo:
2325 2715 2460 2751 Petrus
2478 2715 2541 2750 hic
2555 2714 2654 2761 jacet

536 2795 551 2812 «
566 2780 811 2816 Abaillardus.
832 2779 905 2815 Hic
917 2780 935 2825 ·(
950 2780 1031 2828 lege
1043 2772 1160 2824 huic)
1179 2778 1245 2820 soli
1264 2779 1387 2827 patuit
1399 2778 1736 2828 scibilequidquid
1752 2785 1846 2815 erat.
1861 2794 1878 2811 n
1891 2777 2108 2815 eanonicus
2127 2778 2199 2816 fuit
2216 2784 2253 2814 et
2267 2785 2351 2826 post
2367 2782 2560 2815 uxoratum
2579 2791 2596 2809 »
2612 2776 2628 2824 ]

1383 2893 1482 2949 Nota
1496 2893 1626 2938 XXII,
1643 2905 1727 2945 pag.
1749 2896 1805 2929 ⁴5.

588 2988 801 3022 Transmisl
818 3000 899 3022 eam
916 2984 970 3021 ad
985 2985 1179 3021 abbatiam
1198 2983 1401 3034 quamdam
1420 2986 1758 3021 sanctimonialium
1774 2998 1890 3032 prope
1909 2984 2080 3020 Parisius
2094 3013 2103 3029 ‚
2133 2997 2218 3033 quae
2237 2984 2510 3033 Argenteolum
2527 2983 2655 3034 appel-

539 3051 648 3085 latur.
667 3039 961 3097 —*Argeuteoli,
981 3049 1055 3083 sive
1073 3045 1295 3097 Argentolii,
1314 3054 1379 3083 aut
1391 3076 1401 3093 ,
1419 3053 1463 3083 ut
1477 3040 1617 3083 veteres
1635 3046 1822 3096 appellant
1835 3074 1844 3091 ‚
1866 3045 2103 3096 Argentogili
2126 3039 2322 3082 abhatiam'
2334 3041 2602 3082 Hei-menricus
2619 3050 2655 3078 et

537 3125 630 3148 uxor
654 3112 733 3158 ejus
751 3111 964 3147 Mummana
992 3110 1199 3146 fundarunt
1219 3109 1259 3146 in
1280 3122 1377 3158 pago
1399 3108 1580 3158 parisiaco
1598 3122 1709 3158 super
1731 3108 1844 3146 fluvio
1863 3108 2056 3158 Sequanae,
2077 3110 2316 3157 primumque
2342 3106 2543 3143 monachos
2560 3104 2599 3140 in
2615 3116 2655 3139 ea

539 3179 756 3221 posuerunt.
767 3171 839 3207 Sed
851 3178 974 3219 postea
989 3172 1293 3207 Normannorum
1304 3171 1580 3207 incursionibus
1594 3170 1820 3206 destructam
1829 3170 1976 3207 Adelais
1990 3171 2132 3219 regina,
2147 3168 2230 3216 conj
2237 3180 2284 3204 ux
2296 3167 2470 3215 Hugonis
2486 3179 2527 3202 ac
2540 3172 2658 3201 mater

539 3236 692 3272 Roberti
715 3246 868 3282 regum,
890 3232 988 3268 illam
1011 3247 1029 3268 a
1048 3233 1124 3270 solo
1142 3234 1393 3278 reaedificavit,
1420 3224 1457 3270 et
1476 3233 1701 3270 monialibus
1722 3233 1772 3269 ibi
1799 3234 1878 3269 Deo
1898 3234 1966 3270 sub
1990 3233 2116 3282 regula
2137 3233 2263 3270 Sancti
2291 3230 2483 3267 Benedicti
2502 3228 2658 3265 famula-

540 3299 637 3334 turis
652 3296 868 3345 assignavit,
888 3295 944 3331 uti
962 3294 1074 3330 docet
1092 3296 1334 3344 Helgaudus,
1353 3296 1578 3333 floriacensis
1594 3296 1803 3332 *monachus
1815 3323 1825 3340 ‚
1847 3297 1887 3331 in
1907 3296 1994 3333 Vita
2012 3295 2168 3332 auberti
2183 3294 2285 3342 mgis
2301 3308 2309 3328 ε
2327 3307 2349 3326 -α
2371 3292 2493 3335 Mater
2510 3301 2659 3340 quoque

539 3362 637 3407 ejus,
663 3372 680 3393 n
713 3358 865 3407 inquit‚·
891 3372 908 3390 α
923 3357 1102 3393 Adhela'is
1125 3358 1347 3395 admiranda
1372 3359 1462 3395 satis
1489 3358 1529 3394 in
1551 3364 1682 3394 canova
1701 3357 1901 3393 devotione
1927 3358 2075 3406 regin&
2101 3354 2310 3392 oonaetruxit
2330 3353 2596 3390 monasterium
2620 3351 2658 3386 in

540 3423 731 3459 territorio
747 3419 1079 3469 parisienswvina
1102 3429 1182 3468 quae
1204 3420 1344 3457 dicitur
1362 3420 1622 3470 Argenteum,
1642 3420 1710 3456 ubi
1727 3432 1930 3456 numerum
1948 3419 2167 3456 ancillarum
2185 3416 2254 3454 Dei
2274 3428 2350 3453 non
2374 3416 2572 3452 minimum
2591 3413 2660 3449 sub

541 3497 668 3521 norma
689 3483 813 3519 Sancti
836 3480 1022 3518 Benedicti
1042 3484 1163 3517 vivere
1182 3490 1324 3530 paratas
1341 3483 1538 3526 adunavit,
1554 3481 1602 3518 ad
1619 3481 1767 3518 laudem
1788 3488 1826 3518 et
1844 3480 2000 3528 gloriam
2022 3481 2207 3518 bonorum
2222 3478 2391 3516 omnium
2411 3475 2660 3524 inspiratoris,
