2970 4152
902 428 960 476 ΙΝ
995 428 1200 475 DlEBUS
1233 427 1624 477 ROGATIONUM
1657 430 1872 477 SERMO.
2345 423 2442 472 467

331 523 464 569 mus?
485 539 574 570 nec
595 533 758 570 utrum
788 524 995 572 salubria
1023 525 1119 571 sint
1153 524 1228 571 vel
1259 524 1434 571 nociva
1468 525 1702 572 discutere
1734 525 1974 573 valemus?
2009 523 2204 573 Duabus
2236 521 2444 585 denique

329 604 500 663 causis,
516 604 673 652 verbis
685 622 878 670 quoque
892 606 1086 652 Domini
1099 615 1285 653 constat
1301 602 1557 665 orandum,
1576 615 1629 652 ut
1645 606 1739 652 hoc
1757 607 1977 653 videlicet
1990 606 2052 652 ad
2071 606 2169 668 ejus
2185 603 2440 660 honorem,

329 693 379 730 et
400 684 462 731 ad
483 695 698 732 nostram
719 686 803 733 fiat
823 686 1091 733 utilitatem.
1111 686 1182 733 Ad
1201 687 1301 750 ejus
1323 686 1519 751 quidem
1540 686 1778 733 honorem
1791 725 1802 745 ,
1826 704 1977 751 quum
1999 685 2131 750 quod
2154 684 2214 732 ab
2236 684 2341 748 ipso
2363 697 2446 746 po-

329 763 582 825 stulamus,
609 766 669 814 ab
690 768 795 832 ipso
817 769 978 833 potius'
998 785 1144 832 quam
1165 784 1194 815 a
1215 767 1354 815 nobis
1376 768 1470 814 hoc
1493 784 1594 835 esse
1617 768 1848 815 fateamur
1870 768 2003 831 quod
2024 767 2252 831 petimus3
2278 774 2325 811 et
2345 763 2445 827 ejus

331 848 489 910 gratiae
509 848 669 913 potius
691 865 838 912 quam
858 850 1021 895 virtuti
1043 860 1216 896 nostrae
1243 849 1338 896 hoc
1366 859 1616 914 acceptum
1643 849 1924 895 tribuamus.
1951 848 2023 894 Ad
2051 847 2301 894 utilitatem
2328 861 2447 908 quo-

329 943 425 990 que
446 937 660 975 nostram
682 929 1044 994 verba-quoque
1078 930 1499 988 commendantur,
1525 946 1675 993 quum
1710 929 1948 975 intellecta
1981 927 2289 974 devotionem
2322 924 2445 972 exci-

331 1015 455 1065 tant,
481 1017 528 1054 et
549 1009 973 1073 compunctionem
995 1020 1247 1072 generant,
1274 1019 1326 1056 ut
1348 1025 1407 1056 eo
1437 1009 1615 1055 facilius
1644 1008 1899 1055 audiantur
1922 1024 1950 1055 a
1970 1007 2204 1064 Domino,
2236 1022 2333 1069 quo
2362 1004 2449 1051 de·-

330 1087 488 1133 votius
509 1088 818 1152 proferuntur
841 1106 868 1136 a
890 1090 1046 1137 nobis.
1073 1091 1203 1137 Solet
1225 1091 1403 1155 quippe
1426 1090 1694 1137 dolentium
1714 1089 1811 1135 hoc
1839 1105 1940 1135 6556
1968 1087 2183 1135 naturale
2210 1086 2286 1132 vel
2314 1085 2448 1150 quasi

330 1168 579 1231 proprium
591 1207 602 1228 ,
621 1180 674 1216 ut
690 1187 841 1234 quum
854 1170 947 1217 hoc
970 1171 1099 1218 unde
1122 1171 1290 1218 dolent
1310 1171 1469 1218 verbis
1491 1171 1763 1236 exprimunt
1775 1207 1786 1229 ,
1809 1171 1910 1235 ipsa
1925 1170 1974 1216 in
1989 1170 2055 1216 eis
2070 1168 2217 1215 verba
2230 1167 2449 1214 dolorem

331 1249 618 1309 accendant,
645 1261 691 1297 et
719 1252 815 1297 suis
844 1252 1155 1315 querimoniis
1184 1269 1319 1299 mens
1342 1262 1657 1317 compuncta,
1684 1251 1820 1299 facile
1843 1260 2126 1316 prorumpat
2147 1250 2195 1296 in
2219 1249 2450 1312 lacrymas

329 1343 387 1373 ex
408 1327 522 1391 ipsis
543 1330 639 1376 suis
661 1347 780 1394 quas
801 1331 944 1377 refert
966 1331 1182 1378 miseriis.
1209 1332 1285 1378 Sic
1307 1342 1354 1378 et
1376 1332 1661 1396 poenitentes
1690 1348 1840 1395 quum
1869 1331 1916 1377 in
1947 1329 2244 1378 orationibus
2271 1328 2367 1375 suis
2395 1342 2451 1373 ea

328 1424 443 1472 quae,
457 1411 801 1458 commiserunt
823 1412 1057 1470 referunt,
1079 1413 1178 1477 ipsa
1204 1429 1374 1459 eorum
1396 1412 1542 1460 verba
1557 1413 1693 1477 quasi
1718 1412 1937 1477 quaedam
1960 1411 2245 1477 punctiones
2267 1418 2450 1456 mentes

331 1490 623 1551 gementium
645 1491 928 1551 vulnerant,
955 1502 1007 1538 ut
1029 1491 1263 1556 lacrymas
1286 1493 1399 1540 inde
1421 1493 1720 1558 producant,
1747 1502 1794 1539 et
1818 1492 2156 1539 medullatum¹
2178 1489 2253 1537 vel
2275 1489 2451 1554 pingue

329 1570 615 1618 sacrificium
638 1572 859 1619 offerant.

396 1652 594 1698 Constat
625 1660 785 1698 autem
820 1653 1091 1699 orationem
1126 1651 1422 1699 dominicam
1443 1663 1543 1700 tam
1567 1669 1594 1699 a
1615 1651 1839 1699 Matthaeo
1869 1667 2015 1715 quam
2043 1668 2071 1698 a
2091 1653 2218 1697 Luca
2247 1648 2454 1696 conscri-

330 1739 463 1794 ptam
485 1748 608 1791 esse,
635 1733 719 1780 sed
742 1732 803 1779 ab
826 1732 907 1778 illo
930 1732 1140 1797 plenius,
1172 1733 1255 1796 qui
1278 1749 1378 1779 non
1408 1732 1565 1779 solum
1594 1731 1905 1795 evangelista,
1937 1747 2106 1777 verum
2134 1738 2181 1776 et
2208 1727 2452 1794 apostolus

330 1810 483 1876 ipsam
506 1830 561 1859 ex
585 1800 668 1859 ore
691 1813 886 1859 Domini
915 1813 1141 1870 audierit,
1173 1812 1370 1876 quando
1400 1829 1507 1860 eam
1535 1813 1771 1859 Dominus
1800 1812 1848 1858 in
1879 1821 2045 1858 monte
2074 1811 2163 1876 ipsi
2191 1809 2453 1873 ceterisque

329 1893 471 1940 simul
505 1894 732 1958 apostolis
765 1893 1003 1941 tradidit’.
1039 1893 1179 1940 Unde
1208 1910 1338 1940 nunc
1366 1909 1473 1940 eam
1495 1893 1732 1957 praecipue
1755 1902 1919 1939 nostra
1941 1892 2246 1956 prosequitur
2267 1889 2454 1954 exposi-

334 1973 427 2032 tio,
448 1990 553 2038 quae
576 1974 837 2038 plurimum
860 1975 1176 2033 auctoritatis,
1202 1974 1324 2020 sicut
1345 1983 1393 2020 et
1420 1972 1726 2038 perfectionis
1756 1971 1924 2031 habet,
1951 1972 1999 2017 in
2029 1981 2213 2035 septem
2238 1969 2455 2017 videlicet

331 2051 640 2116 petitionibus
661 2053 906 2114 distincta,
932 2070 1083 2117 quum
1104 2052 1184 2100 illa
1205 2055 1341 2099 Lucae
1362 2052 1576 2116 quinque
1598 2052 1658 2098 sit
1679 2061 1930 2109 contenta,
1956 2067 2062 2115 quae
2084 2067 2184 2097 non
2208 2047 2452 2114 apostolis,

329 2133 415 2180 sed
443 2133 635 2181 cuidam
658 2134 893 2200 discipulo
917 2143 1213 2182 memoratur
1234 2133 1425 2181 tradita.
1452 2134 1528 2179 Sic
1551 2134 1731 2198 quippe
1754 2133 1802 2179 in
1819 2123 1932 2197 'ipso
1954 2131 2186 2196 scriptum
2207 2146 2309 2177 esse
2331 2132 2457 2177 Luca

331 2213 637 2261 meminimus
659 2214 720 2262 de
742 2215 953 2262 Domino
969 2217 983 2240 ³
1008 2237 1018 2262 2
1049 2235 1073 2260 «
1093 2218 1289 2262 Factum
1312 2224 1405 2273 est,
1431 2213 1549 2261 dum
1572 2213 1673 2279 ipse
1696 2223 1818 2259 esset
1840 2213 1889 2259 in
1912 2212 2127 2277 quodam
2149 2211 2258 2258 loco
2287 2227 2452 2270 orans,

331 2302 384 2340 ut
405 2294 622 2353 cessavit,
642 2295 758 2342 dixit
779 2313 904 2343 unus
920 2313 979 2344 ex
996 2294 1239 2361 discipulis
1255 2295 1357 2359 ejus
1377 2294 1439 2342 ad
1455 2311 1566 2341 eum
1583 2312 1592 2340 :
1615 2294 1886 2352 «Domine,
1907 2293 2028 2340 doce
2045 2309 2134 2339 nos
2154 2307 2292 2339 orare
2305 2329 2316 2351 ,
2336 2292 2458 2338 sicut

335 2383 424 2420 «et
445 2377 652 2422 Joannes
674 2376 839 2423 docuit
861 2375 1119 2441 discipulos
1140 2392 1269 2423 suos.
1290 2394 1314 2420 n
1341 2379 1399 2422 Et
1421 2375 1486 2422 ait
1507 2374 1614 2421 illis.
1633 2376 1830 2431 «Quum
1854 2374 2022 2431 oratiS,
2049 2372 2191 2419 dicite
2219 2407 2228 2417 .
2260 2391 2283 2416 «
2300 2374 2453 2430 Pater,

336 2455 696 2503 «sanctificetur
708 2473 886 2504 nomen
900 2467 1055 2504 tuum.
1073 2456 1306 2503 Adveniat
1322 2471 1523 2519 regnum
1535 2464 1691 2513 tuum,
1712 2454 1794 2500 fiat
1811 2453 2032 2500 voluntas
2045 2462 2127 2499 tua
2139 2453 2260 2499 sicut
2270 2452 2319 2499 in
2335 2450 2457 2498 coelo

337 2555 360 2580 α
378 2545 425 2582 et
447 2537 495 2582 in
514 2545 654 2584 terra.
673 2539 850 2583 Panem
872 2546 1092 2583 nostrum
1114 2535 1451 2600 quotidianum
1475 2534 1536 2580 da
1558 2533 1699 2581 nobis
1721 2532 1886 2591 hodie,
1903 2542 1951 2579 et
1978 2532 2164 2579 dimitte
2187 2531 2329 2578 nobis
2350 2547 2459 2595 pec-

337 2636 359 2660 «
379 2625 484 2663 cata
496 2626 677 2675 nostra,
699 2616 936 2681 siquidem
949 2626 996 2663 et
1018 2616 1107 2681 ipsi
1127 2615 1410 2662 dimittimus
1433 2615 1566 2661 omni
1590 2613 1784 2660 debenti
1807 2612 1965 2659 nobiS.
1982 2615 2041 2659 Et
2062 2607 2124 2659 ne
2148 2628 2237 2658 nos
2258 2611 2458 2659 inducas

337 2717 359 2742 «
379 2696 427 2743 in
452 2696 784 2744 tentationem.
804 2716 826 2741 »
847 2696 1094 2744 Matthaeus
1117 2713 1231 2743 vero
1255 2695 1550 2742 dominicam
1573 2694 1842 2741 orationem
1865 2692 2092 2758 apostolis
2115 2702 2345 2757 tanquam
2367 2692 2457 2739 do·

334 2777 548 2824 ctoribus
571 2788 618 2825 et
639 2778 1001 2843 perfectioribus
1024 2777 1277 2843 perfectius
1312 2777 1557 2835 traditam,
1596 2791 1702 2823 eam
1725 2775 1962 2822 interserit
1985 2775 2196 2821 sermoni
2218 2774 2279 2821 ad
2302 2791 2385 2821 eos
2407 2774 2456 2821 in

334 2867 499 2904 monte
522 2858 712 2917 habito,
738 2875 883 2922 quem
906 2868 952 2905 et
974 2857 1308 2923 perfectiorem
1330 2873 1431 2904 esse
1454 2865 1642 2903 constat
1667 2872 1815 2920 quam
1843 2854 1920 2901 ille
1949 2854 2111 2914 fuerit,
2138 2871 2281 2918 quem
2312 2857 2459 2901 Lucas

335 2936 477 3004 refert
505 2938 553 2984 in
584 2937 928 3003 campestribus
951 2937 1012 2985 ad
1041 2937 1205 2985 turbas
1235 2937 1430 2984 factum.
1458 2936 1533 2983 Sic
1555 2936 1735 3001 quippe
1757 2935 1990 3000 scriptum
2023 2944 2094 2981 est
2127 2935 2176 2980 in
2205 2933 2427 2980 Matthaeo
2444 2971 2455 2992 ‚

334 3017 546 3063 Domino
570 3017 631 3064 ad
654 3017 897 3082 apostolos
919 3017 1135 3064 dicente'·
1162 3036 1172 3063 :
1202 3036 1225 3061 «
1246 3019 1408 3074 Quum
1432 3016 1601 3075 oratis,
1629 3031 1729 3062 non
1754 3015 1883 3061 eritis
1913 3015 2037 3061 sicut
2066 3013 2351 3078 hypocritae,
2377 3013 2460 3077 qui

335 3107 516 3156 amant,
537 3097 584 3143 in
602 3098 853 3162 synagogis
870 3107 916 3144 et
933 3098 981 3144 in
1000 3097 1183 3162 angulis
1198 3097 1465 3163 platearum
1484 3106 1682 3155 stantes,
1706 3111 1845 3142 orare
1868 3105 1920 3141 ut
1942 3094 2196 3142 videantur
2218 3093 2279 3141 ab
2301 3093 2459 3141 homi·

335 3176 495 3224 nibus.
520 3181 666 3225 Amen
682 3178 792 3225 dico
809 3178 946 3225 vobis
958 3215 969 3237 ,
991 3187 1278 3243 receperunt
1296 3177 1570 3224 mercedem
1588 3193 1743 3223 suam.
1761 3179 1828 3222 Tu
1846 3185 2007 3222 autem
2023 3192 2175 3239 quum
2192 3174 2370 3233 orabis,
2391 3174 2462 3221 in-

338 3265 412 3303 tra
434 3256 482 3303 in
506 3257 780 3304 cubiculum
803 3268 957 3317 tuum,
978 3267 1025 3305 et
1046 3257 1207 3305 clauso
1231 3258 1354 3305 ostio
1378 3267 1481 3316 tuo,
1509 3273 1593 3303 ora
1618 3266 1804 3321 patrem
1828 3265 1965 3302 tuum
1988 3255 2036 3301 in
2061 3254 2383 3302 abscondsto‘.
2405 3255 2462 3300 Et

386 3457 395 3473 ⁸
423 3457 475 3490 Sic
498 3458 578 3491 cod.
610 3459 731 3493 Victor.
749 3478 772 3485 -
793 3460 833 3493 Ue
859 3463 1067 3494 medullatum
1098 3460 1184 3494 Edit.
1216 3460 1310 3494 Amb.
1331 3478 1368 3484 —
1428 3460 1441 3477 ⁴
1456 3459 1586 3499 Manli..
1613 3469 1685 3503 cap.
1720 3470 1771 3499 vi,
1802 3470 1830 3492 v.
1853 3459 1885 3492 9.
1903 3477 1944 3482 —-
1965 3459 1977 3476 ⁵
1998 3459 2053 3492 sic
2069 3458 2151 3492 cod.
2168 3457 2253 3492 vict.
2267 3459 2462 3491 -Abscomo

338 3511 351 3528 ²
369 3514 550 3548 Tradiderit
567 3515 649 3549 Cod.
673 3517 873 3551 vicum—²
899 3518 994 3559 Luc.‚
1020 3528 1093 3561 cap.
1128 3529 1181 3559 xi,
1213 3528 1244 3550 v.
1278 3523 1306 3551 Ι.
1332 3534 1371 3541 --
1426 3515 1622 3551 Edi2.Amb.
