<?xml version="1.0" encoding="UTF-8"?>
<!DOCTYPE html PUBLIC "-//W3C//DTD XHTML 1.0 Transitional//EN"
    "http://www.w3.org/TR/xhtml1/DTD/xhtml1-transitional.dtd">
<html xmlns="http://www.w3.org/1999/xhtml" xml:lang="en" lang="en">
 <head>
  <title>
</title>
<meta http-equiv="Content-Type" content="text/html;charset=utf-8" />
  <meta name='ocr-system' content='tesseract 3.04.00' />
  <meta name='ocr-capabilities' content='ocr_page ocr_carea ocr_par ocr_line ocrx_word'/>
</head>
<body>
  <div class='ocr_page' id='page_1' title='image "./operahactenusseo01abeluoft_0639.png"; bbox 0 0 2970 4152; ppageno 0'>
   <div class='ocr_carea' id='block_1_1' title="bbox 949 490 1606 670">
    <p class='ocr_par' dir='ltr' id='par_1_1' title="bbox 949 490 1606 670">
     <span class='ocr_line' id='line_1_1' title="bbox 949 490 1606 670; baseline -0.009 -45"><span class='ocrx_word' id='word_1_1' title='bbox 949 490 958 498; x_wconf 66' lang='grc'><strong><em>’</em></strong></span> <span class='ocrx_word' id='word_1_2' title='bbox 1018 498 1028 507; x_wconf 74' lang='grc'><strong>’</strong></span> <span class='ocrx_word' id='word_1_3' title='bbox 1104 539 1606 670; x_wconf 70' lang='lat' dir='ltr'>MAelsTm</span> 
     </span>
    </p>
   </div>
   <div class='ocr_carea' id='block_1_2' title="bbox 538 732 2170 900">
    <p class='ocr_par' dir='ltr' id='par_1_2' title="bbox 538 732 2170 900">
     <span class='ocr_line' id='line_1_2' title="bbox 538 732 2170 900; baseline -0.007 0"><span class='ocrx_word' id='word_1_4' title='bbox 538 761 1083 900; x_wconf 86' lang='lat' dir='ltr'>PETRI</span> <span class='ocrx_word' id='word_1_5' title='bbox 1189 732 2170 896; x_wconf 79' lang='lat' dir='ltr'><strong>ABAELARDI</strong></span> 
     </span>
    </p>
   </div>
   <div class='ocr_carea' id='block_1_3' title="bbox 741 1021 1971 1101">
    <p class='ocr_par' dir='ltr' id='par_1_3' title="bbox 741 1021 1971 1101">
     <span class='ocr_line' id='line_1_3' title="bbox 741 1021 1971 1101; baseline -0.004 -4"><span class='ocrx_word' id='word_1_6' title='bbox 741 1028 1209 1101; x_wconf 86' lang='lat' dir='ltr'><strong>EXPOSITIO</strong></span> <span class='ocrx_word' id='word_1_7' title='bbox 1261 1027 1353 1097; x_wconf 90' lang='lat' dir='ltr'>IN</span> <span class='ocrx_word' id='word_1_8' title='bbox 1401 1021 1971 1098; x_wconf 86' lang='lat' dir='ltr'><strong>HEXAMERON.</strong></span> 
     </span>
    </p>
   </div>
   <div class='ocr_carea' id='block_1_4' title="bbox 287 1455 2413 2881">
    <p class='ocr_par' dir='ltr' id='par_1_4' title="bbox 292 1455 2412 1792">
     <span class='ocr_line' id='line_1_4' title="bbox 345 1455 2410 1517; baseline -0.004 -14"><span class='ocrx_word' id='word_1_9' title='bbox 345 1464 465 1504; x_wconf 76' lang='lat' dir='ltr'>Hunc</span> <span class='ocrx_word' id='word_1_10' title='bbox 496 1463 831 1505; x_wconf 85' lang='lat' dir='ltr'>commentarium</span> <span class='ocrx_word' id='word_1_11' title='bbox 859 1465 903 1505; x_wconf 89' lang='lat' dir='ltr'>in</span> <span class='ocrx_word' id='word_1_12' title='bbox 937 1463 1068 1505; x_wconf 85' lang='lat' dir='ltr'>lucem</span> <span class='ocrx_word' id='word_1_13' title='bbox 1094 1463 1273 1517; x_wconf 89' lang='lat' dir='ltr'>primum</span> <span class='ocrx_word' id='word_1_14' title='bbox 1304 1461 1468 1503; x_wconf 81' lang='lat' dir='ltr'>edidere</span> <span class='ocrx_word' id='word_1_15' title='bbox 1498 1459 1609 1501; x_wconf 91' lang='lat' dir='ltr'>dom.</span> <span class='ocrx_word' id='word_1_16' title='bbox 1641 1458 1757 1500; x_wconf 89' lang='lat' dir='ltr'>Edm.</span> <span class='ocrx_word' id='word_1_17' title='bbox 1794 1459 1973 1500; x_wconf 83' lang='lat' dir='ltr'>Martene</span> <span class='ocrx_word' id='word_1_18' title='bbox 2006 1462 2047 1497; x_wconf 89' lang='lat' dir='ltr'>et</span> <span class='ocrx_word' id='word_1_19' title='bbox 2071 1456 2182 1497; x_wconf 80' lang='lat' dir='ltr'>dom,</span> <span class='ocrx_word' id='word_1_20' title='bbox 2221 1455 2385 1497; x_wconf 88' lang='lat' dir='ltr'>Durand</span> <span class='ocrx_word' id='word_1_21' title='bbox 2398 1487 2410 1504; x_wconf 90' lang='lat'>,</span> 
     </span>
     <span class='ocr_line' id='line_1_5' title="bbox 297 1525 2412 1586; baseline -0.003 -14"><span class='ocrx_word' id='word_1_22' title='bbox 297 1531 488 1573; x_wconf 76' lang='lat' dir='ltr'>Thesaur.</span> <span class='ocrx_word' id='word_1_23' title='bbox 509 1544 601 1573; x_wconf 80' lang='lat' dir='ltr'>nov.</span> <span class='ocrx_word' id='word_1_24' title='bbox 623 1533 872 1581; x_wconf 71' lang='lat' dir='ltr'>anecdotor„</span> <span class='ocrx_word' id='word_1_25' title='bbox 894 1538 921 1573; x_wconf 92' lang='lat' dir='ltr'>t.</span> <span class='ocrx_word' id='word_1_26' title='bbox 945 1533 995 1584; x_wconf 87' lang='lat' dir='ltr'>V,</span> <span class='ocrx_word' id='word_1_27' title='bbox 1016 1545 1058 1586; x_wconf 88' lang='lat' dir='ltr'>p.</span> <span class='ocrx_word' id='word_1_28' title='bbox 1075 1531 1306 1575; x_wconf 78' lang='lat'><strong>1361-1416</strong></span> <span class='ocrx_word' id='word_1_29' title='bbox 1320 1561 1330 1579; x_wconf 90' lang='lat'>,</span> <span class='ocrx_word' id='word_1_30' title='bbox 1350 1534 1635 1584; x_wconf 86' lang='lat' dir='ltr'>expromptum</span> <span class='ocrx_word' id='word_1_31' title='bbox 1654 1540 1706 1569; x_wconf 89' lang='lat' dir='ltr'>ex</span> <span class='ocrx_word' id='word_1_32' title='bbox 1718 1529 1791 1569; x_wconf 84' lang='lat' dir='ltr'>Ms.</span> <span class='ocrx_word' id='word_1_33' title='bbox 1815 1525 1917 1568; x_wconf 91' lang='lat' dir='ltr'>Cod.</span> <span class='ocrx_word' id='word_1_34' title='bbox 1933 1526 2168 1567; x_wconf 86' lang='lat' dir='ltr'>monasterii</span> <span class='ocrx_word' id='word_1_35' title='bbox 2187 1525 2317 1566; x_wconf 91' lang='lat' dir='ltr'>sancti</span> <span class='ocrx_word' id='word_1_36' title='bbox 2341 1525 2412 1566; x_wconf 87' lang='lat' dir='ltr'>Mi-</span> 
     </span>
     <span class='ocr_line' id='line_1_6' title="bbox 294 1593 2412 1655; baseline -0.003 -15"><span class='ocrx_word' id='word_1_37' title='bbox 294 1599 446 1641; x_wconf 88' lang='lat' dir='ltr'>chaelis</span> <span class='ocrx_word' id='word_1_38' title='bbox 466 1600 508 1640; x_wconf 93' lang='lat' dir='ltr'>in</span> <span class='ocrx_word' id='word_1_39' title='bbox 530 1599 713 1654; x_wconf 90' lang='lat' dir='ltr'>periculo</span> <span class='ocrx_word' id='word_1_40' title='bbox 729 1600 874 1650; x_wconf 58' lang='lat' dir='ltr'>marim</span> <span class='ocrx_word' id='word_1_41' title='bbox 894 1600 985 1654; x_wconf 90' lang='lat' dir='ltr'>qui,</span> <span class='ocrx_word' id='word_1_42' title='bbox 1000 1599 1166 1655; x_wconf 90' lang='lat' dir='ltr'>quidem</span> <span class='ocrx_word' id='word_1_43' title='bbox 1185 1597 1559 1653; x_wconf 85' lang='lat' dir='ltr'>comprehendebat</span> <span class='ocrx_word' id='word_1_44' title='bbox 1577 1608 1742 1638; x_wconf 85' lang='lat' dir='ltr'>ornnem</span> <span class='ocrx_word' id='word_1_45' title='bbox 1757 1595 1868 1636; x_wconf 86' lang='lat' dir='ltr'>illam</span> <span class='ocrx_word' id='word_1_46' title='bbox 1887 1600 2044 1649; x_wconf 89' lang='lat' dir='ltr'>partem</span> <span class='ocrx_word' id='word_1_47' title='bbox 2058 1595 2261 1635; x_wconf 88' lang='lat' dir='ltr'>Geneseos</span> <span class='ocrx_word' id='word_1_48' title='bbox 2275 1593 2317 1633; x_wconf 92' lang='lat' dir='ltr'>in</span> <span class='ocrx_word' id='word_1_49' title='bbox 2332 1605 2412 1646; x_wconf 90' lang='lat' dir='ltr'>qua</span> 
     </span>
     <span class='ocr_line' id='line_1_7' title="bbox 292 1661 2411 1719; baseline -0.005 -9"><span class='ocrx_word' id='word_1_50' title='bbox 292 1670 427 1710; x_wconf 84' lang='lat' dir='ltr'>Moses</span> <span class='ocrx_word' id='word_1_51' title='bbox 446 1669 654 1710; x_wconf 87' lang='lat' dir='ltr'>nascentis</span> <span class='ocrx_word' id='word_1_52' title='bbox 673 1669 816 1710; x_wconf 90' lang='lat' dir='ltr'>mundi</span> <span class='ocrx_word' id='word_1_53' title='bbox 834 1668 1044 1711; x_wconf 83' lang='lat' dir='ltr'><strong>historiam</strong></span> <span class='ocrx_word' id='word_1_54' title='bbox 1063 1668 1286 1719; x_wconf 79' lang='lat' dir='ltr'>enarravit,</span> <span class='ocrx_word' id='word_1_55' title='bbox 1309 1666 1382 1708; x_wconf 87' lang='lat' dir='ltr'>sed</span> <span class='ocrx_word' id='word_1_56' title='bbox 1401 1665 1452 1707; x_wconf 88' lang='lat' dir='ltr'>ad</span> <span class='ocrx_word' id='word_1_57' title='bbox 1473 1677 1550 1706; x_wconf 90' lang='lat' dir='ltr'>nos</span> <span class='ocrx_word' id='word_1_58' title='bbox 1567 1675 1738 1706; x_wconf 89' lang='lat' dir='ltr'>mancus</span> <span class='ocrx_word' id='word_1_59' title='bbox 1751 1662 1960 1717; x_wconf 84' lang='lat' dir='ltr'>pervenit,</span> <span class='ocrx_word' id='word_1_60' title='bbox 1975 1674 2053 1703; x_wconf 90' lang='lat' dir='ltr'>nec</span> <span class='ocrx_word' id='word_1_61' title='bbox 2066 1661 2169 1702; x_wconf 89' lang='lat' dir='ltr'>ultra</span> <span class='ocrx_word' id='word_1_62' title='bbox 2182 1671 2345 1702; x_wconf 84' lang='lat' dir='ltr'>versum</span> <span class='ocrx_word' id='word_1_63' title='bbox 2362 1662 2411 1700; x_wconf 92' lang='grc'>17</span> 
     </span>
     <span class='ocr_line' id='line_1_8' title="bbox 293 1737 775 1792; baseline 0.002 -14"><span class='ocrx_word' id='word_1_64' title='bbox 293 1737 438 1791; x_wconf 86' lang='lat' dir='ltr'>capitis</span> <span class='ocrx_word' id='word_1_65' title='bbox 456 1750 488 1779; x_wconf 92' lang='lat'>11</span> <span class='ocrx_word' id='word_1_66' title='bbox 505 1738 775 1792; x_wconf 79' lang='lat' dir='ltr'>progreditur.</span> 
     </span>
    </p>

    <p class='ocr_par' dir='ltr' id='par_1_5' title="bbox 287 1798 2413 2881">
     <span class='ocr_line' id='line_1_9' title="bbox 345 1798 2411 1859; baseline -0.005 -14"><span class='ocrx_word' id='word_1_67' title='bbox 345 1804 671 1847; x_wconf 78' lang='lat' dir='ltr'>Commentarios</span> <span class='ocrx_word' id='word_1_68' title='bbox 690 1805 743 1847; x_wconf 90' lang='lat' dir='ltr'>de</span> <span class='ocrx_word' id='word_1_69' title='bbox 762 1805 922 1859; x_wconf 85' lang='lat' dir='ltr'>origine</span> <span class='ocrx_word' id='word_1_70' title='bbox 940 1805 1083 1847; x_wconf 92' lang='lat' dir='ltr'>mundi</span> <span class='ocrx_word' id='word_1_71' title='bbox 1102 1805 1218 1846; x_wconf 91' lang='lat' dir='ltr'>multi</span> <span class='ocrx_word' id='word_1_72' title='bbox 1235 1810 1330 1846; x_wconf 89' lang='lat' dir='ltr'>ante</span> <span class='ocrx_word' id='word_1_73' title='bbox 1349 1802 1605 1845; x_wconf 85' lang='lat' dir='ltr'>Abaelardum</span> <span class='ocrx_word' id='word_1_74' title='bbox 1627 1798 1893 1842; x_wconf 83' lang='lat' dir='ltr'>ecclesiastici</span> <span class='ocrx_word' id='word_1_75' title='bbox 1919 1798 2139 1851; x_wconf 80' lang='lat' dir='ltr'>scriptores</span> <span class='ocrx_word' id='word_1_76' title='bbox 2164 1806 2411 1849; x_wconf 89' lang='lat' dir='ltr'>composue-</span> 
     </span>
     <span class='ocr_line' id='line_1_10' title="bbox 291 1861 2413 1927; baseline -0.005 -15"><span class='ocrx_word' id='word_1_77' title='bbox 291 1876 383 1913; x_wconf 91' lang='lat' dir='ltr'>rant</span> <span class='ocrx_word' id='word_1_78' title='bbox 397 1901 409 1922; x_wconf 93' lang='lat'>,</span> <span class='ocrx_word' id='word_1_79' title='bbox 428 1871 537 1913; x_wconf 90' lang='lat' dir='ltr'>inter</span> <span class='ocrx_word' id='word_1_80' title='bbox 553 1884 658 1927; x_wconf 88' lang='lat' dir='ltr'>quos</span> <span class='ocrx_word' id='word_1_81' title='bbox 676 1872 795 1914; x_wconf 87' lang='lat' dir='ltr'>divus</span> <span class='ocrx_word' id='word_1_82' title='bbox 814 1872 1056 1915; x_wconf 83' lang='lat' dir='ltr'>Ambrosius</span> <span class='ocrx_word' id='word_1_83' title='bbox 1073 1879 1115 1914; x_wconf 92' lang='lat' dir='ltr'>et</span> <span class='ocrx_word' id='word_1_84' title='bbox 1131 1872 1251 1914; x_wconf 85' lang='lat' dir='ltr'>divus</span> <span class='ocrx_word' id='word_1_85' title='bbox 1268 1871 1443 1913; x_wconf 87' lang='lat' dir='ltr'>Basilius</span> <span class='ocrx_word' id='word_1_86' title='bbox 1461 1874 1753 1912; x_wconf 81' lang='lat' dir='ltr'>memorantur.</span> <span class='ocrx_word' id='word_1_87' title='bbox 1773 1869 1923 1909; x_wconf 88' lang='lat' dir='ltr'>Eorum</span> <span class='ocrx_word' id='word_1_88' title='bbox 1943 1864 2132 1918; x_wconf 78' lang='lat' dir='ltr'>exemplo</span> <span class='ocrx_word' id='word_1_89' title='bbox 2144 1895 2155 1914; x_wconf 91' lang='lat'>,</span> <span class='ocrx_word' id='word_1_90' title='bbox 2177 1867 2320 1906; x_wconf 81' lang='lat' dir='ltr'>noster</span> <span class='ocrx_word' id='word_1_91' title='bbox 2336 1861 2413 1902; x_wconf 89' lang='lat' dir='ltr'>ini·</span> 
     </span>
     <span class='ocr_line' id='line_1_11' title="bbox 290 1931 2409 1995; baseline -0.005 -15"><span class='ocrx_word' id='word_1_92' title='bbox 290 1939 392 1981; x_wconf 91' lang='lat' dir='ltr'>tium</span> <span class='ocrx_word' id='word_1_93' title='bbox 423 1941 632 1982; x_wconf 87' lang='lat' dir='ltr'>Geneseos</span> <span class='ocrx_word' id='word_1_94' title='bbox 659 1940 918 1995; x_wconf 89' lang='lat' dir='ltr'>interpretari</span> <span class='ocrx_word' id='word_1_95' title='bbox 948 1940 1174 1983; x_wconf 90' lang='lat' dir='ltr'>secundum</span> <span class='ocrx_word' id='word_1_96' title='bbox 1207 1939 1409 1995; x_wconf 83' lang='lat' dir='ltr'>triplicem</span> <span class='ocrx_word' id='word_1_97' title='bbox 1442 1950 1608 1980; x_wconf 90' lang='lat' dir='ltr'>sensum</span> <span class='ocrx_word' id='word_1_98' title='bbox 1639 1936 1874 1986; x_wconf 86' lang='lat' dir='ltr'>litteralem,</span> <span class='ocrx_word' id='word_1_99' title='bbox 1897 1934 2093 1976; x_wconf 85' lang='lat' dir='ltr'>moralem</span> <span class='ocrx_word' id='word_1_100' title='bbox 2108 1964 2119 1985; x_wconf 94' lang='lat'>,</span> <span class='ocrx_word' id='word_1_101' title='bbox 2147 1931 2409 1984; x_wconf 84' lang='lat' dir='ltr'>allegoricum</span> 
     </span>
     <span class='ocr_line' id='line_1_12' title="bbox 290 1999 2412 2063; baseline -0.005 -15"><span class='ocrx_word' id='word_1_102' title='bbox 290 2018 509 2060; x_wconf 80' lang='lat' dir='ltr'>aggressus</span> <span class='ocrx_word' id='word_1_103' title='bbox 539 2013 601 2049; x_wconf 87' lang='lat' dir='ltr'>est</span> <span class='ocrx_word' id='word_1_104' title='bbox 616 2038 628 2059; x_wconf 92' lang='lat'>,</span> <span class='ocrx_word' id='word_1_105' title='bbox 661 2020 818 2051; x_wconf 88' lang='lat' dir='ltr'>morem</span> <span class='ocrx_word' id='word_1_106' title='bbox 849 2008 1037 2063; x_wconf 87' lang='lat' dir='ltr'>precibus</span> <span class='ocrx_word' id='word_1_107' title='bbox 1061 2009 1261 2051; x_wconf 79' lang='lat' dir='ltr'>Heloissae</span> <span class='ocrx_word' id='word_1_108' title='bbox 1286 2020 1370 2049; x_wconf 87' lang='lat' dir='ltr'>suae</span> <span class='ocrx_word' id='word_1_109' title='bbox 1401 2018 1547 2060; x_wconf 85' lang='lat' dir='ltr'>gerens</span> <span class='ocrx_word' id='word_1_110' title='bbox 1563 2037 1574 2055; x_wconf 92' lang='lat'><strong><em>‚</em></strong></span> <span class='ocrx_word' id='word_1_111' title='bbox 1600 2017 1691 2060; x_wconf 86' lang='lat' dir='ltr'>quae</span> <span class='ocrx_word' id='word_1_112' title='bbox 1716 2016 1811 2045; x_wconf 88' lang='lat' dir='ltr'>eum</span> <span class='ocrx_word' id='word_1_113' title='bbox 1851 2022 1868 2039; x_wconf 89' lang='lat'>«</span> <span class='ocrx_word' id='word_1_114' title='bbox 1894 2009 1935 2044; x_wconf 90' lang='lat' dir='ltr'>et</span> <span class='ocrx_word' id='word_1_115' title='bbox 1967 1999 2236 2056; x_wconf 91' lang='lat' dir='ltr'>supplicando</span> <span class='ocrx_word' id='word_1_116' title='bbox 2270 2003 2412 2052; x_wconf 90' lang='lat' dir='ltr'>postu-</span> 
     </span>
     <span class='ocr_line' id='line_1_13' title="bbox 294 2069 2408 2133; baseline -0.005 -15"><span class='ocrx_word' id='word_1_117' title='bbox 294 2093 312 2112; x_wconf 77' lang='grc' dir='ltr'><strong>α</strong></span> <span class='ocrx_word' id='word_1_118' title='bbox 331 2075 462 2127; x_wconf 87' lang='lat' dir='ltr'>labat,</span> <span class='ocrx_word' id='word_1_119' title='bbox 482 2082 525 2118; x_wconf 89' lang='lat' dir='ltr'>et</span> <span class='ocrx_word' id='word_1_120' title='bbox 539 2077 785 2132; x_wconf 90' lang='lat' dir='ltr'>postulando</span> <span class='ocrx_word' id='word_1_121' title='bbox 804 2077 1079 2133; x_wconf 86' lang='lat' dir='ltr'>supplicabat,</span> <span class='ocrx_word' id='word_1_122' title='bbox 1095 2083 1141 2119; x_wconf 93' lang='lat' dir='ltr'>ut</span> <span class='ocrx_word' id='word_1_123' title='bbox 1158 2078 1238 2119; x_wconf 93' lang='lat' dir='ltr'>hoc</span> <span class='ocrx_word' id='word_1_124' title='bbox 1253 2077 1333 2132; x_wconf 84' lang='lat' dir='ltr'>ipsi</span> <span class='ocrx_word' id='word_1_125' title='bbox 1352 2076 1536 2118; x_wconf 92' lang='lat' dir='ltr'>debitum</span> <span class='ocrx_word' id='word_1_126' title='bbox 1555 2074 1797 2129; x_wconf 87' lang='lat' dir='ltr'>filiabusque</span> <span class='ocrx_word' id='word_1_127' title='bbox 1816 2071 2092 2127; x_wconf 88' lang='lat' dir='ltr'>spiritualibus</span> <span class='ocrx_word' id='word_1_128' title='bbox 2108 2069 2369 2125; x_wconf 88' lang='lat' dir='ltr'>persolveret.</span> <span class='ocrx_word' id='word_1_129' title='bbox 2390 2084 2408 2101; x_wconf 86' lang='lat'>»</span> 
     </span>
     <span class='ocr_line' id='line_1_14' title="bbox 290 2137 2411 2202; baseline -0.004 -17"><span class='ocrx_word' id='word_1_130' title='bbox 290 2144 475 2194; x_wconf 84' lang='lat' dir='ltr'>Quonam</span> <span class='ocrx_word' id='word_1_131' title='bbox 494 2151 629 2190; x_wconf 81' lang='lat' dir='ltr'>autem</span> <span class='ocrx_word' id='word_1_132' title='bbox 651 2152 832 2201; x_wconf 88' lang='lat' dir='ltr'>tempore</span> <span class='ocrx_word' id='word_1_133' title='bbox 851 2146 952 2189; x_wconf 90' lang='lat' dir='ltr'>illud</span> <span class='ocrx_word' id='word_1_134' title='bbox 971 2159 1078 2202; x_wconf 89' lang='lat' dir='ltr'>opus</span> <span class='ocrx_word' id='word_1_135' title='bbox 1094 2146 1318 2202; x_wconf 87' lang='lat' dir='ltr'>scripserit,</span> <span class='ocrx_word' id='word_1_136' title='bbox 1337 2157 1424 2188; x_wconf 92' lang='lat' dir='ltr'>non</span> <span class='ocrx_word' id='word_1_137' title='bbox 1441 2145 1540 2187; x_wconf 86' lang='lat' dir='ltr'>satis</span> <span class='ocrx_word' id='word_1_138' title='bbox 1558 2148 1732 2185; x_wconf 89' lang='lat' dir='ltr'>constat.</span> <span class='ocrx_word' id='word_1_139' title='bbox 1750 2141 1970 2184; x_wconf 85' lang='lat' dir='ltr'>Existimat</span> <span class='ocrx_word' id='word_1_140' title='bbox 1980 2139 2148 2195; x_wconf 90' lang='lat' dir='ltr'>quidem</span> <span class='ocrx_word' id='word_1_141' title='bbox 2164 2137 2284 2179; x_wconf 88' lang='lat' dir='ltr'>Edm.</span> <span class='ocrx_word' id='word_1_142' title='bbox 2303 2137 2411 2177; x_wconf 85' lang='lat' dir='ltr'>Mar-</span> 
     </span>
     <span class='ocr_line' id='line_1_15' title="bbox 287 2203 2412 2269; baseline -0.004 -16"><span class='ocrx_word' id='word_1_143' title='bbox 287 2216 382 2254; x_wconf 88' lang='lat' dir='ltr'>tene</span> <span class='ocrx_word' id='word_1_144' title='bbox 399 2211 656 2254; x_wconf 81' lang='lat' dir='ltr'>Abaelardum</span> <span class='ocrx_word' id='word_1_145' title='bbox 668 2244 680 2265; x_wconf 89' lang='lat'>‚</span> <span class='ocrx_word' id='word_1_146' title='bbox 700 2226 826 2268; x_wconf 87' lang='lat' dir='ltr'>quum</span> <span class='ocrx_word' id='word_1_147' title='bbox 846 2212 946 2257; x_wconf 84' lang='lat' dir='ltr'>illud</span> <span class='ocrx_word' id='word_1_148' title='bbox 965 2213 1199 2269; x_wconf 81' lang='lat' dir='ltr'>perfecerit,</span> <span class='ocrx_word' id='word_1_149' title='bbox 1217 2214 1302 2268; x_wconf 87' lang='lat' dir='ltr'>jam</span> <span class='ocrx_word' id='word_1_150' title='bbox 1321 2225 1415 2256; x_wconf 88' lang='lat' dir='ltr'>cum</span> <span class='ocrx_word' id='word_1_151' title='bbox 1435 2218 1578 2254; x_wconf 89' lang='lat' dir='ltr'>sancto</span> <span class='ocrx_word' id='word_1_152' title='bbox 1609 2203 1827 2253; x_wconf 64' lang='lat' dir='ltr'>Bernardo‘</span> <span class='ocrx_word' id='word_1_153' title='bbox 1843 2207 2150 2252; x_wconf 89' lang='lat' dir='ltr'>reconciliatum</span> <span class='ocrx_word' id='word_1_154' title='bbox 2174 2211 2216 2247; x_wconf 87' lang='lat' dir='ltr'>et</span> <span class='ocrx_word' id='word_1_155' title='bbox 2244 2203 2412 2246; x_wconf 87' lang='lat' dir='ltr'>Clunia-</span> 
     </span>
     <span class='ocr_line' id='line_1_16' title="bbox 289 2275 2412 2340; baseline -0.004 -17"><span class='ocrx_word' id='word_1_156' title='bbox 289 2293 452 2324; x_wconf 89' lang='lat' dir='ltr'>censem</span> <span class='ocrx_word' id='word_1_157' title='bbox 470 2282 717 2325; x_wconf 89' lang='lat' dir='ltr'>monachum</span> <span class='ocrx_word' id='word_1_158' title='bbox 734 2282 887 2326; x_wconf 82' lang='lat' dir='ltr'>factum</span> <span class='ocrx_word' id='word_1_159' title='bbox 905 2283 1054 2334; x_wconf 83' lang='lat' dir='ltr'>fuisse,</span> <span class='ocrx_word' id='word_1_160' title='bbox 1076 2289 1218 2340; x_wconf 89' lang='lat' dir='ltr'>utpote</span> <span class='ocrx_word' id='word_1_161' title='bbox 1235 2285 1306 2339; x_wconf 90' lang='lat' dir='ltr'>qui</span> <span class='ocrx_word' id='word_1_162' title='bbox 1329 2302 1347 2320; x_wconf 71' lang='grc' dir='ltr'><strong>α</strong></span> <span class='ocrx_word' id='word_1_163' title='bbox 1362 2282 1702 2338; x_wconf 85' lang='lat' dir='ltr'>philosophorum</span> <span class='ocrx_word' id='word_1_164' title='bbox 1723 2280 1777 2322; x_wconf 85' lang='lat' dir='ltr'>de</span> <span class='ocrx_word' id='word_1_165' title='bbox 1794 2280 1931 2322; x_wconf 87' lang='lat' dir='ltr'>anima</span> <span class='ocrx_word' id='word_1_166' title='bbox 1954 2276 2097 2320; x_wconf 86' lang='lat' dir='ltr'>mundi</span> <span class='ocrx_word' id='word_1_167' title='bbox 2113 2308 2123 2328; x_wconf 94' lang='lat'>‚</span> <span class='ocrx_word' id='word_1_168' title='bbox 2145 2275 2352 2317; x_wconf 86' lang='lat' dir='ltr'>stellarum</span> <span class='ocrx_word' id='word_1_169' title='bbox 2371 2279 2412 2314; x_wconf 92' lang='lat' dir='ltr'>et</span> 
     </span>
     <span class='ocr_line' id='line_1_17' title="bbox 289 2343 2410 2407; baseline -0.004 -16"><span class='ocrx_word' id='word_1_170' title='bbox 289 2350 543 2404; x_wconf 88' lang='lat' dir='ltr'>planetarum</span> <span class='ocrx_word' id='word_1_171' title='bbox 562 2351 800 2406; x_wconf 86' lang='lat' dir='ltr'>opinionem</span> <span class='ocrx_word' id='word_1_172' title='bbox 818 2352 1011 2405; x_wconf 82' lang='lat' dir='ltr'>referens,</span> <span class='ocrx_word' id='word_1_173' title='bbox 1032 2365 1123 2395; x_wconf 85' lang='lat' dir='ltr'>eam</span> <span class='ocrx_word' id='word_1_174' title='bbox 1143 2353 1196 2395; x_wconf 90' lang='lat' dir='ltr'>de</span> <span class='ocrx_word' id='word_1_175' title='bbox 1215 2353 1367 2407; x_wconf 86' lang='lat' dir='ltr'>Spiritu</span> <span class='ocrx_word' id='word_1_176' title='bbox 1386 2357 1550 2402; x_wconf 90' lang='lat' dir='ltr'>sancto,</span> <span class='ocrx_word' id='word_1_177' title='bbox 1571 2357 1615 2392; x_wconf 93' lang='lat' dir='ltr'>ut</span> <span class='ocrx_word' id='word_1_178' title='bbox 1633 2350 1676 2391; x_wconf 93' lang='lat' dir='ltr'>in</span> <span class='ocrx_word' id='word_1_179' title='bbox 1706 2351 1921 2401; x_wconf 75' lang='lat' dir='ltr'>Theoloqia</span> <span class='ocrx_word' id='word_1_180' title='bbox 1937 2348 2110 2396; x_wconf 79' lang='lat' dir='ltr'>fecerat,</span> <span class='ocrx_word' id='word_1_181' title='bbox 2131 2357 2215 2386; x_wconf 91' lang='lat' dir='ltr'>uon</span> <span class='ocrx_word' id='word_1_182' title='bbox 2234 2343 2410 2397; x_wconf 88' lang='lat' dir='ltr'>amplius</span> 
     </span>
     <span class='ocr_line' id='line_1_18' title="bbox 288 2412 2408 2474; baseline -0.003 -16"><span class='ocrx_word' id='word_1_183' title='bbox 288 2417 575 2472; x_wconf 86' lang='lat' dir='ltr'>interpretetur</span> <span class='ocrx_word' id='word_1_184' title='bbox 588 2419 616 2460; x_wconf 79' lang='lat'>².</span> <span class='ocrx_word' id='word_1_185' title='bbox 638 2436 656 2455; x_wconf 75' lang='grc' dir='ltr'><strong>υ</strong></span> <span class='ocrx_word' id='word_1_186' title='bbox 690 2421 820 2468; x_wconf 88' lang='lat' dir='ltr'>Quam</span> <span class='ocrx_word' id='word_1_187' title='bbox 850 2420 1079 2462; x_wconf 87' lang='lat' dir='ltr'>doctissimi</span> <span class='ocrx_word' id='word_1_188' title='bbox 1107 2421 1184 2462; x_wconf 74' lang='lat' dir='ltr'>vini</span> <span class='ocrx_word' id='word_1_189' title='bbox 1212 2421 1488 2474; x_wconf 78' lang='lat' dir='ltr'>conjecturam</span> <span class='ocrx_word' id='word_1_190' title='bbox 1519 2429 1604 2460; x_wconf 92' lang='lat' dir='ltr'>non</span> <span class='ocrx_word' id='word_1_191' title='bbox 1634 2418 1733 2459; x_wconf 86' lang='lat' dir='ltr'>satis</span> <span class='ocrx_word' id='word_1_192' title='bbox 1757 2415 2010 2471; x_wconf 83' lang='lat' dir='ltr'>probabilem</span> <span class='ocrx_word' id='word_1_193' title='bbox 2031 2426 2122 2455; x_wconf 87' lang='lat' dir='ltr'>esse</span> <span class='ocrx_word' id='word_1_194' title='bbox 2141 2412 2408 2459; x_wconf 87' lang='lat' dir='ltr'>arbitramur;</span> 
     </span>
     <span class='ocr_line' id='line_1_19' title="bbox 288 2478 2407 2541; baseline -0.005 -13"><span class='ocrx_word' id='word_1_195' title='bbox 288 2484 444 2538; x_wconf 83' lang='lat' dir='ltr'>primo,</span> <span class='ocrx_word' id='word_1_196' title='bbox 465 2485 577 2540; x_wconf 92' lang='lat' dir='ltr'>quod</span> <span class='ocrx_word' id='word_1_197' title='bbox 596 2485 833 2528; x_wconf 83' lang='lat' dir='ltr'>Abaelardus</span> <span class='ocrx_word' id='word_1_198' title='bbox 861 2488 905 2528; x_wconf 92' lang='lat' dir='ltr'>in</span> <span class='ocrx_word' id='word_1_199' title='bbox 929 2487 1043 2528; x_wconf 88' lang='lat' dir='ltr'>libris</span> <span class='ocrx_word' id='word_1_200' title='bbox 1068 2487 1120 2528; x_wconf 91' lang='lat' dir='ltr'>ad</span> <span class='ocrx_word' id='word_1_201' title='bbox 1144 2487 1372 2529; x_wconf 86' lang='lat' dir='ltr'>Heloissam</span> <span class='ocrx_word' id='word_1_202' title='bbox 1389 2486 1558 2541; x_wconf 84' lang='lat' dir='ltr'>scriptis</span> <span class='ocrx_word' id='word_1_203' title='bbox 1577 2485 1746 2526; x_wconf 89' lang='lat' dir='ltr'>nimiam</span> <span class='ocrx_word' id='word_1_204' title='bbox 1765 2484 1868 2536; x_wconf 85' lang='lat' dir='ltr'>sugit</span> <span class='ocrx_word' id='word_1_205' title='bbox 1885 2482 1949 2523; x_wconf 83' lang='lat' dir='ltr'>vel</span> <span class='ocrx_word' id='word_1_206' title='bbox 1969 2483 2011 2522; x_wconf 91' lang='lat' dir='ltr'>in</span> <span class='ocrx_word' id='word_1_207' title='bbox 2036 2479 2244 2534; x_wconf 90' lang='lat' dir='ltr'>opinando</span> <span class='ocrx_word' id='word_1_208' title='bbox 2272 2479 2336 2519; x_wconf 89' lang='lat' dir='ltr'>vel</span> <span class='ocrx_word' id='word_1_209' title='bbox 2365 2478 2407 2518; x_wconf 91' lang='lat' dir='ltr'>in</span> 
     </span>
     <span class='ocr_line' id='line_1_20' title="bbox 289 2548 2409 2609; baseline -0.003 -16"><span class='ocrx_word' id='word_1_210' title='bbox 289 2553 596 2607; x_wconf 85' lang='lat' dir='ltr'>interpretando</span> <span class='ocrx_word' id='word_1_211' title='bbox 621 2554 860 2603; x_wconf 83' lang='lat' dir='ltr'>audaciam;</span> <span class='ocrx_word' id='word_1_212' title='bbox 888 2554 1058 2606; x_wconf 91' lang='lat' dir='ltr'>deinde,</span> <span class='ocrx_word' id='word_1_213' title='bbox 1083 2555 1197 2609; x_wconf 90' lang='lat' dir='ltr'>quod</span> <span class='ocrx_word' id='word_1_214' title='bbox 1227 2557 1507 2605; x_wconf 84' lang='lat' dir='ltr'>Hexameron,</span> <span class='ocrx_word' id='word_1_215' title='bbox 1532 2559 1579 2594; x_wconf 93' lang='lat' dir='ltr'>ut</span> <span class='ocrx_word' id='word_1_216' title='bbox 1608 2557 1750 2595; x_wconf 90' lang='lat' dir='ltr'>monet</span> <span class='ocrx_word' id='word_1_217' title='bbox 1780 2551 1975 2592; x_wconf 87' lang='lat' dir='ltr'>lectorem</span> <span class='ocrx_word' id='word_1_218' title='bbox 2008 2548 2238 2589; x_wconf 86' lang='lat' dir='ltr'>luculentus</span> <span class='ocrx_word' id='word_1_219' title='bbox 2268 2552 2409 2587; x_wconf 89' lang='lat' dir='ltr'>auctor</span> 
     </span>
     <span class='ocr_line' id='line_1_21' title="bbox 288 2614 2407 2674; baseline -0.003 -14"><span class='ocrx_word' id='word_1_220' title='bbox 288 2618 400 2661; x_wconf 91' lang='lat' dir='ltr'>dom.</span> <span class='ocrx_word' id='word_1_221' title='bbox 435 2619 659 2669; x_wconf 76' lang='lat' dir='ltr'>Clement’,</span> <span class='ocrx_word' id='word_1_222' title='bbox 679 2619 894 2674; x_wconf 82' lang='lat' dir='ltr'>aliquoties</span> <span class='ocrx_word' id='word_1_223' title='bbox 918 2633 942 2661; x_wconf 87' lang='lat' dir='ltr'>a</span> <span class='ocrx_word' id='word_1_224' title='bbox 967 2620 1065 2662; x_wconf 90' lang='lat' dir='ltr'>fidei</span> <span class='ocrx_word' id='word_1_225' title='bbox 1089 2620 1302 2663; x_wconf 85' lang='lat' dir='ltr'>catholicae</span> <span class='ocrx_word' id='word_1_226' title='bbox 1331 2619 1565 2662; x_wconf 86' lang='lat' dir='ltr'>sinceritate</span> <span class='ocrx_word' id='word_1_227' title='bbox 1588 2617 1800 2660; x_wconf 90' lang='lat' dir='ltr'>discedere</span> <span class='ocrx_word' id='word_1_228' title='bbox 1819 2616 1990 2658; x_wconf 84' lang='lat' dir='ltr'>videtur.</span> <span class='ocrx_word' id='word_1_229' title='bbox 2019 2614 2183 2657; x_wconf 90' lang='lat' dir='ltr'>Librum</span> <span class='ocrx_word' id='word_1_230' title='bbox 2211 2625 2302 2654; x_wconf 89' lang='lat' dir='ltr'>eum</span> <span class='ocrx_word' id='word_1_231' title='bbox 2335 2626 2407 2667; x_wconf 94' lang='lat' dir='ltr'>po-</span> 
     </span>
     <span class='ocr_line' id='line_1_22' title="bbox 288 2681 2405 2749; baseline -0.004 -20"><span class='ocrx_word' id='word_1_232' title='bbox 288 2688 369 2731; x_wconf 88' lang='lat' dir='ltr'>tius</span> <span class='ocrx_word' id='word_1_233' title='bbox 387 2688 658 2749; x_wconf 89' lang='lat' dir='ltr'>compositum</span> <span class='ocrx_word' id='word_1_234' title='bbox 679 2688 805 2730; x_wconf 83' lang='lat' dir='ltr'>fuisse</span> <span class='ocrx_word' id='word_1_235' title='bbox 823 2689 1095 2743; x_wconf 88' lang='lat' dir='ltr'>suspicamur,</span> <span class='ocrx_word' id='word_1_236' title='bbox 1110 2702 1237 2745; x_wconf 92' lang='lat' dir='ltr'>quum</span> <span class='ocrx_word' id='word_1_237' title='bbox 1249 2688 1486 2732; x_wconf 84' lang='lat' dir='ltr'>Abaelardus</span> <span class='ocrx_word' id='word_1_238' title='bbox 1504 2689 1547 2729; x_wconf 91' lang='lat' dir='ltr'>in</span> <span class='ocrx_word' id='word_1_239' title='bbox 1566 2686 1732 2729; x_wconf 87' lang='lat' dir='ltr'>Gildasii</span> <span class='ocrx_word' id='word_1_240' title='bbox 1751 2685 1998 2727; x_wconf 89' lang='lat' dir='ltr'>monasterio</span> <span class='ocrx_word' id='word_1_241' title='bbox 2020 2687 2227 2732; x_wconf 89' lang='lat' dir='ltr'>maneret;</span> <span class='ocrx_word' id='word_1_242' title='bbox 2248 2693 2343 2722; x_wconf 89' lang='lat' dir='ltr'>nam</span> <span class='ocrx_word' id='word_1_243' title='bbox 2362 2681 2405 2722; x_wconf 87' lang='lat' dir='ltr'>in</span> 
     </span>
     <span class='ocr_line' id='line_1_23' title="bbox 288 2749 2405 2811; baseline -0.005 -12"><span class='ocrx_word' id='word_1_244' title='bbox 288 2756 459 2811; x_wconf 86' lang='lat' dir='ltr'>epistola</span> <span class='ocrx_word' id='word_1_245' title='bbox 476 2756 530 2799; x_wconf 92' lang='lat' dir='ltr'>ad</span> <span class='ocrx_word' id='word_1_246' title='bbox 548 2756 775 2799; x_wconf 84' lang='lat' dir='ltr'>Heloissam</span> <span class='ocrx_word' id='word_1_247' title='bbox 794 2756 1046 2800; x_wconf 84' lang='lat' dir='ltr'>dedicatoria</span> <span class='ocrx_word' id='word_1_248' title='bbox 1062 2758 1219 2801; x_wconf 89' lang='lat' dir='ltr'>eisdem</span> <span class='ocrx_word' id='word_1_249' title='bbox 1247 2769 1417 2800; x_wconf 82' lang='lat' dir='ltr'>uxorem</span> <span class='ocrx_word' id='word_1_250' title='bbox 1446 2755 1716 2811; x_wconf 85' lang='lat' dir='ltr'>compellandi</span> <span class='ocrx_word' id='word_1_251' title='bbox 1735 2754 1930 2797; x_wconf 68' lang='lat' dir='ltr'>„formulis</span> <span class='ocrx_word' id='word_1_252' title='bbox 1949 2754 2089 2803; x_wconf 83' lang='lat' dir='ltr'>utitur,</span> <span class='ocrx_word' id='word_1_253' title='bbox 2112 2763 2212 2806; x_wconf 88' lang='lat' dir='ltr'>quas</span> <span class='ocrx_word' id='word_1_254' title='bbox 2242 2751 2282 2791; x_wconf 92' lang='lat' dir='ltr'>in</span> <span class='ocrx_word' id='word_1_255' title='bbox 2315 2749 2405 2790; x_wconf 88' lang='lat' dir='ltr'>aliis</span> 
     </span>
     <span class='ocr_line' id='line_1_24' title="bbox 288 2825 1146 2881; baseline 0.001 -14"><span class='ocrx_word' id='word_1_256' title='bbox 288 2826 485 2880; x_wconf 88' lang='lat' dir='ltr'>temporis</span> <span class='ocrx_word' id='word_1_257' title='bbox 502 2825 684 2880; x_wconf 73' lang='lat' dir='ltr'>eiusdem</span> <span class='ocrx_word' id='word_1_258' title='bbox 698 2826 891 2880; x_wconf 84' lang='lat' dir='ltr'>epistolis</span> <span class='ocrx_word' id='word_1_259' title='bbox 908 2827 1146 2881; x_wconf 88' lang='lat' dir='ltr'>reperimus.</span> 
     </span>
    </p>
   </div>
   <div class='ocr_carea' id='block_1_5' title="bbox 292 2970 2402 3082">
    <p class='ocr_par' dir='ltr' id='par_1_6' title="bbox 292 2970 2402 3082">
     <span class='ocr_line' id='line_1_25' title="bbox 334 2970 2402 3023; baseline -0.003 -14"><span class='ocrx_word' id='word_1_260' title='bbox 334 2976 345 2993; x_wconf 81' lang='lat'>¹</span> <span class='ocrx_word' id='word_1_261' title='bbox 372 2974 463 3010; x_wconf 75' lang='lat' dir='ltr'>lianc</span> <span class='ocrx_word' id='word_1_262' title='bbox 491 2976 793 3020; x_wconf 81' lang='lat' dir='ltr'>interpretationem</span> <span class='ocrx_word' id='word_1_263' title='bbox 817 2979 850 3012; x_wconf 88' lang='lat' dir='ltr'>in</span> <span class='ocrx_word' id='word_1_264' title='bbox 876 2977 1049 3014; x_wconf 81' lang='lat' dir='ltr'>dialectica</span> <span class='ocrx_word' id='word_1_265' title='bbox 1074 2979 1171 3015; x_wconf 81' lang='lat' dir='ltr'>etiam</span> <span class='ocrx_word' id='word_1_266' title='bbox 1199 2979 1318 3023; x_wconf 80' lang='lat' dir='ltr'>rejicit.</span> <span class='ocrx_word' id='word_1_267' title='bbox 1375 2978 1545 3018; x_wconf 72' lang='lat' dir='ltr'>Remusat,</span> <span class='ocrx_word' id='word_1_268' title='bbox 1571 2983 1594 3010; x_wconf 79' lang='lat' dir='ltr'>t.</span> <span class='ocrx_word' id='word_1_269' title='bbox 1620 2977 1652 3016; x_wconf 86' lang='lat'>1,</span> <span class='ocrx_word' id='word_1_270' title='bbox 1677 2986 1712 3019; x_wconf 87' lang='lat' dir='ltr'>p.</span> <span class='ocrx_word' id='word_1_271' title='bbox 1730 2975 1815 3016; x_wconf 49' lang='lat'>⁴6&amp;</span> <span class='ocrx_word' id='word_1_272' title='bbox 1835 2982 1858 3008; x_wconf 81' lang='lat' dir='ltr'>t.</span> <span class='ocrx_word' id='word_1_273' title='bbox 1879 2975 1927 3014; x_wconf 89' lang='lat'>11,</span> <span class='ocrx_word' id='word_1_274' title='bbox 1947 2984 1984 3017; x_wconf 86' lang='lat' dir='ltr'>p.</span> <span class='ocrx_word' id='word_1_275' title='bbox 2000 2974 2076 3011; x_wconf 70' lang='lat'>223,</span> <span class='ocrx_word' id='word_1_276' title='bbox 2093 2990 2133 2997; x_wconf 91' lang='lat'><em>-</em></span> <span class='ocrx_word' id='word_1_277' title='bbox 2150 2971 2162 2989; x_wconf 84' lang='lat'><strong>¹</strong></span> <span class='ocrx_word' id='word_1_278' title='bbox 2181 2970 2262 3006; x_wconf 72' lang='lat' dir='ltr'>nist.</span> <span class='ocrx_word' id='word_1_279' title='bbox 2281 2972 2343 3003; x_wconf 81' lang='lat' dir='ltr'>lin.</span> <span class='ocrx_word' id='word_1_280' title='bbox 2363 2971 2402 3001; x_wconf 81' lang='lat' dir='ltr'>de</span> 
     </span>
     <span class='ocr_line' id='line_1_26' title="bbox 292 3030 1811 3082; baseline -0.003 -13"><span class='ocrx_word' id='word_1_281' title='bbox 292 3030 375 3069; x_wconf 63' lang='lat' dir='ltr'>Vide</span> <span class='ocrx_word' id='word_1_282' title='bbox 392 3031 556 3074; x_wconf 73' lang='lat' dir='ltr'>euvrayes</span> <span class='ocrx_word' id='word_1_283' title='bbox 579 3034 707 3073; x_wconf 68' lang='lat' dir='ltr'>inedies,</span> <span class='ocrx_word' id='word_1_284' title='bbox 723 3044 766 3079; x_wconf 76' lang='lat' dir='ltr'>p·</span> <span class='ocrx_word' id='word_1_285' title='bbox 790 3033 937 3082; x_wconf 57' lang='lat' dir='ltr'>fiacr.</span> <span class='ocrx_word' id='word_1_286' title='bbox 961 3035 1121 3075; x_wconf 62' lang='lat' dir='ltr'>Abdara,</span> <span class='ocrx_word' id='word_1_287' title='bbox 1146 3035 1188 3070; x_wconf 86' lang='lat' dir='ltr'>de</span> <span class='ocrx_word' id='word_1_288' title='bbox 1215 3035 1258 3069; x_wconf 74' lang='lat' dir='ltr'>M.</span> <span class='ocrx_word' id='word_1_289' title='bbox 1279 3035 1321 3069; x_wconf 87' lang='lat' dir='ltr'>de</span> <span class='ocrx_word' id='word_1_290' title='bbox 1374 3036 1518 3073; x_wconf 79' lang='lat' dir='ltr'>France,</span> <span class='ocrx_word' id='word_1_291' title='bbox 1537 3040 1561 3067; x_wconf 85' lang='lat' dir='ltr'>t.</span> <span class='ocrx_word' id='word_1_292' title='bbox 1579 3031 1660 3075; x_wconf 84' lang='lat' dir='ltr'>xn,</span> <span class='ocrx_word' id='word_1_293' title='bbox 1677 3042 1713 3075; x_wconf 87' lang='lat' dir='ltr'>p.</span> <span class='ocrx_word' id='word_1_294' title='bbox 1739 3031 1811 3065; x_wconf 74' lang='lat'>118,</span> 
     </span>
    </p>
   </div>
  </div>
 </body>
</html>
