2970 4152
983 368 1042 414 IN
1075 364 1356 413 PASSIONE
1390 365 1599 414 DOMlNI
1635 363 1851 411 SERMO.
2386 363 2480 410 435

360 462 551 526 propria
597 462 724 508 venit
743 497 755 520 ,
787 471 835 508 et
865 461 938 508 sui
971 476 1081 509 eum
1117 477 1217 508 non
1253 462 1583 525 receperunt-¹3
1613 479 1634 503 >2
1660 458 1948 516 Jerusalem,
1977 458 2076 503 imo
2100 456 2200 519 jam
2227 473 2326 503 non
2352 461 2482 505 Jeru-

360 542 505 590 salem
521 579 533 602 ,
563 559 667 607 quae
704 542 876 590 dicitur
913 543 1031 590 visio
1066 543 1219 608 pacis,
1258 541 1343 589 sed
1377 541 1561 604 asylum
1598 540 1769 587 factam
1805 537 2080 603 tyrannidis
2120 539 2224 583 Jam
2259 538 2387 584 enim
2431 539 2479 585 in

360 639 470 670 eum
505 624 568 671 ita
600 624 846 671 manifeste
876 624 1261 689 conspiraverant
1296 622 1500 685 majores
1534 621 1732 668 civitatis
1762 630 1814 666 ut
1839 620 1887 665 in
1918 635 1971 665 ea
1995 618 2256 683 hospitium
2279 635 2377 664 non
2404 619 2482 664 in-

359 705 557 752 veniret.
584 708 859 768 Nec-tamen
883 704 978 751 hoc
1003 704 1104 767 ejus
1134 703 1427 769 impotentiae
1442 739 1455 762 ,
1482 701 1567 749 sed
1591 701 1826 766 patientiae
1849 698 2157 746 tribuendum
2182 709 2268 746 est.
2299 702 2480 759 Posset,

359 785 451 832 nisi
475 785 637 845 vellet,
664 800 858 832 securus
881 784 1134 849 hospitari,
1163 785 1241 831 cui
1266 793 1455 831 certum
1476 792 1546 829 est
1572 798 1600 828 a
1625 782 1817 828 nemine
1849 796 1988 845 posse
2011 780 2107 825 vim
2133 779 2319 839 inferri,
2349 779 2483 843 cujus

359 868 583 931 potentiae
611 876 681 913 est
707 865 854 912 corda
871 865 1124 912 hominum
1144 881 1242 929 quo
1260 864 1466 911 voluerit
1486 862 1729 910 inclinare.
1753 865 1873 908 Nam
1896 871 1942 908 et
1966 876 2117 924 quum
2140 860 2306 920 voluit,
2336 860 2483 907 libere

359 946 538 995 ibidem
562 946 797 1011 quidquid
823 946 1098 993 decreverat
1127 947 1235 1010 egit.
1273 945 1539 1011 Discipulos
1573 944 1682 990 illuc
1713 943 1919 1007 dirigens
1945 951 1998 988 ut
2020 941 2201 988 asinam
2225 951 2272 988 et
2298 941 2482 1006 pullum

358 1026 599 1073 solverent
619 1036 668 1074 et
688 1025 778 1073 sibi
795 1026 1088 1073 adducerent
1105 1026 1298 1073 nemine
1319 1024 1674 1073 contradicente
1691 1059 1703 1082 ,
1726 1023 1846 1070 sicut
1869 1023 2050 1070 dixerat
2073 1021 2310 1086 implevit,
2333 1037 2483 1086 quum

358 1117 519 1155 tamen
549 1107 599 1154 in
631 1124 681 1154 se
705 1108 1111 1173 conspirationem
1144 1107 1314 1154 factam
1349 1122 1448 1153 non
1484 1106 1724 1169 ignoraret
1755 1122 1764 1150 :
1803 1103 1864 1151 de
1896 1119 1990 1167 qua
2022 1102 2120 1162 his,
2153 1119 2274 1166 quos
2309 1103 2480 1163 mittit,

359 1187 601 1253 discipulis
625 1189 688 1235 ait
709 1207 719 1235 z
745 1208 767 1234 «
791 1192 859 1236 lte
877 1189 925 1235 in
949 1187 1194 1235 castellum
1221 1187 1354 1252 quod
1377 1196 1544 1234 contra
1561 1203 1647 1233 vos
1665 1195 1736 1233 est
1751 1221 1764 1246 ,
1790 1203 1812 1229 »
1838 1184 1933 1231 hoc
1951 1185 2087 1231 estin
2108 1183 2266 1230 locum
2286 1187 2389 1231 Deo
2407 1201 2487 1250 pa-

358 1268 472 1315 riter
487 1279 535 1315 et
554 1268 690 1316 vobis
707 1268 1061 1329 adversantem,
1087 1285 1176 1316 nec
1189 1270 1288 1333 jam
1307 1269 1545 1316 civitatem
1566 1266 1848 1325 dicendum,
1870 1265 1967 1312 hoc
1991 1274 2061 1312 est
2080 1275 2370 1312 conventum
2395 1265 2484 1312 ho-

358 1349 543 1395 minum
564 1349 626 1396 ad
639 1349 749 1412 jure
765 1349 1025 1397 vivendum
1045 1386 1057 1409 ,
1087 1349 1175 1397 sed
1202 1349 1455 1414 tyrannicae
1470 1347 1748 1395 munitionis
1768 1345 2028 1395 castellum.
2055 1349 2120 1392 lte
2135 1381 2147 1405 ,
2170 1345 2349 1409 inquit,
2373 1362 2485 1393 con-

358 1427 562 1476 fidenter
579 1430 627 1476 in
648 1430 810 1477 locum
827 1432 1045 1495 quamvis
1063 1431 1228 1490 talem,
1249 1441 1391 1495 atque
1409 1429 1530 1477 adeo
1549 1428 1686 1476 vobis
1702 1429 1995 1476 contrarium
2010 1463 2022 1486 ,
2048 1436 2095 1474 et
2113 1427 2245 1491 quod
2263 1428 2485 1492 praecipio

358 1511 508 1557 securi
529 1513 752 1576 peragite.
780 1513 918 1560 Unde
943 1524 990 1560 et
1013 1513 1275 1561 subnectit’
1297 1531 1307 1560 :
1337 1532 1360 1558 «
1378 1516 1435 1559 Et
1452 1512 1491 1559 si
1507 1512 1613 1576 quis
1637 1510 1774 1558 vobis
1799 1509 1977 1575 aliquid
1996 1508 2188 1569 dixerit,
2211 1508 2354 1557 dicite
2376 1510 2487 1573 quia

359 1592 594 1638 Dominus
627 1592 699 1639 his
729 1609 852 1658 opus
876 1593 1049 1653 habet,
1087 1604 1133 1641 et
1163 1594 1412 1642 confestim
1440 1593 1644 1640 dimittet
1675 1609 1772 1639 eos.
1801 1610 1824 1635 ³>
1853 1594 1895 1638 Ο
1931 1592 2049 1638 mira
2083 1591 2306 1656 potentiae
2334 1589 2486 1638 confi-

359 1670 541 1717 dentia!
573 1681 801 1736 tanquam
818 1674 1054 1721 Dominus
1078 1690 1134 1721 ex
1160 1675 1362 1739 imperio
1389 1672 1585 1720 mandat
1603 1672 1654 1719 id
1678 1673 1767 1731 eis,
1793 1687 1915 1736 quos
1937 1672 1985 1718 in
2011 1680 2215 1718 mortem
2240 1687 2375 1718 suam
2387 1671 2484 1733 jam

359 1751 559 1798 omnino
586 1754 883 1818 conspirasse
908 1764 1123 1801 noverat.
1147 1755 1224 1801 Sic
1249 1753 1469 1814 mandat,
1499 1754 1565 1800 sic
1589 1753 1822 1818 praecipit,
1846 1762 1894 1799 et
1916 1752 1982 1799 sic
2006 1751 2202 1799 obedire
2224 1751 2482 1816 compellit.

358 1835 454 1879 Nec
479 1832 699 1880 dubitant
720 1834 850 1881 missi
877 1835 1011 1899 quod
1037 1836 1103 1882 eis
1133 1835 1395 1899 injungitur
1426 1851 1675 1900 peragere,
1705 1832 1873 1880 confisi
1897 1833 1958 1881 de
1983 1833 2209 1880 mittentis
2236 1842 2483 1897 potestate.

358 1915 515 1971 Quam
534 1924 581 1961 et
605 1914 671 1961 illi
699 1915 782 1979 qui
808 1914 935 1962 hanc
960 1916 1165 1963 maxime
1191 1916 1595 1980 conspirationem
1628 1914 1836 1962 fecerant
1866 1914 2072 1979 experti,
2102 1913 2163 1960 de
2186 1913 2366 1978 templo
2390 1929 2489 1960 non

358 1994 502 2041 semel
534 2005 644 2042 sunt
669 1995 831 2058 ejecti,
861 2012 1010 2060 quum
1036 1997 1119 2043 uni
1148 1997 1361 2043 resistere
1392 2013 1492 2043 non
1525 1995 1738 2043 valerent
1756 1994 1910 2041 multi.
1939 1994 2032 2052 Qui
2061 1993 2201 2041 etiam
2230 2003 2340 2058 post
2366 1993 2490 2040 hanc

358 2073 659 2136 ejectionem,
681 2086 727 2122 et
745 2092 930 2134 eorum,
956 2086 1006 2123 ut
1019 2075 1241 2135 diximuS,
1262 2078 1684 2142 conspirationem,
1706 2092 1856 2140 quum
1874 2084 1995 2122 esset
2010 2074 2225 2139 quotidie
2245 2074 2424 2122 docens
2443 2075 2490 2121 in

288 2214 297 2222 ·
358 2155 567 2219 templo,
595 2171 739 2219 quam
764 2156 1029 2221 intrepidus
1054 2167 1175 2203 esset
1202 2166 1420 2221 patenter
1444 2155 1756 2216 ostendebat,
1786 2157 1863 2203 cui
1897 2155 2059 2203 omnia
2084 2165 2219 2220 pater
2246 2156 2295 2202 in
2323 2171 2492 2202 manus

358 2234 569 2283 dederat.
589 2237 806 2301 Denique
820 2254 971 2302 quum
985 2237 1136 2284 voluit
1149 2238 1416 2285 secundum
1428 2237 1581 2302 legem
1598 2237 1774 2284 Pascha
1788 2236 2028 2284 celebrare
2043 2237 2092 2284 in
2108 2237 2211 2302 ipsa
2225 2253 2321 2301 qua
2333 2236 2492 2303 dispo-

357 2325 514 2378 suerat
538 2317 660 2363 tradi
686 2327 850 2376 nocte,
881 2318 1034 2364 missis
1063 2318 1234 2365 iterum
1269 2317 1513 2383 discipulis
1555 2317 1635 2364 ubi
1670 2317 1846 2376 voluit,
1884 2316 2084 2364 domum
2117 2316 2205 2363 sibi
2239 2318 2287 2363 in
2322 2318 2488 2381 quaid

364 2395 553 2455 faceret,
573 2397 621 2443 in
637 2397 739 2461 ipsa
756 2398 943 2445 civitate
956 2399 1154 2463 paravit.
1173 2399 1267 2456 Qui
1278 2415 1391 2462 ergo
1409 2398 1582 2445 totiens
1597 2398 1645 2444 in
1664 2397 1836 2445 talibus
1855 2407 2076 2462 potenter
2092 2398 2207 2461 egit,
2228 2414 2358 2444 nunc
2377 2413 2489 2462 quo-

361 2492 454 2539 que
483 2477 523 2523 si
551 2477 690 2524 vellet
709 2513 721 2535 ,
752 2477 1026 2542 ubicunque
1053 2479 1197 2526 vellet
1219 2495 1385 2544 parare
1414 2478 1677 2543 hospitium
1704 2487 1886 2542 posset,
1914 2494 2005 2524 nec
2030 2478 2079 2524 in
2104 2478 2380 2526 Bethaniam
2407 2495 2486 2524 co-

361 2565 492 2602 actus
514 2556 706 2604 rediret.
732 2561 840 2604 Duo
866 2559 1026 2622 itaque
1053 2559 1100 2605 in
1129 2558 1221 2606 hoc
1253 2559 1345 2622 egit
1368 2558 1591 2623 provide,
1621 2568 1674 2605 ut
1699 2557 1919 2605 videlicet
1941 2557 2048 2604 illos
2066 2575 2187 2621 quos
2202 2558 2378 2605 vitabat
2396 2557 2488 2605 ha-

359 2635 589 2684 bitatione
614 2655 698 2685 sua
721 2638 942 2702 indignos
969 2639 1263 2698 ostenderet,
1298 2649 1344 2686 et
1372 2638 1554 2686 dilectis
1584 2636 1851 2702 hospitibus
1875 2637 2063 2702 copiam
2088 2637 2160 2683 sui
2189 2637 2237 2684 in
2271 2637 2488 2684 extremis

361 2715 517 2777 daret,
543 2728 595 2765 ut
620 2717 714 2765 hoc
736 2719 893 2783 ipsum
918 2720 1019 2783 jam
1044 2721 1177 2784 quasi
1203 2719 1475 2767 mercedem
1498 2718 1831 2784 hospitalitatis
1861 2717 2107 2766 haberent.

424 2797 563 2844 Mane
601 2809 761 2846 autem
792 2799 943 2859 facto,
979 2801 1079 2866 ipse
1104 2817 1215 2847 cum
1247 2799 1489 2865 discipulis
1521 2799 1582 2847 de
1614 2798 1840 2846 Bethania
1865 2798 2211 2862 Jerosolymam
2244 2808 2486 2845 revertens

361 2878 547 2938 esuriit,
573 2890 624 2926 ut
646 2882 833 2927 Marcus
860 2881 984 2928 aitte
1013 2901 1036 2927 «
1058 2885 1116 2929 Et
1133 2882 1299 2930 videns
1322 2899 1349 2929 a
1368 2882 1510 2946 longe
1529 2879 1673 2928 ficum
1692 2879 1951 2928 habentem
1971 2880 2105 2939 folia,
2127 2880 2255 2927 venit
2273 2895 2488 2943 quaerens

360 2958 399 3004 si
429 2958 545 3022 quid
570 2959 691 3007 forte
710 2961 944 3008 inveniret
967 2962 1015 3008 in
1045 2979 1123 3021 ea,
1154 2972 1201 3010 et
1226 2962 1346 3010 nihil
1367 2962 1549 3024 invenit
1567 2971 1737 3027 praeter
1760 2960 1886 3008 folia.
1912 2963 2016 3007 Non
2037 2961 2165 3007 enim
2183 2970 2282 3007 erat
2302 2969 2488 3025 tempus

361 3036 579 3086 ficorum.
620 3043 677 3087 Et
706 3042 771 3088 ait
792 3041 889 3088 illi:
915 3045 1215 3108 «Nunquam
1244 3061 1299 3091 ex
1328 3053 1374 3090 te
1405 3043 1584 3090 fructus
1613 3051 1836 3089 nascatur
1866 3042 1914 3088 in
1945 3051 2247 3106 perpetuum.
2272 3060 2294 3085 n
2320 3044 2377 3087 Et
2404 3057 2488 3087 au·

361 3117 556 3166 diebant
594 3121 814 3187 discipuli
854 3122 978 3185 ejus,
1006 3134 1055 3171 et
1084 3124 1287 3172 arefacta
1319 3135 1390 3172 est
1419 3125 1651 3172 continuo
1684 3123 1909 3182 ficulnea,
1950 3132 1996 3170 et
2023 3124 2218 3170 veniunt
2251 3121 2488 3185 ¹lerosoly-

361 3213 506 3245 mam.
548 3202 606 3247 Et
639 3218 789 3265 quum
831 3203 1104 3251 introissent
1139 3205 1373 3270 templum
1392 3241 1404 3265 ,
1444 3204 1588 3270 coepit
1621 3204 1790 3267 ejicere
1825 3201 2087 3251 vendentes
2115 3213 2162 3251 et
2194 3212 2406 3250 ementes
2440 3202 2489 3247 in

362 3279 566 3343 templo,
596 3291 643 3328 et
668 3299 854 3338 mensas
881 3284 1315 3333 nummulariorum
1339 3296 1386 3334 et
1412 3284 1661 3333 cathedras
1686 3283 1996 3333 vendentium
2027 3283 2274 3333 columbas
2304 3283 2486 3331 evertit.

410 3458 419 3475 ¹
445 3459 556 3500 Joan„
572 3471 647 3504 cap.
670 3473 695 3499 ι.Λ
717 3473 748 3495 v.
769 3465 820 3496 11.
838 3483 871 3488 -
891 3464 904 3481 ²
921 3465 1051 3506 nauh„
1069 3476 1141 3511 cap.
1162 3478 1242 3508 xxi,
1259 3477 1289 3500 ν.
1308 3468 1341 3500 3.
1360 3485 1399 3492 ——-
1416 3466 1554 3506 ’Marc.,
1570 3476 1643 3510 cap.
1663 3477 1715 3503 xi,
1734 3476 1766 3498 v.
1789 3467 1823 3498 13
1841 3472 1874 3499 et
1889 3476 1939 3508 sq.
