2970 4152
519 383 613 430 336
1321 382 1492 430 PETRI
1527 382 1841 434 ABAELARDI

637 478 688 514 Ut
706 490 793 514 sexu
810 480 861 514 sic
878 481 1002 515 animo

638 539 710 574 Vir
727 545 819 586 esto,
840 551 938 575 nunc
955 539 1122 575 obsecro.

636 650 712 686 Nec
731 662 820 685 meae
839 663 905 686 nec
922 650 1046 687 obstes
1066 658 1151 696 tuae‚

540 712 577 747 Si
599 718 667 746 tuae
686 711 856 759 praeferre
872 723 932 746 me
948 711 1001 746 vis
1018 712 1149 747 animae
1161 738 1171 755 ‚

540 770 791 819 Exemploque
809 783 919 819 pravo
938 777 1091 807 cunctos
1107 771 1257 808 laedere.

631 831 736 867 Sinat
754 838 791 866 te
810 830 968 867 delectio
984 858 991 874 ,

633 891 801 927 Proferat
815 891 912 927 hanc
931 891 1093 928 Domino
1105 921 1114 936 ,

634 952 791 1001 Unaque
813 959 851 987 tu
870 952 1075 988 Dominum

631 1012 809 1049 Offendes
827 1025 913 1049 cum
931 1013 1092 1060 populo,

632 1074 701 1109 Am
708 1073 833 1109 mittas
849 1080 887 1110 et
904 1080 1107 1121 propterea*

636 1133 874 1182 Displicendo
893 1133 1069 1169 Domino.

632 1248 713 1284 Hoc
729 1254 785 1283 est
801 1247 864 1283 hic
881 1245 1094 1289 crudelitas,

630 1308 703 1345 Sed
720 1320 788 1357 pro
808 1307 969 1343 Domino
989 1307 1105 1355 pietas
1116 1334 1131 1350 ‚

630 1369 727 1416 Qui,
749 1369 787 1404 ni
805 1367 914 1404 vellet
932 1366 1094 1403 hostiam
1106 1395 1117 1410 ‚

630 1429 715 1465 Non
737 1428 841 1465 daret
859 1428 1066 1464 victoriam.

629 1490 778 1527 Solvens
794 1501 884 1538 ergo
901 1487 1070 1525 debitum
1084 1515 1093 1531 ‚

631 1551 755 1596 placa,
777 1557 896 1599 pater,
916 1549 1141 1592 Dominum,

631 1611 687 1647 Ne
705 1612 801 1648 forte
821 1623 937 1660 quum
954 1609 1131 1658 placitum

629 1672 712 1708 Erit
723 1700 732 1717 ‚
751 1684 826 1708 non
842 1671 890 1706 sit
906 1669 1065 1706 licitum.

631 1732 745 1779 Quod
761 1732 859 1768 ferre
878 1743 952 1766 non
972 1727 1138 1777 trepidat

679 1793 800 1841 Virgo
818 1799 946 1828 tenera
959 1819 970 1835 ‚

633 1852 776 1888 lnferre
794 1851 975 1887 sustineat

677 1912 762 1948 Viri
781 1911 944 1947 dextera.

632 1972 789 2021 Sponsio
807 1983 888 2021 quae
903 1970 1048 2019 obligat

678 2033 771 2070 Voti
790 2031 953 2080 propria.

628 2092 701 2130 Sed
719 2093 881 2129 duorum
900 2091 1086 2127 mensium

631 2153 849 2202 Indulgebis
867 2152 1025 2201 spatium
1044 2179 1054 2196 ‚

536 2218 621 2262 Quo
637 2214 747 2251 valles
765 2221 803 2250 et
822 2213 932 2250 colles
949 2225 1035 2248 cum
1052 2210 1240 2248 sodalibus

535 2275 739 2324 Peragrans
759 2281 797 2310 et
809 2273 961 2325 plorans
977 2283 1102 2308 vocem
1121 2269 1330 2319 planctibus
1342 2296 1352 2312 ‚

534 2335 645 2382 Quod
665 2337 716 2372 sic
736 2348 794 2371 me
814 2334 954 2371 semine
970 2334 1091 2382 privet
1104 2330 1303 2367 Dominus.

630 2397 761 2446 Sitque
782 2396 873 2444 legis
897 2394 1037 2431 sanctio

629 2458 706 2495 Mea
724 2456 954 2493 maledictio!

628 2518 713 2554 Non
731 2518 779 2554 sit
797 2516 964 2553 remedio

629 2578 778 2614 Mundae
795 2578 915 2614 carnis
934 2576 1054 2612 hostia
1067 2603 1076 2619 ‚

631 2641 753 2687 Quam
775 2638 876 2675 nulla
894 2636 1069 2686 pollutio,

625 2700 733 2736 Nulla
751 2699 853 2736 novit
871 2697 1024 2734 macula.
1043 2711 1060 2729 α

510 2764 577 2798 His
597 2762 708 2811 gestis
727 2760 841 2797 rediit
857 2759 904 2795 ad
924 2766 1068 2808 patrem
1084 2758 1215 2801 unica;

509 2824 645 2859 secreti
669 2822 821 2858 thalami
840 2821 1054 2857 subintrans
1072 2818 1216 2861 abdita,

512 2883 696 2931 Lugubris
717 2882 866 2919 habitus
884 2880 1039 2930 deponit
1055 2879 1231 2928 tegmina.

581 2945 671 2991 Quae
689 2943 812 2980 statim
831 2943 994 2992 ingressa
1013 2940 1185 2976 balneum
1197 2967 1210 2983 ,

579 3005 856 3041 Circumstante
874 3003 991 3038 choro
1011 3001 1198 3049 virginum
1214 3028 1222 3043 ‚
1287 3011 1292 3015 ·

583 3066 726 3100 Fessam
744 3076 781 3100 se
798 3063 938 3099 refovet
954 3061 1147 3111 paululum

583 3124 625 3159 Et
645 3135 778 3172 corpus
797 3123 948 3171 pulvere
967 3120 1175 3171 squalidum

583 3183 835 3232 Laboremque
850 3184 914 3219 viae
931 3181 1153 3231 languidum

582 3242 740 3279 Mandat
759 3255 800 3278 ac
819 3249 961 3279 recreat
978 3241 1178 3278 lavacrum.

586 3360 715 3397 Varias
734 3361 914 3408 unguenti
933 3361 1071 3408 species

582 3422 720 3456 Amatae
736 3420 929 3456 continent
946 3419 1089 3468 pixides
1108 3448 1117 3463 ‚

582 3481 683 3527 Quas
702 3480 833 3516 flentes
850 3479 1008 3517 afferunt
1026 3481 1199 3529 virgines.

1751 481 1819 517 His
1838 481 1938 517 illam
1958 481 2141 518 condiunt

1680 541 1772 577 Aliae
1784 571 1792 587 ,
1813 542 1965 590 capillos
1983 551 2217 592 componunt

1600 648 1607 661 x
1634 601 1819 651 Reliquae,
1841 609 1883 639 ut
1903 610 2110 651 praeparent
2128 603 2305 640 Domino.

1728 688 1882 735 Egressa
1898 695 1982 737 post
1997 688 2191 736 paululum
2201 718 2210 733 ‚

1727 749 1847 797 Virgo
1866 749 1942 785 lota
1958 749 2149 793 balneum,

1726 809 1846 845 Mittit
1863 810 1960 857 patri
1979 810 2168 846 nuntium.

1747 868 1801 904 Ut
1817 881 1918 905 aram
1938 876 2102 914 extruat,

1747 928 1878 977 Ignem
1895 930 2074 968 acceleret
2087 959 2097 975 ,

1603 990 1701 1025 Dum
1719 991 1797 1039 ipsa
1815 991 2003 1027 victimam
2019 992 2171 1028 interim
2190 999 2368 1041 praeparet
2387 1008 2397 1037 ;

1746 1051 1837 1098 Quae
1853 1051 1933 1088 Deo
1950 1051 2144 1096 convenit,

1745 1111 1958 1160 Principem
1978 1111 2169 1148 condecet.
2296 1136 2314 1154 ,
2344 1124 2362 1141 ·

1723 1200 1758 1237 Ο
1778 1202 1927 1250 quantis
1943 1201 1990 1237 ab
2012 1201 2187 1238 omnibus

1723 1261 1829 1298 Istud
1845 1262 2072 1310 ejulantibus

1744 1323 1931 1359 Nuntium
1947 1324 2086 1374 excipit
2105 1326 2113 1360 !

1750 1382 1868 1432 Urget
1885 1383 1961 1420 dux
1978 1384 2159 1434 populum
2173 1413 2182 1430 ‚

1747 1442 1800 1479 Ut
1818 1443 1894 1480 haec
1913 1444 2138 1490 accelerent,

1749 1503 1796 1540 Et
1815 1503 1878 1540 illa
1896 1505 2061 1553 virgines

1747 1563 1801 1599 Ut
1816 1563 1958 1600 cultum
1975 1573 2202 1614 praeparent,

1748 1624 1794 1659 Et
1812 1631 1988 1674 tanquam
2005 1626 2149 1674 nuptiis

1748 1685 1863 1721 Morti
1881 1697 1919 1721 se
1934 1694 2155 1734 praeparent.

1721 1744 1790 1780 Illa
1809 1745 1959 1793 byssum
1976 1747 2140 1795 propriis
2152 1776 2162 1793 ‚

1724 1805 1975 1842 Madefactum
1992 1806 2165 1856 lacrymis

1722 1866 1908 1915 Porrigit,
1927 1868 2004 1903 haec
2022 1868 2216 1905 humidam

1724 1927 1831 1964 Fletu
1848 1939 1914 1964 suo
1930 1941 2150 1977 purpuram.

1700 2014 1823 2061 Auro,
1844 2015 2000 2062 gemmis
2010 2043 2020 2060 ‚
2041 2015 2252 2064 margaritis

1700 2074 1899 2111 Variatum
1918 2082 1973 2111 est
1991 2076 2131 2112 monile
2142 2104 2152 2119 ,

1696 2134 1813 2179 Quod
1831 2135 1884 2171 sic
1901 2142 2031 2183 pectus
2047 2143 2157 2173 ornat
2168 2164 2177 2181 ,

1698 2193 1744 2229 Et
1761 2201 1804 2230 ut
1820 2201 1929 2230 ornet
1943 2195 2061 2243 magis
2075 2195 2187 2239 inde;

1699 2253 1744 2288 In
1763 2265 1871 2290 aures
1889 2261 1927 2290 et
1943 2255 2093 2300 annuli,

1699 2314 1796 2350 Cum
1815 2315 1970 2351 armillis
1986 2317 2091 2352 aurei

1699 2374 1872 2424 Virginis
1888 2376 2136 2412 tenerrimum

1699 2434 1870 2472 Onerant
1886 2435 2163 2484 corpusculum.

1697 2516 1839 2553 Rerum
1858 2517 2005 2566 pondus
2024 2524 2062 2554 et
2079 2525 2232 2555 ornatus

1696 2577 1842 2613 Moram
1859 2578 1965 2627 virgo
1975 2578 2053 2625 jam
2072 2590 2149 2614 non
2165 2577 2310 2624 ferens,

1699 2638 1810 2674 Lecto
1830 2639 1952 2687 surgit
1969 2645 2008 2675 et
2024 2638 2189 2688 repellit,

1699 2700 1790 2746 Quae
1810 2700 1999 2736 restabant
2015 2699 2067 2736 ita
2082 2700 2210 2737 dicens
2226 2716 2233 2736 :

1724 2775 1741 2793 a
1757 2761 1848 2807 Quae
1866 2767 1990 2809 nuptae
2005 2760 2094 2797 satis
2109 2767 2215 2806 sunt,

1719 2821 1900 2857 Periturae
1917 2821 2030 2857 nimis
2047 2827 2148 2858 sunt,
2165 2837 2182 2854 »

1695 2909 1783 2945 Mox
1800 2920 1913 2958 quem
1933 2908 2031 2957 patri
2048 2908 2203 2953 detulit,

1696 2969 1831 3006 Ensem
1850 2968 1995 3005 nudum
2013 2969 2192 3017 arripuit,

1603 3028 1707 3076 Quid
1725 3028 1850 3078 plura,
1872 3028 1966 3078 quid
1985 3028 2081 3065 ultra
2099 3028 2260 3065 dicimus

1604 3091 1707 3137 Quid
1722 3090 1850 3136 fletus,
1867 3090 1961 3139 quid
1979 3090 2149 3140 planctus
2166 3090 2358 3139 gerimus?

1671 3177 1730 3214 Ad
1751 3177 1861 3213 finem
1884 3177 1987 3227 quod
2004 3184 2131 3213 tamen
2147 3175 2314 3224 cepimus

1669 3238 1892 3287 plangentes
1910 3245 1949 3274 et
1966 3237 2097 3273 flentes
2113 3235 2297 3272 ducimus.

1669 3298 1820 3336 Collatis
1838 3299 1935 3334 circa
1953 3309 1991 3334 se
2009 3295 2171 3332 vestibus

1670 3359 1714 3394 In
1732 3370 1801 3394 arae
1819 3368 2001 3394 succensae
2018 3354 2195 3405 gradibus
2206 3382 2216 3398 ‚

1670 3417 1852 3453 Traditur
1868 3416 1915 3452 ab
1932 3417 2011 3465 ipsa
2029 3414 2191 3464 gladius;

1672 3478 1834 3514 Peremit
1852 3477 1948 3513 hanc
1968 3476 2071 3512 flexis
2090 3474 2258 3524 genibus.
