2970 4152
1184 367 1512 416 SERMONES.
2347 367 2439 414 553

795 592 878 667 'IN
922 608 1197 668 NATALI
1243 607 1503 667 SANGTI
1553 608 1958 676 STEPHAm,

325 761 424 805 VEL
452 762 776 808 CAETERORUM
806 765 1166 819 DIACONORUM,
1197 766 1289 820 QUI
1322 766 1388 810 AB
1425 764 1703 840 APOSJOLIS
1737 766 1981 811 DERIVATI
2022 767 2153 810 SUNT
2188 766 2444 821 OBSEQUIO

1074 850 1382 895 SANCTARUM
1408 848 1692 892 VIDUARUM.

1226 999 1373 1030 SERMO
1417 999 1547 1030 XXXI.

400 1159 423 1185 (ι
436 1143 500 1188 ln
519 1139 746 1189 lectulum
768 1142 1038 1191 Salomonis
1059 1145 1302 1208 sexaginta
1323 1144 1469 1193 fortes
1493 1143 1712 1192 ambiunt
1734 1161 1788 1192 ex
1812 1144 2078 1192 fortissimis
2100 1145 2259 1205 lsrael,
2281 1162 2448 1193 omnes

329 1230 546 1268 tenentes
569 1221 773 1285 gladios,
802 1233 849 1270 et
871 1223 933 1271 ad
955 1223 1081 1272 bella
1102 1224 1383 1272 doctissimi.
1412 1225 1793 1290 Uniuscujusque
1815 1226 1939 1273 ensis
1968 1242 2111 1291 super
2134 1226 2289 1273 femur
2310 1242 2451 1273 suum

330 1311 529 1366 propter
543 1302 739 1350 timores
755 1306 1059 1351 nocturnos¹.
1084 1324 1107 1350 »
1132 1309 1290 1363 Quam
1313 1305 1549 1369 gloriosus
1565 1315 1612 1353 et
1633 1323 1780 1371 quam
1801 1307 2056 1371 pretiosus,
2080 1306 2265 1365 fratres,
2284 1307 2371 1353 iste
2393 1306 2454 1353 sit

330 1379 530 1434 lectulus
551 1381 844 1443 Salomonis,
872 1385 949 1432 cui
980 1395 1079 1433 tam
1101 1385 1302 1450 diligens
1324 1386 1543 1434 custodia
1571 1397 1644 1434 tot
1668 1397 1715 1433 et
1736 1396 1983 1435 tantorum
2009 1387 2225 1434 virorum
2245 1386 2313 1433 sic
2335 1402 2454 1451 prae-

332 1471 633 1527 paratorum,
669 1463 737 1511 sic
774 1474 1070 1513 armatorum
1107 1465 1388 1531 deputatur,
1436 1467 1599 1514 mirari
1631 1467 1781 1531 magis
1810 1483 1956 1532 quam
1987 1466 2148 1532 eloqui
2179 1482 2449 1532 possumus.

333 1541 461 1599 Quid
482 1543 530 1590 in
555 1543 778 1591 noctibus
799 1561 881 1591 rex
905 1554 1065 1592 tantus
1081 1545 1341 1606 metuebat,
1358 1547 1442 1611 qui
1464 1563 1519 1594 ex
1537 1547 1642 1612 ipso
1661 1564 1857 1612 quoque
1876 1548 2074 1595 nomine
2096 1564 2200 1607 suc,
2224 1545 2455 1612 quantam

333 1622 393 1669 sit
413 1620 615 1688 adeptus
636 1640 831 1688 pacem,
858 1625 1094 1672 insinuat?
1116 1625 1268 1684 Quid,
1296 1626 1518 1690 inquam,
1545 1628 1594 1673 in
1618 1627 1841 1675 noctibus
1863 1627 2023 1692 potius
2044 1643 2191 1692 quam
2213 1627 2262 1673 in
2286 1625 2455 1673 diebus

334 1701 604 1763 verebatur,
630 1713 682 1750 ut
704 1714 836 1752 tanta
857 1704 1085 1753 custodiae
1101 1705 1405 1771 providentia
1426 1706 1654 1754 lectulum
1675 1724 1816 1754 suum
1839 1706 2081 1755 ambiente
2103 1707 2338 1754 muniret?
2360 1709 2456 1753 Cur

334 1781 435 1833 haec
456 1781 665 1847 denique
692 1784 826 1848 quies
853 1785 954 1848 ejus
985 1784 1160 1833 lectulo
1183 1786 1332 1850 magis
1358 1802 1503 1850 quam
1535 1786 1659 1833 lecto
1681 1787 2015 1852 comparatur?
2042 1790 2239 1834 Lectum
2260 1786 2458 1850 quidem

299 1857 301 1860 ⁵
336 1862 384 1908 in
407 1862 665 1926 Evangelio
687 1863 886 1927 legimus
910 1864 1033 1912 duos
1055 1866 1104 1912 in
1127 1883 1177 1913 se
1199 1866 1553 1926 continentem,
1585 1868 1794 1931 quorum
1823 1866 2026 1915 alterum
2047 1867 2246 1926 assumi,
2272 1875 2320 1913 et
2342 1866 2458 1913 alte-

336 1958 445 1989 rum
466 1942 670 2008 relinqui
685 1945 869 1992 Veritas
892 1955 1107 1993 testatur.
1139 1949 1210 1994 De
1231 1946 1406 1994 lectulo
1428 1957 1612 2006 autem,
1639 1948 1721 2012 qui
1743 1948 1792 1995 in
1814 1947 1911 1995 hoc
1938 1942 2131 1995 Cant'ico
2159 1949 2461 1994 Canticorum

336 2023 506 2088 saepius
535 2034 855 2084 memoratur,
887 2025 1007 2074 nihil
1034 2026 1128 2074 tale
1156 2026 1353 2085 dicitur3
1392 2044 1482 2075 nec
1512 2029 1768 2092 quisquam
1799 2028 1848 2075 in
1884 2044 1943 2075 eo
1973 2027 2222 2092 quiescens
2258 2026 2463 2091 relinqui

326 2102 631 2167 perhibetur.
659 2107 828 2152 Lectus
844 2106 1004 2170 itaque
1026 2107 1109 2171 qui
1131 2107 1285 2170 major
1307 2116 1400 2166 est,
1428 2117 1475 2154 et
1497 2106 1675 2155 multos
1697 2108 1842 2173 capit,
1867 2106 2194 2172 quorumlibet
2214 2107 2465 2154 continen-

337 2182 459 2230 tium
480 2184 628 2231 vitam
653 2183 886 2249 designat.
913 2187 971 2233 Hi
991 2203 1201 2251 namque
1223 2204 1322 2252 quo
1345 2187 1549 2253 amplius
1571 2188 1633 2236 ab
1656 2188 1990 2253 inquietudine
2006 2188 2303 2237 saecularium
2326 2204 2462 2236 cura·

339 2279 447 2310 rum
468 2274 581 2311 sunt
601 2265 792 2325 remoti,
819 2282 909 2313 nec
931 2266 1264 2331 conjugalibus
1285 2267 1514 2315 molestiis
1537 2268 1771 2334 impliciti,
1797 2269 2019 2335 ampliori
2040 2269 2200 2334 quiete
2223 2269 2461 2316 fruuntur.

340 2342 434 2390 Sed
450 2344 563 2408 quia
584 2353 630 2391 et
651 2345 776 2392 inter
796 2346 1003 2410 virgines
1025 2346 1268 2394 nonnullae
1292 2347 1429 2395 fatuae
1448 2347 1760 2395 inveniuntur
1780 2365 1887 2413 quae
1904 2364 1933 2396 a
1948 2365 2128 2414 sponso
2145 2347 2303 2395 clausa
2319 2348 2467 2411 janua

341 2423 659 2489 repelluntur,
686 2435 734 2472 et
762 2425 899 2473 multi
927 2436 1038 2491 post
1064 2443 1255 2474 sacrum
1284 2428 1588 2493 propositum
1612 2438 1943 2493 apostatantur
1966 2438 2014 2475 et
2035 2427 2100 2474 ob
2123 2427 2219 2474 hoc
2241 2427 2416 2475 assumi
2439 2443 2467 2474 a

341 2518 521 2568 sponso
545 2520 645 2551 non
670 2514 931 2563 merentur,
959 2504 1227 2570 derelinqui
1250 2505 1493 2553 dicuntur.
1520 2506 1741 2564 Lectulus
1763 2523 1898 2566 vero,
1915 2507 1998 2572 qui
2018 2507 2194 2554 arctior
2208 2515 2279 2553 est
2296 2515 2342 2552 et
2352 2521 2469 2571 pau·

342 2598 425 2630 cos
448 2583 592 2649 capit,
618 2594 792 2632 sanctae
815 2586 1120 2633 continentiae
1143 2586 1354 2650 quietem
1378 2587 1616 2651 exprimit,
1642 2587 1777 2650 cujus
1798 2587 1905 2634 vitae
1931 2586 2160 2652 perfectio
2183 2590 2287 2633 Deo
2317 2603 2368 2635 se
2391 2602 2468 2633 ar-

343 2663 463 2711 ctius
483 2664 716 2728 astringit,
739 2674 786 2711 et
804 2666 940 2729 quasi
964 2682 1075 2714 cum
1093 2682 1151 2713 eo
1172 2683 1296 2714 unus
1318 2667 1511 2732 spiritus
1535 2665 1604 2713 fit.
1623 2666 1806 2714 Talium
1826 2667 1924 2714 vita
1946 2669 2049 2714 Deo
2065 2667 2255 2732 penitus
2273 2683 2465 2726 vacans,

345 2751 488 2807 atque
511 2742 578 2790 illi
600 2743 689 2790 soli
712 2743 873 2792 dedita
887 2782 898 2804 ‚
924 2762 1111 2811 sponsae
1134 2745 1331 2792 nomine
1354 2755 1482 2793 recte
1506 2755 1750 2805 censetur,
1775 2746 1860 2794 sed
1882 2755 1998 2793 tunc
2020 2746 2193 2793 rectius
2217 2755 2264 2792 et
2286 2746 2467 2811 specia-

345 2822 467 2882 liter,
494 2840 646 2887 quum
668 2833 803 2872 tanta
824 2825 975 2873 virtus
999 2826 1047 2872 in
1073 2826 1261 2873 feminis
1284 2827 1555 2891 praeminet,
1585 2843 1714 2892 quae,
1741 2826 1867 2876 virili
1885 2825 2059 2897 copula
2076 2835 2330 2903 spretanet
2352 2842 2470 2874 con—

346 2903 538 2968 temptis
559 2903 903 2969 voluptatibus,
930 2905 1173 2953 Christum
1196 2906 1285 2954 sibi
1306 2923 1396 2971 pro
1421 2907 1594 2954 marito
1617 2916 1997 2973 proposuerunt,
2028 2923 2128 2953 non
2151 2905 2307 2954 solum
2329 2907 2471 2970 virgi-

348 2999 458 3042 nes,
493 2993 545 3031 ut
579 2985 726 3032 Maria
745 3023 756 3043 ,
791 2986 875 3033 sed
913 2987 1055 3034 etiam
1085 2987 1264 3047 viduae,
1291 2988 1412 3034 sicut
1445 2991 1607 3047 Anna,
1642 2998 1689 3035 et
1716 3004 1821 3053 quae
1855 2987 2247 3035 abrenuntiantes
2274 2986 2469 3047 saeculo,

348 3063 612 3128 apostolico
636 3065 945 3113 adhaerebant
967 3066 1185 3131 collegio.
1213 3069 1343 3125 Quas
1366 3067 1575 3132 denique
1598 3067 1802 3133 apostoli
1815 3077 1952 3115 tanto
1966 3067 2153 3133 pietatis
2176 3083 2341 3114 amore
2363 3077 2475 3115 sunt

349 3141 571 3207 amplexi,
590 3153 641 3191 ut
659 3161 771 3191 cum
795 3156 1036 3193 crescente
1059 3163 1262 3194 numero
1287 3145 1501 3193 fidelium
1525 3147 1614 3212 ipsi
1633 3147 1735 3211 jam
1757 3156 1812 3193 ut
1834 3155 1974 3193 antea
1992 3145 2169 3196 mensis
2188 3161 2353 3196 earum
2376 3162 2476 3193 non

350 3224 622 3274 sufficerent
651 3228 944 3288 ministrare,
971 3239 1155 3294 septem
1175 3229 1287 3276 huic
1310 3228 1470 3276 officio
1494 3228 1750 3287 diaconos,
1776 3228 1827 3275 id
1849 3239 1920 3276 est
1949 3228 2193 3275 ministros
2215 3227 2477 3294 deputave-

350 3304 467 3363 rint,
493 3305 667 3370 quibus
697 3324 863 3355 earum
896 3307 1234 3357 necessitudini
1257 3307 1513 3372 diligenter
1543 3306 1933 3374 providentibus,
1959 3308 2071 3373 ipsae
2094 3306 2292 3373 spiritali
2320 3306 2479 3355 lectuli

402 3448 411 3465 ¹
435 3449 574 3490 cantic„
590 3462 664 3495 cap.
682 3463 735 3494 ιιι,
753 3464 785 3487 v.
805 3455 836 3486 7.

520 3517 535 3555 1
2153 3533 2167 3539 -
2272 3511 2324 3549 70
