2970 4152
540 355 631 400 730
1058 336 1061 338 ’
1441 348 1758 398 APPENDIX.

534 449 678 505 1642,
700 446 763 494 24
786 445 952 503 martii,
971 460 1060 506 quo
1084 443 1308 491 consentit
1333 442 1614 490 translationi
1634 444 1860 507 prioratus
1885 445 2059 492 Sanctae
2076 446 2261 493 Thomae
2286 449 2331 492 in
2356 449 2516 495 urbem
2530 451 2655 496 Lati-

530 529 800 573 niacensem.
826 525 957 572 Rexit
978 525 1107 571 annis
1130 526 1160 571 7
1186 535 1231 570 et
1249 524 1395 571 tribus
1420 524 1665 572 mensibus.
1693 526 1946 572 Demortua
1967 525 2031 573 28
2054 525 2160 573 maii
2183 526 2327 575 1646.

595 611 744 655 XXV.
784 605 1006 653 Gabrielis
1029 605 1175 650 Maria
1191 604 1248 651 de
1272 604 1321 650 la
1336 604 1696 668 Roclaefoucaud
1704 607 1739 651 F
1742 605 1931 652 rancisci
1951 605 2077 653 ducis
2093 607 2150 653 de
2168 607 2516 671 Rupefulcaudi,
2536 610 2656 671 prin·

529 690 639 750 cipis
664 687 720 733 de
746 685 1024 743 Marcellae,
1058 685 1222 748 equitis
1251 685 1476 748 torquati,
1507 686 1750 732 Pictonum
1773 686 2004 749 proregis,
2033 704 2086 733 ex
2117 687 2376 734 Gabrielide
2393 687 2457 735 du
2480 688 2658 736 Plessae's

530 772 761 814 Liancow·
783 767 892 827 filia,
914 777 1020 813 nata
1045 767 1105 814 13
1130 765 1380 812 decembris
1400 765 1548 825 1624,
1563 783 1694 812 soror
1715 766 1942 813 Francisci
1964 765 2090 814 ducis
2113 767 2421 831 Rupifulcadii
2440 778 2486 815 et
2502 769 2657 816 Ludo-

529 849 611 894 vici
631 847 830 911 praesulis
844 847 1154 906 Lactorensis‚
1183 845 1391 893 monialis
1412 849 1463 892 B.
1493 848 1651 893 Mariae
1675 847 1980 894 Xantonensis
1995 864 2048 894 ex
2064 848 2338 911 coadjutrice
2360 866 2481 896 anno
2505 851 2651 908 4644,

527 932 667 974 Annae
698 929 856 974 Mariae
890 928 1115 974 successit.
1152 927 1273 973 Dein
1299 926 1352 973 fit
1381 927 1606 974 abbatissa
1632 930 1682 973 B.
1720 928 1876 974 Mariae
1900 929 2231 976 suessionensis
2259 946 2341 992 per
2369 930 2544 976 obitum
2569 931 2655 976 Ar-

527 1008 701 1054 mandae
722 1007 779 1054 de
797 1009 1024 1054 Lorraz'ne
1042 1017 1232 1053 mortuae
1249 1008 1311 1055 19
1331 1007 1437 1074 maii
1455 1006 1599 1055 1684.

590 1091 759 1134 XXVI.
800 1089 1044 1135 Catharina
1067 1090 1135 1134 IV
1155 1087 1213 1135 de
1239 1087 1288 1134 la
1310 1086 1670 1150 Roclzeffoucaud
1685 1098 1790 1134 nata
1812 1089 1874 1136 25
1896 1089 2093 1135 octobris
2112 1089 2259 1148 1619,
2278 1089 2523 1152 superioris
2550 1105 2652 1151 ger-

525 1185 654 1214 mana
669 1205 681 1228 ,
725 1170 922 1231 primum
965 1169 1228 1215 Carentonii
1269 1168 1517 1227 abbatissa,
1550 1185 1672 1214 anno
1709 1167 1860 1227 46743
1899 1168 2064 1214 deinde
2101 1168 2374 1221 Paraclitum
2408 1168 2648 1227 translata,

525 1267 644 1296 anno
671 1252 815 1298 1675.
844 1251 989 1296 Cessit
1008 1251 1055 1296 in
1069 1250 1260 1314 gratiam
1278 1250 1521 1314 sequentis.

589 1331 781 1375 XXVII.
822 1331 967 1376 Maria
989 1332 1056 1377 IV
1078 1329 1135 1376 de
1165 1333 1294 1393 Roye
1317 1328 1375 1376 de
1401 1329 1450 1375 la
1479 1325 1840 1392 Rocloesoucaud
1868 1327 1926 1375 de
1957 1331 2106 1377 Rouci
2129 1328 2222 1376 filia
2252 1328 2469 1375 Friderici
2500 1328 2652 1375 Caroli

520 1413 694 1458 comitis
712 1412 769 1458 de
798 1415 925 1475 Roye
948 1423 993 1458 et
1012 1412 1313 1459 Helisabethae
1329 1411 1387 1459 de
1409 1411 1632 1474 Dar-fort,
1653 1410 1861 1459 monialis
1883 1414 1933 1458 B.
1959 1412 2116 1458 Mariae
2140 1412 2488 1470 Suessionensis,
2508 1410 2652 1457 bullas

521 1492 697 1537 obtinet
716 1492 841 1537 datas
864 1491 947 1538 cal.
972 1492 1171 1538 octobris
1198 1492 1350 1552 4705,
1379 1493 1706 1555 possessionem
1728 1492 1992 1555 adipiscitur
2015 1493 2044 1540 9
2068 1491 2285 1538 februarii
2310 1490 2453 1540 1706.
2481 1492 2536 1536 In
2558 1491 2651 1552 ejus

519 1572 725 1618 manibus
760 1570 1019 1618 Elisabetha
1043 1575 1105 1619 Le
1135 1574 1233 1637 Coq
1257 1572 1482 1620 abdicavit
1514 1573 1768 1637 prioratum
1800 1574 1975 1620 Sanctae
2008 1574 2193 1619 Thomae
2223 1572 2280 1618 de
2306 1570 2434 1618 Valle
2465 1573 2528 1620 25
2548 1569 2649 1632 julii

525 1655 669 1700 1727.

581 1734 751 1778 Praeter
772 1733 851 1778 has
873 1734 970 1779 sine
989 1734 1206 1796 temporis
1228 1744 1336 1781 nota
1360 1734 1407 1780 in
1432 1734 1691 1781 calendario
1714 1734 2004 1796 reperiuntur
2032 1752 2042 1778 z

582 1813 787 1877 AElipdis,
812 1814 931 1877 prid.
959 1814 1044 1861 cal.
1070 1815 1237 1861 martii.

581 1894 764 1952 Jacoba,
792 1910 883 1940 v111
909 1894 972 1940 id.
1001 1894 1170 1940 martii.

580 1977 754 2037 Agneta
771 1975 827 2021 de
848 1975 1027 2035 Bordis,
1049 1991 1134 2021 x1v
1157 1974 1241 2022 cal.
1263 1976 1400 2038 junii.

580 2055 786 2114 Isabella‚
808 2072 866 2103 111
889 2055 973 2102 cal.
1001 2056 1287 2120 septembris.

578 2137 803 2190 Johanna,
830 2135 976 2198 pridie
999 2153 1142 2183 nonas
1165 2137 1382 2183 octobris.

579 2215 851 2274 Heliseudis,
877 2231 969 2262 vm
993 2217 1057 2261 id.
1082 2217 1299 2262 octobris.

578 2297 801 2355 Johanna,
825 2312 918 2343 vm
943 2295 1028 2344 cal.
1049 2297 1261 2357 januarii.

1304 2814 1407 2844 runs
1435 2813 1590 2844 Pnloms
1619 2813 1836 2843 votumms..
