<?xml version="1.0" encoding="UTF-8"?>
<!DOCTYPE html PUBLIC "-//W3C//DTD XHTML 1.0 Transitional//EN"
    "http://www.w3.org/TR/xhtml1/DTD/xhtml1-transitional.dtd">
<html xmlns="http://www.w3.org/1999/xhtml" xml:lang="en" lang="en">
 <head>
  <title>
</title>
<meta http-equiv="Content-Type" content="text/html;charset=utf-8" />
  <meta name='ocr-system' content='tesseract 3.04.00' />
  <meta name='ocr-capabilities' content='ocr_page ocr_carea ocr_par ocr_line ocrx_word'/>
</head>
<body>
  <div class='ocr_page' id='page_1' title='image "./operahactenusseo01abeluoft_0383.png"; bbox 0 0 2970 4152; ppageno 0'>
   <div class='ocr_carea' id='block_1_1' title="bbox 1016 385 2478 450">
    <p class='ocr_par' dir='ltr' id='par_1_1' title="bbox 1016 385 2478 450">
     <span class='ocr_line' id='line_1_1' title="bbox 1016 385 2478 450; baseline -0.001 -2"><span class='ocrx_word' id='word_1_1' title='bbox 1016 402 1075 450; x_wconf 79' lang='grc' dir='ltr'><strong>ιΝ</strong></span> <span class='ocrx_word' id='word_1_2' title='bbox 1108 401 1321 449; x_wconf 73' lang='grc' dir='ltr'><strong>ΝΑΤΑιι</strong></span> <span class='ocrx_word' id='word_1_3' title='bbox 1354 398 1565 450; x_wconf 81' lang='lat' dir='ltr'><strong>DOMlNl</strong></span> <span class='ocrx_word' id='word_1_4' title='bbox 1600 401 1814 448; x_wconf 79' lang='lat' dir='ltr'><strong>SERMo.</strong></span> <span class='ocrx_word' id='word_1_5' title='bbox 2384 385 2478 447; x_wconf 78' lang='lat'><strong>369</strong></span> 
     </span>
    </p>
   </div>
   <div class='ocr_carea' id='block_1_2' title="bbox 345 490 2487 2883">
    <p class='ocr_par' dir='ltr' id='par_1_2' title="bbox 345 490 2487 2883">
     <span class='ocr_line' id='line_1_2' title="bbox 355 490 2477 555; baseline -0.001 -12"><span class='ocrx_word' id='word_1_6' title='bbox 355 495 605 544; x_wconf 75' lang='lat' dir='ltr'><strong>sedentem</strong></span> <span class='ocrx_word' id='word_1_7' title='bbox 620 495 668 542; x_wconf 91' lang='lat' dir='ltr'><strong>in</strong></span> <span class='ocrx_word' id='word_1_8' title='bbox 688 495 895 543; x_wconf 90' lang='lat' dir='ltr'><strong>tenebris</strong></span> <span class='ocrx_word' id='word_1_9' title='bbox 906 506 952 543; x_wconf 89' lang='lat' dir='ltr'><strong>et</strong></span> <span class='ocrx_word' id='word_1_10' title='bbox 967 490 1134 543; x_wconf 83' lang='lat' dir='ltr'><strong>umbra</strong></span> <span class='ocrx_word' id='word_1_11' title='bbox 1151 496 1316 543; x_wconf 90' lang='lat' dir='ltr'><strong>mortis</strong></span> <span class='ocrx_word' id='word_1_12' title='bbox 1335 512 1446 543; x_wconf 86' lang='lat' dir='ltr'><strong>vera</strong></span> <span class='ocrx_word' id='word_1_13' title='bbox 1466 514 1560 543; x_wconf 84' lang='lat' dir='ltr'><strong>suae</strong></span> <span class='ocrx_word' id='word_1_14' title='bbox 1580 497 1697 543; x_wconf 89' lang='lat' dir='ltr'><strong>lucis</strong></span> <span class='ocrx_word' id='word_1_15' title='bbox 1720 496 1929 543; x_wconf 87' lang='lat' dir='ltr'><strong>claritate</strong></span> <span class='ocrx_word' id='word_1_16' title='bbox 1949 493 2184 542; x_wconf 90' lang='lat' dir='ltr'><strong>mundum</strong></span> <span class='ocrx_word' id='word_1_17' title='bbox 2204 493 2477 555; x_wconf 87' lang='lat' dir='ltr'><strong>illustraret,</strong></span> 
     </span>
     <span class='ocr_line' id='line_1_3' title="bbox 359 574 2476 643; baseline -0 -21"><span class='ocrx_word' id='word_1_18' title='bbox 359 586 408 623; x_wconf 87' lang='lat' dir='ltr'><strong>et</strong></span> <span class='ocrx_word' id='word_1_19' title='bbox 426 592 520 640; x_wconf 90' lang='lat' dir='ltr'><strong>qua</strong></span> <span class='ocrx_word' id='word_1_20' title='bbox 539 576 802 624; x_wconf 84' lang='lat' dir='ltr'>rediremus</span> <span class='ocrx_word' id='word_1_21' title='bbox 826 577 888 624; x_wconf 87' lang='lat' dir='ltr'><strong>ad</strong></span> <span class='ocrx_word' id='word_1_22' title='bbox 911 577 1113 643; x_wconf 88' lang='lat' dir='ltr'><strong>patriam</strong></span> <span class='ocrx_word' id='word_1_23' title='bbox 1138 577 1238 641; x_wconf 91' lang='lat' dir='ltr'><strong>ipse</strong></span> <span class='ocrx_word' id='word_1_24' title='bbox 1257 576 1397 623; x_wconf 91' lang='lat' dir='ltr'><strong>nobis</strong></span> <span class='ocrx_word' id='word_1_25' title='bbox 1420 578 1545 624; x_wconf 90' lang='lat' dir='ltr'><strong>viam</strong></span> <span class='ocrx_word' id='word_1_26' title='bbox 1566 577 1861 636; x_wconf 82' lang='lat' dir='ltr'><strong>ostenderet,</strong></span> <span class='ocrx_word' id='word_1_27' title='bbox 1882 586 1928 623; x_wconf 93' lang='lat' dir='ltr'><strong>et</strong></span> <span class='ocrx_word' id='word_1_28' title='bbox 1945 574 2213 623; x_wconf 82' lang='lat' dir='ltr'><strong>facultatem</strong></span> <span class='ocrx_word' id='word_1_29' title='bbox 2230 574 2476 640; x_wconf 88' lang='lat' dir='ltr'><strong>praeberet,</strong></span> 
     </span>
     <span class='ocr_line' id='line_1_4' title="bbox 354 650 2482 723; baseline -0 -19"><span class='ocrx_word' id='word_1_30' title='bbox 354 667 408 704; x_wconf 75' lang='lat' dir='ltr'><strong>et</strong></span> <span class='ocrx_word' id='word_1_31' title='bbox 429 657 644 704; x_wconf 88' lang='lat' dir='ltr'><strong>auditum</strong></span> <span class='ocrx_word' id='word_1_32' title='bbox 664 658 963 723; x_wconf 87' lang='lat' dir='ltr'><strong>patefaceret.</strong></span> <span class='ocrx_word' id='word_1_33' title='bbox 985 650 1225 722; x_wconf 90' lang='lat' dir='ltr'><strong>Denique¹</strong></span> <span class='ocrx_word' id='word_1_34' title='bbox 1245 675 1333 705; x_wconf 90' lang='lat' dir='ltr'><strong>nec</strong></span> <span class='ocrx_word' id='word_1_35' title='bbox 1357 658 1509 723; x_wconf 83' lang='lat' dir='ltr'>ipsam</span> <span class='ocrx_word' id='word_1_36' title='bbox 1529 658 1700 705; x_wconf 86' lang='lat' dir='ltr'><strong>Christi</strong></span> <span class='ocrx_word' id='word_1_37' title='bbox 1718 657 2066 722; x_wconf 81' lang='lat' dir='ltr'><strong>genealogiam,</strong></span> <span class='ocrx_word' id='word_1_38' title='bbox 2087 672 2231 721; x_wconf 88' lang='lat' dir='ltr'><strong>quam</strong></span> <span class='ocrx_word' id='word_1_39' title='bbox 2250 673 2482 703; x_wconf 88' lang='lat' dir='ltr'><strong>enarran-</strong></span> 
     </span>
     <span class='ocr_line' id='line_1_5' title="bbox 355 729 2482 804; baseline 0 -20"><span class='ocrx_word' id='word_1_40' title='bbox 355 736 472 784; x_wconf 85' lang='lat' dir='ltr'><strong>dam</strong></span> <span class='ocrx_word' id='word_1_41' title='bbox 498 729 806 804; x_wconf 86' lang='lat' dir='ltr'><strong>susceperunt</strong></span> <span class='ocrx_word' id='word_1_42' title='bbox 835 739 1153 804; x_wconf 82' lang='lat' dir='ltr'><strong>evangelistae,</strong></span> <span class='ocrx_word' id='word_1_43' title='bbox 1182 755 1333 803; x_wconf 81' lang='lat' dir='ltr'><strong>usque</strong></span> <span class='ocrx_word' id='word_1_44' title='bbox 1352 738 1412 785; x_wconf 90' lang='lat' dir='ltr'><strong>ad</strong></span> <span class='ocrx_word' id='word_1_45' title='bbox 1433 748 1634 786; x_wconf 90' lang='lat' dir='ltr'><strong>matrem</strong></span> <span class='ocrx_word' id='word_1_46' title='bbox 1652 739 1798 804; x_wconf 91' lang='lat' dir='ltr'><strong>ipsius</strong></span> <span class='ocrx_word' id='word_1_47' title='bbox 1820 748 2097 798; x_wconf 87' lang='lat' dir='ltr'><strong>texuerunt,</strong></span> <span class='ocrx_word' id='word_1_48' title='bbox 2126 737 2211 785; x_wconf 87' lang='lat' dir='ltr'><strong>sed</strong></span> <span class='ocrx_word' id='word_1_49' title='bbox 2239 738 2399 803; x_wconf 91' lang='lat' dir='ltr'><strong>potius</strong></span> <span class='ocrx_word' id='word_1_50' title='bbox 2421 737 2482 784; x_wconf 91' lang='lat' dir='ltr'><strong>ad</strong></span> 
     </span>
     <span class='ocr_line' id='line_1_6' title="bbox 359 817 2485 884; baseline 0.001 -21"><span class='ocrx_word' id='word_1_51' title='bbox 359 817 537 883; x_wconf 81' lang='lat' dir='ltr'><strong>Joseph</strong></span> <span class='ocrx_word' id='word_1_52' title='bbox 570 835 800 883; x_wconf 90' lang='lat' dir='ltr'><strong>sponsum</strong></span> <span class='ocrx_word' id='word_1_53' title='bbox 835 820 936 883; x_wconf 87' lang='lat' dir='ltr'><strong>ejus</strong></span> <span class='ocrx_word' id='word_1_54' title='bbox 971 819 1327 884; x_wconf 83' lang='lat' dir='ltr'><strong>perduxerunt:</strong></span> <span class='ocrx_word' id='word_1_55' title='bbox 1351 820 1604 867; x_wconf 85' lang='lat' dir='ltr'><strong>innuentes</strong></span> <span class='ocrx_word' id='word_1_56' title='bbox 1623 819 1818 884; x_wconf 90' lang='lat' dir='ltr'><strong>quidem</strong></span> <span class='ocrx_word' id='word_1_57' title='bbox 1844 819 1980 879; x_wconf 92' lang='lat' dir='ltr'><strong>huic,</strong></span> <span class='ocrx_word' id='word_1_58' title='bbox 2013 835 2112 865; x_wconf 92' lang='lat' dir='ltr'><strong>non</strong></span> <span class='ocrx_word' id='word_1_59' title='bbox 2144 828 2302 865; x_wconf 90' lang='lat' dir='ltr'><strong>tamen</strong></span> <span class='ocrx_word' id='word_1_60' title='bbox 2331 819 2485 883; x_wconf 85' lang='lat' dir='ltr'><strong>expri-</strong></span> 
     </span>
     <span class='ocr_line' id='line_1_7' title="bbox 355 899 2486 966; baseline 0.001 -23"><span class='ocrx_word' id='word_1_61' title='bbox 355 906 544 945; x_wconf 86' lang='lat' dir='ltr'><strong>mentes</strong></span> <span class='ocrx_word' id='word_1_62' title='bbox 560 933 573 958; x_wconf 90' lang='lat'><strong>,</strong></span> <span class='ocrx_word' id='word_1_63' title='bbox 601 899 799 945; x_wconf 89' lang='lat' dir='ltr'><strong>Mariam</strong></span> <span class='ocrx_word' id='word_1_64' title='bbox 816 916 1012 963; x_wconf 91' lang='lat' dir='ltr'><strong>quoque</strong></span> <span class='ocrx_word' id='word_1_65' title='bbox 1035 899 1096 947; x_wconf 92' lang='lat' dir='ltr'><strong>de</strong></span> <span class='ocrx_word' id='word_1_66' title='bbox 1121 900 1266 966; x_wconf 84' lang='lat' dir='ltr'><strong>stirpe</strong></span> <span class='ocrx_word' id='word_1_67' title='bbox 1287 899 1442 947; x_wconf 91' lang='lat' dir='ltr'><strong>David</strong></span> <span class='ocrx_word' id='word_1_68' title='bbox 1470 899 1764 965; x_wconf 80' lang='lat' dir='ltr'><strong>praecedere3</strong></span> <span class='ocrx_word' id='word_1_69' title='bbox 1787 917 1938 965; x_wconf 90' lang='lat' dir='ltr'><strong>quum</strong></span> <span class='ocrx_word' id='word_1_70' title='bbox 1966 899 2171 947; x_wconf 86' lang='lat' dir='ltr'><strong>referant</strong></span> <span class='ocrx_word' id='word_1_71' title='bbox 2188 916 2293 947; x_wconf 91' lang='lat' dir='ltr'><strong>eam</strong></span> <span class='ocrx_word' id='word_1_72' title='bbox 2324 916 2486 947; x_wconf 90' lang='lat' dir='ltr'><strong>secun-</strong></span> 
     </span>
     <span class='ocr_line' id='line_1_8' title="bbox 359 977 2484 1046; baseline 0.001 -22"><span class='ocrx_word' id='word_1_73' title='bbox 359 977 477 1024; x_wconf 90' lang='lat' dir='ltr'><strong>dum</strong></span> <span class='ocrx_word' id='word_1_74' title='bbox 493 977 647 1042; x_wconf 90' lang='lat' dir='ltr'><strong>legem</strong></span> <span class='ocrx_word' id='word_1_75' title='bbox 670 978 926 1026; x_wconf 90' lang='lat' dir='ltr'><strong>contribuli</strong></span> <span class='ocrx_word' id='word_1_76' title='bbox 945 996 1032 1027; x_wconf 95' lang='lat' dir='ltr'><strong>suo</strong></span> <span class='ocrx_word' id='word_1_77' title='bbox 1047 979 1384 1045; x_wconf 88' lang='lat' dir='ltr'><strong>desponsatam</strong></span> <span class='ocrx_word' id='word_1_78' title='bbox 1401 981 1542 1028; x_wconf 88' lang='lat' dir='ltr'><strong>fuisse</strong></span> <span class='ocrx_word' id='word_1_79' title='bbox 1553 1017 1565 1041; x_wconf 92' lang='lat'><strong>,</strong></span> <span class='ocrx_word' id='word_1_80' title='bbox 1590 990 1819 1046; x_wconf 87' lang='lat' dir='ltr'><strong>tanquam</strong></span> <span class='ocrx_word' id='word_1_81' title='bbox 1835 981 1884 1028; x_wconf 93' lang='lat' dir='ltr'><strong>in</strong></span> <span class='ocrx_word' id='word_1_82' title='bbox 1901 980 1992 1027; x_wconf 92' lang='lat' dir='ltr'><strong>hac</strong></span> <span class='ocrx_word' id='word_1_83' title='bbox 2010 997 2203 1045; x_wconf 91' lang='lat' dir='ltr'><strong>quoque</strong></span> <span class='ocrx_word' id='word_1_84' title='bbox 2223 997 2307 1028; x_wconf 91' lang='lat' dir='ltr'><strong>sua</strong></span> <span class='ocrx_word' id='word_1_85' title='bbox 2325 996 2484 1027; x_wconf 90' lang='lat' dir='ltr'><strong>narra-</strong></span> 
     </span>
     <span class='ocr_line' id='line_1_9' title="bbox 360 1058 2485 1127; baseline 0.001 -22"><span class='ocrx_word' id='word_1_86' title='bbox 360 1058 490 1106; x_wconf 81' lang='lat' dir='ltr'><strong>tione</strong></span> <span class='ocrx_word' id='word_1_87' title='bbox 524 1058 643 1106; x_wconf 87' lang='lat' dir='ltr'><strong>illud</strong></span> <span class='ocrx_word' id='word_1_88' title='bbox 673 1059 1000 1126; x_wconf 91' lang='lat' dir='ltr'><strong>supradictum</strong></span> <span class='ocrx_word' id='word_1_89' title='bbox 1033 1060 1332 1109; x_wconf 89' lang='lat' dir='ltr'><strong>attendentes</strong></span> <span class='ocrx_word' id='word_1_90' title='bbox 1365 1061 1758 1127; x_wconf 76' lang='lat' dir='ltr'><strong>propheticum²z</strong></span> <span class='ocrx_word' id='word_1_91' title='bbox 1786 1081 1809 1107; x_wconf 69' lang='grc' dir='ltr'><strong><em>κ</em></strong></span> <span class='ocrx_word' id='word_1_92' title='bbox 1833 1062 2202 1109; x_wconf 91' lang='lat' dir='ltr'><strong>Generationem</strong></span> <span class='ocrx_word' id='word_1_93' title='bbox 2243 1061 2344 1125; x_wconf 91' lang='lat' dir='ltr'><strong>ejus</strong></span> <span class='ocrx_word' id='word_1_94' title='bbox 2380 1061 2485 1125; x_wconf 91' lang='lat' dir='ltr'><strong>quis</strong></span> 
     </span>
     <span class='ocr_line' id='line_1_10' title="bbox 358 1138 2484 1207; baseline 0 -21"><span class='ocrx_word' id='word_1_95' title='bbox 358 1138 627 1187; x_wconf 82' lang='lat' dir='ltr'><strong>enarrabit?</strong></span> <span class='ocrx_word' id='word_1_96' title='bbox 647 1159 671 1185; x_wconf 89' lang='lat'>»</span> <span class='ocrx_word' id='word_1_97' title='bbox 699 1143 900 1188; x_wconf 84' lang='lat' dir='ltr'><strong>Narrant</strong></span> <span class='ocrx_word' id='word_1_98' title='bbox 924 1141 1102 1207; x_wconf 91' lang='lat' dir='ltr'><strong>quippe</strong></span> <span class='ocrx_word' id='word_1_99' title='bbox 1126 1152 1409 1206; x_wconf 87' lang='lat' dir='ltr'><strong>utrumque,</strong></span> <span class='ocrx_word' id='word_1_100' title='bbox 1433 1142 1519 1199; x_wconf 86' lang='lat' dir='ltr'><strong>sed</strong></span> <span class='ocrx_word' id='word_1_101' title='bbox 1543 1159 1643 1190; x_wconf 94' lang='lat' dir='ltr'><strong>non</strong></span> <span class='ocrx_word' id='word_1_102' title='bbox 1669 1153 1921 1203; x_wconf 88' lang='lat' dir='ltr'><strong>enarrant,</strong></span> <span class='ocrx_word' id='word_1_103' title='bbox 1947 1153 1994 1190; x_wconf 94' lang='lat' dir='ltr'><strong>et</strong></span> <span class='ocrx_word' id='word_1_104' title='bbox 2020 1159 2120 1189; x_wconf 91' lang='lat' dir='ltr'><strong>rem</strong></span> <span class='ocrx_word' id='word_1_105' title='bbox 2148 1151 2373 1206; x_wconf 86' lang='lat' dir='ltr'><strong>tangunt,</strong></span> <span class='ocrx_word' id='word_1_106' title='bbox 2400 1141 2484 1188; x_wconf 92' lang='lat' dir='ltr'><strong>sed</strong></span> 
     </span>
     <span class='ocr_line' id='line_1_11' title="bbox 357 1221 2486 1289; baseline 0.001 -24"><span class='ocrx_word' id='word_1_107' title='bbox 357 1235 458 1266; x_wconf 92' lang='lat' dir='ltr'><strong>non</strong></span> <span class='ocrx_word' id='word_1_108' title='bbox 487 1221 787 1286; x_wconf 86' lang='lat' dir='ltr'><strong>pertingunt,</strong></span> <span class='ocrx_word' id='word_1_109' title='bbox 817 1222 928 1285; x_wconf 92' lang='lat' dir='ltr'><strong>quia</strong></span> <span class='ocrx_word' id='word_1_110' title='bbox 958 1223 1114 1270; x_wconf 84' lang='lat' dir='ltr'><strong>Mariae</strong></span> <span class='ocrx_word' id='word_1_111' title='bbox 1138 1223 1384 1287; x_wconf 87' lang='lat' dir='ltr'><strong>proximos</strong></span> <span class='ocrx_word' id='word_1_112' title='bbox 1413 1233 1633 1288; x_wconf 89' lang='lat' dir='ltr'><strong>parentes</strong></span> <span class='ocrx_word' id='word_1_113' title='bbox 1665 1239 1765 1270; x_wconf 93' lang='lat' dir='ltr'><strong>non</strong></span> <span class='ocrx_word' id='word_1_114' title='bbox 1804 1224 2101 1289; x_wconf 83' lang='lat' dir='ltr'><strong>exprimunt,</strong></span> <span class='ocrx_word' id='word_1_115' title='bbox 2141 1222 2383 1287; x_wconf 90' lang='lat' dir='ltr'><strong>magisque</strong></span> <span class='ocrx_word' id='word_1_116' title='bbox 2416 1239 2486 1268; x_wconf 91' lang='lat' dir='ltr'><strong>se-</strong></span> 
     </span>
     <span class='ocr_line' id='line_1_12' title="bbox 357 1301 2486 1370; baseline 0.001 -23"><span class='ocrx_word' id='word_1_117' title='bbox 357 1301 479 1348; x_wconf 90' lang='lat' dir='ltr'><strong>riem</strong></span> <span class='ocrx_word' id='word_1_118' title='bbox 501 1302 817 1366; x_wconf 88' lang='lat' dir='ltr'><strong>generationis</strong></span> <span class='ocrx_word' id='word_1_119' title='bbox 841 1302 903 1350; x_wconf 92' lang='lat' dir='ltr'><strong>ad</strong></span> <span class='ocrx_word' id='word_1_120' title='bbox 928 1320 1183 1369; x_wconf 87' lang='lat' dir='ltr'><strong>sponsum,</strong></span> <span class='ocrx_word' id='word_1_121' title='bbox 1212 1314 1263 1351; x_wconf 93' lang='lat' dir='ltr'><strong>ut</strong></span> <span class='ocrx_word' id='word_1_122' title='bbox 1289 1304 1471 1352; x_wconf 90' lang='lat' dir='ltr'><strong>dictum</strong></span> <span class='ocrx_word' id='word_1_123' title='bbox 1493 1315 1589 1365; x_wconf 90' lang='lat' dir='ltr'><strong>est,</strong></span> <span class='ocrx_word' id='word_1_124' title='bbox 1618 1321 1764 1369; x_wconf 90' lang='lat' dir='ltr'><strong>quam</strong></span> <span class='ocrx_word' id='word_1_125' title='bbox 1791 1304 1851 1351; x_wconf 91' lang='lat' dir='ltr'><strong>ad</strong></span> <span class='ocrx_word' id='word_1_126' title='bbox 1870 1320 2092 1370; x_wconf 88' lang='lat' dir='ltr'><strong>sponsam</strong></span> <span class='ocrx_word' id='word_1_127' title='bbox 2112 1303 2404 1370; x_wconf 88' lang='lat' dir='ltr'><strong>perducunt,</strong></span> <span class='ocrx_word' id='word_1_128' title='bbox 2434 1313 2486 1349; x_wconf 89' lang='lat' dir='ltr'><strong>ut</strong></span> 
     </span>
     <span class='ocr_line' id='line_1_13' title="bbox 357 1379 2487 1450; baseline 0.001 -22"><span class='ocrx_word' id='word_1_129' title='bbox 357 1379 482 1429; x_wconf 87' lang='lat' dir='ltr'><strong>illius</strong></span> <span class='ocrx_word' id='word_1_130' title='bbox 502 1383 759 1447; x_wconf 88' lang='lat' dir='ltr'><strong>patefacta,</strong></span> <span class='ocrx_word' id='word_1_131' title='bbox 784 1383 926 1447; x_wconf 90' lang='lat' dir='ltr'><strong>hujus</strong></span> <span class='ocrx_word' id='word_1_132' title='bbox 954 1383 1248 1449; x_wconf 88' lang='lat' dir='ltr'><strong>relinquatur</strong></span> <span class='ocrx_word' id='word_1_133' title='bbox 1271 1384 1567 1432; x_wconf 89' lang='lat' dir='ltr'><strong>abscondita.</strong></span> <span class='ocrx_word' id='word_1_134' title='bbox 1592 1384 1732 1432; x_wconf 91' lang='lat' dir='ltr'><strong>Unde</strong></span> <span class='ocrx_word' id='word_1_135' title='bbox 1757 1395 1803 1432; x_wconf 90' lang='lat' dir='ltr'><strong>et</strong></span> <span class='ocrx_word' id='word_1_136' title='bbox 1827 1384 1906 1432; x_wconf 92' lang='lat' dir='ltr'><strong>hic</strong></span> <span class='ocrx_word' id='word_1_137' title='bbox 1927 1400 2120 1450; x_wconf 90' lang='lat' dir='ltr'><strong>quoque</strong></span> <span class='ocrx_word' id='word_1_138' title='bbox 2144 1383 2269 1431; x_wconf 92' lang='lat' dir='ltr'><strong>bene</strong></span> <span class='ocrx_word' id='word_1_139' title='bbox 2293 1385 2487 1448; x_wconf 86' lang='lat' dir='ltr'><strong>Aposto-</strong></span> 
     </span>
     <span class='ocr_line' id='line_1_14' title="bbox 357 1460 2480 1531; baseline 0.001 -23"><span class='ocrx_word' id='word_1_140' title='bbox 357 1460 432 1508; x_wconf 89' lang='lat' dir='ltr'><strong>lus</strong></span> <span class='ocrx_word' id='word_1_141' title='bbox 472 1461 659 1510; x_wconf 85' lang='lat' dir='ltr'><strong>Ch-risto</strong></span> <span class='ocrx_word' id='word_1_142' title='bbox 692 1463 1042 1512; x_wconf 88' lang='lat' dir='ltr'><strong>Melchisedech</strong></span> <span class='ocrx_word' id='word_1_143' title='bbox 1078 1466 1414 1530; x_wconf 77' lang='lat' dir='ltr'><strong>comparavit³,</strong></span> <span class='ocrx_word' id='word_1_144' title='bbox 1447 1465 1580 1531; x_wconf 92' lang='lat' dir='ltr'><strong>quod</strong></span> <span class='ocrx_word' id='word_1_145' title='bbox 1614 1482 1725 1514; x_wconf 91' lang='lat' dir='ltr'><strong>eum</strong></span> <span class='ocrx_word' id='word_1_146' title='bbox 1759 1466 1861 1513; x_wconf 92' lang='lat' dir='ltr'><strong>sine</strong></span> <span class='ocrx_word' id='word_1_147' title='bbox 1904 1465 2179 1530; x_wconf 86' lang='lat' dir='ltr'><strong>genealogia</strong></span> <span class='ocrx_word' id='word_1_148' title='bbox 2215 1481 2316 1512; x_wconf 91' lang='lat' dir='ltr'><strong>esse</strong></span> <span class='ocrx_word' id='word_1_149' title='bbox 2350 1463 2480 1511; x_wconf 91' lang='lat' dir='ltr'><strong>dicit.</strong></span> 
     </span>
     <span class='ocr_line' id='line_1_15' title="bbox 357 1544 2483 1615; baseline 0 -24"><span class='ocrx_word' id='word_1_150' title='bbox 357 1544 486 1592; x_wconf 93' lang='lat' dir='ltr'><strong>Sicut</strong></span> <span class='ocrx_word' id='word_1_151' title='bbox 503 1546 632 1592; x_wconf 91' lang='lat' dir='ltr'><strong>enim</strong></span> <span class='ocrx_word' id='word_1_152' title='bbox 654 1545 776 1594; x_wconf 92' lang='lat' dir='ltr'><strong>illius</strong></span> <span class='ocrx_word' id='word_1_153' title='bbox 807 1547 1164 1611; x_wconf 85' lang='lat' dir='ltr'><strong>generationem</strong></span> <span class='ocrx_word' id='word_1_154' title='bbox 1189 1548 1428 1614; x_wconf 90' lang='lat' dir='ltr'><strong>Scriptura</strong></span> <span class='ocrx_word' id='word_1_155' title='bbox 1447 1565 1547 1596; x_wconf 93' lang='lat' dir='ltr'><strong>non</strong></span> <span class='ocrx_word' id='word_1_156' title='bbox 1567 1549 1816 1615; x_wconf 88' lang='lat' dir='ltr'><strong>exprimit,</strong></span> <span class='ocrx_word' id='word_1_157' title='bbox 1845 1549 1909 1595; x_wconf 92' lang='lat' dir='ltr'><strong>ita</strong></span> <span class='ocrx_word' id='word_1_158' title='bbox 1930 1565 2019 1596; x_wconf 93' lang='lat' dir='ltr'><strong>nec</strong></span> <span class='ocrx_word' id='word_1_159' title='bbox 2042 1547 2307 1594; x_wconf 88' lang='lat' dir='ltr'><strong>humanam</strong></span> <span class='ocrx_word' id='word_1_160' title='bbox 2341 1546 2483 1593; x_wconf 88' lang='lat' dir='ltr'><strong>etiam</strong></span> 
     </span>
     <span class='ocr_line' id='line_1_16' title="bbox 359 1625 2484 1694; baseline 0.001 -23"><span class='ocrx_word' id='word_1_161' title='bbox 359 1625 530 1673; x_wconf 90' lang='lat' dir='ltr'><strong>Christi</strong></span> <span class='ocrx_word' id='word_1_162' title='bbox 553 1627 931 1690; x_wconf 86' lang='lat' dir='ltr'><strong>generationem,</strong></span> <span class='ocrx_word' id='word_1_163' title='bbox 954 1638 1005 1676; x_wconf 93' lang='lat' dir='ltr'><strong>ut</strong></span> <span class='ocrx_word' id='word_1_164' title='bbox 1024 1628 1207 1676; x_wconf 91' lang='lat' dir='ltr'><strong>dictum</strong></span> <span class='ocrx_word' id='word_1_165' title='bbox 1222 1640 1307 1689; x_wconf 92' lang='lat' dir='ltr'><strong>est,</strong></span> <span class='ocrx_word' id='word_1_166' title='bbox 1331 1630 1431 1694; x_wconf 90' lang='lat' dir='ltr'><strong>ipsa</strong></span> <span class='ocrx_word' id='word_1_167' title='bbox 1444 1629 1626 1677; x_wconf 84' lang='lat' dir='ltr'><strong>definit.</strong></span> <span class='ocrx_word' id='word_1_168' title='bbox 1651 1629 1794 1688; x_wconf 92' lang='lat' dir='ltr'><strong>Quod</strong></span> <span class='ocrx_word' id='word_1_169' title='bbox 1809 1646 1923 1694; x_wconf 90' lang='lat' dir='ltr'><strong>ergo</strong></span> <span class='ocrx_word' id='word_1_170' title='bbox 1937 1638 2193 1694; x_wconf 90' lang='lat' dir='ltr'><strong>supputata</strong></span> <span class='ocrx_word' id='word_1_171' title='bbox 2210 1626 2484 1692; x_wconf 87' lang='lat' dir='ltr'><strong>genealogia</strong></span> 
     </span>
     <span class='ocr_line' id='line_1_17' title="bbox 355 1696 2485 1775; baseline 0 -22"><span class='ocrx_word' id='word_1_172' title='bbox 355 1706 531 1772; x_wconf 90' lang='lat' dir='ltr'><strong>Joseph</strong></span> <span class='ocrx_word' id='word_1_173' title='bbox 548 1708 793 1756; x_wconf 86' lang='lat' dir='ltr'><strong>Matthaeus</strong></span> <span class='ocrx_word' id='word_1_174' title='bbox 805 1708 976 1773; x_wconf 89' lang='lat' dir='ltr'><strong>adjecit</strong></span> <span class='ocrx_word' id='word_1_175' title='bbox 989 1710 1002 1733; x_wconf 79' lang='lat'><strong>⁴</strong></span> <span class='ocrx_word' id='word_1_176' title='bbox 1016 1696 1035 1756; x_wconf 51' lang='lat'><strong>¹:</strong></span> <span class='ocrx_word' id='word_1_177' title='bbox 1061 1710 1272 1757; x_wconf 88' lang='lat' dir='ltr'><strong>«Christi</strong></span> <span class='ocrx_word' id='word_1_178' title='bbox 1291 1720 1451 1758; x_wconf 86' lang='lat' dir='ltr'><strong>autem</strong></span> <span class='ocrx_word' id='word_1_179' title='bbox 1465 1711 1706 1775; x_wconf 91' lang='lat' dir='ltr'><strong>generatio</strong></span> <span class='ocrx_word' id='word_1_180' title='bbox 1726 1711 1793 1758; x_wconf 82' lang='lat' dir='ltr'><strong>sic</strong></span> <span class='ocrx_word' id='word_1_181' title='bbox 1809 1720 1910 1758; x_wconf 88' lang='lat' dir='ltr'><strong>erat</strong></span> <span class='ocrx_word' id='word_1_182' title='bbox 1923 1747 1935 1771; x_wconf 89' lang='lat'><strong>,</strong></span> <span class='ocrx_word' id='word_1_183' title='bbox 1962 1729 1984 1755; x_wconf 90' lang='lat'>»</span> <span class='ocrx_word' id='word_1_184' title='bbox 2006 1726 2107 1757; x_wconf 92' lang='lat' dir='ltr'><strong>non</strong></span> <span class='ocrx_word' id='word_1_185' title='bbox 2127 1719 2224 1757; x_wconf 87' lang='lat' dir='ltr'><strong>tam</strong></span> <span class='ocrx_word' id='word_1_186' title='bbox 2243 1708 2304 1755; x_wconf 91' lang='lat' dir='ltr'><strong>ad</strong></span> <span class='ocrx_word' id='word_1_187' title='bbox 2313 1723 2485 1774; x_wconf 87' lang='lat' dir='ltr'><strong>praece-</strong></span> 
     </span>
     <span class='ocr_line' id='line_1_18' title="bbox 354 1785 2486 1856; baseline 0.001 -23"><span class='ocrx_word' id='word_1_188' title='bbox 354 1785 514 1835; x_wconf 88' lang='lat' dir='ltr'><strong>dentia</strong></span> <span class='ocrx_word' id='word_1_189' title='bbox 546 1799 758 1854; x_wconf 88' lang='lat' dir='ltr'><strong>spectare</strong></span> <span class='ocrx_word' id='word_1_190' title='bbox 784 1790 989 1850; x_wconf 87' lang='lat' dir='ltr'><strong>videtur,</strong></span> <span class='ocrx_word' id='word_1_191' title='bbox 1023 1807 1168 1855; x_wconf 88' lang='lat' dir='ltr'><strong>quam</strong></span> <span class='ocrx_word' id='word_1_192' title='bbox 1186 1790 1247 1838; x_wconf 91' lang='lat' dir='ltr'><strong>ad</strong></span> <span class='ocrx_word' id='word_1_193' title='bbox 1266 1792 1512 1856; x_wconf 90' lang='lat' dir='ltr'><strong>sequentia</strong></span> <span class='ocrx_word' id='word_1_194' title='bbox 1530 1791 1613 1839; x_wconf 89' lang='lat' dir='ltr'><strong>ubi</strong></span> <span class='ocrx_word' id='word_1_195' title='bbox 1630 1809 1743 1839; x_wconf 85' lang='lat' dir='ltr'><strong>mox</strong></span> <span class='ocrx_word' id='word_1_196' title='bbox 1769 1791 2082 1839; x_wconf 78' lang='lat' dir='ltr'><strong>subinfertur⁵</strong></span> <span class='ocrx_word' id='word_1_197' title='bbox 2105 1809 2114 1837; x_wconf 91' lang='lat'>:</span> <span class='ocrx_word' id='word_1_198' title='bbox 2143 1809 2167 1835; x_wconf 92' lang='lat'>«</span> <span class='ocrx_word' id='word_1_199' title='bbox 2186 1792 2347 1848; x_wconf 90' lang='lat' dir='ltr'><strong>Quum</strong></span> <span class='ocrx_word' id='word_1_200' title='bbox 2366 1799 2486 1836; x_wconf 88' lang='lat' dir='ltr'><strong>esset</strong></span> 
     </span>
     <span class='ocr_line' id='line_1_19' title="bbox 354 1866 2485 1938; baseline 0.001 -25"><span class='ocrx_word' id='word_1_201' title='bbox 354 1866 640 1932; x_wconf 89' lang='lat' dir='ltr'><strong>desponsata</strong></span> <span class='ocrx_word' id='word_1_202' title='bbox 664 1880 816 1918; x_wconf 88' lang='lat' dir='ltr'><strong>mater</strong></span> <span class='ocrx_word' id='word_1_203' title='bbox 834 1872 960 1935; x_wconf 89' lang='lat' dir='ltr'><strong>ejus,</strong></span> <span class='ocrx_word' id='word_1_204' title='bbox 989 1882 1078 1919; x_wconf 77' lang='lat' dir='ltr'><strong>etc,</strong></span> <span class='ocrx_word' id='word_1_205' title='bbox 1101 1891 1124 1916; x_wconf 90' lang='lat'>»</span> <span class='ocrx_word' id='word_1_206' title='bbox 1154 1876 1218 1919; x_wconf 90' lang='lat' dir='ltr'><strong>Ac</strong></span> <span class='ocrx_word' id='word_1_207' title='bbox 1243 1873 1281 1919; x_wconf 92' lang='lat' dir='ltr'><strong>si</strong></span> <span class='ocrx_word' id='word_1_208' title='bbox 1306 1882 1468 1938; x_wconf 88' lang='lat' dir='ltr'><strong>aperte</strong></span> <span class='ocrx_word' id='word_1_209' title='bbox 1499 1872 1738 1920; x_wconf 84' lang='lat' dir='ltr'><strong>diceretur</strong></span> <span class='ocrx_word' id='word_1_210' title='bbox 1762 1890 1771 1918; x_wconf 77' lang='grc' dir='ltr'>ε</span> <span class='ocrx_word' id='word_1_211' title='bbox 1798 1872 1918 1919; x_wconf 91' lang='lat' dir='ltr'><strong>Talis</strong></span> <span class='ocrx_word' id='word_1_212' title='bbox 1943 1882 2013 1919; x_wconf 92' lang='lat' dir='ltr'><strong>est</strong></span> <span class='ocrx_word' id='word_1_213' title='bbox 2038 1870 2278 1936; x_wconf 89' lang='lat' dir='ltr'><strong>generatio</strong></span> <span class='ocrx_word' id='word_1_214' title='bbox 2310 1868 2485 1934; x_wconf 90' lang='lat' dir='ltr'><strong>Joseph</strong></span> 
     </span>
     <span class='ocr_line' id='line_1_20' title="bbox 353 1949 2485 2019; baseline 0.001 -26"><span class='ocrx_word' id='word_1_215' title='bbox 353 1962 412 1993; x_wconf 83' lang='lat' dir='ltr'><strong>ex</strong></span> <span class='ocrx_word' id='word_1_216' title='bbox 437 1949 719 2013; x_wconf 89' lang='lat' dir='ltr'><strong>supradictis</strong></span> <span class='ocrx_word' id='word_1_217' title='bbox 743 1952 956 2016; x_wconf 88' lang='lat' dir='ltr'><strong>patribus</strong></span> <span class='ocrx_word' id='word_1_218' title='bbox 980 1970 1129 2018; x_wconf 90' lang='lat' dir='ltr'><strong>usque</strong></span> <span class='ocrx_word' id='word_1_219' title='bbox 1155 1953 1215 2000; x_wconf 92' lang='lat' dir='ltr'><strong>ad</strong></span> <span class='ocrx_word' id='word_1_220' title='bbox 1246 1954 1403 2019; x_wconf 90' lang='lat' dir='ltr'><strong>ipsum</strong></span> <span class='ocrx_word' id='word_1_221' title='bbox 1430 1953 1664 2014; x_wconf 87' lang='lat' dir='ltr'><strong>deducta,</strong></span> <span class='ocrx_word' id='word_1_222' title='bbox 1697 1953 1783 2000; x_wconf 91' lang='lat' dir='ltr'><strong>sed</strong></span> <span class='ocrx_word' id='word_1_223' title='bbox 1807 1953 2019 2000; x_wconf 87' lang='lat' dir='ltr'><strong>humana</strong></span> <span class='ocrx_word' id='word_1_224' title='bbox 2041 1952 2283 2017; x_wconf 88' lang='lat' dir='ltr'><strong>generatio</strong></span> <span class='ocrx_word' id='word_1_225' title='bbox 2316 1950 2485 1998; x_wconf 86' lang='lat' dir='ltr'><strong>Christi</strong></span> 
     </span>
     <span class='ocr_line' id='line_1_21' title="bbox 351 2031 2485 2099; baseline 0.001 -25"><span class='ocrx_word' id='word_1_226' title='bbox 351 2037 537 2091; x_wconf 89' lang='lat' dir='ltr'><strong>patrem</strong></span> <span class='ocrx_word' id='word_1_227' title='bbox 553 2031 770 2078; x_wconf 88' lang='lat' dir='ltr'><strong>nesciens</strong></span> <span class='ocrx_word' id='word_1_228' title='bbox 804 2048 860 2079; x_wconf 86' lang='lat' dir='ltr'><strong>ex</strong></span> <span class='ocrx_word' id='word_1_229' title='bbox 888 2032 988 2080; x_wconf 91' lang='lat' dir='ltr'><strong>sola</strong></span> <span class='ocrx_word' id='word_1_230' title='bbox 1007 2043 1076 2080; x_wconf 93' lang='lat' dir='ltr'><strong>est</strong></span> <span class='ocrx_word' id='word_1_231' title='bbox 1095 2033 1287 2098; x_wconf 89' lang='lat' dir='ltr'><strong>Virgine</strong></span> <span class='ocrx_word' id='word_1_232' title='bbox 1310 2050 1395 2099; x_wconf 89' lang='lat' dir='ltr'><strong>per</strong></span> <span class='ocrx_word' id='word_1_233' title='bbox 1421 2034 1749 2099; x_wconf 87' lang='lat' dir='ltr'><strong>operationem</strong></span> <span class='ocrx_word' id='word_1_234' title='bbox 1772 2033 1973 2098; x_wconf 84' lang='lat' dir='ltr'><strong>Spiritus</strong></span> <span class='ocrx_word' id='word_1_235' title='bbox 1993 2032 2142 2079; x_wconf 91' lang='lat' dir='ltr'><strong>sancti</strong></span> <span class='ocrx_word' id='word_1_236' title='bbox 2164 2031 2300 2079; x_wconf 90' lang='lat' dir='ltr'><strong>facta.</strong></span> <span class='ocrx_word' id='word_1_237' title='bbox 2331 2033 2485 2087; x_wconf 88' lang='lat' dir='ltr'><strong>Quam</strong></span> 
     </span>
     <span class='ocr_line' id='line_1_22' title="bbox 352 2108 2478 2180; baseline 0 -25"><span class='ocrx_word' id='word_1_238' title='bbox 352 2108 495 2156; x_wconf 86' lang='lat' dir='ltr'><strong>etiam</strong></span> <span class='ocrx_word' id='word_1_239' title='bbox 513 2110 878 2160; x_wconf 90' lang='lat' dir='ltr'><strong>absconsionem</strong></span> <span class='ocrx_word' id='word_1_240' title='bbox 903 2114 991 2179; x_wconf 92' lang='lat' dir='ltr'><strong>ipsi</strong></span> <span class='ocrx_word' id='word_1_241' title='bbox 1009 2113 1224 2162; x_wconf 87' lang='lat' dir='ltr'><strong>infideles</strong></span> <span class='ocrx_word' id='word_1_242' title='bbox 1236 2114 1384 2162; x_wconf 85' lang='lat' dir='ltr'><strong>Judaei</strong></span> <span class='ocrx_word' id='word_1_243' title='bbox 1403 2132 1459 2162; x_wconf 86' lang='lat' dir='ltr'><strong>ex</strong></span> <span class='ocrx_word' id='word_1_244' title='bbox 1475 2115 1713 2180; x_wconf 90' lang='lat' dir='ltr'><strong>promisso</strong></span> <span class='ocrx_word' id='word_1_245' title='bbox 1731 2114 1954 2162; x_wconf 82' lang='lat' dir='ltr'><strong>vaticinio</strong></span> <span class='ocrx_word' id='word_1_246' title='bbox 1971 2112 2249 2179; x_wconf 81' lang='lat' dir='ltr'><strong>profitentes</strong></span> <span class='ocrx_word' id='word_1_247' title='bbox 2268 2111 2452 2159; x_wconf 79' lang='lat' dir='ltr'><strong>dicunt⁶</strong></span> <span class='ocrx_word' id='word_1_248' title='bbox 2470 2129 2478 2155; x_wconf 90' lang='lat'>:</span> 
     </span>
     <span class='ocr_line' id='line_1_23' title="bbox 356 2189 2480 2260; baseline 0 -25"><span class='ocrx_word' id='word_1_249' title='bbox 356 2209 379 2235; x_wconf 73' lang='grc' dir='ltr'>α</span> <span class='ocrx_word' id='word_1_250' title='bbox 399 2189 493 2238; x_wconf 89' lang='lat' dir='ltr'><strong>Sed</strong></span> <span class='ocrx_word' id='word_1_251' title='bbox 508 2190 639 2239; x_wconf 92' lang='lat' dir='ltr'><strong>hunc</strong></span> <span class='ocrx_word' id='word_1_252' title='bbox 658 2194 833 2240; x_wconf 90' lang='lat' dir='ltr'><strong>scimus</strong></span> <span class='ocrx_word' id='word_1_253' title='bbox 851 2194 981 2243; x_wconf 91' lang='lat' dir='ltr'><strong>unde</strong></span> <span class='ocrx_word' id='word_1_254' title='bbox 1004 2195 1063 2242; x_wconf 89' lang='lat' dir='ltr'><strong>sit</strong></span> <span class='ocrx_word' id='word_1_255' title='bbox 1083 2213 1093 2240; x_wconf 77' lang='lat' dir='ltr'><em>z</em></span> <span class='ocrx_word' id='word_1_256' title='bbox 1124 2195 1339 2243; x_wconf 87' lang='lat' dir='ltr'><strong>Christus</strong></span> <span class='ocrx_word' id='word_1_257' title='bbox 1357 2206 1518 2243; x_wconf 88' lang='lat' dir='ltr'><strong>autem</strong></span> <span class='ocrx_word' id='word_1_258' title='bbox 1537 2212 1688 2260; x_wconf 90' lang='lat' dir='ltr'><strong>quum</strong></span> <span class='ocrx_word' id='word_1_259' title='bbox 1706 2195 1905 2255; x_wconf 88' lang='lat' dir='ltr'><strong>venerit,</strong></span> <span class='ocrx_word' id='word_1_260' title='bbox 1930 2210 2075 2241; x_wconf 90' lang='lat' dir='ltr'><strong>nemo</strong></span> <span class='ocrx_word' id='word_1_261' title='bbox 2100 2193 2184 2240; x_wconf 88' lang='lat' dir='ltr'><strong>scit</strong></span> <span class='ocrx_word' id='word_1_262' title='bbox 2211 2190 2339 2239; x_wconf 91' lang='lat' dir='ltr'><strong>unde</strong></span> <span class='ocrx_word' id='word_1_263' title='bbox 2363 2191 2437 2237; x_wconf 91' lang='lat' dir='ltr'><strong>sit.</strong></span> <span class='ocrx_word' id='word_1_264' title='bbox 2457 2210 2480 2234; x_wconf 71' lang='grc' dir='ltr'><strong>υ</strong></span> 
     </span>
     <span class='ocr_line' id='line_1_24' title="bbox 353 2271 2481 2335; baseline 0 -18"><span class='ocrx_word' id='word_1_265' title='bbox 353 2271 573 2335; x_wconf 89' lang='lat' dir='ltr'><strong>Legimus</strong></span> <span class='ocrx_word' id='word_1_266' title='bbox 597 2273 818 2322; x_wconf 91' lang='lat' dir='ltr'><strong>homines</strong></span> <span class='ocrx_word' id='word_1_267' title='bbox 857 2274 973 2322; x_wconf 89' lang='lat' dir='ltr'><strong>olim</strong></span> <span class='ocrx_word' id='word_1_268' title='bbox 1010 2275 1238 2323; x_wconf 87' lang='lat' dir='ltr'><strong>natalium</strong></span> <span class='ocrx_word' id='word_1_269' title='bbox 1277 2293 1476 2323; x_wconf 87' lang='lat' dir='ltr'><strong>suorum</strong></span> <span class='ocrx_word' id='word_1_270' title='bbox 1503 2276 1860 2324; x_wconf 88' lang='lat' dir='ltr'><strong>venerationem</strong></span> <span class='ocrx_word' id='word_1_271' title='bbox 1897 2273 2138 2322; x_wconf 86' lang='lat' dir='ltr'><strong>celebrare</strong></span> <span class='ocrx_word' id='word_1_272' title='bbox 2162 2271 2325 2319; x_wconf 91' lang='lat' dir='ltr'><strong>solitos</strong></span> <span class='ocrx_word' id='word_1_273' title='bbox 2354 2287 2481 2328; x_wconf 86' lang='lat' dir='ltr'><strong>esse,</strong></span> 
     </span>
     <span class='ocr_line' id='line_1_25' title="bbox 356 2350 2483 2420; baseline 0 -24"><span class='ocrx_word' id='word_1_274' title='bbox 356 2350 476 2398; x_wconf 82' lang='lat' dir='ltr'><strong>sicut</strong></span> <span class='ocrx_word' id='word_1_275' title='bbox 500 2362 547 2398; x_wconf 90' lang='lat' dir='ltr'><strong>et</strong></span> <span class='ocrx_word' id='word_1_276' title='bbox 577 2353 861 2416; x_wconf 87' lang='lat' dir='ltr'><strong>evangelista</strong></span> <span class='ocrx_word' id='word_1_277' title='bbox 886 2366 1233 2403; x_wconf 86' lang='lat' dir='ltr'><strong>commemorat</strong></span> <span class='ocrx_word' id='word_1_278' title='bbox 1259 2356 1319 2403; x_wconf 92' lang='lat' dir='ltr'><strong>de</strong></span> <span class='ocrx_word' id='word_1_279' title='bbox 1351 2356 1581 2404; x_wconf 83' lang='lat' dir='ltr'><strong>Herode⁷.</strong></span> <span class='ocrx_word' id='word_1_280' title='bbox 1613 2359 1886 2420; x_wconf 85' lang='lat' dir='ltr'><strong>Postquam·</strong></span> <span class='ocrx_word' id='word_1_281' title='bbox 1902 2370 2014 2402; x_wconf 89' lang='lat' dir='ltr'><strong>vero</strong></span> <span class='ocrx_word' id='word_1_282' title='bbox 2047 2363 2231 2400; x_wconf 89' lang='lat' dir='ltr'><strong>creator</strong></span> <span class='ocrx_word' id='word_1_283' title='bbox 2265 2352 2483 2398; x_wconf 89' lang='lat' dir='ltr'><strong>omnium</strong></span> 
     </span>
     <span class='ocr_line' id='line_1_26' title="bbox 355 2431 2484 2499; baseline 0.001 -23"><span class='ocrx_word' id='word_1_284' title='bbox 355 2439 534 2477; x_wconf 88' lang='lat' dir='ltr'><strong>tantam</strong></span> <span class='ocrx_word' id='word_1_285' title='bbox 549 2431 688 2479; x_wconf 89' lang='lat' dir='ltr'><strong>nobis</strong></span> <span class='ocrx_word' id='word_1_286' title='bbox 707 2432 920 2481; x_wconf 87' lang='lat' dir='ltr'><strong>exhibuit</strong></span> <span class='ocrx_word' id='word_1_287' title='bbox 939 2435 1134 2498; x_wconf 84' lang='lat' dir='ltr'><strong>gratiam</strong></span> <span class='ocrx_word' id='word_1_288' title='bbox 1147 2471 1159 2494; x_wconf 92' lang='lat'><strong>,</strong></span> <span class='ocrx_word' id='word_1_289' title='bbox 1182 2445 1234 2482; x_wconf 90' lang='lat' dir='ltr'><strong>ut</strong></span> <span class='ocrx_word' id='word_1_290' title='bbox 1252 2435 1495 2483; x_wconf 87' lang='lat' dir='ltr'><strong>nascendo</strong></span> <span class='ocrx_word' id='word_1_291' title='bbox 1514 2435 1575 2482; x_wconf 93' lang='lat' dir='ltr'><strong>de</strong></span> <span class='ocrx_word' id='word_1_292' title='bbox 1590 2435 1783 2499; x_wconf 88' lang='lat' dir='ltr'><strong>Virgine</strong></span> <span class='ocrx_word' id='word_1_293' title='bbox 1800 2444 2012 2481; x_wconf 90' lang='lat' dir='ltr'><strong>nostram</strong></span> <span class='ocrx_word' id='word_1_294' title='bbox 2032 2449 2175 2497; x_wconf 90' lang='lat' dir='ltr'><strong>super</strong></span> <span class='ocrx_word' id='word_1_295' title='bbox 2195 2431 2396 2496; x_wconf 89' lang='lat' dir='ltr'><strong>Angelos</strong></span> <span class='ocrx_word' id='word_1_296' title='bbox 2409 2448 2484 2478; x_wconf 89' lang='lat' dir='ltr'><strong>su-</strong></span> 
     </span>
     <span class='ocr_line' id='line_1_27' title="bbox 352 2508 2479 2573; baseline 0.002 -18"><span class='ocrx_word' id='word_1_297' title='bbox 352 2508 572 2558; x_wconf 87' lang='lat' dir='ltr'><strong>blimaret</strong></span> <span class='ocrx_word' id='word_1_298' title='bbox 597 2522 842 2573; x_wconf 80' lang='lat' dir='ltr'><strong>naturam3</strong></span> <span class='ocrx_word' id='word_1_299' title='bbox 869 2515 1026 2561; x_wconf 90' lang='lat' dir='ltr'><strong>statim</strong></span> <span class='ocrx_word' id='word_1_300' title='bbox 1045 2524 1194 2562; x_wconf 90' lang='lat' dir='ltr'><strong>totam</strong></span> <span class='ocrx_word' id='word_1_301' title='bbox 1218 2514 1343 2562; x_wconf 85' lang='lat' dir='ltr'><strong>hanc</strong></span> <span class='ocrx_word' id='word_1_302' title='bbox 1367 2515 1597 2562; x_wconf 88' lang='lat' dir='ltr'><strong>natalium</strong></span> <span class='ocrx_word' id='word_1_303' title='bbox 1623 2525 1899 2561; x_wconf 87' lang='lat' dir='ltr'><strong>nostrorum</strong></span> <span class='ocrx_word' id='word_1_304' title='bbox 1917 2512 2181 2560; x_wconf 89' lang='lat' dir='ltr'><strong>deferentes</strong></span> <span class='ocrx_word' id='word_1_305' title='bbox 2198 2513 2479 2571; x_wconf 89' lang='lat' dir='ltr'><strong>vanitatem,</strong></span> 
     </span>
     <span class='ocr_line' id='line_1_28' title="bbox 350 2589 2483 2658; baseline 0.001 -21"><span class='ocrx_word' id='word_1_306' title='bbox 350 2589 412 2637; x_wconf 87' lang='lat' dir='ltr'><strong>ad</strong></span> <span class='ocrx_word' id='word_1_307' title='bbox 433 2591 533 2654; x_wconf 89' lang='lat' dir='ltr'><strong>ejus</strong></span> <span class='ocrx_word' id='word_1_308' title='bbox 558 2593 819 2640; x_wconf 88' lang='lat' dir='ltr'><strong>Nativitatis</strong></span> <span class='ocrx_word' id='word_1_309' title='bbox 839 2596 1167 2642; x_wconf 85' lang='lat' dir='ltr'><strong>convertimur</strong></span> <span class='ocrx_word' id='word_1_310' title='bbox 1194 2594 1591 2656; x_wconf 86' lang='lat' dir='ltr'><strong>celebrationem,</strong></span> <span class='ocrx_word' id='word_1_311' title='bbox 1617 2611 1716 2642; x_wconf 90' lang='lat' dir='ltr'><strong>non</strong></span> <span class='ocrx_word' id='word_1_312' title='bbox 1733 2595 1832 2658; x_wconf 91' lang='lat' dir='ltr'><strong>jam</strong></span> <span class='ocrx_word' id='word_1_313' title='bbox 1859 2593 2157 2641; x_wconf 89' lang='lat' dir='ltr'><strong>attendentes</strong></span> <span class='ocrx_word' id='word_1_314' title='bbox 2183 2592 2379 2657; x_wconf 90' lang='lat' dir='ltr'><strong>quando</strong></span> <span class='ocrx_word' id='word_1_315' title='bbox 2404 2592 2483 2639; x_wconf 88' lang='lat' dir='ltr'><strong>hic</strong></span> 
     </span>
     <span class='ocr_line' id='line_1_29' title="bbox 349 2672 2478 2740; baseline 0 -23"><span class='ocrx_word' id='word_1_316' title='bbox 349 2686 619 2731; x_wconf 88' lang='lat' dir='ltr'><strong>nascamur,</strong></span> <span class='ocrx_word' id='word_1_317' title='bbox 643 2673 725 2720; x_wconf 89' lang='lat' dir='ltr'><strong>sed</strong></span> <span class='ocrx_word' id='word_1_318' title='bbox 743 2674 993 2738; x_wconf 91' lang='lat' dir='ltr'><strong>quomodo</strong></span> <span class='ocrx_word' id='word_1_319' title='bbox 1018 2691 1106 2740; x_wconf 90' lang='lat' dir='ltr'><strong>per</strong></span> <span class='ocrx_word' id='word_1_320' title='bbox 1122 2675 1278 2740; x_wconf 90' lang='lat' dir='ltr'><strong>ipsum</strong></span> <span class='ocrx_word' id='word_1_321' title='bbox 1304 2675 1427 2722; x_wconf 91' lang='lat' dir='ltr'><strong>coelo</strong></span> <span class='ocrx_word' id='word_1_322' title='bbox 1454 2692 1774 2723; x_wconf 87' lang='lat' dir='ltr'><strong>renascamur.</strong></span> <span class='ocrx_word' id='word_1_323' title='bbox 1805 2674 1891 2721; x_wconf 91' lang='lat' dir='ltr'><strong>Cui</strong></span> <span class='ocrx_word' id='word_1_324' title='bbox 1915 2683 1986 2721; x_wconf 89' lang='lat' dir='ltr'><strong>est</strong></span> <span class='ocrx_word' id='word_1_325' title='bbox 2010 2689 2121 2720; x_wconf 88' lang='lat' dir='ltr'><strong>cum</strong></span> <span class='ocrx_word' id='word_1_326' title='bbox 2146 2675 2282 2720; x_wconf 92' lang='lat' dir='ltr'><strong>Patre</strong></span> <span class='ocrx_word' id='word_1_327' title='bbox 2301 2682 2348 2719; x_wconf 88' lang='lat' dir='ltr'><strong>et</strong></span> <span class='ocrx_word' id='word_1_328' title='bbox 2377 2672 2478 2738; x_wconf 90' lang='lat' dir='ltr'><strong>Spi-</strong></span> 
     </span>
     <span class='ocr_line' id='line_1_30' title="bbox 351 2752 2478 2822; baseline 0.001 -25"><span class='ocrx_word' id='word_1_329' title='bbox 351 2752 443 2798; x_wconf 86' lang='lat' dir='ltr'><strong>ritu</strong></span> <span class='ocrx_word' id='word_1_330' title='bbox 482 2763 646 2801; x_wconf 90' lang='lat' dir='ltr'><strong>sancto</strong></span> <span class='ocrx_word' id='word_1_331' title='bbox 679 2771 775 2801; x_wconf 89' lang='lat' dir='ltr'><strong>una</strong></span> <span class='ocrx_word' id='word_1_332' title='bbox 812 2755 1043 2815; x_wconf 89' lang='lat' dir='ltr'><strong>essentia,</strong></span> <span class='ocrx_word' id='word_1_333' title='bbox 1080 2755 1249 2803; x_wconf 90' lang='lat' dir='ltr'><strong>eadem</strong></span> <span class='ocrx_word' id='word_1_334' title='bbox 1286 2756 1533 2820; x_wconf 91' lang='lat' dir='ltr'><strong>majestas,</strong></span> <span class='ocrx_word' id='word_1_335' title='bbox 1566 2766 1613 2803; x_wconf 93' lang='lat' dir='ltr'><strong>et</strong></span> <span class='ocrx_word' id='word_1_336' title='bbox 1641 2754 1965 2822; x_wconf 88' lang='lat' dir='ltr'><strong>inseparabilis</strong></span> <span class='ocrx_word' id='word_1_337' title='bbox 1990 2753 2138 2820; x_wconf 86' lang='lat' dir='ltr'><strong>gloria</strong></span> <span class='ocrx_word' id='word_1_338' title='bbox 2174 2770 2261 2818; x_wconf 93' lang='lat' dir='ltr'><strong>per</strong></span> <span class='ocrx_word' id='word_1_339' title='bbox 2295 2752 2478 2800; x_wconf 88' lang='lat' dir='ltr'><strong>infinita</strong></span> 
     </span>
     <span class='ocr_line' id='line_1_31' title="bbox 345 2832 1044 2883; baseline 0.007 -5"><span class='ocrx_word' id='word_1_340' title='bbox 345 2832 629 2880; x_wconf 84' lang='lat' dir='ltr'><strong>saeculorum</strong></span> <span class='ocrx_word' id='word_1_341' title='bbox 656 2834 842 2882; x_wconf 80' lang='lat' dir='ltr'><strong>saecula.</strong></span> <span class='ocrx_word' id='word_1_342' title='bbox 878 2838 1044 2883; x_wconf 88' lang='lat' dir='ltr'><strong>Amen.</strong></span> 
     </span>
    </p>
   </div>
   <div class='ocr_carea' id='block_1_3' title="bbox 344 2964 2477 3184">
    <p class='ocr_par' dir='ltr' id='par_1_3' title="bbox 344 2964 2477 3184">
     <span class='ocr_line' id='line_1_32' title="bbox 395 2964 2476 3014; baseline 0.001 -17"><span class='ocrx_word' id='word_1_343' title='bbox 395 2964 404 2980; x_wconf 74' lang='lat'><strong><em>⁴</em></strong></span> <span class='ocrx_word' id='word_1_344' title='bbox 433 2964 578 3006; x_wconf 84' lang='lat' dir='ltr'><strong>Denique</strong></span> <span class='ocrx_word' id='word_1_345' title='bbox 594 2977 653 2999; x_wconf 86' lang='lat' dir='ltr'><strong>nec</strong></span> <span class='ocrx_word' id='word_1_346' title='bbox 671 2970 772 3009; x_wconf 75' lang='lat' dir='ltr'><strong>ipsam</strong></span> <span class='ocrx_word' id='word_1_347' title='bbox 790 2978 892 3014; x_wconf 82' lang='lat' dir='ltr'><strong>usque</strong></span> <span class='ocrx_word' id='word_1_348' title='bbox 908 2979 1004 3010; x_wconf 82' lang='lat' dir='ltr'><strong>quam</strong></span> <span class='ocrx_word' id='word_1_349' title='bbox 1029 2973 1124 3003; x_wconf 80' lang='lat' dir='ltr'><strong>etiam</strong></span> <span class='ocrx_word' id='word_1_350' title='bbox 1149 2971 1388 3003; x_wconf 75' lang='lat' dir='ltr'><strong>absconsionem</strong></span> <span class='ocrx_word' id='word_1_351' title='bbox 1441 2971 1454 2989; x_wconf 79' lang='lat'>⁵</span> <span class='ocrx_word' id='word_1_352' title='bbox 1472 2972 1587 3010; x_wconf 74' lang='lat' dir='ltr'><strong>Helm,</strong></span> <span class='ocrx_word' id='word_1_353' title='bbox 1613 2981 1686 3014; x_wconf 86' lang='lat' dir='ltr'><strong>cap.</strong></span> <span class='ocrx_word' id='word_1_354' title='bbox 1708 2981 1750 3004; x_wconf 84' lang='lat' dir='ltr'><strong>vu</strong></span> <span class='ocrx_word' id='word_1_355' title='bbox 1764 2995 1773 3010; x_wconf 95' lang='lat'><strong>,</strong></span> <span class='ocrx_word' id='word_1_356' title='bbox 1802 2981 1834 3003; x_wconf 88' lang='lat' dir='ltr'><strong>v.</strong></span> <span class='ocrx_word' id='word_1_357' title='bbox 1859 2972 1892 3003; x_wconf 86' lang='grc'><strong>3.</strong></span> <span class='ocrx_word' id='word_1_358' title='bbox 1907 2986 1950 2993; x_wconf 94' lang='lat'>-</span> <span class='ocrx_word' id='word_1_359' title='bbox 1970 2967 1982 2985; x_wconf 82' lang='lat'><strong>⁴</strong></span> <span class='ocrx_word' id='word_1_360' title='bbox 2000 2967 2130 3009; x_wconf 63' lang='lat' dir='ltr'><strong>Matth„</strong></span> <span class='ocrx_word' id='word_1_361' title='bbox 2152 2977 2226 3011; x_wconf 80' lang='lat' dir='ltr'><strong>cap.</strong></span> <span class='ocrx_word' id='word_1_362' title='bbox 2253 2978 2285 3010; x_wconf 87' lang='lat'><strong>1,</strong></span> <span class='ocrx_word' id='word_1_363' title='bbox 2306 2978 2336 2999; x_wconf 92' lang='lat' dir='ltr'><strong>v.</strong></span> <span class='ocrx_word' id='word_1_364' title='bbox 2362 2968 2412 3000; x_wconf 84' lang='lat'><strong>18.</strong></span> <span class='ocrx_word' id='word_1_365' title='bbox 2437 2984 2476 2990; x_wconf 83' lang='lat'><strong>—-·</strong></span> 
     </span>
     <span class='ocr_line' id='line_1_33' title="bbox 346 3020 2477 3071; baseline 0.005 -18"><span class='ocrx_word' id='word_1_366' title='bbox 346 3020 468 3054; x_wconf 74' lang='lat' dir='ltr'><strong>desunt</strong></span> <span class='ocrx_word' id='word_1_367' title='bbox 484 3022 516 3055; x_wconf 83' lang='lat' dir='ltr'><strong>in</strong></span> <span class='ocrx_word' id='word_1_368' title='bbox 532 3022 615 3055; x_wconf 91' lang='lat' dir='ltr'><strong>Cod.</strong></span> <span class='ocrx_word' id='word_1_369' title='bbox 638 3024 743 3065; x_wconf 83' lang='lat' dir='ltr'><strong>Eins.;</strong></span> <span class='ocrx_word' id='word_1_370' title='bbox 759 3025 818 3058; x_wconf 80' lang='lat' dir='ltr'><strong>sed</strong></span> <span class='ocrx_word' id='word_1_371' title='bbox 834 3035 946 3059; x_wconf 83' lang='lat' dir='ltr'><strong>eorum</strong></span> <span class='ocrx_word' id='word_1_372' title='bbox 967 3026 1040 3059; x_wconf 85' lang='lat' dir='ltr'><strong>loco</strong></span> <span class='ocrx_word' id='word_1_373' title='bbox 1063 3026 1216 3070; x_wconf 75' lang='lat' dir='ltr'><strong>leguntur</strong></span> <span class='ocrx_word' id='word_1_374' title='bbox 1239 3027 1298 3060; x_wconf 76' lang='lat' dir='ltr'><strong>ista</strong></span> <span class='ocrx_word' id='word_1_375' title='bbox 1318 3038 1389 3071; x_wconf 83' lang='lat' dir='ltr'><strong>quae</strong></span> <span class='ocrx_word' id='word_1_376' title='bbox 1442 3028 1455 3045; x_wconf 77' lang='lat'>⁵</span> <span class='ocrx_word' id='word_1_377' title='bbox 1474 3028 1559 3062; x_wconf 87' lang='lat' dir='ltr'><strong>lbid.</strong></span> <span class='ocrx_word' id='word_1_378' title='bbox 1574 3046 1616 3053; x_wconf 91' lang='lat'>-</span> <span class='ocrx_word' id='word_1_379' title='bbox 1633 3028 1646 3045; x_wconf 85' lang='lat'>⁶</span> <span class='ocrx_word' id='word_1_380' title='bbox 1664 3028 1774 3068; x_wconf 64' lang='lat' dir='ltr'><strong>Joan„</strong></span> <span class='ocrx_word' id='word_1_381' title='bbox 1800 3037 1875 3071; x_wconf 82' lang='lat' dir='ltr'><strong>cap.</strong></span> <span class='ocrx_word' id='word_1_382' title='bbox 1902 3037 1963 3065; x_wconf 79' lang='lat' dir='ltr'><strong>vn,</strong></span> <span class='ocrx_word' id='word_1_383' title='bbox 1981 3036 2011 3057; x_wconf 85' lang='lat' dir='ltr'><strong>v.</strong></span> <span class='ocrx_word' id='word_1_384' title='bbox 2034 3027 2089 3059; x_wconf 77' lang='lat'><strong>27.</strong></span> <span class='ocrx_word' id='word_1_385' title='bbox 2106 3044 2146 3051; x_wconf 80' lang='lat'><strong>——</strong></span> <span class='ocrx_word' id='word_1_386' title='bbox 2161 3024 2172 3042; x_wconf 73' lang='lat'>²</span> <span class='ocrx_word' id='word_1_387' title='bbox 2187 3025 2302 3066; x_wconf 65' lang='lat' dir='ltr'><strong>Marc„</strong></span> <span class='ocrx_word' id='word_1_388' title='bbox 2328 3035 2400 3069; x_wconf 81' lang='lat' dir='ltr'><strong>cap.</strong></span> <span class='ocrx_word' id='word_1_389' title='bbox 2428 3035 2457 3058; x_wconf 68' lang='grc' dir='ltr'><strong><em>Ἡ</em></strong></span> <span class='ocrx_word' id='word_1_390' title='bbox 2470 3050 2477 3063; x_wconf 78' lang='grc'><em>,</em></span> 
     </span>
     <span class='ocr_line' id='line_1_34' title="bbox 344 3079 1549 3125; baseline 0.007 -15"><span class='ocrx_word' id='word_1_391' title='bbox 344 3088 447 3122; x_wconf 76' lang='lat' dir='ltr'><strong>supra</strong></span> <span class='ocrx_word' id='word_1_392' title='bbox 461 3079 629 3113; x_wconf 79' lang='lat' dir='ltr'><strong>retulimus</strong></span> <span class='ocrx_word' id='word_1_393' title='bbox 644 3091 683 3114; x_wconf 88' lang='lat' dir='ltr'><strong>ex</strong></span> <span class='ocrx_word' id='word_1_394' title='bbox 697 3081 775 3115; x_wconf 83' lang='lat' dir='ltr'><strong>edit.</strong></span> <span class='ocrx_word' id='word_1_395' title='bbox 788 3081 884 3116; x_wconf 79' lang='lat' dir='ltr'><strong>Amb.</strong></span> <span class='ocrx_word' id='word_1_396' title='bbox 902 3092 909 3111; x_wconf 89' lang='lat'>=</span> <span class='ocrx_word' id='word_1_397' title='bbox 928 3084 1032 3125; x_wconf 77' lang='lat' dir='ltr'><strong>Hujus</strong></span> <span class='ocrx_word' id='word_1_398' title='bbox 1047 3085 1172 3125; x_wconf 77' lang='lat' dir='ltr'><strong>quidem</strong></span> <span class='ocrx_word' id='word_1_399' title='bbox 1184 3093 1261 3116; x_wconf 85' lang='lat' dir='ltr'><strong>caro</strong></span> <span class='ocrx_word' id='word_1_400' title='bbox 1274 3098 1282 3116; x_wconf 85' lang='lat'><strong>.·</strong></span> <span class='ocrx_word' id='word_1_401' title='bbox 1296 3086 1393 3117; x_wconf 75' lang='lat' dir='ltr'><strong>stilli-</strong></span> <span class='ocrx_word' id='word_1_402' title='bbox 1442 3097 1474 3120; x_wconf 93' lang='lat' dir='ltr'><strong>v.</strong></span> <span class='ocrx_word' id='word_1_403' title='bbox 1493 3088 1549 3119; x_wconf 82' lang='lat'><strong>21.</strong></span> 
     </span>
     <span class='ocr_line' id='line_1_35' title="bbox 347 3136 1433 3184; baseline 0.007 -18"><span class='ocrx_word' id='word_1_404' title='bbox 347 3136 434 3168; x_wconf 76' lang='lat' dir='ltr'><strong>cidia</strong></span> <span class='ocrx_word' id='word_1_405' title='bbox 458 3142 563 3169; x_wconf 81' lang='lat' dir='ltr'><strong>amem</strong></span> <span class='ocrx_word' id='word_1_406' title='bbox 575 3139 695 3179; x_wconf 82' lang='lat' dir='ltr'><strong>pluviae</strong></span> <span class='ocrx_word' id='word_1_407' title='bbox 714 3145 846 3173; x_wconf 84' lang='lat' dir='ltr'><strong>terram.</strong></span> <span class='ocrx_word' id='word_1_408' title='bbox 863 3156 906 3166; x_wconf 87' lang='lat'>—</span> <span class='ocrx_word' id='word_1_409' title='bbox 924 3138 936 3156; x_wconf 79' lang='lat'>²</span> <span class='ocrx_word' id='word_1_410' title='bbox 956 3139 1046 3173; x_wconf 81' lang='lat' dir='ltr'><strong>lsaiae</strong></span> <span class='ocrx_word' id='word_1_411' title='bbox 1065 3150 1139 3184; x_wconf 84' lang='lat' dir='ltr'><strong>cap.</strong></span> <span class='ocrx_word' id='word_1_412' title='bbox 1157 3151 1231 3182; x_wconf 76' lang='lat' dir='ltr'><strong>un,</strong></span> <span class='ocrx_word' id='word_1_413' title='bbox 1247 3148 1282 3174; x_wconf 76' lang='lat' dir='ltr'><strong>V.</strong></span> <span class='ocrx_word' id='word_1_414' title='bbox 1301 3142 1334 3173; x_wconf 89' lang='grc'><strong>8.</strong></span> <span class='ocrx_word' id='word_1_415' title='bbox 1353 3158 1392 3165; x_wconf 92' lang='grc'><strong>-</strong></span> <span class='ocrx_word' id='word_1_416' title='bbox 1428 3152 1433 3155; x_wconf 55' lang='grc'>“</span> 
     </span>
    </p>
   </div>
  </div>
 </body>
</html>
