2970 4152
490 428 582 475 276
1181 429 1479 477 HELOlSSAE
1512 432 1905 480 PROBLEMATA

1195 580 1437 612 PROBLEMA
1470 583 1690 634 HELOISng
1725 582 1888 613 xxvm.

554 673 615 717 Ex
641 672 837 736 epistola
868 673 1021 737 prima
1047 673 1177 720 Pauli
1207 674 1274 720 ad
1304 648 1754 722 Thessaloni'censes¹
1776 693 1785 721 :
1810 695 1832 719 «
1861 677 1967 738 lpse
1991 683 2150 720 autem
2175 676 2302 720 Deus
2326 675 2454 738 pacis
2479 691 2593 722 san-

485 750 656 797 ctificat
675 768 760 798 vos
778 769 863 817 per
876 754 1055 812 omnia,
1086 764 1138 801 ut
1152 755 1333 818 integer
1348 756 1538 820 spiritus
1556 765 1726 813 vester,
1750 765 1796 802 et
1820 755 1995 813 anima,
2016 764 2062 801 et
2081 770 2257 818 corpus
2274 754 2376 801 sine
2398 755 2589 818 querela

484 831 531 875 in
557 831 763 878 adventu
791 833 984 880 Domini
1003 834 1152 881 nostri
1169 837 1277 881 ,lesu
1295 834 1466 881 Christi
1485 845 1710 882 servetur.
1736 853 1759 878 »
1789 833 1913 891 Quid
1935 844 2004 880 est
2022 834 2212 897 spiritus
2230 843 2277 880 et
2294 834 2474 891 anima,
2495 844 2594 880 tan*

482 926 626 971 quam
643 911 801 958 anima
821 928 919 958 non
940 913 994 970 sit
1013 914 1224 977 spiritus,
1243 925 1324 960 aut
1339 913 1437 960 duo
1461 914 1649 977 spiritus
1668 914 1761 959 sint
1780 913 1826 959 in
1853 929 1949 959 uno
1965 916 1980 938 ²
1993 913 2190 959 homine
2205 912 2224 957 ἓ

1303 1038 1480 1085 Salutio
1510 1038 1767 1085 Abaelardi.

547 1152 769 1215 Spiritum
789 1170 881 1217 pro
899 1153 1103 1212 ratione,
1124 1153 1219 1200 hoc
1238 1163 1307 1200 est
1324 1153 1468 1199 animi
1483 1153 1768 1200 discretione
1784 1151 1878 1198 hoc
1896 1151 2004 1198 loco
2024 1151 2160 1216 ponit
2177 1151 2428 1222 Apostolus
2442 1188 2454 1211 ,
2474 1153 2593 1200 sicut

481 1240 525 1276 et
546 1230 634 1277 ibi³
661 1251 684 1275 «
705 1233 893 1296 spiritus
918 1232 1143 1280 adversus
1162 1250 1371 1280 carnem.
1401 1252 1423 1276 »
1444 1233 1552 1279 Tale
1571 1243 1640 1279 est
1659 1249 1794 1296 ergo,
1817 1233 1997 1295 integer
2020 1233 2077 1278 sit
2101 1232 2291 1296 spiritus
2307 1241 2476 1291 vester,
2499 1232 2598 1278 hoc

480 1320 578 1369 est,
609 1312 728 1358 ratio
753 1312 817 1359 ita
836 1312 1041 1375 perfecta
1066 1312 1139 1360 vel
1165 1314 1463 1376 incorrupta,
1496 1322 1548 1359 ut
1571 1313 1620 1358 in
1653 1311 1785 1358 nullo
1814 1328 1899 1376 per
1925 1327 2135 1358 errorem
2161 1310 2393 1358 exorbitet
2411 1327 2438 1357 a
2463 1312 2592 1358 veri-

478 1392 611 1437 tate'·.
643 1381 858 1438 Animam
888 1408 1002 1438 vero
1028 1392 1141 1438 dicit
1172 1391 1488 1449 voluntatem,
1526 1392 1657 1454 juxta
1685 1390 1828 1437 illud⁵
1846 1411 1857 1436 :
1878 1411 1900 1435 «
1936 1391 2028 1447 Qui
2056 1400 2183 1437 amat
2212 1391 2424 1436 animam.
2457 1406 2592 1437 suam

477 1470 644 1533 perdet
669 1487 790 1519 eam.
817 1490 840 1516 »
862 1474 964 1517 Hoc
983 1482 1080 1531 est,
1110 1472 1346 1535 quisnam
1365 1471 1444 1517 hic
1462 1471 1758 1517 voluntatem
1783 1471 2012 1533 sequitur,
2047 1469 2358 1533 postmodum
2374 1485 2471 1516 sua
2502 1486 2594 1516 vo-

476 1550 655 1598 luntate
674 1542 965 1615 privabitur:
997 1561 1046 1598 ut
1066 1552 1147 1614 qui
1166 1550 1244 1596 hic
1264 1550 1558 1596 voluntatem
1584 1566 1718 1595 suam
1749 1549 2036 1613 impleverit,
2059 1548 2192 1612 quod
2220 1548 2423 1595 voluerit
2447 1549 2495 1595 in
2525 1549 2594 1596 fu·

476 1639 583 1675 turo
608 1646 706 1676 non
732 1630 919 1676 habeat.
951 1632 1117 1676 Anima
1148 1631 1308 1693 itaque
1343 1640 1531 1687 nostra,
1567 1629 1614 1674 id
1643 1638 1712 1674 est
1741 1627 1983 1687 voluntas,
2014 1628 2195 1690 integra
2220 1637 2317 1686 est,
2346 1627 2542 1691 quando
2566 1645 2592 1675 a

474 1708 633 1755 divina
658 1725 755 1756 non
783 1709 1034 1774 discrepat.
1056 1713 1239 1774 Corpus
1251 1725 1443 1773 quoque
1467 1709 1705 1772 integrum
1718 1717 1947 1765 servatur,
1971 1723 2120 1771 quum
2134 1707 2407 1754 exercitium
2424 1695 2609 1772 corpo-¹

474 1790 641 1836 ralium
668 1807 893 1838 sensuum
921 1807 1019 1837 non
1052 1790 1373 1855 corrumpitur
1408 1789 1639 1836 illecebris
1668 1787 1960 1846 carnalibus,
1997 1779 2087 1834 nec
2113 1787 2280 1834 oculus
2306 1797 2467 1854 noster
2493 1789 2592 1834 ani-

478 1887 604 1916 mam
623 1881 835 1918 nostram
852 1870 1167 1935 depraedatur,
1191 1854 1385 1934 ‹ineq‘ue
1402 1886 1532 1916 mors
1551 1870 1689 1916 intrat
1700 1885 1786 1933 per
1801 1868 2026 1916 fenestras
2045 1868 2267 1914 nostras⁶.
2291 1886 2313 1911 »
2329 1870 2384 1914 ln
2395 1867 2593 1915 hisvero

474 1950 623 1997 tribus
644 1968 731 2015 per
748 1952 910 1998 omnia
927 1950 1262 2010 sanctificatur,
1285 1967 1435 2014 quum
1453 1966 1543 1996 nec
1562 1950 1614 1996 in·
1636 1949 1921 1995 discretione
1944 1948 2161 2007 rationis,
2181 1964 2269 1994 nec
2293 1948 2340 1994 in
2367 1958 2590 1995 exaestua·

476 2031 603 2076 tione
627 2041 798 2077 nostiae
812 2030 1091 2089 voluntatis,
1114 2047 1204 2077 nec
1223 2030 1272 2077 in
1293 2029 1610 2076 oblectatione
1633 2045 1858 2076 sensuum
1884 2027 2179 2086 excedimus,
2205 2038 2257 2074 ut
2281 2043 2392 2074 caro
2409 2028 2591 2091 spiritui

477 2110 763 2156 dominetur.
794 2110 870 2156 Sic
889 2120 1003 2156 tunc
1021 2110 1234 2175 profecto
1255 2110 1356 2156 sine
1374 2108 1589 2173 querela,
1611 2108 1706 2155 hoc
1729 2119 1822 2166 est,
1844 2108 1944 2154 sine
1961 2107 2330 2172 reprehensione
2348 2123 2596 2154 servamur

478 2206 625 2253 usque
651 2190 697 2235 in
725 2190 982 2237 adventum
1015 2190 1207 2236 Domini
1231 2208 1240 2235 :
1269 2206 1419 2254 quum
1445 2189 1558 2236 tales
1582 2205 1938 2254 perseveramus
1969 2204 2117 2252 usque
2141 2187 2201 2233 ad
2228 2197 2490 2234 extremum
2515 2188 2591 2250 ju-

479 2269 680 2329 dicium,
705 2270 781 2317 vel
804 2270 918 2317 tales
945 2280 1058 2316 tunc
1083 2270 1281 2316 inveniri
1304 2285 1558 2316 meremur.

1201 2408 1443 2439 PROBLEMA
1477 2407 1698 2438 HELOISSAE
1734 2407 1865 2437 XXIX.

542 2502 667 2560 Quid
686 2512 753 2549 est
773 2501 891 2549 illud
906 2501 968 2548 ad
988 2502 1239 2566 Ephesios⁷
1259 2519 1268 2546 :
1297 2521 1319 2544 «
1420 2512 1471 2547 ut
1490 2502 1677 2566 possitis
1696 2498 2106 2564 comprehendere
2122 2514 2232 2544 cum
2246 2498 2470 2545 omnibus
2488 2515 2594 2546 san-

476 2584 578 2640 ctis,
607 2583 782 2646 quaesit
799 2581 1017 2640 latitudo,
1040 2580 1308 2645 longitudo,
1337 2580 1616 2640 sublimitas,
1640 2590 1687 2627 et
1697 2578 2019 2644 profundum,
2043 2579 2161 2624 scire
2177 2579 2318 2624 etiam
2331 2580 2592 2643 superemi-

476 2672 668 2708 nentem
693 2662 896 2709 scientiae
918 2661 1159 2708 caritatem
1184 2660 1381 2720 Christi,
1412 2670 1463 2707 ut
1480 2658 1774 2725 impleamini
1790 2660 1839 2706 in
1858 2675 2051 2705 omnem
2070 2657 2415 2723 plenitudinem
2432 2658 2547 2705 Dei?
2564 2678 2586 2702 υ

1290 2785 1469 2831 Solutio
1502 2783 1759 2830 Aboelardi.

546 2915 567 2940 «
586 2896 775 2942 Possitis
794 2893 1227 2960 comprehendere,
1260 2913 1282 2937 »
1305 2894 1399 2940 hoc
1424 2903 1519 2952 est,
1549 2895 1597 2939 in
1622 2892 1858 2939 vobismet
1877 2892 1989 2958 ipsis
2011 2892 2235 2956 experiri,
2259 2901 2435 2954 quanta
2454 2891 2512 2937 sit
2529 2890 2592 2937 la-

479 2976 629 3021 titudo
646 2976 889 3039 ipsorum,
917 2971 1093 3021 scilicet
1117 2984 1415 3032 sanctorum,
1442 2974 1489 3019 in
1510 2973 1728 3029 caritate,
1751 2989 1836 3036 per
1861 2988 2005 3035 quam
2031 2988 2080 3018 se
2107 2987 2258 3034 usque
2288 2970 2348 3016 ad
2373 2970 2589 3017 inimicos

478 3056 615 3100 etiam
642 3055 855 3102 dilatant.
877 3074 900 3099 ι(
915 3054 1201 3118 Lougitudo,
1225 3073 1247 3098 »
1265 3054 1312 3102 id
1329 3063 1399 3100 est
1416 3053 1746 3117 longanimitas
1757 3052 2139 3116 perseverantiae,
2160 3050 2364 3097 caritatis
2380 3085 2393 3107 ,
2416 3049 2490 3096 vel
2507 3066 2588 3114 pa·

479 3135 648 3181 tientiae
672 3136 719 3181 in
740 3135 970 3194 adversis,
997 3152 1085 3201 per
1107 3135 1258 3199 ipsam
1277 3133 1453 3181 scilicet
1474 3134 1713 3180 caritatem
1731 3169 1741 3191 ,
1763 3149 1867 3196 quae
1885 3133 2047 3179 omnia
2068 3131 2252 3188 suffert,
2275 3130 2435 3176 onmia
2452 3131 2590 3176 susti-

478 3223 574 3260 net.
612 3233 634 3257 «
662 3215 932 3262 Sublimitas
965 3214 1246 3263 eorumdem
1272 3224 1316 3260 et
1341 3206 1658 3277 profundum,
1687 3232 1708 3256 »
1734 3213 1828 3259 hoc
1846 3222 1915 3259 est
1933 3248 1945 3271 ,
1973 3228 2121 3276 quam
2141 3210 2299 3274 magni
2323 3210 2417 3256 sint
2439 3225 2495 3256 ex
2516 3209 2590 3256 his

478 3295 667 3341 duobus
687 3296 815 3359 apud
838 3299 992 3343 Deum
1015 3314 1100 3362 per
1118 3297 1395 3344 meritorum
1413 3295 1747 3358 quantitatem,
1769 3304 1815 3340 et
1838 3310 1983 3358 quam
2007 3292 2140 3357 parvi
2170 3291 2241 3338 vel
2267 3290 2442 3337 infirmi
2459 3291 2587 3354 apud

525 3452 533 3466 ⁸
560 3452 702 3484 Thessal.
729 3452 763 3491 Ι,
783 3461 856 3494 cap.
874 3462 905 3492 v,
924 3463 955 3485 v.
971 3454 1023 3485 23.
1041 3470 1084 3478 —-
1098 3453 1110 3469 ¹
1129 3454 1166 3486 In
1190 3465 1252 3487 ιιηυ
1272 3457 1335 3487 sint
1362 3453 1443 3486 Cod.
1467 3470 1506 3475 -—
1555 3453 1567 3468 ³
1581 3451 1709 3491 Manli„
1735 3461 1807 3495 cap.
1827 3462 1868 3491 x,
1891 3461 1922 3482 v.
1939 3451 1993 3482 39.
2009 3449 2075 3473 ——⁶
2091 3449 2226 3489 Jerem„
2250 3458 2322 3491 cap.
2348 3459 2378 3479 ix
2392 3473 2400 3487 ‚
2421 3459 2450 3480 v.
2473 3448 2528 3479 21.
2550 3463 2585 3469 -—

481 3508 492 3524 ³
516 3509 639 3546 Galat.,
656 3518 730 3551 cap.
755 3519 786 3547 v,
805 3517 837 3540 v-
858 3508 907 3540 17.
922 3526 958 3531 -
978 3508 990 3525 ⁸
1007 3510 1175 3542 Exorbicec
1194 3513 1358 3542 veritatem
1370 3508 1452 3542 cod.
1466 3525 1509 3531 —
1557 3506 1567 3524 ⁷
1588 3507 1723 3548 Ephes„
1739 3517 1813 3550 cap.
1833 3517 1887 3546 ui,
1902 3516 1934 3538 v.
1952 3507 2003 3538 19.
