2970 4152
543 370 635 415 538
1347 369 1514 415 PETRI
1551 370 1858 419 ABAELARDI

540 478 724 525 egressa
746 462 959 508 circuivit
982 462 1244 520 civitatem,
1279 477 1494 525 quaerens
1516 462 1584 510 ibi
1605 480 1838 529 sponsum
1861 480 1946 529 per
1975 464 2105 510 vicos
2128 473 2175 510 et
2202 463 2398 529 plateas,
2436 482 2580 529 quem
2607 466 2656 512 in

538 541 711 588 lectulo
736 542 942 606 reperire
966 557 1065 587 non
1088 542 1245 606 potuit
1272 559 1282 587 z
1310 542 1427 589 dum
1450 553 1611 590 mente
1640 543 1766 592 foras
1795 545 1954 592 exiens
1976 544 2158 591 bonam
2179 544 2327 591 vitam
2349 543 2563 592 fidelium
2583 545 2657 592 in—

538 632 713 681 tuetur,
740 622 822 685 qui
845 622 893 667 in
917 621 1012 668 hoc
1032 621 1203 669 saeculo
1226 632 1458 687 tanquam
1480 624 1528 670 in
1553 625 1765 684 civitate,
1792 641 1897 689 quae
1919 624 2095 672 multos
2118 624 2268 689 capit,
2294 635 2655 684 conversantur,

536 713 581 749 et
605 719 722 767 quas
745 703 955 749 imitetur
978 703 1194 768 exempla
1215 704 1448 751 virtutum
1470 705 1583 752 inde
1606 707 1826 765 assumit,
1859 707 1908 752 in
1933 705 2106 770 quibus
2134 722 2221 770 per
2243 707 2443 769 gratiam
2463 706 2659 753 Domini

538 782 750 829 habitare
774 799 873 829 non
898 782 1134 848 desperat.
1162 787 1220 830 Et
1241 785 1472 848 quoniam
1494 786 1543 831 in
1567 786 1699 832 omni
1719 785 1868 848 gradu
1891 785 2106 832 fidelium
2130 785 2207 832 alii
2222 785 2527 850 perfectiores
2548 795 2660 845 sunt

534 861 656 921 aliis,
683 863 921 926 quosdam
949 862 1015 910 ibi
1044 865 1092 910 in
1121 864 1313 929 plateis,
1347 865 1583 929 quosdam
1615 866 1664 912 in
1694 866 1809 912 vicis
1839 866 2039 931 reperit,
2072 866 2185 929 quia
2207 865 2534 929 quorumdam
2560 866 2659 913 vita

534 959 630 1005 quo
660 942 800 989 altior
824 953 893 990 est
926 944 976 990 in
1000 945 1179 991 meritis
1213 945 1262 991 in
1286 945 1593 1010 paucioribus
1629 946 1846 992 consistit
1862 983 1873 1005 ,
1909 946 1991 1010 qui
2013 946 2150 1010 quasi
2171 946 2220 992 in
2250 946 2364 992 vicis
2387 955 2655 1005 morantur,

534 1024 614 1085 qui
637 1024 895 1071 strictiores
919 1035 1030 1071 sunt
1052 1042 1197 1090 quam
1219 1025 1407 1090 plateae,
1434 1026 1598 1090 quales
1620 1026 1711 1072 Job
1735 1036 1783 1073 et
1805 1028 2074 1074 Susannam
2095 1026 2318 1090 legimus,
2336 1036 2383 1073 et
2404 1024 2658 1091 plerosque

533 1103 673 1162 alios,
700 1106 782 1168 qui
816 1105 876 1152 de
905 1120 1079 1169 magna
1106 1107 1338 1153 virtutum
1365 1107 1660 1171 perfectione
1687 1116 1787 1154 tam
1820 1107 1933 1154 viris
1962 1123 2108 1171 quam
2143 1106 2331 1153 feminis
2360 1107 2409 1152 in
2438 1105 2657 1171 exemplo

532 1193 642 1229 sunt
664 1186 823 1248 positi.
848 1188 1067 1243 Quorum
1091 1196 1224 1234 tanto
1247 1187 1533 1234 laudabilior
1554 1188 1653 1234 vita
1675 1188 1850 1247 extitit,
1876 1197 2060 1252 quanto
2091 1187 2140 1233 in
2171 1187 2381 1234 saeculari
2412 1178 2660 1234 conversa-

533 1263 662 1310 tione
685 1264 948 1328 religiosior
971 1266 1079 1322 fuit,
1101 1277 1149 1313 et
1170 1267 1305 1331 quasi
1330 1267 1637 1331 purissimum
1655 1259 1827 1314 aurum
1849 1267 1899 1313 in
1922 1267 2118 1314 fornace
2141 1283 2240 1314 non
2264 1267 2392 1313 arsit.

596 1349 654 1391 Et
676 1347 906 1409 quoniam
929 1346 988 1393 de
1010 1347 1265 1394 virtutibus
1288 1348 1378 1394 Job
1395 1385 1406 1407 ,
1433 1364 1550 1412 quas
1574 1348 1826 1411 diligenter
1848 1357 2197 1394 commemorat
2219 1347 2478 1412 Scriptura,
2495 1362 2658 1412 super-

531 1440 735 1472 vacuum
769 1443 846 1472 me
874 1443 1003 1473 nunc
1034 1426 1172 1473 vobis
1200 1427 1407 1473 scribere
1436 1427 1667 1485 arbitror,
1708 1428 1770 1474 ad
1799 1429 2067 1474 Susannam
2096 1426 2424 1489 conjugatam,
2456 1442 2560 1489 quae
2582 1442 2659 1472 ve-

529 1506 638 1550 stri¹
647 1542 743 1552 .....
771 1507 969 1553 minoris
992 1507 1227 1571 propositi
1246 1517 1305 1553 ‘et
1339 1507 1532 1570 majoris
1560 1508 1747 1553 virtutis
1777 1507 1887 1564 fuit,
1919 1507 2082 1553 stilum
2110 1516 2365 1564 convert03
2398 1515 2451 1551 ut
2478 1506 2528 1551 in
2557 1504 2656 1568 ejus

528 1590 887 1652 comparatione
912 1627 922 1648 ,
948 1589 987 1635 si
1009 1606 1114 1653 quae
1137 1590 1258 1636 sacri
1276 1590 1514 1654 vpropositi
1538 1590 1724 1635 feminae
1746 1590 1904 1636 minus
1928 1606 2075 1653 quam
2096 1589 2320 1635 noverint
2341 1587 2569 1645 habeant,
2596 1586 2656 1633 de

527 1684 613 1712 suo
638 1668 827 1715 defectu
857 1668 1155 1716 erubescant.
1189 1669 1345 1715 Prima
1367 1685 1482 1715 vero
1506 1669 1608 1715 laus
1632 1669 1732 1732 ejus
1756 1669 2064 1728 describitur,
2097 1685 2248 1733 quum
2271 1684 2376 1715 eam
2404 1666 2655 1732 pulchram

528 1748 690 1805 nimis,
721 1758 767 1795 et
798 1750 1048 1796 timentem
1080 1749 1347 1795 Dominum
1376 1750 1622 1814 Scriptura
1655 1752 2045 1796 commemorat'ffl
2085 1751 2122 1795 A
2156 1747 2514 1814 pulchritudine
2552 1763 2656 1794 cor-

529 1828 655 1890 poris
680 1827 740 1874 ad
764 1828 990 1875 decorem
1013 1829 1186 1875 mentis
1209 1829 1440 1887 ascendit,
1463 1829 1597 1892 juxta
1619 1829 1738 1876 illud
1761 1830 1978 1892 Gregorii
1999 1848 2009 1875 :
2032 1848 2052 1873 «
2072 1830 2108 1875 A
2127 1828 2338 1874 minimis
2358 1827 2559 1891 quisque
2581 1827 2655 1873 in-

526 1907 686 1965 choat,
704 1918 756 1954 ut
773 1909 834 1955 ad
850 1909 1032 1971 majora
1047 1909 1310 1973 perveniat.
1333 1927 1356 1953 »
1383 1909 1584 1956 Pulchra
1596 1926 1819 1974 corpore,
1840 1910 1925 1956 sed
1937 1908 2184 1974 pulchrior
2205 1918 2383 1966 mente,
2408 1917 2544 1954 tanto
2560 1907 2656 1954 lau-

527 1987 729 2034 dabilius
743 1988 842 2035 haec
861 1989 959 2035 duo
977 1989 1135 2047 simul,
1154 1999 1335 2053 quanto
1353 1989 1591 2036 difficilius
1603 1990 1922 2037 custodiebat.
1949 1993 2003 2036 In
2022 1989 2171 2036 altero
2185 1988 2395 2036 habebat
2407 1987 2654 2052 pugnandi

527 2069 797 2127 materiam,
830 2086 884 2115 ex
921 2068 1070 2116 altero
1107 2070 1251 2133 coepit
1278 2070 1489 2116 victoriae
1524 2087 1774 2118 coronam.
1808 2075 1876 2117 Ex
1904 2070 1986 2117 illo
2016 2071 2064 2116 in
2091 2068 2533 2133 concupiscentiam
2555 2067 2654 2130 ejus

527 2157 801 2193 exarserunt
823 2148 1117 2206 sacerdotes,
1145 2158 1198 2194 ut
1219 2148 1314 2195 hoc
1338 2166 1423 2213 per
1446 2150 1767 2196 constantiam
1790 2149 1977 2196 virtutis
2002 2149 2310 2213 probaretur,
2337 2164 2488 2211 quum
2510 2148 2655 2193 morti

528 2228 717 2274 addicta
745 2228 851 2274 vitae
879 2228 1145 2293 periculum
1175 2228 1314 2292 elegit
1332 2267 1342 2287 ,
1382 2246 1443 2276 ne
1472 2230 1749 2293 contagium
1773 2232 2049 2289 incurreret,
2065 2216 2305 2293 corporis,
2331 2237 2474 2292 atque
2495 2227 2653 2292 ipsum

527 2325 701 2372 corpus
725 2309 858 2372 quod
881 2309 1196 2374 appetebatur
1220 2309 1282 2356 ad
1305 2309 1521 2374 culpam,
1549 2309 1758 2356 hostiam
1782 2310 1976 2357 offerret
2006 2308 2378 2355 immaculatam.
2414 2306 2542 2354 Proh
2563 2307 2653 2354 do-

526 2387 619 2434 lor!
643 2388 767 2453 proh
784 2388 965 2453 pudor!
994 2393 1082 2435 Tot
1104 2389 1323 2436 videmus
1345 2390 1394 2435 in
1418 2406 1554 2436 sacro
1578 2390 1829 2454 proposito
1853 2389 2135 2436 constitutas
2158 2387 2280 2435 adeo
2303 2386 2560 2445 deformes,
2580 2395 2650 2446 ut,

525 2470 644 2515 sicut
666 2470 896 2534 scriptum
919 2480 990 2516 est
1011 2470 1142 2517 larva
1164 2487 1264 2516 non
1288 2470 1550 2534 indigeant,
1578 2487 1696 2535 quas
1719 2471 1892 2517 divinae
1914 2470 2206 2528 reverentiae,
2225 2485 2281 2515 ac
2297 2468 2398 2515 voti
2419 2468 2492 2514 sui
2513 2483 2652 2532 pror—

524 2566 601 2595 sus
636 2549 806 2596 oblitas
840 2550 905 2596 ita
935 2549 1147 2596 libidinis
1181 2550 1314 2596 furor
1343 2550 1569 2614 exagitat,
1604 2560 1657 2596 ut
1689 2567 1840 2614 quum
1869 2550 1930 2596 ad
1958 2549 2307 2614 turpitudinem
2330 2546 2654 2612 peragendam

525 2630 664 2692 gratis
687 2630 872 2694 aliquos
895 2630 1072 2677 habere
1095 2640 1360 2694 nequeant,
1388 2647 1546 2677 emere
1576 2631 1874 2677 incestuosos
1904 2639 2161 2692 cogantur,
2195 2637 2242 2674 et
2269 2644 2374 2692 quae
2408 2626 2469 2673 de
2498 2626 2653 2673 forma

525 2709 776 2756 confidunt
792 2748 802 2768 ,
837 2710 1027 2757 venales
1063 2727 1164 2757 sese
1188 2711 1506 2774 prostituunt;
1540 2720 1622 2757 aut
1644 2711 1683 2757 si
1706 2710 1766 2756 de
1789 2709 2011 2756 mercede
2035 2708 2284 2767 diffidunt,
2310 2708 2436 2772 ipsas
2458 2706 2653 2753 luxuriae

526 2790 689 2837 sordes
719 2807 836 2854 quas
866 2790 1108 2854 excipiunt
1129 2807 1219 2854 pro
1243 2789 1466 2836 mercede
1495 2790 1586 2836 sibi
1609 2791 1925 2837 constituunt.
1953 2788 2202 2836 Adulteras
2225 2798 2324 2835 tam
2347 2787 2472 2851 leges
2495 2786 2652 2834 saeculi

524 2886 668 2933 quam
696 2869 868 2916 divinae
903 2879 1059 2915 morte
1088 2869 1357 2934 puniendas
1389 2880 1696 2916 censuerunt.
1732 2872 1924 2927 Quanta
1953 2879 2114 2916 autem
2136 2868 2350 2914 vindicta
2378 2868 2426 2914 in
2451 2882 2652 2932 sponsas

524 2949 695 2996 Christi
729 2960 978 3015 corruptas
1007 2949 1270 2996 exercenda
1299 2950 1380 3008 sit,
1414 2949 1555 2996 datur
1585 2949 1805 3013 intelligi,
1844 2949 2018 3014 quibus
2040 2949 2119 2995 vix
2147 2947 2309 2995 locum
2338 2947 2482 2994 etiam
2503 2946 2652 3012 poeni-

525 3031 678 3076 tentiae
707 3047 916 3076 canones
946 3029 1256 3094 reliquerunt.
1291 3031 1411 3075 Sunt
1434 3039 1481 3076 et
1504 3029 1746 3076 nonnullae
1776 3030 1900 3076 inter
1930 3046 2008 3076 eas
2031 3028 2200 3076 vetulae
2224 3028 2519 3086 meretrices,
2545 3042 2650 3090 quae

524 3127 673 3173 quum
705 3111 805 3173 jam
832 3127 881 3158 se
917 3111 1118 3157 omnino
1157 3110 1403 3157 contemni
1435 3110 1767 3174 praesenserint
1790 3109 1945 3157 aliena
1967 3124 2174 3174 corpora
2195 3106 2470 3166 vendendo,
2498 3122 2648 3170 quum

524 3190 717 3253 propria
739 3207 838 3237 non
861 3201 1085 3255 possunt,
1114 3189 1396 3237 detestanda
1418 3200 1639 3236 exercent
1662 3189 1918 3236 lenocinia.
1952 3193 2024 3235 De
2053 3187 2272 3252 qualibus
2301 3185 2516 3251 quodam
2537 3185 2646 3232 loco

523 3287 599 3316 me
623 3271 861 3334 scripsisse
885 3272 1046 3319 recolo
1076 3290 1084 3318 :
1113 3274 1260 3319 Vetus
1283 3272 1504 3318 meretrix
1529 3288 1579 3318 se
1602 3281 1835 3335 propagat
1859 3271 1908 3316 in
1934 3267 2315 3317 adolescentulis.

570 3449 579 3466 ⁴
608 3450 708 3483 Locus
728 3458 910 3494 corruptus.
927 3469 967 3475 —
981 3451 994 3468 ⁸
1014 3452 1109 3493 Dan„
1128 3463 1201 3496 cap.
1219 3464 1295 3492 xm,
1316 3463 1348 3487 ν.
1364 3454 1398 3485 2.
