2970 4152
534 407 627 452 ⁴72
1106 406 1277 451 PETRI
1312 405 1627 453 ABAELARDI
1663 408 1736 455 ET
1769 408 2073 455 HELOISSAE

530 499 790 564 prohibens
815 499 1144 562 gloriationem
1170 518 1179 545 ε
1205 519 1227 543 «
1251 500 1345 557 Qui
1369 517 1418 546 se
1435 537 1446 559 ,
1467 518 1489 544 >›
1518 501 1693 565 inquit¹
1707 539 1718 562 ,
1747 522 1769 546 (ι
1794 503 2093 562 exaltaverit,
2118 503 2459 552 humiliabitur.
2493 525 2515 549 υ
2546 509 2655 554 Pro·

529 580 792 627 videndum
817 596 1011 645 quoque
1037 590 1133 639 est,
1163 596 1224 626 ne
1248 596 1336 645 per
1360 579 1620 628 absentiam
1647 592 1893 647 pastorum
1915 600 2026 646 grex
2053 584 2364 648 periclitetur,
2388 596 2513 633 etue
2532 604 2649 651 pra·-

527 661 631 708 latis
668 659 1077 724 extravagantibus
1113 661 1240 707 intus
1269 660 1517 726 disciplina
1547 673 1749 727 torpeat.
1793 664 2050 710 Statuimus
2078 664 2264 728 itaque,
2305 675 2358 711 ut
2388 665 2652 714 diaconissa

527 741 676 804 magis
701 740 987 806 spiritalibus
1013 757 1158 805 quam
1186 741 1515 805 corporalibus
1539 743 1791 790 intendens
1811 779 1823 803 ‚
1859 743 1989 790 nulla
2020 745 2249 792 exteriore
2274 762 2387 792 cura
2413 757 2652 794 monaste-

524 823 649 869 rium
674 822 886 882 deserat,
919 822 1002 869 sed
1021 823 1146 869 circa
1164 822 1398 886 subjectas
1418 834 1550 870 tanto
1567 825 1624 871 sit
1649 825 1796 888 magis
1816 824 2042 884 sollicita,
2076 837 2256 890 quanto
2276 827 2423 890 magis
2440 827 2648 888 assidua;

525 913 571 948 et
598 912 729 949 tanto
756 903 813 949 sit
837 902 1116 949 hominibus
1141 919 1334 967 quoque
1358 904 1608 968 praesentia
1637 904 1736 966 ejus
1764 904 2081 951 venerabilior
2097 942 2109 965 ,
2137 916 2318 969 quanto
2338 907 2510 965 rarior,
2532 907 2653 955 sicut

523 983 752 1048 scriptum
775 993 846 1030 est
863 985 876 1006 ‘²
908 1001 917 1028 ι
952 1003 974 1027 «
999 983 1268 1030 Advocatus
1297 1000 1323 1029 a
1348 986 1618 1048 potentiore
1644 984 1853 1031 discede.
1885 987 1953 1031 Ex
1978 985 2072 1031 hoc
2097 987 2225 1032 enim
2250 987 2396 1050 magis
2432 997 2479 1033 te
2508 987 2653 1034 advo-

521 1064 661 1112 cabit.
689 1085 712 1110 >2
745 1065 793 1111 Si
817 1082 910 1129 qua
939 1081 1051 1112 vero
1077 1065 1314 1129 legatione
1338 1067 1683 1112 monasterium
1709 1075 1871 1130 egeat,
1900 1068 2127 1114 monachi
2152 1068 2226 1115 vel
2246 1085 2414 1115 eorum
2433 1071 2650 1117 conversi

521 1162 576 1192 ea
600 1146 872 1211 fungantur.
903 1148 1100 1211 Semper
1125 1147 1254 1193 enim
1277 1146 1406 1192 viros
1428 1146 1686 1193 mulierum
1708 1148 2136 1195 necessitudinibus
2162 1159 2352 1214 oportet
2375 1149 2644 1214 providere.

523 1230 579 1274 Et
618 1244 716 1291 quo
757 1243 921 1274 earum
951 1226 1104 1289 major
1139 1220 1338 1290 religio,
1370 1227 1573 1291 amplius
1609 1237 1780 1274 vacant
1803 1231 1935 1288 Deo,
1977 1239 2023 1276 et
2057 1229 2227 1293 majori
2266 1230 2478 1276 virorum
2511 1240 2651 1294 egent

520 1307 803 1372 patrocinio.
839 1306 977 1353 Unde
1002 1316 1048 1353 et
1072 1308 1237 1353 matris
1261 1307 1457 1353 Domini
1479 1324 1643 1354 curam
1669 1324 1806 1372 agere
1830 1308 2007 1373 Joseph
2035 1308 2096 1355 ab
2118 1310 2286 1373 angelo
2315 1310 2603 1357 admonetur
2615 1312 2646 1372 ⁸,

520 1405 664 1451 quam
688 1398 846 1434 tamen
873 1403 1162 1451 cognoscere
1196 1404 1294 1434 non
1321 1388 1625 1452 permittitur.
1663 1391 1720 1435 Et
1753 1389 1855 1453 ipse
1879 1390 2115 1436 Dominus
2141 1391 2351 1437 moriens
2373 1391 2508 1454 quasi
2531 1390 2650 1438 alte-

519 1485 626 1514 rum
662 1467 812 1514 filium
849 1468 986 1513 matri
1018 1485 1112 1519 suae
1138 1467 1375 1532 providit,
1412 1469 1494 1532 qui
1530 1469 1630 1531 ejus
1670 1469 1983 1534 temporalem
2016 1480 2174 1533 ageret
2211 1487 2392 1516 curam.
2438 1472 2649 1535 Apostoli

518 1565 723 1612 quoque·
735 1558 962 1612 quantam
991 1548 1174 1594 devotis
1200 1564 1363 1595 curam
1389 1549 1725 1613 impenderent
1749 1549 1935 1595 feminis
1971 1549 2173 1595 dubium
2198 1566 2297 1596 non
2328 1560 2424 1607 est,
2467 1560 2518 1598 ut
2548 1551 2649 1614 jam

520 1629 629 1675 satis
655 1628 768 1675 alibi
802 1628 1132 1687 meminimus3
1162 1644 1365 1691 quarum
1399 1628 1542 1674 etiam
1579 1628 1819 1692 obsequiis
1850 1629 2079 1676 diaconos
2113 1640 2295 1695 septem
2324 1631 2644 1679 instituerunt.

520 1711 676 1766 Quam
710 1708 908 1771 quidem
946 1724 1035 1753 nos
1069 1708 1398 1754 auctoritatem
1434 1718 1718 1770 sequenteS,
1761 1709 1862 1772 ipsa
1887 1709 2025 1755 etiam
2054 1710 2122 1756 rei
2147 1710 2423 1757 necessitate
2439 1711 2535 1758 hoc
2559 1713 2650 1759 exi-

519 1800 686 1854 gente,
726 1789 1052 1847 decrevimus,
1082 1787 1348 1835 monachos
1374 1798 1419 1834 et
1445 1804 1614 1834 eorum
1644 1805 1931 1848 conversos,
1961 1806 2097 1836 more
2121 1790 2451 1854 apostolorum
2480 1802 2526 1839 et
2550 1792 2648 1840 dia-

517 1887 781 1930 conorum,
814 1871 862 1916 in
890 1869 945 1915 iis
979 1885 1083 1932 quae
1119 1867 1181 1914 ad
1208 1868 1490 1914 exteriorem
1517 1868 1758 1932 pertinent
1796 1885 1988 1928 curam,
2034 1870 2329 1916 monasteriis
2364 1870 2647 1919 feminarum

517 1950 798 2015 providere,
838 1948 1011 2013 quibus
1051 1948 1255 1994 maxime
1296 1956 1494 2012 propter
1528 1947 1692 1993 missas
1727 1948 1980 1994 necessarii
2013 1958 2123 1994 sunt
2163 1949 2415 2009 monachi,
2451 1961 2650 2016 propter

518 2017 664 2095 opera
688 2046 803 2077 vero
826 2028 1061 2076 conversi.
1096 2030 1298 2093 Oportet
1323 2027 1506 2091 itaque,
1537 2027 1657 2073 sicut
1681 2027 1972 2074 Alexandriae
1987 2063 2004 2087 ,‚
2028 2027 2116 2074 sub
2140 2031 2298 2076 Marco
2331 2031 2614 2094 evangelista
2631 2069 2643 2092 ‚

517 2111 715 2176 legimus
740 2127 840 2157 esse
865 2109 1039 2157 factum
1068 2109 1118 2155 in
1145 2108 1250 2173 ipso
1276 2107 1494 2154 Ecclesiae
1519 2107 1756 2154 nascentis
1782 2107 1980 2154 exordio
2002 2143 2013 2166 ,
2052 2118 2104 2154 ut
2130 2110 2426 2156 monasteriis
2450 2111 2647 2158 femina-

516 2208 625 2237 rum
664 2191 953 2237 monasteria
980 2207 1091 2236 *non
1131 2189 1287 2235 desint
1326 2189 1563 2248 virorum,
1608 2198 1655 2234 et
1692 2204 1779 2252 per
1817 2187 2030 2251 ejusdem
2059 2188 2299 2252 religionis
2325 2191 2452 2237 viros
2484 2192 2647 2240 omnia

518 2273 806 2326 extrinsecus
828 2272 1013 2319 feminis
1037 2270 1443 2317 administrentur.
1476 2272 1533 2315 Et
1558 2278 1672 2315 tunc
1705 2268 1920 2333 profecto
1947 2269 2234 2315 monasteria
2257 2269 2544 2317 feminarum
2569 2270 2647 2317 fir-

519 2353 641 2399 mius
670 2353 903 2417 propositi
927 2352 998 2398 sui
1023 2350 1303 2414 religionem
1322 2349 1574 2396 observare
1599 2347 1855 2409 credimus,
1882 2349 1920 2395 si
1944 2348 2226 2414 spiritalium
2245 2349 2458 2396 virorum
2484 2352 2645 2414 provi·

520 2433 680 2480 dentia
703 2433 1031 2497 gubernentur
1050 2467 1063 2491 ,
1092 2441 1138 2478 et
1159 2430 1288 2477 idem
1315 2440 1413 2477 tam
1444 2431 1607 2477 ovium
1631 2446 1776 2494 quam
1806 2430 2008 2476 arietum
2031 2439 2194 2495 pastor
2220 2431 2562 2491 constituatur-3
2592 2443 2646 2480 ut

515 2514 598 2577 qui
624 2513 841 2561 videlicet
862 2514 973 2559 viris
998 2513 1098 2577 ipse
1123 2527 1318 2576 quoque
1342 2511 1500 2575 praesit
1524 2511 1739 2570 feminis,
1777 2521 1823 2557 et
1847 2527 2057 2575 semper,
2083 2511 2217 2573 juxta
2241 2510 2550 2575 apostolicam
2574 2513 2645 2560 in·

514 2595 837 2653 stitutionem,
871 2603 1014 2658 caput
1039 2592 1249 2638 mulieris
1274 2592 1332 2637 sit
1357 2592 1452 2651 vir,
1480 2592 1601 2637 sicut
1631 2591 1719 2638 viri
1744 2591 1985 2650 ChristUS,
2014 2601 2061 2638 et
2084 2591 2257 2638 Christi
2275 2595 2416 2639 Deus.
2441 2592 2580 2641 Unde
2598 2604 2646 2641 et

516 2677 855 2723 monasterium
880 2675 1028 2722 beatae
1059 2673 1359 2721 Scholasticae
1383 2673 1433 2720 in
1470 2673 1772 2738 possessione
1798 2673 1995 2720 fratrum
2025 2674 2301 2720 monasterii
2325 2674 2467 2720 situm
2491 2674 2643 2722 fratris

513 2774 706 2821 quoque
744 2755 1045 2821 providentia
1072 2754 1322 2818 regebatur
1338 2789 1350 2813 ,
1389 2763 1436 2800 et
1460 2753 1627 2800 crebra
1656 2754 1802 2818 ipsius
1826 2753 1902 2800 vel
1930 2753 2127 2800 fratrum
2156 2754 2421 2800 visitatione
2444 2754 2643 2802 instrue-

515 2838 653 2884 batur
679 2847 726 2884 et
758 2835 1112 2884 consolabatur.
1145 2838 1216 2881 De
1246 2834 1381 2897 cujus
1408 2851 1602 2898 quoque
1630 2833 1871 2897 regiminis
1902 2833 2204 2898 providentia
2235 2833 2362 2881 beati
2395 2834 2547 2881 Basilii
2577 2852 2645 2882 re-

513 2918 619 2980 gula
644 2917 855 2982 quodam
881 2916 989 2963 loco
1014 2932 1103 2962 nos
1126 2916 1364 2961 instruens
1382 2950 1394 2974 ,
1423 2914 1486 2961 ita
1510 2915 1754 2961 continet‘
1781 2932 1790 2959 :
1825 2933 1849 2958 «
1873 2914 2184 2977 Interrogatio
2209 2932 2218 2958 ε
2250 2915 2297 2960 Si
2317 2916 2641 2979 oportet'eum

515 2999 597 3061 qui
618 3007 785 3062 praeest
803 3007 933 3044 extra
951 3013 1056 3044 eam
1076 3012 1180 3060 quae
1206 2993 1451 3041 sororibus
1474 3004 1641 3059 praeest
1669 2994 1802 3058 loqui
1828 2993 2008 3057 aliquid
2034 2994 2166 3058 quod
2190 2994 2251 3040 ad
2279 2993 2641 3053 aedificationem

518 3079 749 3141 pertineat
783 3077 1058 3142 virginibus.
1087 3075 1429 3141 —Responsio
1463 3093 1473 3121 ε
1515 3077 1572 3121 Et
1606 3073 1855 3138 quomodo
1895 3073 2159 3121 servabitur
2193 3073 2311 3120 illud
2351 3083 2639 3139 praeceptum

514 3159 729 3224 Apostoli
749 3159 978 3205 dicentis⁵
1001 3177 1010 3205 ι
1038 3178 1060 3203 «
1083 3158 1259 3204 Omnia
1276 3167 1443 3205 *vestra
1469 3156 1669 3203 honeste
1689 3166 1734 3202 et
1759 3155 2023 3202 secundum
2050 3155 2272 3203 ordinem
2298 3155 2414 3202 fiant
2431 3156 2451 3201 Ρ
2467 3175 2489 3200 »
2518 3159 2637 3204 Item

509 3240 724 3304 sequenti
748 3240 955 3304 capitulo
979 3258 991 3285 ε
1024 3259 1047 3284 «
1063 3238 1373 3302 Interrogatio
1400 3256 1410 3284 :
1440 3238 1488 3283 Si
1513 3238 1738 3284 convenit
1763 3254 1873 3284 eum
1889 3237 1973 3301 qui
1988 3247 2155 3301 praeest
2174 3253 2284 3283 cum
2310 3253 2365 3284 ea
2381 3254 2486 3301 quae
2505 3254 2637 3285 soro-

559 3446 568 3462 ¹
592 3446 721 3488 Mattb.,
736 3458 767 3479 v.
787 3445 905 3479 12.--²
923 3448 1043 3483 Eccli„
1059 3457 1131 3489 cap.
1151 3458 1222 3485 xm,
1240 3457 1272 3478 v.
1292 3445 1406 3478 12.-'
1422 3445 1681 3488 Matth.,.cap.1,
1696 3456 1727 3477 v.
1747 3444 1860 3477 19.—-⁴
1877 3444 1999 3487 Regula
2014 3443 2087 3482 int.‚
2102 3454 2175 3475 cvm
2190 3468 2198 3484 ‚
2217 3444 2298 3484 Opp.
2316 3442 2393 3475 edit.
2416 3442 2516 3476 Paris.
2541 3444 2635 3483 1839,

512 3506 621 3546 itt-8⁰,
638 3513 660 3538 t.
680 3506 707 3538 11
723 3530 731 3546 ,
750 3516 785 3549 p.
806 3507 883 3538 639.
898 3524 939 3530 —
958 3506 971 3523 ⁸
992 3506 1134 3539 Corinth.
1151 3507 1183 3546 I,
1203 3516 1277 3548 cap.
1294 3516 1362 3546 xiv,
1376 3515 1406 3537 v.
1423 3506 1479 3537 40.
