2970 4152
567 440 661 489 518
1367 440 1539 489 PETRI
1575 441 1889 490 ABAELARDI

566 543 716 581 matre
738 533 994 581 Salvatoris
1017 532 1379 592 commendata,
1405 535 1542 599 quasi
1562 534 1698 582 lateri
1726 535 1898 581 Christi
1921 534 2056 598 quasi
2084 534 2202 582 alter
2230 535 2442 583 Christus
2465 535 2588 584 filius
2609 540 2618 563 ¹
2642 539 2684 584 ei

565 629 594 660 a
614 614 824 660 Domino
851 613 1105 678 deputatus
1128 623 1222 672 est,
1250 612 1303 660 ut
1325 612 1425 678 ejus
1443 614 1650 678 gaudiis,
1671 615 1771 678 ejus
1794 614 2045 678 colloquiis
2068 614 2255 662 assidue
2278 615 2529 677 frueretur,
2546 618 2589 664 ei
2610 633 2684 665 se-

565 693 722 741 dulius
743 710 893 763 usque
915 693 977 741 ad
1004 694 1187 743 exitum
1204 694 1495 742 ministraret
1518 696 1618 760 ejus
1645 695 1984 760 corpusculum
2006 695 2365 743 immaculatum
2395 696 2617 760 virgineis
2638 708 2686 744 et

564 774 700 837 quasi
721 774 943 837 angelicis
977 774 1200 823 manibus
1222 775 1474 840 sepulturae
1496 784 1805 841 praepararet,
1831 785 1878 822 et
1899 785 2218 840 praeparatum
2243 776 2293 823 in
2315 777 2533 842 sepulcro
2556 793 2687 824 com-

565 865 789 918 poneret3
814 854 981 902 beatos
1015 854 1120 903 illos
1154 855 1320 902 oculos
1354 855 1620 915 clauderet,
1652 854 1917 919 angelicam
1944 855 2075 903 illam
2097 855 2266 903 faciem
2287 866 2493 922 aptaret,
2518 867 2567 903 et
2586 866 2685 904 tam

565 933 786 981 manibus
801 951 947 999 quam
963 936 1142 983 caeteris
1164 935 1392 983 membris
1409 935 1582 984 devote
1602 935 1880 1000 compositis
1893 935 2039 983 officii
2055 936 2127 983 sui
2143 936 2452 984 devotionem
2464 937 2687 985 sacerdos

566 1032 766 1080 magnus
788 1027 1160 1065 consummaret.
1188 1018 1332 1081 Cujus
1354 1018 1661 1066 sanctissimae
1683 1017 1997 1082 postmodum
2018 1018 2125 1065 vitae
2146 1029 2289 1083 atque
2310 1019 2686 1067 immarcessibili

564 1097 697 1143 carni
720 1113 809 1144 nec
830 1112 991 1145 rosam
1018 1098 1256 1162 martyrii,
1287 1097 1410 1145 sicut
1440 1112 1529 1143 nec
1557 1096 1709 1143 lilium
1733 1096 2015 1160 virginitatis
2042 1107 2228 1144 certum
2255 1107 2326 1145 est
2348 1097 2556 1146 defuisse
2574 1134 2588 1157 ‚
2603 1114 2686 1147 ase-

565 1176 753 1240 quenti,
775 1187 828 1224 ut
849 1177 1081 1242 scriptum
1098 1187 1189 1236 est,
1216 1193 1411 1240 agnum,
1437 1192 1727 1240 quocunque
1746 1176 1870 1222 ierit.
1893 1176 1980 1223 Hic
2002 1176 2181 1241 quippe
2202 1185 2250 1223 et
2275 1177 2326 1223 in
2343 1176 2573 1224 ‘ferventis
2587 1176 2687 1224 olei

566 1256 752 1304 dolium
774 1258 967 1317 missus,
994 1267 1042 1305 et
1069 1257 1118 1304 in
1142 1257 1281 1304 exilio
1310 1255 1497 1303 diutino
1533 1255 1791 1319 relegatus,
1820 1255 1940 1304 illud
1968 1257 2237 1304 constantia
2258 1257 2431 1304 mentis
2451 1256 2685 1323 implevit,

566 1336 700 1402 quod
722 1336 783 1384 de
805 1337 951 1385 calice
973 1336 1227 1385 dominicae
1247 1335 1482 1401 passionis
1502 1335 1718 1382 bibendo
1742 1336 1979 1384 Dominus
1999 1346 2141 1384 antea
2162 1346 2261 1384 tam
2278 1336 2368 1402 ipsi
2389 1352 2536 1401 quam
2556 1336 2688 1384 fiatri

567 1417 667 1480 ejus
694 1417 957 1482 praedicens
977 1419 991 1443 ²
1014 1435 1024 1463 ε
1056 1436 1079 1462 α
1105 1416 1340 1475 Calicem,
1376 1435 1398 1461 »
1433 1416 1612 1481 inquit,
1648 1436 1671 1461 «
1698 1433 1862 1464 meum
1887 1416 2079 1465 bibetis.
2117 1436 2141 1462 »
2178 1418 2323 1482 CUJus
2350 1434 2545 1483 quoque
2571 1434 2691 1469 -con-

567 1498 739 1545 stantia
769 1507 816 1544 et
851 1497 1184 1562 insuperabilis
1212 1498 1383 1544 caritas
1416 1497 1621 1544 maxime
1651 1497 1778 1545 circa
1812 1513 2005 1545 crucem
2037 1496 2242 1562 probata
2272 1507 2372 1557 est,
2405 1514 2556 1562 quum
2588 1498 2690 1563 ipse

563 1577 696 1642 „solus
718 1577 946 1642 apostolis
968 1577 1192 1642 dispersis
1212 1594 1299 1642 per
1321 1577 1481 1640 fugam
1502 1577 1632 1624 cruci
1655 1577 1892 1624 assisteret
1909 1576 2198 1642 intrepidus,
2220 1587 2267 1625 et
2288 1594 2400 1625 cum
2414 1587 2567 1625 matre
2581 1579 2688 1625 Do-

564 1657 682 1704 mini
704 1657 930 1704 crucifixo
956 1658 1168 1704 Domino
1192 1667 1563 1723 compateretur.
1595 1660 1663 1704 Ex
1688 1674 1785 1723 qua
1806 1657 2016 1722 denique
2031 1658 2392 1723 ,persever-antia
2406 1658 2690 1706 constantiae

562 1738 855 1802 stipendium
888 1734 1005 1786 illud
1033 1736 1167 1803 quod
1195 1738 1400 1786 diximus
1434 1737 1673 1803 singulare
1708 1738 1770 1786 de
1797 1737 2222 1787 commendatione
2242 1740 2408 1788 matris
2429 1755 2458 1787 a
2477 1740 2689 1788 Domino

563 1819 736 1866 meruit
755 1819 1013 1884 suscipere.
1027 1821 1073 1866 ΔΟ
1089 1817 1286 1868 beatum
1299 1817 1676 1867 commercium!
1698 1820 2059 1868 o-commutatio
2069 1818 2484 1885 incomparabilis!
2502 1819 2692 1881 Abstra-

562 1909 664 1946 ctus
687 1915 716 1947 a
737 1899 915 1965 nuptiis
938 1900 1071 1964 virgo
1088 1909 1178 1960 est,
1203 1910 1252 1948 et
1273 1899 1334 1948 ab
1357 1917 1506 1948 uxore
1525 1899 1722 1960 divisus,
1749 1910 1797 1948 et
1811 1916 1839 1947 a
1861 1899 1987 1948 lecto
2009 1900 2407 1967 concupiscentiae
2422 1909 2689 1965 sequestra·

561 1989 659 2038 tus,
685 1988 740 2026 ut
773 1979 1106 2027 immaculatus
1134 1979 1493 2028 immaculatam
1515 1980 1776 2046 susciperet
1797 1980 1994 2028 Domini
2021 1990 2251 2040 matrem,
2276 1979 2401 2028 filius
2423 1980 2691 2027 efficeretur

563 2060 779 2124 virginis,
805 2070 852 2108 et
884 2060 1106 2126 spiritalis
1129 2060 1282 2109 xfrater
1315 2061 1515 2123 Christi,
1552 2062 1712 2127 potius
1745 2077 1892 2127 quam
1924 2062 2123 2109 maritus
2150 2062 2328 2109 uxoris.
2360 2061 2449 2109 Cui
2470 2060 2690 2126 profecto

564 2150 662 2187 tam
684 2141 735 2187 in
757 2140 853 2189 hoc
875 2157 1020 2205 quam
1051 2141 1101 2188 in
1130 2142 1308 2189 caeteris
1331 2141 1547 2190 Christus
1571 2153 1803 2207 quantam
1823 2159 2012 2208 semper
2030 2144 2045 2168 ³
2068 2129 2336 2190 exhibuerit
2356 2141 2662 2190 dilectionem
2675 2178 2687 2200 ,

563 2220 722 2267 multis
757 2221 1065 2268 manifestum
1092 2232 1163 2269 est
1197 2222 1402 2270 indiciis.
1439 2223 1539 2270 Soli
1575 2223 1754 2288 quippe
1783 2223 1874 2288 ipsi
1908 2238 2194 2269 concessum
2228 2231 2300 2269 est
2341 2238 2485 2287 supra
2519 2230 2692 2286 ,pectus

562 2302 758 2348 Domini
780 2302 830 2349 in
853 2318 991 2350 coena
1018 2302 1321 2362 recumbere,
1353 2314 1402 2351 et
1429 2314 1664 2369 tanquam
1692 2303 1995 2369 impavidum
2021 2313 2069 2350 et
2100 2302 2195 2350 fide
2225 2312 2529 2350 constantem
2555 2301 2690 2366 quie-

565 2388 690 2429 scere
719 2383 769 2428 in
791 2382 873 2429 illo
902 2382 1197 2430 imminentis
1220 2384 1455 2448 passionis
1478 2384 1680 2431 articulo
1694 2421 1705 2440 ‚
1732 2383 1816 2431 ubi
1830 2384 1934 2447 jam
1948 2382 2175 2430 ⁴omnium
2197 2382 2348 2429 corda
2368 2381 2688 2440 fluctuabant,

570 2447 742 2509 uthinc
757 2479 952 2528 quoque
967 2464 1236 2511 constantia
1259 2464 1358 2527 ejus
1379 2464 1686 2530 probaretur,
1702 2464 1824 2511 sicut
1837 2474 1886 2511 et
1896 2466 2029 2510 Jonae
2045 2462 2332 2530 prophetae⁴,
2353 2462 2436 2526 qui
2457 2461 2518 2508 de
2530 2462 2691 2508 immi—

567 2553 706 2590 nente
720 2543 951 2608 periculo,
962 2544 1141 2591 caeteris
1154 2543 1433 2609 desperatis,
1445 2561 1639 2592 securus
1649 2545 1697 2591 in
1714 2544 1954 2591 sentinam
1965 2553 2019 2591 ut
2032 2542 2264 2590 dormiret
2271 2541 2536 2589 descendit.
2547 2540 2692 2605 Quod

567 2622 759 2685 quidem
775 2624 1020 2689 apostolus
1041 2640 1348 2688 nequaquam
1370 2634 1706 2689 praesumeret,
1733 2624 1823 2671 nisi
1847 2624 1908 2671 de
1929 2624 2052 2671 mira
2065 2625 2078 2648 ‘⁵
2099 2624 2200 2686 ejus
2213 2619 2529 2670 familiaritate
2547 2621 2693 2668 confi-

567 2703 716 2763 deret,
733 2705 848 2752 utin
863 2705 963 2769 ejus
986 2706 1167 2769 gremio
1190 2715 1422 2769 tanquam
1434 2705 1483 2751 in
1499 2715 1649 2752 stratu
1667 2704 1846 2768 aliquo,
1864 2714 1912 2751 et
1930 2704 1980 2751 in
2003 2704 2104 2767 ejus
2125 2713 2319 2769 pectore
2333 2703 2468 2767 quasi
2481 2702 2530 2748 in
2544 2700 2693 2766 pulvi-

568 2785 669 2830 nari
691 2784 903 2848 quodam
925 2801 1027 2832 sese
1048 2784 1316 2832 reclinaret.
1339 2787 1410 2832 De
1432 2801 1531 2850 quo
1544 2784 1742 2849 quidem
1764 2794 1977 2849 pectore,
1993 2783 2095 2842 ubi,
2113 2783 2235 2830 sicut
2246 2782 2416 2830 Paulus
2435 2782 2687 2839 meminit⁶‚

565 2878 731 2911 omnes
742 2865 982 2930 sapientiae
995 2874 1045 2912 et
1054 2865 1261 2918 scientiae
1267 2864 1478 2911 thesauri
1486 2874 1623 2912 erant
1631 2863 1919 2923 absconditi,
1930 2862 2111 2911 fluenta
2117 2865 2247 2910 Evan
2253 2861 2361 2926 gelii
2367 2862 2546 2911 caeteris
2553 2859 2691 2908 altius

566 2943 812 2992 exhaurire
833 2931 1042 2992 meruit:
1069 2953 1122 2990 ut
1146 2943 1252 3009 plus
1269 2960 1331 2991 ex
1352 2943 1443 2990 hac
1465 2943 1602 3008 quasi
1624 2943 1917 2991 dormitione
1939 2957 2025 2990 sua
2047 2941 2313 3008 perciperet
2333 2938 2687 2998 recumbendo,

565 3040 708 3086 quam
724 3025 880 3072 caeteri
892 3025 1132 3090 prolixum
1155 3024 1292 3071 illum
1318 3041 1465 3071 coenae
1487 3040 1763 3072 sermonem
1782 3023 2044 3072 audiendo.
2068 3022 2208 3071 Unde
2228 3032 2276 3070 et
2292 3021 2355 3070 ab
2374 3021 2479 3086 ipso
2492 3029 2691 3068 ,tantum

566 3120 720 3151 sermo
738 3106 815 3153 ille
829 3105 1141 3172 postmodum
1155 3116 1226 3153 est
1245 3105 1513 3171 descriptus
1526 3106 1692 3169 ‚cujus
1714 3104 2005 3173 spiritalibus
2027 3103 2222 3152 auribus
2232 3119 2329 3168 &per
2349 3100 2691 3149 revelationem

567 3183 768 3247 amplius
793 3186 943 3233 suerat
965 3186 1240 3251 impressus.
1266 3186 1410 3249 Cujus
1433 3186 1578 3232 etiam
1599 3186 1707 3232 vitae
1728 3184 1983 3250 longitudo
2006 3200 2157 3248 usque
2179 3182 2243 3230 ad
2262 3182 2691 3246 senium-porrecta

566 3273 782 3324 patenter
820 3265 998 3312 indicat
1032 3282 1178 3330 quam
1212 3265 1532 3313 necessarium
1567 3266 1801 3311 Dominus
1840 3264 1901 3311 ad
1935 3264 2299 3311 instructionem
2338 3260 2555 3308 Ecclesiae
2595 3277 2690 3308 suae

616 3455 625 3471 ⁴
655 3457 708 3489 Sic
735 3458 816 3490 Cod.
852 3459 973 3491 Eins.-
990 3463 1086 3500 Quasi
1110 3464 1204 3494 lateri
1231 3463 1401 3500 Christi....
1427 3464 1518 3501 filius
1539 3462 1600 3494 de-
1655 3442 1744 3494 Eins.
1764 3479 1789 3486 -
1804 3462 1935 3503 Semper
1956 3461 2049 3495 deest
2068 3459 2129 3492 Ed.
2161 3458 2254 3492 Δηὼ.
2275 3475 2320 3482 —-
2338 3457 2351 3475 ⁴
2376 3457 2467 3490 Jonae
2495 3466 2569 3498 cap.
2590 3466 2624 3488 u.
2648 3471 2687 3477 —

568 3518 642 3543 sunt
669 3513 699 3544 in
730 3513 807 3545 odit.
836 3514 991 3547 Ambe-²
1008 3516 1134 3549 Matth..
1154 3527 1226 3560 cap.
1244 3529 1288 3550 xx
1301 3543 1308 3557 ‚
1326 3527 1354 3550 v.
1372 3519 1426 3550 93.
1446 3536 1478 3542 ψ-
1497 3517 1509 3534 ³
1531 3518 1597 3550 MS.
1657 3516 1668 3534 ⁵
1682 3518 1749 3555 MS.
1771 3518 1861 3551 Eins.
1875 3535 1898 3542 -
1912 3518 2017 3551 Nimia
2033 3514 2196 3549 Ed-Amb.
2211 3531 2255 3540 —-
2270 3514 2283 3533 ⁶
2302 3515 2436 3552 Colo-3³„
2453 3522 2527 3555 cap.
2545 3522 2586 3551 11,
2602 3521 2633 3543 v.
2653 3511 2686 3542 3.
