2970 4152
487 421 578 466 158
1055 418 1226 466 PETRI
1262 420 1575 470 ABAELARDI
1610 423 1685 472 ET
1720 425 2021 473 HELOISSAE

483 511 638 560 verbis
663 510 754 558 illis
780 510 1053 558 necessariis
1069 547 1081 571 ,
1106 510 1329 559 redeatur
1360 511 1421 559 ad
1451 513 1613 579 priora
1630 550 1643 575 ,
1678 516 1754 564 vel
1776 516 1910 581 quod
1935 526 2263 581 opportunum
2286 528 2355 566 est
2377 517 2473 566 fiat.
2502 522 2598 568 Nec

481 591 640 658 tepide
666 591 927 654 corrigatur
951 590 1209 639 verborum
1234 602 1316 641 aut
1341 593 1586 659 signorum
1609 612 1850 657 excessus,
1878 595 1964 645 sed
1981 595 2240 646 verborum
2260 599 2522 664 praecipue,
2547 599 2596 646 in

481 673 652 737 quibus
691 672 842 736 majus
880 672 1097 720 imminet
1132 673 1416 737 periculum.
1458 675 1544 744 Cui
1575 676 1790 741 profecto
1822 676 1973 725 multo
2005 693 2276 742 magnoque
2312 678 2526 743 periculo
2551 689 2600 728 et

479 754 646 801 beatus
667 753 924 818 Gregorius
957 770 1231 802 succurrere
1264 755 1570 804 vehementer
1605 758 1829 823 cupiens,
1864 761 1968 805 VIII
1993 758 2251 806 Moralium.
2274 758 2356 807 lib.
2379 761 2391 783 ¹
2418 760 2485 807 sic
2507 775 2598 810 nos

481 828 667 883 instruit
688 853 697 881 :
730 855 753 881 «
773 837 901 881 Dum
923 835 1075 882 otiosa
1091 871 1103 895 ,
1131 822 1154 880 i>
1178 836 1360 901 inquit,
1391 857 1413 882 «
1434 836 1579 884 verba
1600 854 1767 886 cavere
1790 838 2072 904 negligimus
2090 875 2102 899 ,
2129 839 2192 887 ad
2214 839 2356 887 noxia
2380 841 2598 904 perveni-

479 934 600 964 mus.
628 917 749 963 Hinc
774 916 1066 964 seminantur
1090 916 1292 977 stimuli,
1321 918 1541 965 oriuntur
1570 919 1709 979 rixae,
1737 918 2064 968 accenduntur
2093 919 2217 969 faces
2236 919 2485 981 odiorum,
2506 936 2599 986 pax

479 1006 578 1045 tota
602 997 890 1062 extinguitur
920 996 1155 1046 cordium.
1193 997 1331 1046 Unde
1360 997 1484 1045 bene
1509 1014 1595 1063 per
1619 998 1931 1050 Salomonem
1955 998 2155 1047 dicitur²
2189 1018 2199 1045 :
2233 1000 2372 1057 «Qui
2406 999 2599 1049 dimittit

483 1097 504 1123 «
533 1094 730 1143 aquam,
753 1088 896 1143 caput
911 1089 980 1126 est
993 1078 1277 1142 jurgiorum.
1304 1097 1326 1123 >1
1350 1079 1533 1143 Aquam
1551 1079 1729 1145 quippe
1750 1078 2014 1138 dimittere,
2038 1089 2108 1129 est
2122 1078 2333 1144 linguam
2352 1080 2402 1126 in
2415 1080 2598 1131 fluxum

478 1158 656 1223 eloquii
690 1159 913 1209 relaxare.
942 1162 1051 1217 Quo
1073 1169 1240 1207 contra
1265 1169 1312 1207 et
1343 1159 1392 1205 in
1418 1159 1599 1206 bonam
1627 1169 1814 1225 partem
1838 1161 2002 1209 asserit
2025 1160 2188 1213 dicens
2203 1162 2216 1186 ³
2239 1179 2248 1207 :
2276 1180 2300 1206 «
2323 1164 2454 1226 Aqua
2489 1178 2600 1226 pro-

478 1239 627 1288 funda
661 1258 718 1288 ex
751 1258 836 1289 ore
869 1241 975 1288 viri.
1000 1259 1023 1285 »
1061 1240 1156 1298 Qui
1182 1255 1295 1304 ergo
1322 1239 1514 1287 dimittit
1540 1257 1715 1305 aquam
1736 1277 1748 1301 ,
1779 1251 1923 1307 caput
1958 1251 2028 1290 est
2046 1241 2316 1305 jurgiorum
2344 1260 2353 1288 ε
2381 1241 2493 1306 quia
2517 1242 2600 1305 qui

475 1320 686 1385 linguam
719 1338 820 1370 non
846 1322 1076 1381 refrenat,
1105 1319 1414 1368 concordiam
1434 1319 1646 1385 dissipat.
1676 1321 1816 1370 Unde
1836 1321 2066 1387 scriptum
2085 1322 2180 1368 est⁴
2203 1338 2212 1366 :
2240 1339 2262 1366 κ
2285 1321 2379 1378 Qui
2396 1321 2600 1386 imponit

477 1401 621 1450 stulto
644 1402 906 1462 silentium,
936 1403 1028 1449 iras
1052 1401 1250 1465 mitigat.
1274 1419 1297 1445 υ
1318 1403 1386 1449 Ex
1410 1416 1508 1465 quo
1525 1417 1615 1447 nos
1631 1400 1877 1450 manifeste
1901 1400 2156 1460 admonet,
2178 1400 2228 1447 in
2247 1400 2343 1448 hoc
2363 1401 2600 1466 praecipue

476 1486 589 1534 vitio
612 1485 895 1550 corrigendo
918 1474 1317 1532 ‘districtissimam
1340 1484 1568 1532 adhibere
1590 1501 1843 1532 censuram
1867 1504 1876 1531 :
1908 1502 1969 1532 ne
1995 1485 2095 1548 ejus
2128 1484 2337 1532 vindicta
2366 1485 2602 1534 ullatenus

475 1567 718 1615 differatur
735 1603 747 1627 ‚
793 1576 840 1614 et
863 1583 949 1631 per
975 1566 1070 1613 hoc
1096 1566 1300 1614 maxime
1327 1565 1492 1630 religio
1531 1565 1839 1631 periclitetur.
1879 1566 2003 1614 Hinc
2036 1567 2216 1631 quippe
2248 1565 2566 1614 detractiones
2584 1603 2597 1627 ‚

476 1648 607 1707 lites,
647 1647 880 1703 convitia,
919 1655 966 1693 et
999 1662 1352 1711 nonnunquam
1375 1646 1753 1711 conspirationes
1779 1657 1826 1694 et
1857 1647 2212 1711 conjurationes
2251 1648 2596 1711 germinantes,

475 1738 629 1775 totum
670 1727 908 1792 religionis
943 1726 1198 1774 aedificium
1224 1743 1325 1774 non
1353 1736 1452 1775 tam
1477 1726 1762 1775 labefactant
1785 1744 1932 1792 quam
1957 1738 2192 1776 evertunt.
2233 1727 2379 1785 Quod
2405 1728 2601 1793 quidem

475 1808 642 1855 vitium
669 1824 821 1872 quum
846 1817 1146 1872 amputatum
1170 1806 1336 1867 fuerit,
1365 1824 1466 1854 non
1498 1808 1700 1855 omnino
1726 1807 1925 1856 fortasse
1946 1825 2102 1873 pravae
2118 1808 2430 1872 cogitationes
2449 1810 2600 1858 extin-

474 1900 676 1953 guntur3
705 1890 789 1938 sed
821 1888 882 1935 ab
914 1888 1079 1936 alienis
1106 1887 1359 1936 cessabunt
1396 1888 1696 1954 corruptelis.
1737 1890 1842 1936 Hoc
1873 1905 2026 1938 unum
2050 1889 2219 1937 vitium
2246 1889 2431 1952 fugere,
2468 1891 2602 1954 quasi

474 1970 689 2034 religioni
735 1968 951 2017 sufficere
998 1967 1332 2016 arbitraretur⁵
1347 2004 1359 2028 ,
1402 1968 1549 2015 abbas
1583 1969 1814 2017 Macarius
1847 1967 2139 2017 admonebat
2157 2004 2170 2027 ‚
2214 1969 2335 2017 sicut
2371 1969 2601 2034 scriptum

475 2044 569 2099 esti
591 2051 664 2098 his
687 2050 844 2099 verbis
867 2069 876 2096 :
909 2069 933 2095 «
951 2048 1107 2096 Abbas
1133 2048 1364 2095 Macarius
1390 2048 1543 2111 major
1567 2050 1616 2094 in
1640 2049 1767 2112 Scyti
1784 2084 1796 2107 ‚
1825 2046 2013 2096 dicebat
2036 2047 2258 2097 fratribus
2284 2067 2294 2095 ε
2322 2051 2475 2097 «Post
2493 2050 2603 2097 mis·

478 2153 500 2177 «
532 2149 622 2191 sas,
646 2130 864 2178 ecclesias
880 2129 1042 2194 fugite,
1057 2128 1272 2176 fratres.»
1292 2130 1350 2174 Et
1367 2127 1486 2174 dixit
1503 2128 1546 2175 ei
1565 2144 1689 2177 unus
1705 2126 1904 2175 flatrum
1925 2145 1935 2174 ε
1957 2146 1978 2172 «
2002 2130 2156 2188 Pater,
2177 2128 2260 2178 ubi
2275 2127 2508 2177 habemus
2523 2129 2602 2176 fu-

479 2233 501 2257 «
532 2228 640 2276 gere
657 2209 1168 2277 ampliusasolitudine
1193 2208 1314 2257 ista?
1337 2226 1360 2252 »
1388 2210 1446 2255 Et
1466 2207 1678 2273 ponebat
1696 2207 1899 2271 digitum
1924 2224 2066 2255 suum
2084 2209 2132 2254 in
2154 2224 2238 2255 ore
2258 2226 2346 2256 suo
2362 2244 2375 2269 ,
2403 2209 2566 2257 dicens
2586 2230 2596 2257 ε

479 2313 500 2337 «
532 2292 663 2342 Istud
691 2302 760 2340 est
785 2290 918 2356 quod
943 2289 1222 2354 fugiendum
1247 2288 1375 2336 dico.
1401 2307 1424 2332 »
1448 2291 1505 2335 Et
1530 2289 1595 2335 sic
1619 2287 1827 2336 intrabat
1851 2288 1902 2335 in
1924 2287 2094 2337 cellam
2123 2305 2259 2338 suam
2276 2325 2288 2349 ,
2312 2300 2359 2337 et
2376 2289 2603 2338 claudens

476 2375 651 2427 ostium
668 2410 680 2434 ‚
712 2372 907 2422 sedebat
934 2371 1080 2420 solus.
1110 2389 1133 2414 »
1170 2373 1279 2421 Haec
1304 2385 1418 2416 vero
1444 2368 1616 2421 silentii
1645 2369 1793 2420 virtus
1809 2405 1821 2429 ,
1861 2385 1967 2433 quae
1986 2404 1999 2430 ,
2040 2379 2092 2416 ut
2123 2370 2187 2418 ait
2218 2369 2422 2417 Jacobus
2441 2406 2454 2430 ,
2492 2387 2601 2436 per·

473 2456 650 2503 fectum
665 2445 915 2505 hominem
931 2451 1105 2512 reddit,
1128 2461 1175 2499 et
1194 2450 1254 2498 de
1270 2465 1365 2514 qua
1389 2450 1529 2497 Isaias
1547 2449 1788 2514 praedixit⁷
1817 2467 1827 2495 :
1853 2468 1877 2494 «
1898 2449 2063 2498 Cultus
2076 2450 2264 2513 justitiae
2295 2450 2552 2511 silentium,
2574 2471 2599 2498 »

478 2546 609 2583 tanto
635 2553 662 2583 a
687 2534 859 2582 sanctis
886 2532 1098 2599 patribus
1126 2503 1331 2579 fervoresl
1343 2540 1415 2579 est
1446 2540 1661 2596 arrepta,
1705 2529 1866 2595 quod,
1906 2529 2026 2581 sicut
2057 2531 2286 2596 scriptum
2324 2542 2424 2592 est,
2459 2531 2604 2580 abbas

480 2616 658 2680 Agatho
691 2632 778 2681 per
810 2614 1066 2662 triennium
1089 2611 1298 2678 lapidem
1323 2610 1373 2658 in
1405 2627 1490 2658 ore
1517 2611 1616 2676 {suo
1652 2609 1868 2659 mittebat
1886 2646 1899 2670 ,
1946 2610 2102 2660 donec
2130 2612 2498 2661 taciturnitatem
2535 2612 2605 2660 di·

472 2707 637 2746 sceret.

488 2822 491 2827 .
542 2778 770 2836 Quamvis
789 2777 922 2824 locus
947 2790 1045 2824 non
1071 2774 1246 2834 salvet,
1269 2772 1442 2821 multas
1466 2782 1625 2823 tamen
1650 2771 1827 2838 praebet
1844 2772 2228 2838 opportunitates
2247 2771 2309 2820 ad
2324 2772 2602 2837 religionem

477 2858 654 2906 facilius
679 2856 1029 2908 observandam
1048 2891 1061 2915 ‚
1093 2865 1140 2903 et
1163 2854 1310 2902 tutius
1333 2853 1674 2913 muniendam3
1707 2862 1755 2901 et
1777 2852 1928 2902 multa
1957 2851 2197 2917 religionis
2227 2853 2399 2900 auxilia
2423 2853 2500 2901 vel
2517 2854 2605 2901 im·

477 2940 751 3003 pedimenta
779 2955 836 2987 ex
860 2954 918 2988 eo
942 2936 1223 2986 consistunt.
1255 2933 1394 2983 Unde
1423 2943 1470 2982 et
1499 2933 1583 2982 filii
1611 2933 1955 2999 prophetarum
1975 2969 1987 2993 ,
2016 2949 2138 2997 quos
2155 2969 2167 2993 ,
2199 2943 2252 2981 ut
2278 2934 2342 2982 ait
2373 2934 2603 2998 Hierony-

478 3036 583 3066 mus
600 3022 614 3045 ³
641 3056 652 3079 ,
693 3018 958 3067 monachos
995 3017 1195 3082 legimus
1234 3016 1284 3068 in
1323 3015 1481 3063 Veteri
1505 3018 1811 3064 Testamento
1827 3050 1840 3075 ‚
1886 3014 1949 3062 ad
1982 3014 2250 3063 solitudinis
2281 3025 2519 3063 secretum
2551 3032 2601 3062 se

477 3100 833 3160 transtulerunt,
855 3108 1024 3165 praeter
1041 3098 1221 3147 fluenta
1236 3095 1458 3146 Jordanis
1475 3094 1657 3143 casulas
1676 3111 1783 3144 suas
1802 3095 2158 3144 constituenteS.
2180 3097 2389 3143 Ioannes
2406 3111 2601 3159 quoque

476 3192 522 3228 et
546 3180 764 3245 discipuli
788 3180 916 3244 ejus,
944 3187 1079 3243 'quos
1104 3178 1246 3226 etiam
1280 3175 1514 3242 propositi
1541 3175 1692 3224 nostri
1722 3175 1963 3241 principes
1993 3174 2255 3234 habemus,
2296 3183 2343 3224 et
2373 3174 2601 3239 deinceps

477 3261 674 3320 Paulus,
706 3261 964 3319 AntoniuS,
993 3258 1250 3318 Macarius,
1280 3266 1327 3305 et
1351 3257 1434 3321 qui
1460 3256 1696 3322 praecipue
1729 3256 1782 3303 in
1815 3265 1982 3304 nostro
2020 3255 2287 3303 floruerunt
2317 3256 2565 3320 proposito
2582 3291 2595 3316 ,

520 3424 526 3439 '
555 3422 625 3455 Lib.
646 3421 718 3454 VIII
731 3445 740 3462 ,
759 3431 832 3464 cap.
850 3430 929 3457 xvn,
955 3420 1036 3461 Opp.
1054 3424 1079 3451 t.
1092 3418 1127 3458 1,
1145 3418 1210 3451 col.
1228 3418 1342 3451 239.-
1365 3416 1377 3433 ¹
1394 3418 1510 3457 Prov.‚
1556 3424 1608 3449 tur
1626 3416 1663 3448 B.
1676 3431 1720 3441 -·
1734 3416 1746 3433 ⁸
1761 3415 1798 3449 ln
1819 3416 1898 3449 Vitis
1914 3417 2074 3454 Famam,
2094 3414 2152 3448 lib.
2178 3414 2219 3454 V,
2237 3417 2277 3447 de
2296 3415 2438 3454 Contin„
2459 3424 2494 3457 p.
2521 3414 2599 3447 570.

471 3490 544 3523 cap.
566 3490 630 3511 xvu
643 3504 652 3519 ‚
671 3490 702 3513 v.
723 3479 774 3510 14.
788 3495 830 3501 -—
844 3476 858 3493 ³
876 3477 974 3508 Prov.
985 3501 996 3515 ,
1008 3486 1081 3518 cap.
1099 3486 1177 3508 xvni
1188 3500 1197 3516 ,
1217 3485 1249 3508 v.
1265 3475 1296 3507 4.
1310 3492 1347 3498 --
1368 3474 1380 3490 ⁴
1395 3475 1510 3513 Prov.‚
1556 3490 1595 3496 —
1609 3472 1621 3490 '¹
1638 3472 1728 3513 lsai„
1742 3482 1816 3516 cap.
1829 3483 1915 3512 xvn,
1932 3483 1965 3506 v.
1981 3470 2103 3505 32—st
2118 3471 2223 3514 Epist.
2237 3482 2331 3510 nix,
2347 3473 2393 3504 ad
2405 3471 2577 3505 Paulinum
2588 3494 2597 3507 ,

471 3547 543 3580 cap.
566 3546 663 3576 xxvi,
681 3545 712 3568 v.
731 3535 783 3567 10.
798 3550 841 3559 —-·
854 3532 867 3550 ⁸
880 3534 1062 3566 Arbitratus
1084 3531 1151 3564 MS.
1173 3530 1267 3564 Amb.
1283 3530 1512 3564 -Arbitraba-
1561 3530 1643 3572 Opp.
1661 3536 1683 3563 t.
1700 3529 1756 3569 IV.
1774 3529 1838 3563 col.
1855 3529 1929 3563 565.
