2970 4152
730 409 964 458 CONTRA
1000 408 1292 467 QUEMDAM
1327 407 1667 456 CANONICUM
1700 407 2082 455 REGULAREM.
2371 407 2456 456 694

345 505 616 571 cuicunque
640 506 1022 572 contemplativae
1043 504 1303 571 supplicat,
1332 514 1384 550 ut
1410 504 1715 569 suscipiendo
1743 504 1956 568 regimen
1984 505 2202 569 ipsorum
2224 520 2307 551 eos
2335 505 2397 552 ad
2419 522 2469 553 se

345 585 412 631 sic
435 585 672 633 admittat.
696 586 841 645 Quod
863 597 909 634 et
931 587 1031 652 ipse
1053 585 1268 634 Christus
1283 585 1334 631 in
1356 584 1586 631 membris
1601 585 1698 632 suis
1720 601 1858 648 agere
1873 584 2065 645 dicitur,
2082 602 2180 650 quo
2205 585 2468 651 inspirante

344 664 395 711 id
429 666 606 729 agitur,
645 677 692 714 et
725 667 815 715 sub
849 667 983 732 cujus
1019 666 1218 713 nomine
1251 675 1299 712 et
1332 665 1614 712 auctoritate
1647 664 1743 711 hoc
1777 664 2077 730 imploratur.
2115 665 2325 713 Perfecta
2350 682 2467 713 vero

344 745 506 793 anima
529 746 610 794 illa
631 748 843 811 quietem
863 764 1001 796 suam
1024 746 1331 794 vehementer
1353 744 1572 809 diligens,
1596 745 1714 792 dum
1735 744 1952 792 laborem
1971 745 2160 809 refugit,
2180 762 2241 792 ne
2263 745 2469 793 aliorum

343 825 478 874 lucro
495 826 838 876 detrimentum
854 830 1068 876 incurrat
1080 845 1175 876 suae
1187 827 1512 893 perfectionis,
1531 844 1723 890 surgere
1740 827 1801 874 de
1818 827 1991 875 lectulo
2005 828 2180 887 renuit,
2198 837 2245 874 et
2257 829 2464 892 Sponso,

342 916 396 954 ut
411 907 594 955 dictum
613 919 699 967 est,
725 910 921 958 instanti
945 910 1062 957 dicit
1088 929 1098 956 :
1130 929 1152 955 «
1171 908 1441 974 Exspoliavi
1464 925 1542 955 me
1564 909 1725 955 tunica
1747 924 1853 955 mea
1872 945 1883 967 ,
1904 927 1927 952 υ
1953 907 2048 955 hoc
2071 919 2158 967 est,
2184 909 2468 955 exteriorem

341 1003 507 1035 curam
529 990 887 1038 mundanarum
911 991 1157 1038 actionum
1179 1008 1236 1037 ex
1256 999 1373 1037 voto
1395 989 1662 1054 postposui.
1696 989 1900 1035 Interior
1922 989 2100 1054 quippe
2121 989 2264 1036 vestis
2287 998 2334 1036 et
2355 988 2466 1035 suh—

340 1067 486 1129 tilior,
512 1080 583 1117 est
604 1071 833 1132 interula3
859 1072 1064 1119 exterior
1082 1082 1130 1119 et
1153 1071 1380 1135 grossior,
1408 1070 1587 1117 tunica.
1616 1069 1754 1117 Unde
1775 1069 1901 1116 bene
1922 1069 2002 1116 hic
2025 1080 2239 1129 ornatus,
2259 1079 2471 1116 contem-

339 1149 568 1214 plativus3
599 1151 678 1199 ille
699 1169 816 1200 vero
844 1153 1062 1212 habitus,
1091 1151 1405 1216 assignandus
1430 1161 1502 1199 est
1527 1151 1726 1199 activus.
1763 1151 1823 1197 Hi
1850 1151 2029 1215 quippe
2054 1150 2270 1198 claustris
2289 1168 2339 1198 se
2361 1167 2468 1197 mo-

339 1230 531 1277 nasticis
561 1231 862 1279 recludentes
884 1242 1020 1279 tanto
1043 1232 1260 1279 subtilius
1291 1242 1434 1297 atque
1456 1231 1711 1297 perfectius
1741 1231 1917 1277 summi
1945 1230 2138 1277 luminis
2160 1230 2469 1295 splendorem

338 1310 751 1375 contemplantur,
776 1322 960 1377 quanto
983 1311 1044 1359 ab
1066 1311 1379 1359 exterioribus
1412 1311 1569 1359 saeculi
1599 1312 1724 1359 curis
1755 1311 1958 1376 amplius
1979 1321 2090 1358 sunt
2112 1311 2302 1358 remoti.
2334 1313 2470 1358 Hanc

337 1391 555 1456 profecto
578 1409 804 1440 curarum
827 1394 1213 1459 occupationem,
1233 1410 1378 1458 quam
1403 1393 1589 1441 Martha
1611 1394 1817 1459 proximi
1836 1392 2266 1441 necessitudinibus
2289 1393 2471 1457 impen—

336 1470 424 1531 dit,
451 1483 499 1520 et
520 1474 602 1537 qui
625 1474 808 1539 populo
838 1485 1049 1540 praesunt
1071 1485 1319 1533 exercent,
1357 1474 1494 1539 quasi
1524 1474 1739 1522 tunicam
1771 1490 2013 1521 resumere
2046 1475 2233 1540 Sponsa
2270 1473 2465 1536 refugit,

336 1568 488 1617 quum
510 1570 537 1601 a
560 1555 969 1620 contemplatione
992 1556 1054 1603 ad
1077 1556 1317 1603 actionem
1346 1555 1503 1602 redire
1530 1555 1802 1602 nullatenus
1824 1555 2098 1620 acquiescit.
2128 1554 2267 1601 Unde
2289 1564 2337 1601 et
2361 1571 2471 1602 cau-

334 1650 439 1682 sam
474 1645 736 1683 annectens
770 1637 835 1683 ait
863 1655 874 1683 :
904 1637 1058 1684 «Lavi
1092 1636 1240 1702 pedes
1275 1653 1434 1696 meos,
1471 1636 1723 1701 quomodo
1755 1636 2023 1701 inquinabo
2054 1635 2229 1683 illos?»
2263 1635 2470 1683 Affectus

335 1717 515 1782 quippe
533 1717 702 1777 nostri,
722 1717 896 1783 quibus
914 1718 975 1766 ad
998 1717 1235 1783 quidlibet
1257 1717 1499 1782 agendum
1522 1717 1775 1777 trahimur,
1800 1718 1935 1782 quasi
1951 1717 2149 1782 quidam
2171 1716 2318 1781 pedes
2336 1726 2465 1775 sunt,

335 1796 509 1861 quibus
537 1797 776 1846 ducimur.
809 1802 930 1846 Istos
951 1798 1098 1864 pedes
1121 1797 1294 1857 abluit,
1321 1799 1404 1863 qui
1428 1815 1456 1846 a
1478 1798 1604 1845 curis
1626 1798 1783 1845 saeculi
1808 1808 2021 1845 mentem
2044 1797 2266 1856 retrahit,
2293 1797 2468 1862 quibus

334 1874 523 1925 animus
544 1896 631 1944 per
654 1880 843 1927 diversa
864 1879 1065 1926 diffusus
1080 1917 1091 1939 ,
1118 1878 1312 1926 difficile
1335 1889 1406 1927 est
1425 1896 1486 1926 ne
1514 1879 1684 1926 saltem
1705 1879 2053 1943 cogitationum
2075 1877 2274 1925 maculis
2297 1878 2465 1942 aliqui·

332 1955 423 2004 bus
445 1970 764 2025 respergatur,
788 1960 865 2008 vel
886 1960 1182 2025 quandoque
1204 1960 1344 2007 cedat
1366 1960 1730 2007 tentationibus.
1764 1959 1909 2018 Quod
1938 1962 2125 2025 Sponsa
2155 1958 2467 2007 considerans

333 2038 393 2086 de
414 2039 590 2088 lectulo
614 2042 762 2107 pedes
782 2042 844 2090 ad
861 2053 1039 2090 terram
1056 2041 1301 2107 deponere
1324 2042 1549 2107 trepidat,
1574 2042 1670 2089 hoc
1692 2052 1763 2090 est
1785 2059 1835 2090 se
1858 2043 2032 2090 iterum
2054 2041 2301 2107 implicare
2321 2042 2464 2101 curis,

332 2118 451 2167 dum
471 2121 659 2168 nullum
683 2139 711 2170 a
731 2122 956 2169 sordibus
978 2139 1149 2170 vacare
1171 2122 1335 2169 locum
1357 2132 1488 2170 extra
1513 2122 1743 2170 lectulum
1764 2139 1907 2170 suum
1929 2122 2097 2170 credit.
2131 2125 2248 2180 Quae
2269 2123 2467 2170 tandem

330 2200 519 2264 Sponso
541 2201 749 2249 instante
772 2201 833 2249 de
856 2202 1034 2249 lectulo
1057 2219 1250 2265 surgere
1279 2202 1600 2267 compellitur,
1630 2212 1678 2250 et
1699 2204 1767 2262 ei,
1793 2203 1915 2250 sicut
1936 2202 2213 2268 postulavit,
2239 2203 2424 2267 aperire
2452 2222 2462 2250 ε

330 2279 391 2328 de
419 2298 517 2346 quo
546 2299 698 2347 quum
728 2299 840 2330 eum
868 2293 1032 2330 tenere
1054 2282 1220 2342 vellet,
1253 2293 1421 2347 atque,
1448 2293 1499 2329 ut
1522 2283 1662 2330 solita
1685 2283 1861 2343 fuerat,
1887 2282 2324 2348 comprehendere,
2351 2283 2465 2330 sub-

324 2361 546 2424 junctum
581 2365 677 2409 est¹
700 2381 710 2409 :
737 2366 835 2410 «At
856 2363 934 2410 ille
962 2363 1287 2410 declinaverat
1308 2373 1452 2427 atque
1474 2364 1743 2410 transierat.
1764 2382 1787 2408 »
1825 2366 1932 2409 Non
1956 2365 2087 2410 enim
2108 2364 2174 2410 ita
2195 2364 2244 2409 in
2267 2363 2465 2428 publico

328 2443 450 2491 sicut
473 2443 521 2489 in
545 2443 736 2490 occulto
759 2447 887 2492 Deus
912 2445 1118 2491 inveniri
1141 2454 1299 2509 potest
1325 2462 1336 2490 :
1362 2461 1453 2491 nec
1475 2444 1748 2491 sollicitudo
1769 2444 1966 2491 Marthae
1984 2445 2112 2491 circa
2131 2444 2340 2509 plurima
2363 2455 2464 2492 tur-

328 2523 451 2572 batae
473 2523 663 2571 Christo
680 2524 898 2572 assistere
919 2524 1045 2572 valet
1066 2524 1278 2583 assidue,
1304 2541 1394 2571 nec
1414 2525 1540 2571 curis
1562 2524 1720 2571 saeculi
1736 2541 1872 2572 mens
1889 2526 2073 2572 intenta
2095 2525 2143 2571 in
2167 2528 2270 2571 Deo
2287 2526 2464 2590 poterit

328 2604 523 2668 vigilare
545 2605 723 2669 quieta.
751 2604 891 2651 Unde
915 2615 962 2652 et
977 2605 1078 2670 ipse
1101 2607 1316 2669 Sponsus
1338 2621 1437 2668 quo
1462 2604 1683 2652 devotius
1707 2621 1925 2664 oremus,
1952 2606 2129 2652 ostium
2148 2605 2357 2652 cubiculi
2381 2606 2465 2654 ad-

328 2696 494 2732 monet
516 2685 676 2733 claudi
704 2704 713 2732 :
740 2685 954 2750 alioquin
978 2685 1187 2732 declinat
1215 2695 1262 2731 et
1289 2685 1460 2732 transit
1482 2701 1510 2732 a
1533 2684 1693 2745 nobis,
1720 2685 1834 2750 quia
1855 2702 1954 2750 quo
1977 2685 2136 2732 minus
2156 2686 2199 2732 ei
2215 2703 2457 2747 vacamus,

328 2782 386 2812 eo
410 2768 559 2830 magis
581 2766 642 2814 ab
667 2767 773 2832 ipso
796 2767 1084 2826 deserimur,
1105 2776 1153 2813 et
1174 2765 1236 2814 ab
1261 2766 1361 2830 ejus
1386 2766 1546 2830 gratiae
1569 2765 1711 2813 donis
1734 2767 1938 2832 amplius
1957 2766 2276 2814 destituimur.
2306 2768 2460 2815 Etiam

326 2849 514 2912 Sponsa
549 2847 649 2910 ejus
668 2846 748 2918 ‘ad
789 2846 1037 2912 publicum
1076 2846 1137 2894 de
1172 2856 1357 2894 secreto
1398 2846 1597 2894 thalami
1631 2856 1951 2911 transgressa,
1990 2856 2226 2911 quantum
2261 2847 2322 2893 de
2352 2864 2461 2912 per-

327 2925 533 2973 sectione
549 2943 636 3011 sug
651 2943 742 2991 pro
756 2925 900 2972 lucris
920 2925 1125 2973 aliorum
1144 2926 1334 2986 minuit,
1357 2927 1560 2991 reperit3
1580 2936 1628 2974 et
1646 2937 1783 2975 tanto
1801 2927 1951 2991 magis
1971 2926 2156 2975 accedit
2170 2925 2455 2991 periculum,

325 3016 509 3071 quanto
533 2975 628 3053 de·
615 3006 883 3053 commissis
907 3006 1160 3054 animabus
1182 3007 1337 3071 major
1355 3006 1422 3054 illi
1444 3017 1661 3073 superest
1683 3007 1935 3055 reddenda
1957 3008 2097 3056 ratio.
2118 3006 2346 3066 Attende,
2374 3005 2461 3054 ob-

325 3103 460 3134 secro
498 3087 663 3147 frater,
701 3088 771 3134 tui
806 3087 991 3135 ordinis
1026 3087 1309 3152 dignitatem
1331 3098 1378 3136 et
1400 3088 1547 3136 officii
1575 3089 1932 3148 conditionem,
1959 3090 2008 3136 in
2038 3107 2136 3154 quo
2160 3101 2207 3137 et
2229 3091 2460 3139 minuitur

327 3168 568 3227 meritum,
592 3177 639 3215 et
660 3168 881 3215 imminet
901 3168 1188 3233 periculum.
1214 3169 1336 3216 Vide
1359 3169 1477 3234 quid
1499 3170 1559 3216 sit
1576 3169 1820 3235 profectus
1842 3127 2101 3234 dighitatis,
2122 3170 2205 3217 ubi
2229 3170 2459 3236 perfectio

327 3246 507 3295 tollitur
529 3248 795 3312 religionis,
824 3248 908 3295 ubi
929 3249 1084 3312 major
1111 3248 1242 3314 apud
1264 3249 1509 3309 saeculum,
1532 3250 1694 3297 minor
1716 3249 1769 3297 fit
1791 3251 1921 3316 apud
1944 3254 2099 3298 Deum
2113 3288 2124 3310 ,
2153 3261 2200 3298 et
2223 3268 2365 3315 grave
2387 3252 2457 3299 sui

326 3327 525 3374 sustinet
558 3328 884 3394 dispendium.
923 3330 1086 3390 Liam,
1118 3346 1265 3394 quam
1296 3330 1495 3391 duxisti,
1534 3331 1713 3396 gaudes
1749 3348 1850 3380 esse
1882 3332 2172 3380 fecundam:
2205 3333 2290 3381 sed
2324 3333 2459 3381 doles

375 3507 383 3524 ¹
412 3508 550 3548 Cautio„
570 3519 643 3553 cap.
666 3521 698 3552 v,
719 3523 749 3545 v.
768 3512 801 3546 6.
