2970 4152
461 410 555 455 242
1042 404 1210 450 PETRI
1248 404 1562 451 ABAELARDI
1597 406 1670 451 ΕΤ
1705 405 2005 452 HELOlSSAE

459 501 579 549 Audi
611 500 872 547 Dominum
910 497 1179 545 dicentem¹
1216 517 1225 545 :
1261 518 1285 544 «
1308 502 1387 546 Vae
1418 498 1578 560 vobis,
1612 500 1774 547 scribae
1800 511 1846 547 et
1873 499 2115 565 pharisaei,
2145 499 2374 563 quoniam
2409 498 2577 545 tulistis

458 583 638 630 clavem
687 580 921 639 scientiae,
963 596 1063 626 non
1101 580 1191 644 ipsi
1222 581 1481 642 introistis,
1514 599 1670 647 neque
1710 581 1923 628 volentes
1958 581 2298 646 permisistis.»
2332 583 2428 627 Nos
2461 597 2575 627 vero

458 678 704 727 nunquam
729 677 966 707 cessemus
990 670 1161 725 puteos
1189 677 1323 725 aquae
1347 662 1463 709 vivae
1491 654 1719 709 fodiendo
1741 698 1752 721 ,
1782 672 1827 708 et
1850 678 1979 707 nunc
2011 660 2207 725 quidem
2235 670 2390 707 vetera
2407 697 2419 719 ,
2448 677 2578 707 nunc

457 744 597 790 etiam
623 758 749 788 nova
773 740 1099 800 discutiendo,
1141 740 1402 788 efficiamur
1430 742 1604 789 similes
1638 742 1704 789 illi
1731 741 2004 806 evangelico
2035 740 2227 801 scribae,
2264 740 2325 787 de
2354 757 2451 804 quo
2481 743 2578 787 Do-

457 824 613 869 minus
632 821 774 868 dixit²
797 840 807 868 z
829 841 851 865 «
876 821 970 878 Qui
988 821 1168 886 profert
1186 821 1246 869 de
1264 822 1487 869 thesauro
1510 840 1597 869 suo
1619 840 1744 870 nova
1764 833 1809 870 et
1827 833 2000 869 vetera.
2023 841 2046 867 »
2068 825 2187 869 Item
2203 824 2218 847 ⁸
2236 840 2245 868 :
2274 842 2296 867 «
2315 821 2579 868 Redeamus

454 903 515 949 ad
540 905 698 961 lsaac,
734 911 780 948 et
805 900 1040 948 fodiamus
1070 918 1181 948 cum
1207 902 1310 967 ipso
1337 913 1506 967 puteos
1531 919 1664 966 aquae
1683 904 1798 950 vivae
1815 939 1827 963 ,
1858 903 2000 950 etiam
2016 903 2053 949 si
2073 902 2309 950 obsistunt
2326 900 2574 960 philistini,

454 984 595 1029 etiam
632 969 678 1028 si·
695 982 929 1039 rixantur,
967 997 1055 1027 nos
1088 991 1246 1028 tamen
1281 999 1640 1046 perseveremus
1675 1000 1784 1030 cum
1823 984 1926 1049 ipso
1956 993 2128 1049 puteos
2155 982 2415 1041 fodiendO,
2450 990 2503 1028 ut
2532 991 2579 1028 et

452 1062 589 1110 nobis
620 1062 865 1110 dicatur&
897 1062 1055 1109 «Bibe
1088 1079 1262 1126 aquam
1286 1062 1346 1109 de
1375 1064 1463 1109 tuis
1495 1065 1644 1123 vasis,
1688 1074 1734 1110 et
1762 1064 1822 1111 de
1857 1065 1948 1111 tuis
1980 1064 2152 1129 puteis.
2191 1083 2213 1109 υ
2251 1067 2307 1110 Et
2341 1063 2578 1109 intantum

452 1143 714 1202 fodiamus,
750 1152 800 1188 ut
829 1141 1219 1206 superabundent
1240 1159 1373 1206 aquae
1401 1143 1530 1207 putei
1559 1143 1607 1189 in
1638 1143 1804 1208 plateis
1833 1145 2005 1190 nostris
2023 1180 2035 1204 ,
2066 1153 2116 1190 ut
2142 1154 2246 1190 non·
2267 1143 2422 1190 solum
2439 1141 2579 1188 nobis

450 1222 650 1270 sufficiat
675 1222 869 1269 scientia
894 1222 1245 1286 Scripturarum
1263 1259 1275 1283 ,
1308 1222 1392 1269 sed
1417 1233 1461 1269 et
1487 1223 1604 1270 alios
1635 1223 1894 1271 doceamus
1929 1235 1975 1272 et
1999 1225 2290 1271 instruamus
2317 1234 2368 1270 ut
2392 1222 2574 1270 bibant.

452 1305 680 1351 Homines
716 1302 884 1350 bibant
910 1313 956 1350 et
985 1320 1161 1367 pecora
1181 1339 1193 1363 ,
1236 1304 1348 1367 quia
1388 1314 1434 1350 et
1468 1304 1705 1369 Propheta
1736 1305 1880 1352 dicit-'¹
1917 1324 1929 1351 ε
1972 1306 2249 1352 «Homines
2281 1314 2328 1351 et
2362 1305 2581 1368 jumenta

454 1405 475 1427 «
507 1384 660 1431 salvos
679 1384 819 1431 facies
837 1420 849 1443 ,
878 1384 1100 1430 Domine.
1130 1403 1152 1428 υ
1180 1387 1237 1431 Et
1262 1394 1371 1449 post
1396 1384 1581 1448 aliqua⁶
1604 1403 1613 1431 :
1649 1404 1672 1429 «
1693 1386 1786 1442 Qui
1807 1386 2079 1433 Philistinus
2099 1396 2196 1445 est,
2220 1405 2241 1430 »
2271 1386 2453 1449 inquit,
2486 1406 2508 1430 «
2534 1395 2580 1432 et

452 1476 637 1512 terrena
663 1466 809 1530 sapit,
850 1465 999 1511 nescit
1020 1465 1069 1511 in
1097 1466 1228 1511 omni
1256 1475 1379 1512 terra
1406 1465 1620 1512 invenire
1645 1482 1848 1529 aquam,
1878 1467 2092 1513 invenire
2125 1465 2455 1513 rationabilem
2480 1482 2581 1513 sen-

450 1563 572 1592 sum.
602 1565 624 1590 υ
657 1545 785 1603 Quid
810 1544 895 1592 tihi
918 1544 1116 1610 prodest
1143 1545 1319 1591 habere
1340 1545 1689 1604 eruditionem,
1722 1555 1768 1592 et
1781 1546 1963 1593 nescire
1988 1563 2043 1593 ea
2069 1546 2171 1592 uti?
2190 1545 2368 1593 habere
2399 1562 2579 1606 seg-mo-

449 1644 589 1684 nem,
629 1636 674 1672 et
706 1626 888 1672 nescire
913 1625 1081 1689 loqui?
1121 1625 1250 1671 Istud
1282 1626 1477 1690 proprie
1503 1643 1766 1690 puerorum
1803 1636 1873 1673 est
1904 1630 2060 1686 Isaac,
2105 1627 2187 1691 qui
2213 1627 2261 1673 in
2294 1627 2428 1673 omni
2456 1635 2581 1674 terra

448 1708 636 1754 fodiunt
661 1717 832 1772 puteos
856 1701 990 1770 aquae
1015 1707 1146 1753 vivae.
1180 1709 1272 1753 Vos
1304 1717 1464 1753 autem
1490 1724 1589 1754 non
1617 1708 1707 1768 sic,
1738 1707 1823 1755 sed
1844 1708 2120 1773 vaniloquio
2146 1710 2336 1774 penitus
2366 1726 2583 1774 superse—

447 1790 639 1849 dentes,
677 1806 974 1853 quaecunque
1002 1788 1218 1836 discendi
1246 1789 1445 1853 gratiam
1472 1801 1694 1837 assecutae
1726 1801 1862 1851 sunt,
1894 1790 1954 1838 de
1979 1791 2035 1837 iis
2061 1808 2166 1856 quae
2193 1791 2255 1838 ad
2285 1794 2442 1838 Deum
2472 1809 2581 1856 per-

445 1871 597 1917 tinent
623 1869 801 1916 erudiri
825 1869 1063 1916 studeant.
1089 1869 1219 1916 Sicut
1243 1869 1303 1916 de
1329 1869 1471 1916 beato
1495 1871 1725 1936 scriptum
1750 1881 1821 1918 est
1846 1872 1949 1918 viro
1969 1872 1983 1895 ⁷
2005 1890 2015 1917 :
2043 1891 2064 1916 «
2088 1871 2181 1919 Sed
2201 1872 2249 1918 in
2266 1871 2368 1936 lege
2389 1871 2582 1919 Domini

448 1951 666 1998 voluntas
691 1951 818 2015 ejuS,
845 1961 891 1998 et
916 1951 966 1997 in
991 1950 1093 2016 lege
1127 1951 1228 2014 ejus
1253 1951 1563 1998 meditabitur
1587 1951 1665 1999 die
1691 1969 1746 1999 ac
1775 1962 1934 2000 nocte.
1962 1972 1984 1997 υ
2013 1953 2158 2017 Cujus
2183 1953 2380 2018 quidem
2406 1952 2583 2000 assidui

447 2032 589 2080 studii
613 2034 661 2079 in
689 2032 792 2097 lege
817 2033 1014 2079 Domini
1038 2049 1143 2097 quae
1171 2043 1397 2097 sequatur
1416 2033 1590 2080 utilitas
1619 2034 1776 2081 statim
1797 2034 2069 2099 adjungitur
2090 2053 2099 2081 ε
2127 2037 2228 2081 «Et
2245 2035 2333 2081 erit
2355 2044 2582 2099 tanquam

444 2099 627 2178 lig¹num
644 2112 778 2177 quod
801 2112 1068 2178 plantatum
1085 2123 1155 2160 est
1169 2130 1304 2160 secus
1323 2113 1552 2160 decursus
1566 2131 1817 2178 aquarum.
1836 2134 1858 2158 υ
1882 2115 2027 2172 Quasi.
2046 2115 2174 2162 enim
2193 2115 2375 2179 lignum
2396 2114 2582 2161 aridum

448 2204 517 2241 est
541 2204 588 2242 et
612 2194 987 2253 infructuosum,
1023 2194 1157 2258 quod
1182 2194 1372 2241 fluentis
1391 2194 1667 2242 divinorum
1686 2195 1989 2259 eloquiorum
2012 2212 2112 2242 non
2131 2196 2365 2260 irrigatur.
2389 2198 2460 2242 De
2479 2196 2582 2259 qui-

450 2275 539 2322 bus
574 2276 804 2340 scriptum
829 2285 900 2322 est
918 2277 932 2300 ⁸
955 2294 964 2321 :
998 2295 1021 2319 «
1044 2275 1260 2321 Flumina
1285 2275 1345 2321 de
1371 2286 1536 2323 ventre
1558 2277 1658 2339 ejus
1684 2276 1834 2323 fluent
1859 2293 1992 2341 aquae
2016 2277 2148 2324 vivae.
2177 2296 2200 2321 n
2235 2280 2344 2323 Haec
2367 2276 2446 2323 illa
2473 2287 2582 2323 sunt

451 2358 657 2415 fluenta,
691 2356 751 2403 de
785 2355 959 2420 quibus
987 2357 1036 2403 in
1061 2355 1202 2403 laude
1232 2357 1395 2421 sponsi
1422 2357 1549 2403 canit
1579 2373 1755 2422 sponsa
1791 2358 1840 2403 in
1876 2357 2070 2404 canticis
2101 2374 2212 2404 eum
2237 2356 2538 2404 describens⁹
2567 2377 2576 2404 :

422 2483 429 2493 ,
456 2458 478 2482 «
502 2437 640 2485 Oculi
659 2438 760 2501 ejus
778 2438 900 2484 sicut
920 2437 1155 2485 columbae
1174 2443 1317 2503 super
1340 2438 1518 2485 rivulos
1543 2455 1775 2502 aquarum
1794 2475 1805 2499 ,
1834 2456 1939 2503 quae
1962 2438 2083 2486 lacte
2108 2449 2218 2486 sunt
2234 2439 2343 2486 lotae
2359 2475 2371 2499 ,
2406 2450 2449 2485 et
2472 2439 2582 2485 resi-

453 2517 567 2564 dent
580 2518 714 2581 juxta
733 2517 912 2564 fluenta
934 2517 1227 2583 plenissima.
1258 2537 1280 2561 υ
1310 2520 1367 2564 Et
1394 2535 1480 2565 vos
1506 2519 1648 2583 igitur
1668 2518 1790 2565 lacte
1808 2519 1916 2566 lotae
1934 2556 1946 2579 ,
1976 2519 2024 2566 id
2052 2529 2120 2566 est
2144 2518 2354 2566 candore
2369 2519 2586 2566 castimo-

454 2599 541 2645 niae
560 2599 763 2646 nitentes
784 2599 917 2662 juxta
938 2599 1039 2646 haec
1064 2600 1245 2647 fluenta
1263 2600 1399 2664 quasi
1421 2599 1656 2646 columbae
1672 2600 1903 2661 residere,
1933 2610 1985 2647 ut
2000 2600 2115 2647 hinc
2132 2601 2370 2666 sapientiae
2387 2599 2584 2647 haustus

452 2689 716 2739 sumentes,
746 2695 846 2726 non
870 2679 1027 2726 solum
1048 2679 1258 2739 discere,
1288 2679 1373 2726 sed
1398 2690 1444 2727 et
1470 2680 1670 2738 docere,
1703 2691 1750 2727 et
1767 2680 1868 2728 aliis
1886 2691 2118 2746 tanquam
2141 2681 2267 2728 oculi
2293 2681 2585 2745 viam‘possi-

453 2761 510 2806 tis
529 2760 780 2807 ostendere
796 2796 809 2819 ,
838 2770 886 2807 et
905 2777 1137 2826 sponsum
1157 2762 1313 2826 ipsum
1338 2777 1438 2807 non
1466 2761 1624 2808 solum
1638 2763 1951 2827 conspicere,
1985 2762 2071 2809 sed
2092 2772 2139 2809 et
2162 2761 2263 2809 aliis
2286 2762 2478 2809 valeatis
2499 2761 2583 2809 de-

453 2840 671 2888 scribere.
710 2843 781 2888 De
807 2840 942 2904 cujus
964 2841 1169 2905 quidem
1195 2841 1420 2905 singulari
1442 2859 1641 2906 sponsa,
1674 2859 1778 2905 quae
1810 2843 1968 2907 ipsum
2003 2859 2116 2889 aure
2142 2842 2301 2889 cordis
2331 2843 2584 2907 concipere

458 2922 654 2980 meruit,
678 2922 908 2986 scriptum
925 2938 1024 2969 esse
1050 2922 1272 2968 novimus
1290 2923 1314 2946 ¹⁰
1339 2939 1348 2968 :
1376 2923 1560 2969 «Maria
1587 2933 1747 2969 autem
1767 2923 2080 2971 conservabat
2103 2924 2267 2970 omnia
2289 2923 2434 2971 verba
2451 2923 2553 2970 haec
2568 2960 2579 2982 ,

458 3002 704 3048 conferens
729 3002 779 3048 in
804 3002 950 3049 corde
976 3019 1081 3049 suo.
1110 3021 1132 3046 υ
1161 3005 1272 3049 Haec
1302 3003 1443 3066 igitur
1468 3004 1644 3050 summi
1668 3003 1812 3051 Verbi
1842 3005 2041 3068 genitrix
2067 3004 2211 3052 verba
2235 3004 2336 3068 ejus
2359 3005 2407 3051 in
2438 3005 2584 3052 corde

460 3081 616 3144 potius
638 3081 819 3129 habens
844 3099 991 3147 quam
1019 3083 1068 3129 in
1094 3099 1178 3130 ore
1195 3119 1207 3143 ,
1235 3083 1338 3148 ipsa
1363 3083 1506 3129 etiam
1530 3083 1779 3148 diligenter
1802 3084 2105 3144 conferebat,
2135 3085 2247 3148 quia
2266 3084 2476 3131 studiose
2496 3084 2586 3131 sin-

459 3159 566 3222 gula
591 3160 898 3223 discutiebat,
934 3173 981 3210 et
1010 3163 1225 3211 invicem*
1241 3162 1330 3210 sibi
1355 3180 1409 3210 ea
1434 3164 1733 3224 conferebat,
1766 3181 1911 3228 quam
1942 3181 2152 3230 congrue
2179 3163 2356 3211 scilicet
2378 3165 2503 3211 inter
2535 3182 2584 3212 se

459 3242 769 3289 convenirent
808 3245 986 3291 omnia.
1017 3247 1222 3292 Noverat
1253 3244 1387 3307 juxta
1424 3245 1701 3309 mysterium
1735 3245 1850 3310 legis
1893 3263 2037 3293 omne
2070 3245 2246 3312 animal
2279 3244 2583 3292 immundum

506 3394 517 3411 ¹
545 3395 638 3435 Luc.,
655 3406 727 3440 cap.
747 3407 800 3436 xi,
817 3407 850 3430 v.
870 3399 925 3430 52.
941 3416 984 3422 -
997 3397 1009 3415 ¹
1025 3398 1152 3439 Matth„
1167 3409 1242 3444 cap.
1257 3411 1335 3441 xm,
1353 3412 1385 3434 v.
1401 3401 1501 3433 52—
1545 3412 1576 3434 v.
1606 3402 1639 3434 2.
1655 3419 1698 3425 -
1716 3401 1729 3418 ⁸
1747 3402 1856 3441 Joan.,
1884 3413 1958 3445 cap.
1984 3413 2027 3435 vu
2041 3427 2050 3442 ‚
2079 3418 2107 3434 v.
2132 3401 2186 3434 38.
2203 3417 2247 3426 —
2261 3399 2274 3417 ⁹
2290 3401 2430 3439 Canac„
2451 3410 2524 3444 cap.
2551 3411 2583 3438 v,

464 3450 476 3466 ³
488 3450 575 3493 Orig.
591 3451 703 3485 homil.
719 3463 790 3494 xm,
804 3453 885 3494 Opp.
900 3455 977 3494 t.ll,
990 3455 1435 3501 p.9't.-—⁴Prov.,cap.V,v.
1448 3458 1498 3490 15.
1546 3469 1575 3491 v.
1596 3460 1647 3491 12.
1664 3476 1706 3483 —
1721 3458 1751 3476 ¹⁰
1766 3459 1860 3500 Luc.,
1881 3470 1955 3502 cap.
1972 3470 2015 3499 11,
2036 3470 2068 3493 v.
2088 3458 2139 3491 19.

463 3506 520 3532 —‘
538 3508 654 3542 Psalm.
671 3520 769 3549 xxxv,
784 3520 815 3542 v.
829 3510 924 3543 7.—⁶
934 3511 1052 3544 Homil.
1066 3523 1142 3551 ¹111.
1160 3524 1194 3555 p.
1207 3513 1324 3546 95.—⁷
1337 3514 1455 3548 Psalm.
1469 3526 1499 3557 1,
