2970 4152
548 413 640 460 424·
1121 410 1290 455 PETRI
1327 408 1646 456 ABAELARD1-.
1674 410 1748 456 ET
1781 409 2082 456 HELOISSAE

546 506 714 553 mulier
741 522 838 552 non
871 514 1051 550 mutato
1082 503 1271 563 habitu,
1307 520 1406 550 non
1438 514 1701 569 praeparato
1744 504 1898 564 cultu,
1935 505 2048 569 ipsis
2078 520 2272 568 quoque
2303 504 2658 568 indignantibus

545 587 769 652 apostolis
788 586 886 631 haec
912 586 959 630 in
986 584 1174 631 Christo
1194 594 1488 632 sacramenta
1512 585 1720 649 peragit,
1743 601 1843 632 non
1873 584 2158 649 praelationis
2190 584 2370 644 officio,
2398 585 2483 632 sed
2514 585 2658 632 devo-

544 669 684 714 tionis
703 670 713 691 ¹
734 666 920 712 merito.
940 667 982 711 O
1002 682 1223 728 magnam
1239 664 1352 712 fidei
1369 666 1686 713 constantiam
1703 665 1713 712 ¹.
1730 682 1760 711 o
1779 664 2142 712 inestimabilem
2161 665 2399 713 charitatis
2414 665 2652 725 ardorem,

543 764 646 811 quae
678 766 700 790 «
725 746 886 792 omnia
913 745 1085 804 credit,
1123 746 1287 792 omnia
1325 755 1503 810 sperat,
1545 747 1708 793 omnia
1743 746 1982 792 sustinet2.
2012 764 2034 789 >1
2068 747 2332 793 Murmurat
2367 745 2659 794 Pharisaeus-⁸

543 827 660 872 dum
693 843 720 872 a
750 825 1011 890 peccatrice
1044 825 1191 889 pedes
1219 825 1448 872 dominici
1479 826 1804 889 inunguntur:
1832 825 2138 889 indignantur
2173 835 2389 890 patenter
2421 825 2654 890 apostoli,

542 906 673 970 quod
695 906 755 952 de
787 906 939 970 capite
968 921 1162 968 quoque
1188 905 1359 952 mulier
1386 905 1752 969 praesumpserit.
1789 908 2059 952 Perseverat
2083 904 2260 969 ubique
2276 904 2514 952 ⁴mulieris
2538 904 2659 952 fides

540 987 762 1045 immota,
792 986 852 1032 de
876 985 1164 1048 benignitate
1180 986 1376 1032 Domini
1400 985 1580 1032 confisa
1597 1021 1609 1044 ,
1639 1001 1728 1031 nec
1753 985 1797 1031 ei
1822 985 1871 1030 in
1899 995 2101 1048 utroque
2126 985 2377 1032 dominicae
2410 1001 2656 1032 commen·

543 1067 747 1114 dationis
779 1067 951 1114 desunt
976 1067 1210 1131 suffragia.
1249 1067 1393 1130 Cujus
1421 1067 1615 1130 quidem
1649 1076 1890 1130 unguenta
1927 1082 2072 1129 quam
2102 1076 2321 1131 accepta,
2349 1082 2495 1130 quam
2531 1076 2659 1130 grata

542 1148 778 1194 Dominus
807 1147 1051 1207 habuerit,
1076 1148 1275 1212 ipsemet
1298 1146 1549 1211 profitetur
1573 1162 1724 1210 quum
1754 1145 1844 1192 sibi
1876 1145 1976 1192 haec
2001 1146 2227 1193 reservari
2259 1145 2506 1210 postulans
2540 1145 2662 1192 indi—

544 1229 706 1290 gnanti
735 1228 865 1275 Judae
899 1229 1071 1275 dixit⁵z
1099 1248 1122 1272 «
1147 1229 1255 1274 Sine
1286 1227 1415 1273 illam
1449 1236 1499 1273 ut
1533 1227 1583 1273 in
1609 1226 1686 1273 die
1721 1226 1972 1291 sepulturae
1997 1241 2113 1272 meae
2138 1235 2291 1273 servet
2314 1225 2447 1273 illud.
2477 1244 2499 1270 »
2528 1229 2593 1273 Ac
2619 1228 2658 1274 si

544 1306 721 1354 diceret
739 1326 749 1354 z
774 1311 840 1354 Ne
868 1307 1065 1372 repellas
1091 1307 1186 1354 hoc
1205 1307 1245 1370 ej
1253 1324 1305 1354 us
1322 1305 1606 1370 obsequium
1623 1322 1651 1352 a
1668 1306 1777 1352 vivo
1791 1342 1804 1364 ,
1832 1322 1893 1352 ne
1912 1304 2180 1352 devotionis
2199 1305 2299 1369 ejus
2317 1305 2657 1353 exhibitionem

542 1387 590 1434 in
617 1388 705 1434 hac
724 1405 918 1452 quoque
944 1406 994 1434 re
1019 1389 1200 1435 auferas
1225 1387 1466 1434 defuncto.
1492 1390 1686 1434 Certum
1704 1387 1882 1452 quippe
1901 1396 1996 1446 est,
2020 1386 2271 1451 sepulturae
2294 1403 2488 1452 quoque
2505 1387 2658 1434 domi-

542 1468 658 1514 nicae
684 1478 868 1515 sanctas
886 1467 1107 1515 mulieres
1133 1478 1346 1514 aromata
1371 1483 1578 1532 parasse.
1614 1466 1758 1523 Quod
1784 1477 1899 1513 tunc
1923 1467 2010 1513 ista
2029 1467 2192 1531 utique
2221 1467 2378 1513 minus
2403 1477 2656 1531 satageret,

541 1550 578 1594 si
612 1566 742 1596 nunc
772 1551 961 1615 repulsa
995 1549 1334 1597 verecundiam
1375 1549 1686 1595 sustinuisset.
1726 1550 1819 1606 Qui
1844 1549 1985 1595 etiam
2018 1549 2153 1611 quasi
2188 1548 2248 1595 de
2288 1558 2418 1595 tanta
2450 1549 2661 1596 mulieris

543 1631 912 1695 praesumptione
939 1631 1181 1695 discipulis
1206 1629 1563 1693 indignantibus
1583 1665 1594 1688 ,
1624 1640 1669 1676 et
1690 1639 1740 1675 ut
1757 1632 1943 1676 Marcus
1968 1629 2185 1675 meminit
2207 1631 2236 1688 ⁶,
2261 1629 2309 1675 in
2329 1645 2436 1676 eam
2460 1628 2661 1677 fremen-

542 1709 693 1769 tibus,
723 1726 874 1773 quum
894 1727 975 1757 eos
994 1711 1251 1756 mitissimis
1276 1710 1485 1773 fregisset
1503 1709 1765 1773 responsis,
1787 1710 1837 1755 in
1856 1718 2042 1756 tantum
2065 1708 2160 1755 hoc
2178 1709 2342 1755 extulit
2354 1705 2658 1770 beneficium,

544 1800 591 1835 ut
609 1791 766 1855 ipsum
785 1791 1040 1854 Evangelio
1066 1790 1374 1838 inserendum
1395 1807 1494 1837 esse
1513 1800 1722 1837 censeret
1741 1825 1752 1849 ,
1782 1799 1829 1836 et
1852 1806 1961 1835 cum
1983 1790 2087 1854 ipso
2105 1790 2281 1854 pariter
2305 1789 2482 1854 ubique
2498 1789 2663 1855 praedi-

543 1872 750 1918 candum
792 1889 892 1919 esse
934 1871 1210 1937 praediceret
1240 1890 1251 1930 ;
1293 1872 1341 1917 in
1378 1871 1660 1918 memoriam
1695 1870 1870 1917 scilicet
1905 1880 1950 1917 et
1992 1870 2183 1916 laudem
2217 1870 2454 1930 mulieris,
2483 1883 2588 1934 quae
2615 1870 2663 1918 id

545 1953 704 1999 fecerit
734 1953 780 1998 in
807 1969 905 2016 quo
931 1969 1029 1998 non
1065 1952 1317 1999 mediocris
1355 1951 1640 2015 arguebatur
1666 1951 2063 2016 praesumptionis.
2098 1950 2243 2008 Quod
2268 1967 2569 2016 nequaquam
2604 1952 2665 1999 de

545 2032 644 2079 aliis
666 2049 1060 2096 quarumcunque
1087 2049 1401 2096 personarum
1426 2031 1667 2095 obsequiis
1693 2031 1972 2077 auctoritate
1995 2030 2236 2077 dominica
2263 2032 2329 2078 sic
2356 2031 2665 2079 commenda-

548 2122 647 2159 tum
690 2129 791 2159 esse
826 2112 1024 2175 legimus
1066 2122 1206 2176 atque
1247 2112 1498 2158 sancitum.
1540 2112 1634 2168 Qui
1670 2111 1809 2157 etiam
1829 2112 1843 2135 ⁷
1867 2109 2020 2158 viduae
2058 2112 2280 2175 pauperis
2315 2111 2664 2176 eleemosynam

548 2192 770 2239 omnibus
795 2192 958 2256 templi
983 2192 1233 2256 praeferens
1259 2190 1579 2238 oblationibus
1599 2227 1609 2250 ,
1645 2207 1789 2254 quam
1815 2200 2007 2255 accepta
2024 2190 2084 2237 sit
2103 2191 2147 2237 ei
2165 2190 2448 2252 feminarum
2472 2191 2664 2239 devotio

548 2271 795 2336 diligenter
815 2272 1038 2319 ostendit.
1075 2276 1223 2318 Ausus
1249 2271 1444 2335 quidem
1474 2281 1543 2318 est
1570 2275 1735 2318 Petrus
1759 2272 1969 2335 seipsum
1997 2281 2044 2318 et
2076 2272 2379 2333 coapostolos
2404 2289 2516 2319 suos
2540 2275 2555 2299 ⁸
2575 2285 2663 2338 pro

546 2352 731 2399 Christo
758 2353 919 2399 omnia
950 2352 1193 2416 reliquisse
1215 2351 1446 2416 profiteri.
1480 2354 1539 2397 Et
1563 2351 1810 2398 Zachaeus⁹
1834 2349 2156 2398 desideratum
2183 2353 2377 2399 Domini
2405 2352 2662 2400 adventum

546 2433 825 2497 suscipiens,
850 2432 1102 2478 dimidium
1122 2432 1364 2478 bonorum
1392 2448 1587 2478 suorum
1608 2430 1898 2496 pauperibus
1926 2430 2137 2495 largitur,
2169 2442 2216 2478 et
2241 2432 2289 2478 in
2315 2432 2662 2498 quadruplum,

545 2514 583 2558 si
608 2513 725 2577 quid
743 2513 1067 2573 defraudavit,
1102 2513 1318 2559 restituit.
1362 2515 1419 2558 Et
1445 2512 1580 2558 multi
1602 2512 1680 2558 alii
1705 2512 1909 2575 majores
1928 2511 1977 2557 in
1995 2511 2184 2559 Christo
2213 2529 2293 2559 seu
2318 2529 2408 2578 pro
2437 2512 2623 2559 Christo
2644 2515 2669 2539 ¹⁰

546 2592 759 2640 fecerunt
781 2610 1039 2659 expensas,
1069 2603 1116 2640 et
1141 2593 1281 2657 longe
1305 2593 1589 2657 pretiosiora
1613 2592 1663 2638 in
1690 2591 1975 2655 obsequium
1998 2591 2286 2638 obtulerunt
2315 2592 2555 2651 divinum,
2590 2593 2664 2639 vel

546 2689 634 2737 pro
659 2673 846 2720 Christo
872 2674 1180 2737 reliquerunt.
1206 2676 1301 2719 Nec
1318 2673 1383 2718 ita
1395 2682 1554 2718 tamen
1578 2671 1829 2718 dominicae
1848 2671 2279 2718 commendationis
2297 2672 2489 2719 laudem
2507 2672 2666 2737 adepti

546 2763 677 2814 sunt,
707 2754 827 2800 sicut
850 2754 1048 2801 feminae.
1073 2756 1288 2810 Quarum
1314 2752 1508 2815 quidem
1534 2751 1726 2799 devotio
1744 2761 1922 2815 quanta
1951 2767 2140 2815 semper
2163 2767 2277 2815 erga
2304 2767 2414 2798 eum
2434 2752 2636 2799 extiterit
2652 2789 2664 2811 ,

546 2835 646 2898 ipse
671 2851 864 2899 quoque
891 2833 1270 2892 dominicaevvitae
1287 2833 1437 2879 exitus
1457 2842 1675 2896 patenter
1705 2831 1927 2877 insinuat.
1958 2834 2040 2877 Hae
2058 2831 2261 2896 quippe,
2292 2832 2397 2896 ipso
2425 2831 2666 2896 apostolo-

547 2931 654 2961 rum
679 2915 893 2979 principe
911 2924 1139 2977 negante,
1166 2922 1213 2959 et
1231 2912 1403 2959 dilecto
1430 2911 1625 2957 Domini
1649 2910 1856 2974 fugiente
1873 2946 1885 2970 ,
1914 2910 1989 2957 vel
2014 2912 2191 2958 caeteris
2227 2911 2450 2977 dispersis
2477 2922 2666 2978 aposto-

548 2993 627 3053 lis,
656 2995 903 3059 intrepidae
919 2994 1252 3060 perstiterunt:
1280 3008 1368 3039 nec
1394 3007 1473 3037 eas
1497 3007 1525 3037 a
1549 2990 1737 3038 Christo
1761 2991 1837 3038 vel
1861 2991 1911 3037 in
1938 2988 2184 3056 passione,
2212 2992 2293 3039 vel
2315 2994 2364 3038 in
2400 3004 2554 3040 morte
2576 2993 2669 3040 fcr-

547 3073 679 3120 mido
699 3074 853 3138 aliqua
868 3111 880 3134 ,
910 3074 984 3121 vel
1002 3073 1269 3138 desperatio
1295 3087 1512 3136 separare
1535 3071 1706 3135 potuit.
1740 3073 1800 3116 Ut
1818 3071 1884 3117 eis
1903 3071 2167 3135 specialiter
2191 3071 2310 3119 illud
2328 3073 2541 3138 Apostoli
2558 3089 2668 3120 con-

548 3170 714 3218 gruere
738 3154 982 3201 videatur11
1002 3172 1011 3200 :
1033 3154 1189 3210 «Quis
1214 3160 1302 3199 nos
1329 3150 1565 3216 separabit
1583 3167 1610 3197 a
1627 3150 1853 3197 charitate
1879 3150 1996 3198 Dei?
2019 3151 2276 3199 Tribulatio
2298 3167 2358 3198 an
2374 3149 2626 3216 angustia?
2640 3173 2663 3198 »

580 3324 603 3373 ‚¹
630 3325 683 3356 Sic
708 3323 803 3356 ACD.
818 3323 1040 3356 -Dilectionis
1059 3323 1123 3356 MS.
1145 3322 1238 3366 Amb.
1255 3341 1278 3353 ,-
1293 3323 1471 3387 Delaqonis
1497 3320 1582 3354 Edd.
1630 3320 1642 3337 ⁰
1665 3321 1896 3354 commilitones
1926 3322 2098 3362 Apostolos·
2126 3320 2219 3354 RMS.
2246 3320 2322 3345 —-‘⁹
2347 3322 2443 3362 Lucs,
2478 3332 2552 3366 cap.
2576 3323 2664 3361 ¹¹1¹.

550 3380 606 3404 μ’
617 3380 808 3418 CorinthJ,
826 3390 900 3423 cap.
916 3391 991 3418 xm,
1008 3391 1045 3421 v.>
1061 3381 1111 3412 10.
1124 3380 1301 3418 -³1,uc‚,
1317 3389 1390 3421 cap.
1404 3389 1465 3416 vn,
1481 3388 1511 3410 v.
1526 3377 1582 3410 39.
1629 3386 1659 3408 v.
1690 3377 1720 3409 8.
1745 3394 1787 3400 -—-
1812 3376 1841 3394 ¹⁰
1861 3377 2017 3411 Inseritur
2043 3387 2106 3410 non
2135 3380 2308 3410 indecoras
2331 3378 2424 3412 RMS.
2441 3392 2490 3403 ¹—
2508 3379 2535 3396 ‘¹
2557 3379 2666 3423 Rom„

549 3454 591 3461 -—·
610 3436 624 3453 ⁴
653 3437 765 3477 Utique
793 3436 858 3468 MS.
890 3435 984 3468 Amb.
1005 3453 1048 3459 -
1068 3435 1080 3452 ⁶
1101 3436 1218 3475 Joan.‚;
1240 3447 1319 3479 cap„
1347 3446 1410 3474 κη,
1430 3445 1462 3467 v.
1490 3436 1522 3467 7.
1545 3451 1586 3458 -·-
1632 3444 1705 3477 cap.
1725 3444 1779 3466 vui
1793 3458 1802 3473 ‚
1822 3444 1852 3466 v.
1872 3435 1926 3466 35.

552 3493 564 3509 ⁶
580 3493 696 3532 Marc„
721 3503 794 3535 cap.
816 3503 881 3532 xiv,
908 3502 934 3523 v⁴
961 3493 991 3523 0.
1014 3510 1049 3515 -
1067 3491 1078 3508 '¹
1095 3492 1209 3533 Marc„
1238 3503 1310 3535 cap.
1336 3503 1402 3531 xn,
1422 3502 1451 3524 v.
1471 3492 1526 3523 43.
1546 3508 1586 3514 —

1345 3624 1385 3652 <²:-
