<?xml version="1.0" encoding="UTF-8"?>
<!DOCTYPE html PUBLIC "-//W3C//DTD XHTML 1.0 Transitional//EN"
    "http://www.w3.org/TR/xhtml1/DTD/xhtml1-transitional.dtd">
<html xmlns="http://www.w3.org/1999/xhtml" xml:lang="en" lang="en">
 <head>
  <title>
</title>
<meta http-equiv="Content-Type" content="text/html;charset=utf-8" />
  <meta name='ocr-system' content='tesseract 3.04.00' />
  <meta name='ocr-capabilities' content='ocr_page ocr_carea ocr_par ocr_line ocrx_word'/>
</head>
<body>
  <div class='ocr_page' id='page_1' title='image "./operahactenusseo01abeluoft_0717.png"; bbox 0 0 2970 4152; ppageno 0'>
   <div class='ocr_carea' id='block_1_1' title="bbox 1332 614 1382 671">
    <p class='ocr_par' dir='ltr' id='par_1_1' title="bbox 1332 614 1382 671">
     <span class='ocr_line' id='line_1_1' title="bbox 1332 614 1382 671; baseline 0.02 -1"><span class='ocrx_word' id='word_1_1' title='bbox 1332 614 1382 671; x_wconf 92' lang='lat' dir='ltr'><strong>I.</strong></span> 
     </span>
    </p>
   </div>
   <div class='ocr_carea' id='block_1_2' title="bbox 773 788 1934 1012">
    <p class='ocr_par' dir='ltr' id='par_1_2' title="bbox 773 788 1934 1012">
     <span class='ocr_line' id='line_1_2' title="bbox 1113 788 1594 859; baseline -0.012 0"><span class='ocrx_word' id='word_1_2' title='bbox 1113 788 1594 859; x_wconf 75' lang='lat' dir='ltr'><strong>EPISTULA</strong></span> 
     </span>
     <span class='ocr_line' id='line_1_3' title="bbox 773 908 1934 1012; baseline -0.007 -1"><span class='ocrx_word' id='word_1_3' title='bbox 773 956 1103 1011; x_wconf 82' lang='lat' dir='ltr'><strong>FULGONIS</strong></span> <span class='ocrx_word' id='word_1_4' title='bbox 1141 918 1414 1009; x_wconf 74' lang='lat' dir='ltr'><strong>Pnlonis</strong></span> <span class='ocrx_word' id='word_1_5' title='bbox 1456 954 1545 1006; x_wconf 83' lang='lat' dir='ltr'><strong>DE</strong></span> <span class='ocrx_word' id='word_1_6' title='bbox 1585 908 1934 1012; x_wconf 63' lang='lat' dir='ltr'><strong>mommo,</strong></span> 
     </span>
    </p>
   </div>
   <div class='ocr_carea' id='block_1_3' title="bbox 991 1098 1715 1149">
    <p class='ocr_par' dir='ltr' id='par_1_3' title="bbox 991 1098 1715 1149">
     <span class='ocr_line' id='line_1_4' title="bbox 991 1098 1715 1149; baseline -0.01 0"><span class='ocrx_word' id='word_1_7' title='bbox 991 1103 1064 1149; x_wconf 84' lang='lat' dir='ltr'><strong>AD</strong></span> <span class='ocrx_word' id='word_1_8' title='bbox 1094 1102 1315 1149; x_wconf 84' lang='lat' dir='ltr'>PETRUM</span> <span class='ocrx_word' id='word_1_9' title='bbox 1345 1098 1715 1147; x_wconf 79' lang='lat' dir='ltr'><strong>ABAELARDUM.</strong></span> 
     </span>
    </p>
   </div>
   <div class='ocr_carea' id='block_1_4' title="bbox 293 1235 2419 1297">
    <p class='ocr_par' dir='ltr' id='par_1_4' title="bbox 293 1235 2419 1297">
     <span class='ocr_line' id='line_1_5' title="bbox 293 1235 2419 1297; baseline -0.003 -17"><span class='ocrx_word' id='word_1_10' title='bbox 293 1242 455 1297; x_wconf 83' lang='lat' dir='ltr'><strong>[Legitur</strong></span> <span class='ocrx_word' id='word_1_11' title='bbox 465 1244 557 1280; x_wconf 84' lang='lat' dir='ltr'><strong>inter</strong></span> <span class='ocrx_word' id='word_1_12' title='bbox 567 1243 686 1292; x_wconf 85' lang='lat' dir='ltr'>Opera</span> <span class='ocrx_word' id='word_1_13' title='bbox 697 1242 874 1279; x_wconf 81' lang='lat' dir='ltr'><strong>Abaelardi</strong></span> <span class='ocrx_word' id='word_1_14' title='bbox 884 1242 979 1278; x_wconf 85' lang='lat' dir='ltr'><strong>edita</strong></span> <span class='ocrx_word' id='word_1_15' title='bbox 990 1242 1035 1277; x_wconf 86' lang='lat' dir='ltr'><strong>ab</strong></span> <span class='ocrx_word' id='word_1_16' title='bbox 1049 1242 1254 1287; x_wconf 81' lang='lat' dir='ltr'><strong>Amboesio,</strong></span> <span class='ocrx_word' id='word_1_17' title='bbox 1270 1255 1310 1289; x_wconf 89' lang='lat' dir='ltr'><strong>p.</strong></span> <span class='ocrx_word' id='word_1_18' title='bbox 1328 1242 1501 1276; x_wconf 72' lang='lat'><strong>217-223.</strong></span> <span class='ocrx_word' id='word_1_19' title='bbox 1517 1240 1574 1276; x_wconf 88' lang='lat' dir='ltr'><strong>Cf.</strong></span> <span class='ocrx_word' id='word_1_20' title='bbox 1589 1240 1679 1273; x_wconf 81' lang='lat' dir='ltr'><strong>Hist.</strong></span> <span class='ocrx_word' id='word_1_21' title='bbox 1693 1238 1760 1274; x_wconf 78' lang='lat' dir='ltr'><strong>litt.</strong></span> <span class='ocrx_word' id='word_1_22' title='bbox 1775 1236 1817 1271; x_wconf 82' lang='lat' dir='ltr'><strong>de</strong></span> <span class='ocrx_word' id='word_1_23' title='bbox 1832 1236 1866 1270; x_wconf 86' lang='lat' dir='ltr'><strong>la</strong></span> <span class='ocrx_word' id='word_1_24' title='bbox 1882 1240 2021 1277; x_wconf 82' lang='lat' dir='ltr'><strong>ance,</strong></span> <span class='ocrx_word' id='word_1_25' title='bbox 2038 1244 2065 1271; x_wconf 84' lang='lat' dir='ltr'><strong>t.</strong></span> <span class='ocrx_word' id='word_1_26' title='bbox 2080 1235 2168 1280; x_wconf 85' lang='grc' dir='ltr'><strong>ΧΙῘ,</strong></span> <span class='ocrx_word' id='word_1_27' title='bbox 2185 1249 2224 1284; x_wconf 88' lang='lat' dir='ltr'><strong>p.</strong></span> <span class='ocrx_word' id='word_1_28' title='bbox 2238 1237 2386 1273; x_wconf 75' lang='lat'>249-251</span> <span class='ocrx_word' id='word_1_29' title='bbox 2397 1237 2419 1287; x_wconf 78' lang='grc'><strong>.]</strong></span> 
     </span>
    </p>
   </div>
   <div class='ocr_carea' id='block_1_5' title="bbox 422 1567 2282 1625">
    <p class='ocr_par' dir='ltr' id='par_1_5' title="bbox 422 1567 2282 1625">
     <span class='ocr_line' id='line_1_6' title="bbox 422 1567 2282 1625; baseline -0.003 -10"><span class='ocrx_word' id='word_1_30' title='bbox 422 1575 548 1615; x_wconf 83' lang='lat' dir='ltr'><strong>Petro</strong></span> <span class='ocrx_word' id='word_1_31' title='bbox 563 1574 649 1614; x_wconf 86' lang='lat' dir='ltr'><strong>Deo</strong></span> <span class='ocrx_word' id='word_1_32' title='bbox 666 1575 825 1625; x_wconf 74' lang='lat' dir='ltr'><strong>qratias</strong></span> <span class='ocrx_word' id='word_1_33' title='bbox 846 1573 1053 1614; x_wconf 78' lang='lat' dir='ltr'><strong>cucullato</strong></span> <span class='ocrx_word' id='word_1_34' title='bbox 1066 1571 1204 1625; x_wconf 85' lang='lat' dir='ltr'><strong>frater</strong></span> <span class='ocrx_word' id='word_1_35' title='bbox 1223 1571 1350 1612; x_wconf 84' lang='lat' dir='ltr'><em>Fuloo</em></span> <span class='ocrx_word' id='word_1_36' title='bbox 1369 1572 1465 1611; x_wconf 79' lang='lat' dir='ltr'><strong>vitae</strong></span> <span class='ocrx_word' id='word_1_37' title='bbox 1486 1571 1801 1611; x_wconf 78' lang='lat' dir='ltr'><em>consolationem</em></span> <span class='ocrx_word' id='word_1_38' title='bbox 1816 1571 2032 1623; x_wconf 73' lang='lat' dir='ltr'><strong>praesentis</strong></span> <span class='ocrx_word' id='word_1_39' title='bbox 2056 1573 2096 1610; x_wconf 81' lang='lat' dir='ltr'><strong>et</strong></span> <span class='ocrx_word' id='word_1_40' title='bbox 2109 1567 2282 1621; x_wconf 79' lang='lat' dir='ltr'><strong>futurae.</strong></span> 
     </span>
    </p>
   </div>
   <div class='ocr_carea' id='block_1_6' title="bbox 291 1691 2427 3448">
    <p class='ocr_par' dir='ltr' id='par_1_6' title="bbox 291 1691 2427 3448">
     <span class='ocr_line' id='line_1_7' title="bbox 357 1691 2421 1758; baseline -0.001 -18"><span class='ocrx_word' id='word_1_41' title='bbox 357 1693 589 1742; x_wconf 62' lang='lat' dir='ltr'><strong>Saecularis</strong></span> <span class='ocrx_word' id='word_1_42' title='bbox 611 1694 714 1741; x_wconf 87' lang='lat' dir='ltr'><strong>vitae</strong></span> <span class='ocrx_word' id='word_1_43' title='bbox 737 1693 937 1758; x_wconf 90' lang='lat' dir='ltr'><strong>pericula</strong></span> <span class='ocrx_word' id='word_1_44' title='bbox 961 1694 1040 1758; x_wconf 89' lang='lat' dir='ltr'><strong>qui</strong></span> <span class='ocrx_word' id='word_1_45' title='bbox 1065 1694 1162 1740; x_wconf 90' lang='lat' dir='ltr'><strong>sine</strong></span> <span class='ocrx_word' id='word_1_46' title='bbox 1184 1691 1387 1756; x_wconf 89' lang='lat' dir='ltr'><strong>periculo</strong></span> <span class='ocrx_word' id='word_1_47' title='bbox 1409 1709 1455 1739; x_wconf 93' lang='lat' dir='ltr'><strong>se</strong></span> <span class='ocrx_word' id='word_1_48' title='bbox 1482 1702 1613 1755; x_wconf 89' lang='lat' dir='ltr'><strong>putat</strong></span> <span class='ocrx_word' id='word_1_49' title='bbox 1634 1691 1846 1751; x_wconf 87' lang='lat' dir='ltr'><strong>evadere,</strong></span> <span class='ocrx_word' id='word_1_50' title='bbox 1876 1708 1972 1737; x_wconf 90' lang='lat' dir='ltr'><strong>non</strong></span> <span class='ocrx_word' id='word_1_51' title='bbox 1995 1691 2144 1738; x_wconf 90' lang='lat' dir='ltr'><strong>minus</strong></span> <span class='ocrx_word' id='word_1_52' title='bbox 2168 1691 2280 1737; x_wconf 86' lang='lat' dir='ltr'><strong>mihi</strong></span> <span class='ocrx_word' id='word_1_53' title='bbox 2303 1691 2421 1738; x_wconf 90' lang='lat' dir='ltr'><strong>desi·</strong></span> 
     </span>
     <span class='ocr_line' id='line_1_8' title="bbox 291 1773 2424 1840; baseline -0.002 -17"><span class='ocrx_word' id='word_1_54' title='bbox 291 1792 399 1840; x_wconf 88' lang='lat' dir='ltr'><strong>pere</strong></span> <span class='ocrx_word' id='word_1_55' title='bbox 426 1776 632 1836; x_wconf 84' lang='lat' dir='ltr'><strong>videtur,</strong></span> <span class='ocrx_word' id='word_1_56' title='bbox 668 1792 832 1840; x_wconf 91' lang='lat' dir='ltr'><strong>quam,</strong></span> <span class='ocrx_word' id='word_1_57' title='bbox 864 1776 901 1822; x_wconf 90' lang='lat' dir='ltr'><strong>si</strong></span> <span class='ocrx_word' id='word_1_58' title='bbox 930 1793 1071 1839; x_wconf 91' lang='lat' dir='ltr'><strong>quum</strong></span> <span class='ocrx_word' id='word_1_59' title='bbox 1097 1775 1338 1838; x_wconf 88' lang='lat' dir='ltr'><strong>insipiens,</strong></span> <span class='ocrx_word' id='word_1_60' title='bbox 1368 1774 1593 1838; x_wconf 86' lang='lat' dir='ltr'>quispiam</span> <span class='ocrx_word' id='word_1_61' title='bbox 1622 1791 1668 1820; x_wconf 94' lang='lat' dir='ltr'><strong>se</strong></span> <span class='ocrx_word' id='word_1_62' title='bbox 1690 1773 1913 1820; x_wconf 81' lang='lat' dir='ltr'><strong>existimat</strong></span> <span class='ocrx_word' id='word_1_63' title='bbox 1941 1773 2205 1837; x_wconf 85' lang='lat' dir='ltr'><strong>sapientem.</strong></span> <span class='ocrx_word' id='word_1_64' title='bbox 2239 1773 2424 1832; x_wconf 89' lang='lat' dir='ltr'><strong>Quanto</strong></span> 
     </span>
     <span class='ocr_line' id='line_1_9' title="bbox 291 1852 2425 1920; baseline -0.001 -17"><span class='ocrx_word' id='word_1_65' title='bbox 291 1857 448 1920; x_wconf 87' lang='lat' dir='ltr'><strong>utique</strong></span> <span class='ocrx_word' id='word_1_66' title='bbox 471 1855 728 1903; x_wconf 83' lang='lat' dir='ltr'><strong>involvatur</strong></span> <span class='ocrx_word' id='word_1_67' title='bbox 747 1858 905 1903; x_wconf 80' lang='lat' dir='ltr'><strong>errore</strong></span> <span class='ocrx_word' id='word_1_68' title='bbox 924 1855 1125 1903; x_wconf 80' lang='lat' dir='ltr'><strong>stultitiae</strong></span> <span class='ocrx_word' id='word_1_69' title='bbox 1151 1872 1245 1901; x_wconf 92' lang='lat' dir='ltr'><strong>non</strong></span> <span class='ocrx_word' id='word_1_70' title='bbox 1263 1871 1378 1918; x_wconf 91' lang='lat' dir='ltr'><strong>opus</strong></span> <span class='ocrx_word' id='word_1_71' title='bbox 1396 1864 1463 1900; x_wconf 90' lang='lat' dir='ltr'><strong>est</strong></span> <span class='ocrx_word' id='word_1_72' title='bbox 1485 1870 1557 1899; x_wconf 92' lang='lat' dir='ltr'><strong>me</strong></span> <span class='ocrx_word' id='word_1_73' title='bbox 1580 1863 1856 1913; x_wconf 87' lang='lat' dir='ltr'><strong>monstrare,</strong></span> <span class='ocrx_word' id='word_1_74' title='bbox 1881 1870 2022 1917; x_wconf 91' lang='lat' dir='ltr'><strong>quum</strong></span> <span class='ocrx_word' id='word_1_75' title='bbox 2043 1852 2143 1900; x_wconf 92' lang='lat' dir='ltr'><strong>luce</strong></span> <span class='ocrx_word' id='word_1_76' title='bbox 2165 1852 2328 1900; x_wconf 90' lang='lat' dir='ltr'><strong>clarius</strong></span> <span class='ocrx_word' id='word_1_77' title='bbox 2347 1869 2425 1916; x_wconf 83' lang='lat' dir='ltr'><strong>pa-</strong></span> 
     </span>
     <span class='ocr_line' id='line_1_10' title="bbox 291 1931 2424 1999; baseline -0.001 -17"><span class='ocrx_word' id='word_1_78' title='bbox 291 1945 384 1982; x_wconf 86' lang='lat' dir='ltr'><strong>teat</strong></span> <span class='ocrx_word' id='word_1_79' title='bbox 407 1935 615 1998; x_wconf 84' lang='lat' dir='ltr'><strong>sapienti.</strong></span> <span class='ocrx_word' id='word_1_80' title='bbox 650 1938 851 1982; x_wconf 85' lang='lat' dir='ltr'><strong>Fortuna</strong></span> <span class='ocrx_word' id='word_1_81' title='bbox 880 1945 1123 1999; x_wconf 86' lang='lat' dir='ltr'><strong>reguntur,</strong></span> <span class='ocrx_word' id='word_1_82' title='bbox 1150 1935 1228 1998; x_wconf 90' lang='lat' dir='ltr'><strong>qui</strong></span> <span class='ocrx_word' id='word_1_83' title='bbox 1254 1934 1424 1980; x_wconf 86' lang='lat' dir='ltr'><strong>diutius</strong></span> <span class='ocrx_word' id='word_1_84' title='bbox 1452 1934 1537 1980; x_wconf 89' lang='lat' dir='ltr'><strong>sibi</strong></span> <span class='ocrx_word' id='word_1_85' title='bbox 1563 1949 1828 1997; x_wconf 90' lang='lat' dir='ltr'><strong>permanere</strong></span> <span class='ocrx_word' id='word_1_86' title='bbox 1851 1933 1898 1979; x_wconf 94' lang='lat' dir='ltr'><strong>in</strong></span> <span class='ocrx_word' id='word_1_87' title='bbox 1921 1933 2054 1996; x_wconf 90' lang='lat' dir='ltr'><strong>hujus</strong></span> <span class='ocrx_word' id='word_1_88' title='bbox 2077 1931 2300 1979; x_wconf 86' lang='lat' dir='ltr'><strong>felicitatis</strong></span> <span class='ocrx_word' id='word_1_89' title='bbox 2322 1948 2424 1979; x_wconf 91' lang='lat' dir='ltr'><strong>mu-</strong></span> 
     </span>
     <span class='ocr_line' id='line_1_11' title="bbox 292 2015 2426 2079; baseline -0 -17"><span class='ocrx_word' id='word_1_90' title='bbox 292 2015 511 2062; x_wconf 86' lang='lat' dir='ltr'><strong>tabilitate</strong></span> <span class='ocrx_word' id='word_1_91' title='bbox 538 2016 830 2079; x_wconf 88' lang='lat' dir='ltr'><strong>promittunt.</strong></span> <span class='ocrx_word' id='word_1_92' title='bbox 866 2017 1016 2075; x_wconf 89' lang='lat' dir='ltr'><strong>Quam</strong></span> <span class='ocrx_word' id='word_1_93' title='bbox 1039 2017 1097 2062; x_wconf 91' lang='lat' dir='ltr'><strong>sit</strong></span> <span class='ocrx_word' id='word_1_94' title='bbox 1119 2016 1403 2062; x_wconf 89' lang='lat' dir='ltr'><strong>contrarium</strong></span> <span class='ocrx_word' id='word_1_95' title='bbox 1431 2015 1598 2062; x_wconf 86' lang='lat' dir='ltr'><strong>rationi</strong></span> <span class='ocrx_word' id='word_1_96' title='bbox 1621 2015 1709 2062; x_wconf 93' lang='lat' dir='ltr'><strong>hoc</strong></span> <span class='ocrx_word' id='word_1_97' title='bbox 1725 2015 1923 2078; x_wconf 89' lang='lat' dir='ltr'><strong>opinari,</strong></span> <span class='ocrx_word' id='word_1_98' title='bbox 1944 2023 2169 2061; x_wconf 89' lang='lat' dir='ltr'><strong>monstrat</strong></span> <span class='ocrx_word' id='word_1_99' title='bbox 2187 2015 2255 2061; x_wconf 92' lang='lat' dir='ltr'><strong>sui</strong></span> <span class='ocrx_word' id='word_1_100' title='bbox 2279 2025 2426 2061; x_wconf 88' lang='lat' dir='ltr'><strong>muta-</strong></span> 
     </span>
     <span class='ocr_line' id='line_1_12' title="bbox 292 2094 2426 2155; baseline -0 -13"><span class='ocrx_word' id='word_1_101' title='bbox 292 2097 416 2143; x_wconf 88' lang='lat' dir='ltr'><strong>tione</strong></span> <span class='ocrx_word' id='word_1_102' title='bbox 452 2096 590 2142; x_wconf 84' lang='lat' dir='ltr'><strong>infida</strong></span> <span class='ocrx_word' id='word_1_103' title='bbox 623 2095 826 2143; x_wconf 86' lang='lat' dir='ltr'><strong>felicitas.</strong></span> <span class='ocrx_word' id='word_1_104' title='bbox 866 2098 971 2144; x_wconf 90' lang='lat' dir='ltr'><strong>Non</strong></span> <span class='ocrx_word' id='word_1_105' title='bbox 995 2107 1062 2143; x_wconf 90' lang='lat' dir='ltr'><strong>est</strong></span> <span class='ocrx_word' id='word_1_106' title='bbox 1091 2096 1366 2155; x_wconf 89' lang='lat' dir='ltr'><strong>humanum,</strong></span> <span class='ocrx_word' id='word_1_107' title='bbox 1396 2094 1639 2142; x_wconf 87' lang='lat' dir='ltr'><strong>stabilitate</strong></span> <span class='ocrx_word' id='word_1_108' title='bbox 1674 2096 1855 2142; x_wconf 86' lang='lat' dir='ltr'><strong>durare.</strong></span> <span class='ocrx_word' id='word_1_109' title='bbox 1891 2097 1949 2141; x_wconf 89' lang='lat' dir='ltr'><strong>Et</strong></span> <span class='ocrx_word' id='word_1_110' title='bbox 1980 2094 2085 2141; x_wconf 92' lang='lat' dir='ltr'><strong>licet</strong></span> <span class='ocrx_word' id='word_1_111' title='bbox 2116 2111 2186 2141; x_wconf 91' lang='lat' dir='ltr'><strong>res</strong></span> <span class='ocrx_word' id='word_1_112' title='bbox 2216 2095 2426 2142; x_wconf 82' lang='lat' dir='ltr'><strong>humanae</strong></span> 
     </span>
     <span class='ocr_line' id='line_1_13' title="bbox 291 2175 2427 2240; baseline 0 -18"><span class='ocrx_word' id='word_1_113' title='bbox 291 2176 495 2240; x_wconf 88' lang='lat' dir='ltr'><strong>quotidie</strong></span> <span class='ocrx_word' id='word_1_114' title='bbox 519 2177 567 2222; x_wconf 92' lang='lat' dir='ltr'><strong>in</strong></span> <span class='ocrx_word' id='word_1_115' title='bbox 589 2177 815 2223; x_wconf 87' lang='lat' dir='ltr'><strong>deteriora</strong></span> <span class='ocrx_word' id='word_1_116' title='bbox 839 2175 1072 2236; x_wconf 84' lang='lat' dir='ltr'><strong>labantur,</strong></span> <span class='ocrx_word' id='word_1_117' title='bbox 1101 2186 1147 2223; x_wconf 91' lang='lat' dir='ltr'><strong>et</strong></span> <span class='ocrx_word' id='word_1_118' title='bbox 1174 2176 1399 2223; x_wconf 85' lang='lat' dir='ltr'><strong>felicitatis</strong></span> <span class='ocrx_word' id='word_1_119' title='bbox 1413 2176 1614 2239; x_wconf 89' lang='lat' dir='ltr'><strong>jocunda</strong></span> <span class='ocrx_word' id='word_1_120' title='bbox 1629 2176 1804 2223; x_wconf 88' lang='lat' dir='ltr'><strong>vanitas</strong></span> <span class='ocrx_word' id='word_1_121' title='bbox 1826 2176 2088 2239; x_wconf 87' lang='lat' dir='ltr'><strong>frequenter</strong></span> <span class='ocrx_word' id='word_1_122' title='bbox 2107 2175 2297 2222; x_wconf 91' lang='lat' dir='ltr'><strong>feriatur</strong></span> <span class='ocrx_word' id='word_1_123' title='bbox 2318 2193 2427 2222; x_wconf 91' lang='lat' dir='ltr'><strong>con-</strong></span> 
     </span>
     <span class='ocr_line' id='line_1_14' title="bbox 292 2255 2425 2320; baseline -0 -17"><span class='ocrx_word' id='word_1_124' title='bbox 292 2258 443 2303; x_wconf 86' lang='lat' dir='ltr'><strong>trariis</strong></span> <span class='ocrx_word' id='word_1_125' title='bbox 470 2274 480 2302; x_wconf 91' lang='lat'>:</span> <span class='ocrx_word' id='word_1_126' title='bbox 510 2257 718 2303; x_wconf 89' lang='lat' dir='ltr'><strong>homines</strong></span> <span class='ocrx_word' id='word_1_127' title='bbox 745 2267 896 2303; x_wconf 91' lang='lat' dir='ltr'><strong>tamen</strong></span> <span class='ocrx_word' id='word_1_128' title='bbox 925 2257 1076 2304; x_wconf 89' lang='lat' dir='ltr'><strong>miseri</strong></span> <span class='ocrx_word' id='word_1_129' title='bbox 1101 2257 1235 2319; x_wconf 91' lang='lat' dir='ltr'><strong>hujus</strong></span> <span class='ocrx_word' id='word_1_130' title='bbox 1262 2257 1479 2320; x_wconf 90' lang='lat' dir='ltr'><strong>temporis</strong></span> <span class='ocrx_word' id='word_1_131' title='bbox 1503 2256 1743 2304; x_wconf 87' lang='lat' dir='ltr'><strong>familiares</strong></span> <span class='ocrx_word' id='word_1_132' title='bbox 1765 2266 1811 2303; x_wconf 87' lang='lat' dir='ltr'><strong>et</strong></span> <span class='ocrx_word' id='word_1_133' title='bbox 1831 2256 2088 2303; x_wconf 90' lang='lat' dir='ltr'><strong>amicissimi</strong></span> <span class='ocrx_word' id='word_1_134' title='bbox 2110 2255 2248 2302; x_wconf 91' lang='lat' dir='ltr'><strong>finem</strong></span> <span class='ocrx_word' id='word_1_135' title='bbox 2273 2273 2425 2302; x_wconf 87' lang='lat' dir='ltr'><strong>rerum</strong></span> 
     </span>
     <span class='ocr_line' id='line_1_15' title="bbox 292 2335 2425 2400; baseline -0.001 -16"><span class='ocrx_word' id='word_1_136' title='bbox 292 2336 526 2384; x_wconf 87' lang='lat' dir='ltr'><strong>attendere</strong></span> <span class='ocrx_word' id='word_1_137' title='bbox 561 2336 819 2400; x_wconf 85' lang='lat' dir='ltr'><strong>negligunt,</strong></span> <span class='ocrx_word' id='word_1_138' title='bbox 851 2348 896 2383; x_wconf 92' lang='lat' dir='ltr'><strong>et</strong></span> <span class='ocrx_word' id='word_1_139' title='bbox 924 2354 1061 2400; x_wconf 92' lang='lat' dir='ltr'><strong>quam</strong></span> <span class='ocrx_word' id='word_1_140' title='bbox 1084 2337 1238 2384; x_wconf 90' lang='lat' dir='ltr'><strong>multis</strong></span> <span class='ocrx_word' id='word_1_141' title='bbox 1270 2337 1526 2399; x_wconf 89' lang='lat' dir='ltr'><strong>subjaceant</strong></span> <span class='ocrx_word' id='word_1_142' title='bbox 1554 2335 1791 2399; x_wconf 89' lang='lat' dir='ltr'><strong>periculis,</strong></span> <span class='ocrx_word' id='word_1_143' title='bbox 1827 2335 2225 2399; x_wconf 90' lang='lat' dir='ltr'><strong>quantulacunque</strong></span> <span class='ocrx_word' id='word_1_144' title='bbox 2249 2335 2425 2382; x_wconf 90' lang='lat' dir='ltr'><strong>deliniti</strong></span> 
     </span>
     <span class='ocr_line' id='line_1_16' title="bbox 292 2415 2426 2481; baseline 0 -19"><span class='ocrx_word' id='word_1_145' title='bbox 292 2417 593 2481; x_wconf 82' lang='lat' dir='ltr'><strong>prosperitate</strong></span> <span class='ocrx_word' id='word_1_146' title='bbox 612 2416 743 2463; x_wconf 90' lang='lat' dir='ltr'><strong>oculo</strong></span> <span class='ocrx_word' id='word_1_147' title='bbox 762 2417 1059 2480; x_wconf 75' lang='lat' dir='ltr'><strong>providentiae</strong></span> <span class='ocrx_word' id='word_1_148' title='bbox 1077 2418 1344 2464; x_wconf 89' lang='lat' dir='ltr'><strong>metiuntur.</strong></span> <span class='ocrx_word' id='word_1_149' title='bbox 1375 2417 1462 2463; x_wconf 91' lang='lat' dir='ltr'><strong>Sed</strong></span> <span class='ocrx_word' id='word_1_150' title='bbox 1481 2433 1622 2480; x_wconf 91' lang='lat' dir='ltr'><strong>quum</strong></span> <span class='ocrx_word' id='word_1_151' title='bbox 1639 2417 1745 2462; x_wconf 90' lang='lat' dir='ltr'><strong>ferit</strong></span> <span class='ocrx_word' id='word_1_152' title='bbox 1762 2416 2022 2476; x_wconf 85' lang='lat' dir='ltr'><strong>adversitas,</strong></span> <span class='ocrx_word' id='word_1_153' title='bbox 2050 2426 2128 2462; x_wconf 92' lang='lat' dir='ltr'><strong>aut</strong></span> <span class='ocrx_word' id='word_1_154' title='bbox 2151 2416 2200 2462; x_wconf 92' lang='lat' dir='ltr'><strong>in</strong></span> <span class='ocrx_word' id='word_1_155' title='bbox 2217 2415 2426 2479; x_wconf 89' lang='lat' dir='ltr'><strong>despera-</strong></span> 
     </span>
     <span class='ocr_line' id='line_1_17' title="bbox 294 2496 2424 2561; baseline -0 -17"><span class='ocrx_word' id='word_1_156' title='bbox 294 2499 465 2544; x_wconf 88' lang='lat' dir='ltr'><strong>tionem</strong></span> <span class='ocrx_word' id='word_1_157' title='bbox 493 2498 767 2561; x_wconf 84' lang='lat' dir='ltr'><strong>praecipitat,</strong></span> <span class='ocrx_word' id='word_1_158' title='bbox 805 2508 884 2544; x_wconf 91' lang='lat' dir='ltr'><strong>aut</strong></span> <span class='ocrx_word' id='word_1_159' title='bbox 909 2498 966 2544; x_wconf 90' lang='lat' dir='ltr'><strong>ad</strong></span> <span class='ocrx_word' id='word_1_160' title='bbox 999 2498 1197 2545; x_wconf 90' lang='lat' dir='ltr'><strong>fructum</strong></span> <span class='ocrx_word' id='word_1_161' title='bbox 1231 2498 1634 2544; x_wconf 88' lang='lat' dir='ltr'><strong>animadversionis</strong></span> <span class='ocrx_word' id='word_1_162' title='bbox 1663 2496 1828 2557; x_wconf 79' lang='lat' dir='ltr'><strong>elevat3</strong></span> <span class='ocrx_word' id='word_1_163' title='bbox 1865 2507 2064 2543; x_wconf 88' lang='lat' dir='ltr'><strong>attamen</strong></span> <span class='ocrx_word' id='word_1_164' title='bbox 2089 2497 2271 2543; x_wconf 89' lang='lat' dir='ltr'><strong>demum</strong></span> <span class='ocrx_word' id='word_1_165' title='bbox 2301 2498 2424 2561; x_wconf 92' lang='lat' dir='ltr'><strong>quod</strong></span> 
     </span>
     <span class='ocr_line' id='line_1_18' title="bbox 293 2577 2425 2641; baseline 0 -18"><span class='ocrx_word' id='word_1_166' title='bbox 293 2577 499 2623; x_wconf 91' lang='lat' dir='ltr'><strong>homines</strong></span> <span class='ocrx_word' id='word_1_167' title='bbox 522 2577 614 2623; x_wconf 89' lang='lat' dir='ltr'><strong>sint</strong></span> <span class='ocrx_word' id='word_1_168' title='bbox 638 2587 903 2640; x_wconf 85' lang='lat' dir='ltr'><strong>agnoscunt.</strong></span> <span class='ocrx_word' id='word_1_169' title='bbox 932 2578 1192 2641; x_wconf 84' lang='lat' dir='ltr'><strong>Desperatis</strong></span> <span class='ocrx_word' id='word_1_170' title='bbox 1216 2587 1261 2624; x_wconf 90' lang='lat' dir='ltr'><strong>et</strong></span> <span class='ocrx_word' id='word_1_171' title='bbox 1285 2577 1676 2641; x_wconf 84' lang='lat' dir='ltr'><strong>impoenitentibus</strong></span> <span class='ocrx_word' id='word_1_172' title='bbox 1709 2594 1856 2641; x_wconf 92' lang='lat' dir='ltr'><strong>neque</strong></span> <span class='ocrx_word' id='word_1_173' title='bbox 1884 2578 1933 2623; x_wconf 93' lang='lat' dir='ltr'><strong>in</strong></span> <span class='ocrx_word' id='word_1_174' title='bbox 1960 2578 2048 2624; x_wconf 90' lang='lat' dir='ltr'><strong>hoc</strong></span> <span class='ocrx_word' id='word_1_175' title='bbox 2073 2577 2251 2638; x_wconf 87' lang='lat' dir='ltr'><strong>saeculo,</strong></span> <span class='ocrx_word' id='word_1_176' title='bbox 2279 2594 2425 2640; x_wconf 91' lang='lat' dir='ltr'><strong>neque</strong></span> 
     </span>
     <span class='ocr_line' id='line_1_19' title="bbox 293 2658 2426 2723; baseline 0 -20"><span class='ocrx_word' id='word_1_177' title='bbox 293 2658 340 2704; x_wconf 91' lang='lat' dir='ltr'><strong>in</strong></span> <span class='ocrx_word' id='word_1_178' title='bbox 356 2658 512 2705; x_wconf 89' lang='lat' dir='ltr'><strong>futuro</strong></span> <span class='ocrx_word' id='word_1_179' title='bbox 535 2659 810 2704; x_wconf 88' lang='lat' dir='ltr'><strong>remissionis</strong></span> <span class='ocrx_word' id='word_1_180' title='bbox 834 2658 966 2705; x_wconf 89' lang='lat' dir='ltr'><strong>venia</strong></span> <span class='ocrx_word' id='word_1_181' title='bbox 982 2658 1256 2723; x_wconf 89' lang='lat' dir='ltr'><strong>relinquitur</strong></span> <span class='ocrx_word' id='word_1_182' title='bbox 1271 2658 1363 2706; x_wconf 90' lang='lat' dir='ltr'><strong>ulla</strong></span> <span class='ocrx_word' id='word_1_183' title='bbox 1380 2677 1390 2705; x_wconf 73' lang='grc' dir='ltr'><strong><em>ε</em></strong></span> <span class='ocrx_word' id='word_1_184' title='bbox 1412 2670 1643 2723; x_wconf 88' lang='lat' dir='ltr'><strong>sperantes</strong></span> <span class='ocrx_word' id='word_1_185' title='bbox 1659 2669 1811 2705; x_wconf 88' lang='lat' dir='ltr'><strong>autem</strong></span> <span class='ocrx_word' id='word_1_186' title='bbox 1835 2659 1881 2704; x_wconf 90' lang='lat' dir='ltr'><strong>in</strong></span> <span class='ocrx_word' id='word_1_187' title='bbox 1898 2659 2101 2705; x_wconf 92' lang='lat' dir='ltr'><strong>Domino</strong></span> <span class='ocrx_word' id='word_1_188' title='bbox 2117 2658 2426 2705; x_wconf 89' lang='lat' dir='ltr'><strong>misericordia</strong></span> 
     </span>
     <span class='ocr_line' id='line_1_20' title="bbox 293 2738 2425 2803; baseline 0 -19"><span class='ocrx_word' id='word_1_189' title='bbox 293 2738 629 2785; x_wconf 87' lang='lat' dir='ltr'><strong>circumdabit¹.</strong></span> <span class='ocrx_word' id='word_1_190' title='bbox 659 2738 1014 2785; x_wconf 86' lang='lat' dir='ltr'><strong>Affluentissime</strong></span> <span class='ocrx_word' id='word_1_191' title='bbox 1045 2739 1129 2785; x_wconf 89' lang='lat' dir='ltr'><strong>tibi</strong></span> <span class='ocrx_word' id='word_1_192' title='bbox 1161 2739 1297 2802; x_wconf 89' lang='lat' dir='ltr'><strong>paulo</strong></span> <span class='ocrx_word' id='word_1_193' title='bbox 1318 2750 1423 2786; x_wconf 90' lang='lat' dir='ltr'><strong>ante</strong></span> <span class='ocrx_word' id='word_1_194' title='bbox 1445 2740 1604 2786; x_wconf 88' lang='lat' dir='ltr'><strong>mundi</strong></span> <span class='ocrx_word' id='word_1_195' title='bbox 1626 2738 1760 2802; x_wconf 85' lang='lat' dir='ltr'><strong>hujus</strong></span> <span class='ocrx_word' id='word_1_196' title='bbox 1782 2738 1925 2803; x_wconf 88' lang='lat' dir='ltr'><strong>gloria</strong></span> <span class='ocrx_word' id='word_1_197' title='bbox 1942 2738 2283 2799; x_wconf 88' lang='lat' dir='ltr'><strong>blandiebatur,</strong></span> <span class='ocrx_word' id='word_1_198' title='bbox 2312 2749 2358 2785; x_wconf 93' lang='lat' dir='ltr'><strong>et</strong></span> <span class='ocrx_word' id='word_1_199' title='bbox 2381 2750 2425 2786; x_wconf 91' lang='lat' dir='ltr'><strong>te</strong></span> 
     </span>
     <span class='ocr_line' id='line_1_21' title="bbox 293 2819 2422 2867; baseline 0.001 -4"><span class='ocrx_word' id='word_1_200' title='bbox 293 2819 476 2866; x_wconf 89' lang='lat' dir='ltr'><strong>incertis</strong></span> <span class='ocrx_word' id='word_1_201' title='bbox 500 2819 696 2865; x_wconf 88' lang='lat' dir='ltr'><strong>fortunae</strong></span> <span class='ocrx_word' id='word_1_202' title='bbox 721 2819 897 2866; x_wconf 88' lang='lat' dir='ltr'><strong>casibus</strong></span> <span class='ocrx_word' id='word_1_203' title='bbox 919 2836 1012 2866; x_wconf 91' lang='lat' dir='ltr'><strong>esse</strong></span> <span class='ocrx_word' id='word_1_204' title='bbox 1035 2820 1283 2867; x_wconf 86' lang='lat' dir='ltr'><strong>obnoxium</strong></span> <span class='ocrx_word' id='word_1_205' title='bbox 1311 2839 1405 2867; x_wconf 91' lang='lat' dir='ltr'><strong>non</strong></span> <span class='ocrx_word' id='word_1_206' title='bbox 1429 2821 1605 2867; x_wconf 90' lang='lat' dir='ltr'><strong>sinebat</strong></span> <span class='ocrx_word' id='word_1_207' title='bbox 1629 2821 1878 2867; x_wconf 89' lang='lat' dir='ltr'><strong>advertere.</strong></span> <span class='ocrx_word' id='word_1_208' title='bbox 1919 2823 2067 2867; x_wconf 90' lang='lat' dir='ltr'><strong>Roma</strong></span> <span class='ocrx_word' id='word_1_209' title='bbox 2097 2837 2200 2867; x_wconf 90' lang='lat' dir='ltr'><strong>suos</strong></span> <span class='ocrx_word' id='word_1_210' title='bbox 2229 2820 2312 2866; x_wconf 89' lang='lat' dir='ltr'><strong>tibi</strong></span> <span class='ocrx_word' id='word_1_211' title='bbox 2339 2820 2422 2866; x_wconf 92' lang='lat' dir='ltr'><strong>do—</strong></span> 
     </span>
     <span class='ocr_line' id='line_1_22' title="bbox 294 2899 2424 2965; baseline 0.002 -20"><span class='ocrx_word' id='word_1_212' title='bbox 294 2899 461 2946; x_wconf 90' lang='lat' dir='ltr'><strong>cendos</strong></span> <span class='ocrx_word' id='word_1_213' title='bbox 492 2900 826 2947; x_wconf 88' lang='lat' dir='ltr'><strong>transmittebat</strong></span> <span class='ocrx_word' id='word_1_214' title='bbox 854 2900 1091 2948; x_wconf 89' lang='lat' dir='ltr'><strong>alumnos:</strong></span> <span class='ocrx_word' id='word_1_215' title='bbox 1114 2912 1159 2948; x_wconf 85' lang='lat' dir='ltr'><strong>et</strong></span> <span class='ocrx_word' id='word_1_216' title='bbox 1188 2919 1288 2965; x_wconf 84' lang='lat' dir='ltr'><strong>quae</strong></span> <span class='ocrx_word' id='word_1_217' title='bbox 1319 2901 1429 2948; x_wconf 91' lang='lat' dir='ltr'><strong>olim</strong></span> <span class='ocrx_word' id='word_1_218' title='bbox 1458 2902 1661 2949; x_wconf 89' lang='lat' dir='ltr'><strong>omnium</strong></span> <span class='ocrx_word' id='word_1_219' title='bbox 1691 2903 1856 2949; x_wconf 86' lang='lat' dir='ltr'><strong>artium</strong></span> <span class='ocrx_word' id='word_1_220' title='bbox 1885 2903 2117 2949; x_wconf 88' lang='lat' dir='ltr'><strong>scientiam</strong></span> <span class='ocrx_word' id='word_1_221' title='bbox 2142 2902 2424 2949; x_wconf 90' lang='lat' dir='ltr'><strong>auditoribus</strong></span> 
     </span>
     <span class='ocr_line' id='line_1_23' title="bbox 294 2979 2419 3047; baseline 0.001 -21"><span class='ocrx_word' id='word_1_222' title='bbox 294 2979 467 3027; x_wconf 89' lang='lat' dir='ltr'><strong>solebat</strong></span> <span class='ocrx_word' id='word_1_223' title='bbox 500 2981 765 3042; x_wconf 85' lang='lat' dir='ltr'><strong>infundere,</strong></span> <span class='ocrx_word' id='word_1_224' title='bbox 805 2982 1123 3046; x_wconf 89' lang='lat' dir='ltr'><strong>sapientiorem</strong></span> <span class='ocrx_word' id='word_1_225' title='bbox 1158 2993 1202 3030; x_wconf 90' lang='lat' dir='ltr'><strong>te</strong></span> <span class='ocrx_word' id='word_1_226' title='bbox 1229 3000 1275 3030; x_wconf 92' lang='lat' dir='ltr'><strong>se</strong></span> <span class='ocrx_word' id='word_1_227' title='bbox 1307 2984 1508 3047; x_wconf 92' lang='lat' dir='ltr'><strong>sapiente</strong></span> <span class='ocrx_word' id='word_1_228' title='bbox 1547 2983 1816 3031; x_wconf 85' lang='lat' dir='ltr'><strong>transmissis</strong></span> <span class='ocrx_word' id='word_1_229' title='bbox 1845 2983 2092 3030; x_wconf 89' lang='lat' dir='ltr'><strong>scolaribus</strong></span> <span class='ocrx_word' id='word_1_230' title='bbox 2122 2983 2419 3030; x_wconf 89' lang='lat' dir='ltr'><strong>monstrabat.</strong></span> 
     </span>
     <span class='ocr_line' id='line_1_24' title="bbox 293 3059 2425 3125; baseline 0.001 -18"><span class='ocrx_word' id='word_1_231' title='bbox 293 3059 427 3107; x_wconf 88' lang='lat' dir='ltr'><strong>Nulla</strong></span> <span class='ocrx_word' id='word_1_232' title='bbox 451 3070 675 3108; x_wconf 89' lang='lat' dir='ltr'><strong>terrarum</strong></span> <span class='ocrx_word' id='word_1_233' title='bbox 704 3062 870 3125; x_wconf 90' lang='lat' dir='ltr'><strong>spatia,</strong></span> <span class='ocrx_word' id='word_1_234' title='bbox 903 3061 1026 3109; x_wconf 92' lang='lat' dir='ltr'><strong>nulla</strong></span> <span class='ocrx_word' id='word_1_235' title='bbox 1054 3063 1279 3110; x_wconf 90' lang='lat' dir='ltr'><strong>montium</strong></span> <span class='ocrx_word' id='word_1_236' title='bbox 1308 3065 1567 3124; x_wconf 89' lang='lat' dir='ltr'><strong>cacumina,</strong></span> <span class='ocrx_word' id='word_1_237' title='bbox 1601 3063 1724 3111; x_wconf 89' lang='lat' dir='ltr'><strong>nulla</strong></span> <span class='ocrx_word' id='word_1_238' title='bbox 1754 3068 1949 3111; x_wconf 53' lang='lat' dir='ltr'><strong>concaVa</strong></span> <span class='ocrx_word' id='word_1_239' title='bbox 1972 3063 2183 3123; x_wconf 90' lang='lat' dir='ltr'><strong>vallium,</strong></span> <span class='ocrx_word' id='word_1_240' title='bbox 2209 3063 2331 3111; x_wconf 92' lang='lat' dir='ltr'><strong>nulla</strong></span> <span class='ocrx_word' id='word_1_241' title='bbox 2353 3064 2425 3111; x_wconf 89' lang='lat' dir='ltr'><strong>via</strong></span> 
     </span>
     <span class='ocr_line' id='line_1_25' title="bbox 294 3138 2422 3208; baseline 0.002 -23"><span class='ocrx_word' id='word_1_242' title='bbox 294 3138 469 3186; x_wconf 89' lang='lat' dir='ltr'><strong>difficili</strong></span> <span class='ocrx_word' id='word_1_243' title='bbox 491 3139 595 3187; x_wconf 91' lang='lat' dir='ltr'><strong>licet</strong></span> <span class='ocrx_word' id='word_1_244' title='bbox 613 3141 758 3187; x_wconf 89' lang='lat' dir='ltr'><strong>obsita</strong></span> <span class='ocrx_word' id='word_1_245' title='bbox 781 3141 1007 3205; x_wconf 91' lang='lat' dir='ltr'><strong>periculo,</strong></span> <span class='ocrx_word' id='word_1_246' title='bbox 1034 3152 1079 3188; x_wconf 91' lang='lat' dir='ltr'><strong>et</strong></span> <span class='ocrx_word' id='word_1_247' title='bbox 1101 3141 1294 3204; x_wconf 89' lang='lat' dir='ltr'><strong>latrone,</strong></span> <span class='ocrx_word' id='word_1_248' title='bbox 1323 3145 1565 3207; x_wconf 90' lang='lat' dir='ltr'><strong>quominus</strong></span> <span class='ocrx_word' id='word_1_249' title='bbox 1588 3144 1643 3190; x_wconf 88' lang='lat' dir='ltr'><strong>ad</strong></span> <span class='ocrx_word' id='word_1_250' title='bbox 1670 3154 1713 3190; x_wconf 94' lang='lat' dir='ltr'><strong>te</strong></span> <span class='ocrx_word' id='word_1_251' title='bbox 1736 3154 2035 3208; x_wconf 88' lang='lat' dir='ltr'><strong>properarent</strong></span> <span class='ocrx_word' id='word_1_252' title='bbox 2059 3144 2298 3190; x_wconf 88' lang='lat' dir='ltr'><strong>retinebat.</strong></span> <span class='ocrx_word' id='word_1_253' title='bbox 2324 3146 2422 3191; x_wconf 91' lang='lat' dir='ltr'><strong>An·</strong></span> 
     </span>
     <span class='ocr_line' id='line_1_26' title="bbox 295 3219 2417 3289; baseline 0.002 -23"><span class='ocrx_word' id='word_1_254' title='bbox 295 3219 472 3283; x_wconf 83' lang='lat' dir='ltr'><strong>glorum</strong></span> <span class='ocrx_word' id='word_1_255' title='bbox 491 3222 671 3268; x_wconf 91' lang='lat' dir='ltr'><strong>turbam</strong></span> <span class='ocrx_word' id='word_1_256' title='bbox 682 3223 899 3285; x_wconf 90' lang='lat' dir='ltr'><strong>juvenum</strong></span> <span class='ocrx_word' id='word_1_257' title='bbox 918 3240 1040 3270; x_wconf 91' lang='lat' dir='ltr'><strong>mare</strong></span> <span class='ocrx_word' id='word_1_258' title='bbox 1054 3223 1321 3286; x_wconf 86' lang='lat' dir='ltr'><strong>interjacens</strong></span> <span class='ocrx_word' id='word_1_259' title='bbox 1336 3223 1382 3271; x_wconf 87' lang='lat' dir='ltr'><strong>et</strong></span> <span class='ocrx_word' id='word_1_260' title='bbox 1398 3226 1622 3272; x_wconf 87' lang='lat' dir='ltr'><strong>undarum</strong></span> <span class='ocrx_word' id='word_1_261' title='bbox 1640 3224 1836 3289; x_wconf 89' lang='lat' dir='ltr'><strong>procella</strong></span> <span class='ocrx_word' id='word_1_262' title='bbox 1854 3225 2067 3272; x_wconf 90' lang='lat' dir='ltr'><strong>terribilis</strong></span> <span class='ocrx_word' id='word_1_263' title='bbox 2082 3242 2175 3272; x_wconf 91' lang='lat' dir='ltr'><strong>non</strong></span> <span class='ocrx_word' id='word_1_264' title='bbox 2193 3223 2417 3271; x_wconf 89' lang='lat' dir='ltr'><strong>terrebat:</strong></span> 
     </span>
     <span class='ocr_line' id='line_1_27' title="bbox 296 3298 2423 3365; baseline 0.002 -21"><span class='ocrx_word' id='word_1_265' title='bbox 296 3298 373 3345; x_wconf 89' lang='lat' dir='ltr'><strong>sed</strong></span> <span class='ocrx_word' id='word_1_266' title='bbox 389 3300 513 3345; x_wconf 90' lang='lat' dir='ltr'><strong>omni</strong></span> <span class='ocrx_word' id='word_1_267' title='bbox 530 3300 731 3363; x_wconf 90' lang='lat' dir='ltr'><strong>periculo</strong></span> <span class='ocrx_word' id='word_1_268' title='bbox 750 3312 1029 3365; x_wconf 87' lang='lat' dir='ltr'><strong>contempto,</strong></span> <span class='ocrx_word' id='word_1_269' title='bbox 1052 3303 1209 3350; x_wconf 90' lang='lat' dir='ltr'><strong>audito</strong></span> <span class='ocrx_word' id='word_1_270' title='bbox 1225 3314 1306 3350; x_wconf 92' lang='lat' dir='ltr'><strong>tuo</strong></span> <span class='ocrx_word' id='word_1_271' title='bbox 1323 3304 1524 3364; x_wconf 90' lang='lat' dir='ltr'><strong>nomine,</strong></span> <span class='ocrx_word' id='word_1_272' title='bbox 1542 3304 1599 3350; x_wconf 90' lang='lat' dir='ltr'><strong>ad</strong></span> <span class='ocrx_word' id='word_1_273' title='bbox 1616 3314 1660 3351; x_wconf 89' lang='lat' dir='ltr'><strong>te</strong></span> <span class='ocrx_word' id='word_1_274' title='bbox 1681 3305 1952 3352; x_wconf 88' lang='lat' dir='ltr'><strong>confluebat.</strong></span> <span class='ocrx_word' id='word_1_275' title='bbox 1981 3307 2172 3351; x_wconf 89' lang='lat' dir='ltr'><strong>Remota</strong></span> <span class='ocrx_word' id='word_1_276' title='bbox 2190 3304 2423 3351; x_wconf 84' lang='lat' dir='ltr'><strong>Britannia</strong></span> 
     </span>
     <span class='ocr_line' id='line_1_28' title="bbox 297 3377 2424 3448; baseline 0.002 -24"><span class='ocrx_word' id='word_1_277' title='bbox 297 3394 376 3424; x_wconf 88' lang='lat' dir='ltr'><strong>sua</strong></span> <span class='ocrx_word' id='word_1_278' title='bbox 397 3377 606 3426; x_wconf 76' lang='lat' dir='ltr'><strong>&#39;animalia</strong></span> <span class='ocrx_word' id='word_1_279' title='bbox 628 3381 877 3429; x_wconf 89' lang='lat' dir='ltr'><strong>erudienda</strong></span> <span class='ocrx_word' id='word_1_280' title='bbox 898 3382 1167 3430; x_wconf 89' lang='lat' dir='ltr'><strong>destinabat.</strong></span> <span class='ocrx_word' id='word_1_281' title='bbox 1193 3384 1538 3448; x_wconf 87' lang='lat' dir='ltr'><strong>Andegavenses</strong></span> <span class='ocrx_word' id='word_1_282' title='bbox 1561 3401 1719 3431; x_wconf 90' lang='lat' dir='ltr'><strong>eorum</strong></span> <span class='ocrx_word' id='word_1_283' title='bbox 1741 3384 1940 3432; x_wconf 90' lang='lat' dir='ltr'><strong>edomita</strong></span> <span class='ocrx_word' id='word_1_284' title='bbox 1965 3383 2141 3432; x_wconf 89' lang='lat' dir='ltr'><strong>feritate</strong></span> <span class='ocrx_word' id='word_1_285' title='bbox 2170 3384 2253 3431; x_wconf 90' lang='lat' dir='ltr'><strong>tibi</strong></span> <span class='ocrx_word' id='word_1_286' title='bbox 2278 3383 2424 3430; x_wconf 85' lang='lat' dir='ltr'><strong>famu-</strong></span> 
     </span>
    </p>
   </div>
   <div class='ocr_carea' id='block_1_7' title="bbox 342 3479 778 3524">
    <p class='ocr_par' dir='ltr' id='par_1_7' title="bbox 342 3479 778 3524">
     <span class='ocr_line' id='line_1_29' title="bbox 342 3479 778 3524; baseline 0.009 -10"><span class='ocrx_word' id='word_1_287' title='bbox 342 3479 353 3497; x_wconf 88' lang='lat'>¹</span> <span class='ocrx_word' id='word_1_288' title='bbox 377 3479 498 3515; x_wconf 72' lang='lat' dir='ltr'><strong>Psalm.</strong></span> <span class='ocrx_word' id='word_1_289' title='bbox 519 3493 652 3524; x_wconf 84' lang='lat' dir='ltr'><strong>xxxvn,</strong></span> <span class='ocrx_word' id='word_1_290' title='bbox 673 3492 706 3516; x_wconf 89' lang='lat' dir='ltr'><strong>v.</strong></span> <span class='ocrx_word' id='word_1_291' title='bbox 726 3486 778 3518; x_wconf 81' lang='lat'><strong>16.</strong></span> 
     </span>
    </p>
   </div>
  </div>
 </body>
</html>
