2970 4152
30 3429 55 3454 -τ-
28 3202 56 3397 asera-ww·
31 3147 43 3172 ··-

65 3308 73 3314 ³
72 3280 82 3290 u

1188 384 1508 432 EPISTOLAE.
1814 383 1819 385 “
2108 387 2128 391 '
2324 386 2340 430 l
2355 385 2416 432 83

294 478 526 548 Quotiens
556 489 717 525 autem
750 496 875 545 opus
907 491 978 527 est
1009 480 1208 527 consilio
1227 516 1240 540 ,
1285 496 1385 527 non
1426 479 1688 528 differatur.
1723 482 1780 526 Et
1809 479 1849 525 si
1881 478 1942 525 de
1985 477 2128 526 rebus
2169 480 2418 544 praecipuis

294 569 364 607 est
395 559 756 608 deliberandum
777 597 789 621 ,
827 572 1120 610 convocetur
1157 572 1440 610 conventus.
1480 564 1533 607 In
1570 560 1836 608 minoribus
1872 570 2031 623 autem
2079 559 2235 607 rebus.
2263 560 2419 607 discu-

295 640 492 698 tiendis,
519 640 719 689 sufficiet
748 642 1014 690 diaconissa
1042 643 1206 709 paucis
1225 643 1287 690 ad
1305 659 1356 690 se
1381 642 1442 689 de
1463 641 1724 705 majoribus
1748 642 1966 707 personis
1984 641 2273 688 convocatis.
2300 642 2420 687 Scri·

293 718 429 783 ptum
447 736 643 784 quoque
661 731 730 768 est
753 721 814 768 de
839 723 1039 770 consilio
1061 741 1071 769 z
1100 742 1124 769 «
1146 721 1239 770 Ubi
1263 739 1362 769 non
1382 732 1452 769 est
1471 721 1762 786 gubernator
1780 757 1792 781 ,
1821 721 2029 787 populus
2058 722 2251 768 corruit.
2289 720 2421 767 Salus

294 809 470 860 autem,
493 800 575 848 ubi
591 802 739 848 multa
767 803 1002 850 consilia¹.
1027 804 1115 851 Via
1134 803 1261 850 stulti
1282 812 1410 850 recta
1429 803 1478 848 in
1500 802 1650 849 oculis
1669 802 1786 865 ejus.
1812 801 1907 859 Qui
1925 811 2084 848 autem
2103 802 2290 867 sapiens
2310 838 2321 860 ,
2345 818 2422 848 au-

293 879 364 926 dit
386 880 584 945 consilia
600 884 628 928 ².
659 881 768 940 Fili,
794 882 897 929 sine
919 883 1119 930 consilio
1137 883 1257 930 nihil
1273 883 1414 930 facias
1431 918 1443 942 ,
1471 893 1518 930 et
1538 892 1649 948 post
1673 882 1849 929 factum
1874 898 1973 928 non
1999 875 2250 947 poenitebis
2264 884 2292 926 ³.
2320 901 2343 925 υ
2374 882 2421 927 Si

297 958 416 1006 forte
438 950 763 1008 sine‘consilio
789 961 970 1026 aliquid
994 980 1280 1028 prosperum
1297 962 1443 1010 habet
1468 972 1694 1009 eventum
1711 999 1724 1018 ‚
1753 978 1855 1008 non
1879 972 2070 1008 excusat
2086 962 2294 1008 hominis
2313 978 2424 1026 prae·

295 1040 617 1104 sumptionem
641 1040 842 1088 fortunae
866 1041 1171 1090 beneficium.
1195 1044 1277 1090 Sin
1296 1053 1456 1090 autem
1474 1053 1585 1108 post
1602 1042 1856 1089 consilium
1874 1058 2227 1105 nonnunquam
2245 1051 2418 1099 errant,

295 1130 502 1184 potestas
526 1139 631 1187 quae
655 1123 906 1170 consilium
933 1126 1168 1189 quaesivit,
1190 1141 1271 1172 rea
1295 1142 1395 1172 non
1421 1134 1639 1171 teneatur
1662 1123 2060 1189 praesumptionis.
2081 1126 2178 1170 Nec
2202 1133 2299 1169 tam
2322 1122 2422 1170 cul—

295 1201 481 1264 pandus
502 1212 569 1250 est
594 1203 675 1268 qui
700 1203 903 1251 credidit
918 1241 930 1263 ,
959 1221 1104 1269 quam
1130 1204 1304 1270 quibus
1328 1206 1430 1270 ipse
1456 1204 1662 1252 errando
1687 1204 1938 1268 acquievit,

359 1283 565 1345 Egressae
588 1300 702 1330 vero
722 1281 981 1350 capitulum
1001 1285 1055 1331 iis
1077 1285 1250 1349 quibus
1272 1294 1463 1351 oportet
1479 1284 1704 1350 operibus
1727 1282 1979 1331 intendant
1996 1319 2007 1341 ,
2027 1282 2233 1346 legendo
2249 1282 2426 1330 scilicet

294 1359 369 1408 vel
400 1362 669 1422 cantando,
701 1364 797 1411 sive
830 1364 1050 1411 manibus
1085 1364 1334 1430 operando
1375 1381 1526 1429 usque
1561 1363 1624 1411 ad
1649 1364 1854 1411 tertiam.
1897 1365 2009 1409 Post
2045 1362 2231 1409 tertiam
2267 1372 2423 1409 autem

296 1439 436 1487 missa
460 1440 672 1502 dicatur,
704 1443 765 1490 ad
790 1460 936 1508 quam
959 1443 1155 1508 quidem
1191 1443 1529 1492 celebrandam
1566 1460 1689 1491 unus
1719 1460 1775 1490 ex
1802 1442 2053 1490 monachis
2088 1442 2310 1489 sacerdos
2342 1441 2425 1489 he·

296 1519 946 1574 bdomadariusjnstituatur.
982 1528 1139 1582 Quem
1165 1524 1414 1590 profecto⁴
1451 1525 1488 1571 si
1514 1524 1654 1589 copia
1691 1533 1821 1570 tanta
1858 1523 1944 1581 sit,
1985 1539 2095 1569 cum
2134 1521 2339 1569 diacono
2380 1532 2425 1569 et

295 1599 591 1649 subdiacono
618 1604 782 1651 venire
808 1614 1026 1669 oportet,
1055 1605 1136 1669 qui
1163 1606 1206 1652 ei
1227 1604 1359 1669 quod
1382 1604 1703 1652 necessarium
1722 1613 1791 1650 est
1810 1602 2142 1650 administrent
2161 1639 2172 1661 ,
2198 1601 2273 1648 vel
2294 1602 2424 1666 quod

294 1696 436 1727 suum
460 1691 530 1729 est
548 1693 595 1730 et
618 1684 707 1748 ipsi
735 1695 1011 1749 operentur.
1042 1687 1263 1743 Quorum
1288 1702 1503 1733 accessus
1526 1684 1603 1732 vel
1627 1701 1838 1732 recessus
1864 1685 1927 1731 ita
1951 1682 2068 1731 fiant
2085 1720 2096 1742 ,
2127 1694 2179 1731 ut
2203 1700 2424 1730 sororum

293 1763 552 1810 conventui
571 1763 840 1812 nullatenus
865 1775 1074 1830 pateant.
1105 1767 1153 1813 Si
1175 1783 1289 1814 vero
1318 1765 1478 1831 plures
1503 1765 1755 1813 necessarii
1779 1764 1952 1812 fuerint
1972 1801 1984 1824 ,
2012 1775 2059 1812 et
2084 1764 2145 1812 de
2168 1764 2243 1811 his
2268 1754 2427 1829 proiti-

294 1839 509 1888 dendum
535 1843 651 1903 erit,
683 1853 729 1890 et
755 1844 818 1891 ita
845 1861 1050 1910 semper,
1082 1847 1123 1894 si
1148 1846 1248 1893 lieri
1276 1856 1458 1911 potest,
1493 1856 1546 1892 ut
1574 1844 1799 1893 monachi
1827 1854 2025 1910 propter
2049 1845 2215 1892 missas
2240 1845 2425 1891 monia·

295 1918 410 1968 lium
437 1938 687 1987 nunquam
711 1925 968 1972 conventui
993 1942 1081 1972 suo
1099 1926 1147 1973 i'n
1167 1925 1334 1974 officiis
1362 1925 1519 1972 desint
1538 1925 1726 1972 divinis.
1756 1926 1806 1972 Si
1829 1942 1942 1972 vero
1968 1925 2426 1972 communicandum

294 2015 321 2047 a
345 2001 589 2050 sororibus
614 2003 780 2063 fuerit,
809 2004 969 2052 senior
991 2005 1190 2070 eligatur
1226 2005 1478 2068 sacerdos,
1507 2005 1591 2070 qui
1613 2014 1723 2071 post
1746 2005 1939 2052 missam
1965 2021 2043 2052 eas
2069 2005 2422 2062 communicet;

294 2082 491 2145 egressis
515 2082 628 2130 inde
658 2084 790 2149 prius
815 2084 1020 2133 diacono
1049 2095 1097 2133 et
1121 2085 1442 2146 subdiacono,
1474 2095 1673 2151 propter
1697 2084 1959 2133 tollendam
1988 2085 2264 2132 tentationis
2293 2101 2428 2132 occa·

293 2162 497 2211 sionem.
520 2166 607 2210 Ter
625 2181 741 2212 vero
761 2164 822 2212 ad
843 2166 1000 2214 minus
1018 2167 1067 2213 in
1089 2183 1218 2215 anno
1239 2177 1367 2215 totus
1388 2167 1713 2214 communicet
1731 2175 2022 2225 conventuS,
2052 2165 2104 2213 id
2128 2175 2198 2213 est
2217 2165 2397 2213 Pascha
2412 2202 2424 2225 ‚

297 2244 601 2304 Pentecoste,
634 2254 680 2292 et
704 2245 860 2294 natale
897 2247 1121 2306 Domini,
1159 2248 1278 2295 sicut
1312 2263 1341 2294 a
1379 2246 1593 2313 patribus
1629 2257 1700 2295 est
1736 2247 2006 2294 institutum
2040 2246 2102 2294 de
2139 2245 2429 2294 secularibus

294 2323 436 2373 etiam
459 2323 755 2374 hominibus.
788 2327 871 2374 His
898 2337 1057 2375 autem
1084 2327 1509 2375 communionibus
1533 2327 1597 2375 ita
1619 2344 1669 2375 se
1694 2337 1962 2394 praeparent
1988 2337 2038 2375 ut
2064 2328 2201 2375 tertio
2225 2328 2302 2374 die
2320 2338 2429 2375 ante

294 2402 355 2450 ad
382 2404 731 2454 confessionem
761 2417 807 2454 et
831 2423 1094 2472 congruam
1122 2408 1489 2455 satisfactionem
1518 2424 1687 2456 omnes
1714 2408 1973 2467 accedant,
2005 2417 2052 2455 et
2074 2419 2211 2455 terno
2229 2424 2278 2455 se
2294 2409 2430 2472 panis

295 2491 343 2529 et
364 2498 497 2547 aquae
510 2483 693 2547 jejunio
717 2495 766 2532 et
791 2487 1009 2534 oratioue
1035 2486 1271 2551 frequenti
1290 2486 1547 2553 purificent
1564 2503 1676 2534 cum
1693 2487 1826 2535 omni
1842 2486 2108 2535 humilitate
2127 2497 2174 2534 et
2195 2497 2424 2546 tremore;

295 2561 424 2610 illam
450 2564 663 2629 Apostoli
690 2565 949 2614 terribilem
976 2567 1106 2633 apud
1129 2585 1180 2616 se
1203 2577 1510 2615 retractantes
1535 2567 1819 2615 sententiam
1837 2569 1851 2592 ¹⁵
1875 2576 1899 2613 :v
1918 2587 1942 2612 «
1966 2570 2130 2632 ltaque
2145 2602 2158 2627 ,
2182 2586 2206 2612 »
2239 2567 2394 2631 inquit
2412 2603 2424 2626 ,

298 2662 321 2688 «
344 2644 619 2709 quicunque
645 2646 1005 2695 manducaverit
1034 2664 1211 2712 panem
1234 2648 1310 2695 vel
1333 2647 1508 2696 biberit
1532 2647 1729 2696 calicem
1747 2648 1943 2695 Domini
1967 2647 2161 2712 indigue
2177 2683 2190 2706 ,
2215 2664 2323 2695 reus
2342 2647 2430 2694 erit

294 2724 510 2789 corporis
541 2735 588 2772 et
609 2727 850 2790 sanguinis
873 2728 1084 2775 Domini.
1118 2727 1293 2776 Probet
1317 2738 1477 2776 autem
1503 2728 1711 2794 seipsum
1736 2727 1886 2775 homo
1902 2763 1915 2788 ,
1944 2738 1992 2775 et
2014 2729 2082 2775 sic
2106 2727 2167 2775 de
2191 2744 2315 2793 pane
2347 2727 2427 2775 illo

295 2802 434 2865 edat,
469 2815 516 2853 et
542 2805 604 2854 de
643 2806 789 2854 calice
813 2807 963 2855 bibat.
1002 2807 1097 2866 Qui
1133 2809 1263 2856 enim
1290 2808 1549 2857 manducat
1575 2819 1623 2856 et
1656 2808 1778 2856 bibit
1810 2808 2032 2873 indigne,
2068 2808 2305 2872 judicium
2339 2808 2431 2856 sibi

297 2884 554 2932 manducat
576 2895 620 2933 et
646 2885 792 2947 bibit,
824 2904 924 2935 non
953 2887 1221 2952 dijudicans
1249 2905 1424 2954 corpus
1451 2888 1662 2936 Domini.
1694 2888 1809 2936 Ideo
1837 2889 1961 2936 inter
1984 2905 2071 2935 vos
2097 2887 2234 2935 multi
2253 2887 2429 2935 infirmi

296 2974 343 3012 et
360 2964 620 3013 imbecilles
639 3002 652 3026 ,
680 2963 730 3015 ¹et
760 2967 1008 3016 dormiunt
1039 2968 1192 3017 multi.
1223 2969 1369 3028 Quod
1396 2970 1435 3018 si
1459 2970 1778 3035 nosmetipsos
1804 2968 2191 3032 dijudicaremus,
2215 2984 2314 3015 non
2343 2969 2429 3016 uti-

295 3063 389 3111 que
413 3045 802 3111 dijudicaremur.
830 3067 852 3094 n
882 3051 996 3097 Post
1018 3050 1209 3098 missam
1244 3067 1438 3116 quoque
1469 3050 1531 3099 ad
1564 3067 1711 3117 opera
1736 3050 1935 3097 redeant
1960 3066 2109 3114 usque
2132 3049 2193 3097 ad
2218 3059 2396 3097 sextam
2412 3086 2424 3109 ,

296 3136 343 3175 et
368 3127 502 3175 nullo
528 3137 744 3194 tempore
772 3130 926 3178 otiose
949 3131 1142 3190 vivant,
1171 3131 1256 3179 sed
1285 3148 1581 3196 unaquaeque
1606 3131 1654 3178 id
1679 3130 1810 3195 quod
1837 3140 1994 3196 potest
2019 3140 2065 3177 et
2083 3130 2217 3195 quod
2239 3140 2430 3195 oportet

295 3217 535 3272 operetur.
572 3211 683 3256 Post
707 3219 888 3258 sextam
916 3220 1076 3258 autem
1107 3210 1446 3276 prandendum
1474 3221 1572 3271 est,
1607 3211 1697 3259 nisi
1719 3210 1956 3275 jejunium
1974 3210 2128 3259 luerit.
2151 3213 2282 3258 Tunc
2300 3213 2427 3258 enim

342 3421 352 3440 ¹
379 3423 494 3462 Pron„
516 3433 588 3468 cap,
618 3434 660 3465 n,
690 3435 719 3459 v,
746 3426 797 3458 14.
811 3425 1010 3467 —¹Prov.,
1030 3439 1104 3473 cap.
1134 3440 1200 3470 xn,
1225 3440 1257 3463 v.
1288 3431 1339 3462 15.
1357 3447 1394 3453 —-
1415 3429 1428 3447 ⁸
1446 3429 1567 3468 Ecclt..
1597 3437 1671 3472 cap.
1694 3414 1805 3467 xxxii..
1827 3439 1857 3462 v.
1885 3429 1939 3462 2⁴.
1956 3446 1987 3452 -
2005 3427 2018 3444 ⁴
2035 3429 2162 3461 Pramo
2189 3427 2255 3461 MS.
2275 3426 2370 3460 Amb.
2389 3443 2427 3450 ·—

298 3480 312 3498 ⁸
333 3483 476 3517 Corinth.
498 3485 532 3523 I,
551 3494 628 3528 cap.
643 3496 684 3525 n,
704 3495 736 3518 v.
752 3487 791 3519 27
810 3494 844 3520 et
862 3498 912 3532 sq.
