2970 4152
540 389 601 436 56
1268 391 1525 438 ANDREAE
1559 391 1929 451 QUERCETANI

538 484 662 520 Sancti
682 483 782 520 Petri
810 482 896 521 Vivi
915 482 1242 530 chronographus,
1269 483 1332 531 qui
1357 484 1471 520 refert
1488 491 1527 521 et
1553 484 1710 521 alterum
1729 486 1774 522 ab
1797 499 1840 521 eo
1865 493 1956 522 tunc
1985 485 2125 521 Belvaci
2153 485 2378 522 celebratum
2399 488 2511 525 fuisse
2529 490 2654 525 conci—-

535 545 643 581 lium.
664 561 681 578 «
698 547 807 582 Anno
826 544 1022 580 millesimo
1041 544 1242 580 centesimo
1259 545 1438 594 vigesimo
1451 574 1461 591 ,
1478 561 1496 579 n
1515 547 1651 596 inquit,
1674 562 1690 581 «
1707 548 1934 584 celebratum
1949 554 2003 583 est
2018 546 2218 583 concilium
2232 547 2377 584 decimo
2392 550 2525 598 quinto
2539 549 2658 586 calen-

538 607 600 643 das
630 607 840 644 novembris
871 619 889 642 a
919 605 1072 642 domino
1101 606 1256 642 Conone
1290 609 1530 655 praenestino,
1559 609 1681 658 legato
1718 611 1832 646 trium
1861 610 2136 658 provinciarum
2150 638 2160 655 ,
2196 610 2493 658 rothomagensis
2505 639 2514 656 ‚
2542 624 2657 648 seno-

539 671 682 714 nensis,
713 676 749 704 et
776 669 994 704 rhemensis.
1023 667 1080 703 Ad
1106 668 1208 717 quod
1232 669 1432 707 concilium
1453 671 1690 708 Daimbertus
1711 672 2012 720 archiepiscopus
2037 684 2122 708 cum
2146 671 2386 721 suffraganeis
2407 680 2446 709 et
2463 673 2657 710 abbatibus

540 732 688 767 Belvaco
708 731 882 766 invitatus
899 736 966 766 est.
991 745 1008 763 »
1034 731 1160 778 Quare
1181 743 1256 768 non
1273 732 1429 769 dubium
1451 734 1542 783 quin
1561 746 1666 771 error
1682 735 1730 770 sit
1749 735 1788 770 in
1807 734 1943 771 tabulis
1969 735 2188 771 arroasianis
2203 763 2214 782 ,
2234 735 2298 772 ubi
2317 735 2422 771 Cono
2439 736 2503 772 hic
2521 736 2658 772 obiisse

538 794 675 830 dicitur
704 805 802 829 anno
831 794 924 830 4447
939 821 948 838 ,
967 792 988 829 5
1008 792 1060 829 id.
1082 795 1243 843 augusti.
1269 794 1347 831 Nec
1366 796 1489 832 minus
1507 804 1741 845 perspectum
1762 804 1837 843 est,
1858 797 1897 833 id
1916 796 2018 846 quod
2038 797 2166 834 scribit
2183 797 2397 834 Abaelardus
2415 810 2490 834 non
2511 798 2556 834 ad
2577 800 2657 847 pri-

539 868 634 891 mam
651 883 660 899 ,
681 854 743 890 sed
768 855 967 891 secundam
986 855 1065 903 ejus
1087 854 1310 904 legationem
1333 856 1469 893 dehere
1493 858 1637 894 referri.
1663 858 1758 894 Nam
1782 865 1819 894 et
1840 865 1947 894 antea
1967 859 2144 906 praemisit
2161 859 2305 895 obitum
2325 859 2521 896 Guillelmi
2545 860 2656 897 Cam-

538 918 726 966 pellensis,
751 919 815 967 qui
844 917 1042 955 defunctus
1075 926 1131 955 est
1155 932 1252 957 anno
1270 922 1384 965 4449,
1407 927 1444 956 et
1467 920 1577 969 paulo
1593 928 1677 969 post
1704 921 1874 957 meminit
1894 921 2070 958 Gaufridi
2093 923 2320 958 carnotensis
2338 922 2524 971 episcopi,
2545 934 2656 972 quem

538 987 680 1015 constat
696 993 792 1017 anno
809 987 954 1018 tantum
977 981 1173 1019 millesimo
1191 983 1393 1020 centesimo
1411 982 1557 1019 decimo
1575 989 1677 1019 sexto
1693 983 1797 1019 Ivoni
1816 985 2045 1019 successisse.

1351 1082 1447 1117 Nota
1465 1081 1637 1117 XXXIV
1650 1109 1660 1125 ‚
1675 1093 1758 1129 pag.
1778 1084 1836 1119 48.

587 1164 664 1198 Sub
685 1166 832 1200 nomine
854 1165 1003 1200 concilii
1019 1167 1056 1200 in
1076 1168 1330 1202 suessionensi
1349 1169 1508 1203 clvitate.
1532 1188 1580 1195 —
1598 1167 1742 1216 Duplex
1763 1166 1893 1203 eodem
1918 1167 1996 1203 fere
2022 1174 2189 1216 tempore
2216 1166 2416 1203 concilium
2454 1167 2661 1204 Suessionr's

537 1236 777 1265 convocatum
800 1236 877 1275 est,
899 1230 1062 1279 primum
1083 1242 1102 1266 a
1123 1229 1336 1267 Rhainaldo
1354 1231 1633 1281 archiepiscopo
1653 1231 1838 1267 rhemensi
1860 1238 1988 1267 contra
2014 1230 2254 1267 Roscelinum
2273 1242 2371 1267 anno
2388 1216 2501 1276 ⁴065,
2519 1229 2565 1266 de
2584 1219 2659 1280 quo

536 1291 675 1327 mentio
694 1291 734 1327 fit
746 1291 792 1326 ab
807 1292 918 1328 Ivone
933 1292 1043 1341 epist.
1058 1305 1107 1328 vu
1120 1322 1128 1338 ‚
1147 1292 1194 1328 ab
1214 1293 1389 1329 Anselmo
1408 1293 1576 1330 beccensi
1595 1293 1740 1339 abbate,
1760 1295 1856 1343 epist
1876 1293 1922 1329 ad
1935 1293 2136 1330 Fulconem
2157 1293 2407 1330 belvacensem
2427 1293 2655 1341 episcopum,

536 1359 573 1387 et
584 1352 630 1387 ab
644 1351 838 1389 Abaelardo
855 1361 994 1400 nostro,
1012 1354 1166 1403 epistola
1184 1354 1231 1391 ad
1245 1354 1472 1391 Gaufridum
1487 1356 1701 1404 episcopum
1716 1355 1969 1404 parisiensem,
1990 1362 2033 1390 ut
2044 1354 2122 1403 jam
2139 1362 2246 1391 antea
2262 1355 2471 1390 docuimus.
2487 1353 2659 1391 Alterum

537 1415 625 1460 hoc,
649 1428 746 1452 anno
765 1418 856 1455 4420
872 1444 881 1462 ,
902 1417 1119 1466 praesidente
1138 1418 1292 1454 Conone
1311 1417 1407 1454 sedis
1425 1418 1634 1466 apostolicae
1652 1418 1773 1466 legato
1785 1446 1794 1462 ,
1817 1425 1944 1454 contra
1963 1417 2101 1466 praefati
2117 1417 2299 1454 Abaelardi
2318 1417 2456 1453 librum
2470 1416 2517 1452 de
2530 1416 2661 1452 Trini-

536 1484 628 1523 tate,
647 1480 710 1527 qui
735 1486 773 1516 et
791 1479 828 1515 in
848 1491 893 1515 eo
905 1508 914 1524 ,
931 1479 1032 1516 nulla
1050 1480 1118 1516 sibi
1140 1479 1390 1530 respondendi
1410 1480 1584 1517 facultate
1602 1492 1773 1516 concessa
1789 1508 1801 1528 ,
1820 1480 2036 1517 combustus
2051 1486 2118 1516 est.
2135 1479 2181 1515 Id
2197 1480 2298 1515 enim
2311 1491 2428 1528 quum
2447 1477 2661 1516 Abaelardus

536 1542 613 1587 ipse
631 1548 776 1589 postea,
798 1548 879 1578 tum
897 1541 1003 1578 Otho
1025 1542 1272 1590 Frisingensis
1286 1543 1482 1591 episcopus
1498 1543 1626 1578 asserit
1644 1543 1710 1579 lib.
1730 1544 1746 1578 I
1765 1542 1811 1578 de
1832 1543 1920 1578 Reb.
1941 1545 2058 1590 gestis
2076 1541 2269 1577 Frederici
2284 1542 2326 1585 1,
2347 1554 2427 1589 cap.
2457 1551 2551 1576 nvn
2571 1539 2656 1588 [ap.

537 1602 622 1638 dom
643 1603 754 1649 Brial‚
778 1604 913 1652 Script.
929 1617 1002 1641 rer.
1021 1605 1162 1652 gallicu,
1185 1611 1209 1639 t.
1226 1604 1335 1648 XIII,
1355 1617 1391 1652 p.
1411 1602 1525 1654 654]‚
1548 1605 1608 1640 his
1626 1605 1759 1640 verbis:
1785 1620 1803 1637 «
1819 1604 2026 1641 Suessionis
2041 1603 2255 1652 provinciali
2273 1610 2402 1639 contra
2418 1615 2504 1639 eum
2520 1602 2659 1650 synodo

537 1666 605 1702 sub
635 1666 826 1714 praesentia
858 1679 1017 1702 romanae
1048 1666 1144 1702 sedis
1171 1667 1282 1714 legati
1314 1674 1564 1715 congregato,
1595 1668 1641 1703 ab
1667 1668 1829 1715 egregiis
1853 1667 1943 1703 viris
1975 1674 2013 1702 et
2042 1667 2245 1703 nominatis
2271 1667 2458 1715 magistris
2484 1666 2660 1702 Alberico

536 1728 760 1774 Rhemense,
777 1735 814 1764 et
828 1728 1006 1765 Leutaldo
1020 1729 1251 1774 Novariensi,
1273 1728 1502 1765 Sabellianus
1521 1730 1711 1766 hereticus
1722 1729 1931 1777 judicatus,
1953 1729 2068 1765 libros
2084 1742 2178 1779 quos
2193 1728 2363 1765 ediderat
2378 1729 2529 1777 propria
2547 1738 2660 1764 manu

534 1789 579 1825 ab
598 1790 779 1838 episcopis
798 1790 876 1838 igni
896 1790 985 1827 dare
1002 1798 1150 1826 coactus
1172 1797 1246 1837 est,
1266 1790 1368 1827 nulla
1389 1791 1459 1827 sibi
1481 1791 1730 1839 respondendi
1753 1791 1948 1837 facultate,
1968 1804 2012 1827 eo
2031 1790 2133 1840 quod
2155 1790 2385 1839 disceptandi
2405 1790 2445 1826 in
2463 1802 2507 1826 eo
2526 1790 2659 1838 peritia

536 1852 581 1887 ab
606 1852 780 1898 omnibus
801 1859 968 1901 suspecta
991 1852 1219 1899 haberetur,
1239 1865 1424 1889 concessa.
1446 1868 1464 1886 »
1486 1852 1597 1888 Unde
1615 1860 1652 1889 et
1670 1854 1857 1889 succincte
1880 1848 2091 1889 Be’rnardus
2110 1851 2265 1900 epistola
2292 1852 2338 1888 ad
2363 1853 2514 1888 Ivonem
2536 1850 2660 1888 cardi-

535 1915 654 1951 nalem
671 1943 680 1959 ,
709 1914 756 1950 de
779 1914 910 1951 eodem
937 1914 1130 1951 Abaelardo
1151 1927 1158 1947 τ
1182 1930 1198 1947 «
1219 1915 1425 1951 Damnatus
1451 1922 1526 1958 est,
1547 1930 1565 1948 »
1594 1915 1741 1964 inquit,
1768 1905 1793 1948 «²
1806 1914 2003 1952 suessione
2027 1927 2111 1950 cum
2141 1926 2253 1962 opere
2272 1926 2360 1958 suo,
2386 1925 2511 1950 coram
2538 1913 2660 1962 legato

540 1989 698 2012 romanae
717 1976 885 2013 ecclesiae.
909 1992 926 2009 »

1365 2040 1462 2076 Nota
1479 2039 1651 2085 XXXV,
1668 2052 1753 2089 pag.
1775 2043 1835 2078 20.

590 2121 803 2170 Gaufridus
820 2123 1054 2158 carnotensis
1071 2124 1276 2170 episcopus.
1298 2143 1346 2149 —
1364 2122 1524 2158 Nomine
1541 2123 1579 2158 II
1592 2150 1602 2168 ,
1621 2123 1745 2158 lvonis
1769 2133 1956 2158 successor
1971 2149 1980 2167 ,
2004 2122 2285 2172 apostolicaeque
2303 2120 2542 2170 postmodum
2566 2120 2662 2156 sedis

537 2183 750 2233 legatus,de
762 2196 837 2233 quo
849 2183 956 2232 plura
971 2190 1117 2220 sanctus
1134 2184 1358 2232 Bernardus,
1374 2192 1412 2220 et
1428 2185 1493 2233 qui
1511 2185 1624 2220 vitam
1639 2185 1718 2232 ejus
1732 2185 1953 2233 conscripsit
1966 2184 2177 2221 Bernardus
2200 2184 2305 2230 alter,
2331 2184 2441 2220 Bonae
2458 2180 2576 2221 Vallis
2593 2182 2660 2219 ab·

539 2247 616 2283 has.
638 2247 772 2283 Extant
788 2246 900 2282 etiam
918 2245 1059 2295 aliquot
1077 2245 1251 2283 Gausridi
1267 2246 1541 2283 vindocinensis
1559 2246 1700 2283 abbatis
1720 2246 1766 2283 ad
1784 2258 1869 2283 eum
1888 2246 2062 2295 epistolas.

1333 2347 1431 2383 Nota
1458 2347 1653 2394 XXXVI,
1679 2359 1764 2396 pag.
1792 2349 1852 2386 22.

585 2426 678 2462 Inde
695 2429 807 2474 quasi
824 2440 909 2463 reus
926 2434 961 2463 et
977 2429 1167 2464 convictus
1183 2427 1317 2463 abbati
1334 2428 1466 2464 Sancti
1479 2427 1673 2473 Medardi,
1692 2430 1759 2477 qui
1772 2427 1916 2473 aderat,
1936 2426 2159 2464 traditus.-—
2174 2426 2298 2463 Abbas
2315 2427 2346 2462 is
2366 2426 2520 2462 forsitan
2534 2423 2662 2461 Ansel-

536 2500 618 2523 nius
637 2488 698 2523 ille
715 2489 779 2538 qui
800 2488 868 2524 sub
887 2501 1027 2525 annum
1043 2489 1187 2526 Christi
1204 2491 1308 2534 4428,
1326 2489 1439 2525 abbas
1455 2490 1579 2526 Sancti
1595 2490 1788 2527 Vincentii
1809 2488 2081 2534 Laudunensis,
2102 2500 2144 2524 ac
2168 2488 2318 2524 tandem
2337 2499 2435 2524 anno
2453 2487 2565 2531 ⁴⁴45,
2579 2487 2662 2534 epi-

535 2562 667 2599 scopus
680 2552 909 2588 tornacensis
925 2551 1078 2588 effectus
1094 2559 1148 2588 est
1161 2567 1170 2597 ς
1184 2551 1230 2588 de
1249 2565 1325 2601 quo
1338 2553 1415 2600 jam
1435 2565 1502 2589 nos
1520 2553 1690 2601 superius
1702 2566 1746 2589 ex
1759 2553 1926 2588 Historia
1945 2551 2185 2588 laudunensis
2201 2550 2372 2587 ecclesiae.
2391 2548 2659 2587 Monasterium

534 2619 656 2649 autem
676 2613 800 2650 Sancti
820 2613 991 2650 Medardi
1010 2621 1174 2663 coeptum
1193 2622 1249 2651 est
1265 2628 1285 2651 a
1303 2614 1498 2652 Clothario
1518 2615 1557 2660 I,
1574 2627 1663 2664 rege
1680 2615 1910 2651 Francorum
1929 2613 2030 2663 apud
2041 2614 2272 2658 Suessiones,
2290 2620 2328 2649 et
2346 2625 2366 2649 a
2383 2612 2572 2661 Sigiberto
2583 2610 2661 2647 filio

534 2676 613 2721 ejus
633 2676 821 2725 expletum
841 2684 954 2725 atque
980 2677 1248 2725 compositum,
1275 2678 1331 2713 uti
1356 2677 1465 2714 docet
1488 2678 1697 2727 Gregorius
1722 2678 1936 2714 turonensis
1964 2677 2286 2725 archiepiscopus,
2314 2674 2380 2710 lib.
2407 2675 2467 2712 IV
2484 2673 2662 2710 Historiae

536 2738 786 2784 Francorum,
809 2751 889 2788 cap.
908 2752 950 2775 xx
963 2768 972 2781 ,
996 2739 1054 2775 his
1074 2739 1196 2775 verbis
1214 2755 1220 2775 :
1241 2754 1259 2772 α
1272 2740 1458 2788 Tempore
1478 2750 1628 2789 quoque
1645 2740 1829 2777 Clotharii
1847 2740 1960 2788 regiS,
1980 2746 2127 2775 sanctus
2144 2738 2213 2775 Dei
2231 2736 2431 2774 Medardus
2443 2737 2660 2786 episcopus,

537 2809 793 2840 consummato
810 2803 897 2839 boni
914 2803 1038 2851 operis
1058 2815 1170 2839 cursu
1182 2831 1191 2848 ,
1213 2810 1249 2838 ct
1268 2802 1400 2850 plenus
1417 2802 1563 2838 dierum
1575 2832 1583 2846 ‚
1603 2803 1798 2838 sanctitate
1813 2803 2019 2851 praecipuns
2031 2830 2041 2847 ,
2063 2801 2160 2838 diem
2182 2800 2288 2837 obiit.
2306 2801 2429 2847 Quem
2446 2799 2661 2837 Clotharius

540 2877 602 2900 rex
624 2879 708 2901 cum
735 2879 881 2903 summo
900 2867 1045 2902 honore
1062 2866 1161 2914 apud
1180 2866 1393 2903 Suessiones
1420 2867 1607 2903 civitatem
1627 2866 1813 2915 sepelivit,
1832 2873 1869 2902 et
1886 2866 2074 2902 basilicam
2092 2878 2204 2914 super
2218 2862 2305 2901 eum
2325 2864 2507 2900 fabricare
2522 2862 2635 2910 coepit
2648 2890 2658 2906 ,

539 2939 648 2975 quam
673 2936 795 2976 postea
822 2929 1029 2978 Sigibertus
1048 2929 1144 2965 filius
1162 2929 1242 2976 ejus
1259 2929 1418 2977 explevit
1436 2936 1547 2977 atque
1573 2930 1796 2977 composuit.
1815 2945 1831 2962 υ
1853 2929 2058 2978 Refer-tque
2084 2935 2232 2964 sanctus
2260 2928 2469 2975 Gregorius
2495 2924 2661 2975 pontifex

541 2991 743 3037 maximus,
762 2992 834 3028 hoc
857 2993 1123 3028 monasterium
1141 3005 1160 3028 a
1178 2992 1322 3028 Joanne
1342 2992 1420 3036 ΙΙΙ,
1441 2992 1707 3039 praedecessore
1724 3003 1791 3028 suo
1803 3020 1812 3037 ,
1831 2999 1941 3040 caput
1968 2991 2137 3028 omnium
2164 2991 2474 3027 monasteriorum
2493 2994 2530 3025 et
2546 2987 2660 3023 abba-

539 3053 676 3087 tiarum
697 3054 860 3090 Franciae
877 3054 1119 3091 constitutum
1146 3054 1269 3090 fuisse.
1300 3053 1373 3090 Sed
1399 3054 1486 3103 quia
1513 3054 1644 3090 litterae
1667 3054 1805 3102 quibus
1831 3053 1870 3089 id
1895 3055 2085 3098 asseritur,
2114 3052 2218 3089 valde
2246 3059 2421 3101 suspectae
2448 3057 2555 3097 sunt,
2579 3057 2618 3086 et
2639 3062 2658 3085 a

541 3114 666 3150 multis
686 3116 798 3150 etiam
825 3116 990 3152 falsitatis
1014 3124 1239 3165 arguuntur,
1258 3116 1348 3152 libet
1367 3117 1429 3152 hic
1451 3118 1636 3165 integram
1652 3117 1807 3153 Joannis
1824 3117 1878 3152 ΙΙΙ
1900 3117 2205 3153 constitutionem
2222 3115 2425 3162 subjicere3
2445 3123 2659 3162 quanquam

538 3185 574 3212 et
597 3179 672 3226 ipsa
693 3178 979 3227 suppositioniS,
998 3187 1062 3216 aut
1081 3180 1209 3217 saltem
1230 3179 1512 3216 adulterationis
1536 3180 1625 3216 vitio
1653 3192 1727 3216 non
1755 3186 1869 3216 caret.
1896 3179 2070 3216 Meminit
2098 3179 2199 3215 enim
2221 3178 2321 3214 inter
2346 3183 2473 3212 caetera
2497 3175 2660 3212 nominis

538 3240 901 3289 archiepiscoporum
914 3270 923 3286 ‚
942 3243 1044 3291 quod
1060 3250 1146 3279 ante
1163 3244 1288 3292 Pipini
1308 3250 1347 3279 et
1366 3242 1491 3280 Caroli
1513 3243 1637 3290 Magni
1659 3242 1824 3279 seculum
1843 3244 1883 3279 in
1899 3255 1969 3279 usu
1987 3255 2063 3279 non
2079 3242 2165 3278 fuit.
2181 3241 2259 3278 Nec
2276 3240 2391 3289 stylus
2406 3251 2557 3290 quoque
2573 3251 2660 3274 con-

540 3302 670 3337 formis
688 3314 766 3338 esse
784 3302 934 3339 videtur
955 3304 1089 3340 litteris
1109 3305 1318 3353 apostolicis
1334 3305 1433 3341 illius
1452 3304 1577 3341 seculi.
1600 3305 1782 3351 Quinimo
1801 3317 1922 3354 neque
1939 3305 2230 3341 monasticarum
2245 3301 2508 3338 fundationum
2526 3299 2659 3337 confir-

541 3365 720 3400 mationes
738 3377 758 3401 a
774 3365 859 3402 sede
874 3377 1025 3402 romana
1041 3368 1201 3415 requiri,
1223 3379 1344 3416 neque
1361 3367 1447 3403 anni
1467 3366 1661 3403 dominicae
1676 3366 1941 3403 incarnationis
1961 3366 2121 3415 publicis
2138 3364 2396 3402 instrumentis
2412 3363 2567 3412 apponi,
2587 3361 2659 3398 nisi

540 3427 652 3475 longo
676 3434 760 3474 post
779 3435 947 3476 tempore
964 3436 1170 3477 coeperunt,
1191 3430 1245 3465 uti
1265 3429 1373 3466 docet
1392 3429 1528 3466 alicubi
1550 3429 1786 3466 doctissimus
1810 3436 1846 3465 et
1866 3429 2138 3466 illustrissimus
2160 3426 2358 3465 cardinalis
2377 3426 2570 3463 Baronius.
2596 3424 2659 3461 Est

538 3495 659 3524 autem
679 3490 898 3526 constitutio
919 3491 981 3527 illa
1005 3491 1079 3527 sive
1102 3492 1336 3541 privilegium
1356 3493 1508 3530 Joannis
1525 3492 1582 3528 Ill
1596 3491 1801 3539 ejusmodi:
