2970 4152
1170 431 1497 479 SERMONES.
2303 435 2395 481 529

330 705 332 710 ⁸
378 713 455 770 ΙΝ
502 712 628 771 DIE
677 712 935 770 SANCTI
981 688 1445 770 MARCELLINI
1491 709 1706 767 PAPAE
1752 709 1842 767 ET
1888 708 2300 776 MARTYRIS,

537 857 540 858 ⁷
622 870 688 909 AD
717 853 993 910 MONACHOS
1017 868 1456 910 ROTHOMAGENSES
1484 865 1757 914 RELIQUIAS
1785 866 2061 906 HABENTES.

1167 1015 1317 1045 SERMO
1351 1015 1444 1044 XXV
1450 1014 1482 1044 11
1489 1034 1499 1044 .

347 1160 563 1223 Superna
593 1160 768 1224 pietas,
802 1159 969 1206 fratres
984 1197 995 1218 ,
1029 1159 1256 1206 membris
1284 1160 1381 1206 suis
1409 1157 1635 1206 omnibus
1664 1174 1720 1204 ex
1749 1158 2099 1222 omnipotentia
2121 1143 2396 1222 providens,

283 1238 404 1285 sicut
428 1239 630 1286 fortibus
654 1256 681 1287 a
705 1240 1077 1304 praesumptione
1091 1277 1102 1299 ,
1127 1240 1194 1286 sic
1216 1239 1418 1286 infirmis
1445 1238 1668 1304 providet
1691 1255 1719 1285 a
1744 1238 2093 1302 desperatione.
2120 1237 2259 1284 Unde
2282 1248 2329 1284 et
2349 1238 2398 1284 in

283 1327 487 1382 utroque
502 1319 711 1383 seipsum
731 1320 889 1384 primo
912 1320 1208 1366 constituens
1229 1320 1278 1365 in
1293 1319 1563 1383 exemplum
1576 1355 1587 1377 ,
1607 1335 1737 1365 nunc
1759 1319 2142 1383 persecutionem
2157 1317 2402 1365 declinans

282 1412 333 1443 se
354 1396 607 1444 abscondit
624 1435 635 1456 ,
666 1415 798 1444 nunc
826 1398 1062 1463 passionis
1083 1399 1364 1445 imminente
1384 1398 1608 1457 articulo,
1640 1398 1690 1444 in
1719 1407 1909 1444 tantum
1940 1413 2114 1462 pavere
2147 1412 2202 1443 ac
2228 1396 2401 1443 taedere

281 1475 521 1535 scribitur,
545 1487 599 1523 ut
619 1477 669 1524 in
696 1478 869 1541 agonia
894 1478 1069 1537 factus,
1095 1479 1231 1542 quasi
1253 1478 1536 1541 sanguineas
1558 1487 1714 1541 guttas
1735 1495 1825 1542 pro
1848 1477 2024 1524 sudore
2041 1486 2211 1523 contra
2230 1476 2400 1524 huma—

283 1571 396 1603 nam
411 1566 633 1603 naturam
653 1557 888 1604 emitteret
900 1594 911 1616 ,
937 1567 984 1603 et
1006 1558 1174 1621 saepius
1192 1556 1253 1604 ad
1267 1560 1454 1604 Patrem
1476 1573 1637 1616 orans,
1657 1557 1855 1604 calicem
1878 1557 2112 1621 passionis
2134 1572 2162 1602 a
2177 1572 2227 1602 se
2248 1566 2400 1602 trans-

283 1634 376 1693 ire,
408 1635 447 1681 si
474 1635 701 1699 possibile
723 1645 868 1694 esset,
899 1636 1178 1700 postularet.
1214 1637 1308 1694 Qui
1337 1637 1482 1683 etiam
1509 1636 1698 1683 infirma
1726 1636 1943 1683 membra
1965 1636 2014 1682 in
2038 1646 2225 1683 tantum
2247 1645 2402 1683 trans-

283 1713 405 1760 ferre
425 1714 475 1760 in
504 1715 712 1779 seipsum
734 1715 955 1778 dignatus
977 1725 1064 1774 est,
1089 1725 1143 1762 ut
1163 1715 1367 1762 diceret¹
1397 1734 1407 1762 :
1437 1735 1460 1760 «
1489 1718 1624 1762 Nunc
1657 1716 1817 1762 anima
1852 1732 1959 1763 mea
1986 1715 2177 1762 turbata
2209 1724 2296 1761 est.
2344 1718 2402 1761 Et

281 1793 398 1857 quid
427 1793 615 1842 dicam?
661 1798 799 1842 Pater
825 1794 1083 1843 salvivifica
1113 1812 1190 1842 me
1214 1812 1270 1842 ex
1291 1795 1383 1842 hac
1411 1795 1549 1842 hora.
1577 1814 1600 1840 »
1637 1799 1703 1842 Ac
1730 1796 1769 1842 si
1797 1795 1977 1842 diceret
2004 1814 2014 1841 z
2040 1798 2113 1842 Da
2146 1794 2265 1840 mihi
2288 1811 2403 1841 con-

281 1873 505 1921 stantiam
522 1874 572 1920 in
595 1875 834 1939 passione,
859 1892 922 1922 ne
942 1876 1088 1922 timor
1118 1876 1372 1940 praevaleat
1393 1875 1658 1923 infirmitati
1680 1875 1918 1922 humanae.
1946 1878 2128 1934 Quare,
2158 1891 2188 1922 o
2211 1874 2397 1934 fratres,

281 1950 495 1999 Christus
510 1952 680 2000 dixerit
700 1971 894 2001 securus
915 1971 1001 2019 per
1025 1955 1187 2002 omnia
1210 1972 1260 2002 se
1282 1955 1416 2002 nullo
1439 1956 1611 2002 timore
1632 1955 1890 2020 passionis,
1915 1954 2049 2001 nullo
2075 1956 2286 2002 cruciatu
2311 1955 2399 2001 do-

281 2030 394 2078 loris
415 2049 555 2096 posse
576 2034 817 2098 superari?
839 2045 1056 2082 nostram
1076 2035 1262 2100 utique,
1290 2036 1455 2083 fratres
1470 2073 1481 2094 ,
1504 2035 1830 2082 infirmitatem
1845 2035 1919 2082 his
1941 2034 2098 2082 verbis
2122 2034 2402 2082 intendebat

280 2110 545 2171 consolari,
584 2129 685 2159 non
717 2113 926 2178 aliquam
958 2114 1334 2162 imbecillitatem
1371 2131 1517 2180 quam
1551 2114 1751 2162 haberet
1775 2130 2030 2179 exponere.
2066 2113 2212 2161 Nobis
2244 2115 2294 2161 in
2329 2114 2403 2161 his

281 2190 506 2239 omnibus
538 2192 836 2252 consulebat,
863 2211 962 2241 non
997 2194 1089 2241 sibi
1122 2194 1435 2260 providebat,
1468 2212 1529 2241 ne
1564 2194 1686 2242 forte
1721 2195 1761 2241 si
1790 2194 1970 2259 aliquid
2001 2193 2163 2241 fideles
2184 2204 2402 2258 tempore

278 2271 513 2334 passionis
540 2272 835 2337 trepidarent
851 2310 863 2333 ,
898 2284 978 2321 aut
1006 2273 1069 2321 ab
1091 2291 1148 2322 ea
1169 2274 1487 2333 declinarent,
1513 2274 1848 2339 desperatione
1875 2275 2087 2338 percussi
2108 2283 2156 2320 et
2181 2273 2242 2320 de
2263 2273 2401 2320 venia

279 2349 551 2398 diffidentes
572 2352 786 2400 dicerent
803 2370 853 2401 sc
870 2353 932 2401 ad
952 2354 1195 2402 Christum
1217 2355 1417 2402 minime
1441 2355 1698 2419 pertinere.
1723 2357 1902 2401 Contra
1919 2369 2066 2418 quam
2081 2353 2225 2400 etiam
2242 2352 2405 2416 despe-

280 2430 476 2479 rationis
509 2432 699 2496 plagam
732 2450 833 2480 non
861 2434 1020 2480 solum
1052 2434 1244 2481 'l'homae
1279 2434 1658 2493 dubitationem,
1690 2450 1859 2481 verum
1891 2433 2035 2480 etiam
2068 2433 2243 2479 trinam
2278 2433 2403 2479 Petri

280 2511 585 2573 negationem
625 2511 828 2559 infirmis
867 2514 1095 2578 opposuit
1114 2551 1126 2573 ,
1171 2523 1218 2560 et
1262 2513 1632 2561 saluberrimum
1676 2513 1790 2560 inde
1840 2512 2128 2577 cataplasma
2175 2511 2396 2558 confecit.

279 2590 497 2654 Denique
519 2601 566 2639 et
586 2591 915 2639 Marcellinum
939 2603 1184 2653 nostrum,
1218 2593 1347 2640 beati
1375 2594 1501 2640 Petri
1520 2593 1751 2640 vicarium
1766 2629 1777 2651 ‚
1809 2592 1943 2654 cujus
1975 2602 2192 2655 tempore
2220 2590 2397 2638 crebrae

280 2669 524 2733 passiones
560 2671 737 2718 multos
774 2672 1040 2731 terrebant,
1073 2673 1336 2720 nonnullos
1366 2674 1511 2720 etiam
1543 2673 1780 2736 abnegare
1808 2670 2067 2734 cogebant,
2103 2670 2308 2718 titubare
2337 2670 2398 2718 ad

279 2748 451 2796 horam
485 2752 721 2798 Dominus
752 2753 969 2816 pertulit,
996 2764 1043 2800 et
1070 2754 1133 2800 ad
1159 2764 1347 2818 tempus
1370 2753 1565 2811 cadere,
1600 2752 1684 2800 sed
1719 2769 1818 2799 non
1853 2751 2114 2814 confringi,
2143 2752 2263 2798 sicut
2286 2752 2399 2798 scri-

280 2837 417 2892 ptum
440 2833 560 2876 est²:
582 2833 778 2888 «Quum
799 2831 1023 2879 ceciderit
1041 2832 1196 2896 justus
1225 2849 1326 2879 non
1349 2832 1624 2891 collidetur,
1650 2832 1763 2896 quia
1790 2831 2024 2878 Dominus
2049 2831 2276 2895 supponit
2303 2847 2399 2878 ma-

281 2924 399 2956 num
426 2926 580 2957 suam.
602 2929 627 2955 »

342 2991 499 3037 Tertio
522 2992 711 3055 negavit
733 2995 919 3052 Petrus,
950 3011 1039 3041 nec
1060 2994 1338 3060 simpliciter
1357 2995 1571 3059 negavit,
1597 2994 1682 3042 sed
1703 2994 1824 3041 sicut
1846 2994 2079 3058 scriptum
2093 2994 2189 3039 est³
2207 3010 2217 3038 ε
2249 3010 2272 3036 «
2297 2994 2398 3039 Coe-

279 3070 348 3134 pit
376 3069 600 3119 detestari
626 3082 673 3119 et
692 3072 852 3136 jurare
880 3073 992 3138 quia
1026 3091 1126 3122 non
1159 3076 1369 3122 novisset
1401 3075 1669 3122 hominem.
1694 3093 1718 3119 »
1755 3073 1899 3131 Quod
1923 3089 2036 3120 vero
2064 3071 2310 3119 Matthaeus
2332 3073 2396 3119 ait

282 3168 304 3193 «
322 3149 563 3210 detestari,
585 3171 610 3197 υ
634 3154 821 3200 Marcus
845 3153 1106 3219 discipulus
1127 3155 1275 3220 ipsius
1289 3156 1431 3214 Petri,
1451 3165 1498 3203 et
1519 3172 1605 3220 per
1622 3155 1780 3220 ipsum
1796 3152 2113 3200 describendo
2137 3151 2393 3215 Evangelio

279 3229 536 3279 instructus
553 3269 564 3291 ,
598 3233 715 3281 dixit
746 3252 772 3279 (ε
790 3234 1190 3283 anathematizare
1202 3238 1232 3295 ⁴,
1254 3254 1277 3280 »
1314 3236 1410 3284 hoc
1438 3246 1508 3283 est
1536 3234 2021 3283 excommunicationi
2043 3249 2093 3280 se
2115 3231 2344 3290 subdere,
2366 3248 2394 3279 a

279 3326 377 3373 quo
399 3311 477 3358 alii
496 3312 849 3363 absolutionem
877 3316 1207 3381 expectabant.
1230 3320 1325 3365 Nec
1341 3318 1390 3364 in
1408 3333 1503 3365 una
1520 3327 1707 3365 tantum
1733 3315 1986 3379 negatione
2008 3315 2133 3361 Petri
2147 3313 2393 3361 Matthaeus

326 3489 336 3506 ¹
361 3488 470 3531 Joan„
490 3501 564 3535 cap.
579 3503 625 3526 ιιι
637 3518 646 3534 ,
662 3504 694 3528 v.
707 3495 762 3529 27.
777 3512 820 3521 —
833 3495 846 3513 ¹
864 3496 982 3531 Psalm.
998 3507 1096 3531 xxxvi
1108 3522 1117 3539 ,
1132 3508 1163 3530 v.
1182 3498 1238 3531 24.
1256 3515 1297 3522 —
1310 3497 1324 3516 ³
1339 3497 1467 3538 Matth„
1485 3507 1558 3541 cap.
1577 3507 1651 3531 xxvi
1663 3522 1672 3538 ‚
1688 3507 1720 3530 v.
1736 3496 1790 3529 7⁴.
1804 3514 1844 3522 -
1857 3495 1872 3514 ⁴
1889 3495 2001 3536 Marc„
2021 3504 2094 3537 cap.
2109 3503 2176 3533 xur,
2189 3503 2219 3524 v·
2237 3493 2291 3524 '¹¹-

2157 3552 2207 3591 67
