2970 4152
1255 401 1572 449 EPISTOLAE.
1933 417 1937 420 ‘
2160 436 2180 447 κ
2382 402 2400 448 1
2412 400 2473 447 37

359 499 473 559 illis,
497 510 543 547 et
558 515 655 546 non
678 507 898 562 gravetur
919 496 1146 555 Ecclesia,
1170 509 1223 546 ut
1236 499 1311 546 his
1330 514 1435 562 quae
1452 513 1574 543 verae
1597 495 1752 542 viduae
1776 504 1888 541 sunt
1905 493 2119 540 sufficiat.
2142 511 2165 537 >2
2182 496 2246 540 Ac
2262 494 2301 540 si
2317 505 2478 559 aperte

359 579 515 625 dicat:
539 579 585 624 Si
611 594 706 641 qua
729 587 799 624 est
819 576 984 635 vidua,
1008 594 1112 640 quae
1137 578 1251 625 tales
1271 577 1444 624 habeat
1465 575 1778 633 domesficoe,
1805 575 1887 638 qui
1912 574 1956 620 ei
1974 574 2234 620 necessaria
2260 573 2320 620 de
2340 573 2481 620 facul-

360 660 532 706 tatibus
556 660 651 706 suis
683 658 869 705 valeant
890 658 1181 718 ministrare3
1213 659 1301 723 ipsi
1327 674 1475 722 super
1491 656 1587 702 hoc
1612 655 1655 701 ei
1673 654 1977 720 provideant,
2013 664 2062 700 ut
2091 655 2268 701 caeteris
2301 664 2481 701 susten-

360 739 515 785 tandis
531 738 709 803 publici
735 747 951 801 sumptus
977 738 1182 785 ecclesiae
1201 738 1387 803 possint
1412 735 1644 783 sufficere.
1669 737 1784 791 Quae
1803 734 1998 798 quidem
2017 735 2248 781 sententia
2266 744 2483 800 patenter

360 820 591 880 ostendit,
614 820 653 866 si
669 820 751 883 qui
781 835 890 882 erga
918 818 1197 881 hujusmodi
1214 820 1382 866 viduas
1404 835 1511 864 suas
1537 805 1761 863 obstinati
1786 826 1921 875 sunt,
1950 832 2036 862 eos
2057 815 2119 862 ad
2141 815 2237 863 hoc
2267 815 2482 863 debitum

361 916 417 945 ex
427 899 686 964 apostolica
702 899 982 945 auctoritate
994 899 1391 964 constringendos
1410 914 1528 945 esse.
1542 896 1636 954 Qui
1654 912 1753 942 non
1771 895 1927 941 solum
1945 911 2107 941 earum
2126 895 2479 954 necessitudini,

361 995 526 1026 verum
547 980 688 1026 etiam
714 978 973 1043 providens
997 979 1202 1026 honori:
1236 1000 1259 1024 «
1278 978 1479 1037 Viduas,
1504 995 1526 1020 »
1554 976 1742 1040 inquit¹,
1782 974 2032 1033 «honora,
2062 991 2166 1038 quae
2190 993 2310 1022 verae
2330 976 2484 1023 viduae

360 1068 486 1105 sunt.
509 1078 532 1102 »
577 1059 709 1105 Tales
747 1058 848 1104 illas
886 1058 1026 1105 fuisse
1077 1059 1340 1117 credimus,
1388 1073 1591 1121 quarum
1635 1055 1831 1102 alteram
1870 1055 1970 1118 ipse
2007 1064 2205 1101 matrem
2229 1091 2240 1114 ,
2290 1055 2485 1103 alteram

360 1141 564 1186 Joannes
591 1138 874 1202 evangelista
898 1138 1170 1197 dominam,
1204 1156 1260 1186 ex
1288 1147 1458 1186 sanctae
1482 1136 1789 1202 professionis
1816 1135 2077 1181 reverentia
2101 1145 2271 1182 vocat:
2307 1155 2331 1179 «
2357 1136 2487 1182 Salu-

362 1228 480 1279 tate,
505 1238 528 1263 »
564 1219 720 1283 inquit
747 1218 917 1265 Paulus
946 1219 1007 1265 ad
1044 1221 1284 1266 Romanos
1313 1218 1565 1274 scribens’,
1598 1236 1621 1261 «
1647 1217 1818 1262 Rufum
1845 1215 2049 1262 electum
2079 1216 2128 1262 in
2165 1217 2374 1262 Domino
2393 1252 2405 1275 ,
2445 1228 2490 1264 et

362 1309 560 1346 matrem
581 1299 680 1362 ejus
697 1335 709 1357 ,
737 1309 782 1346 et
808 1316 981 1346 meam.
1009 1318 1030 1342 n
1058 1302 1265 1347 Joannes
1287 1316 1402 1346 vero
1432 1299 1479 1345 in
1501 1297 1714 1344 secunda
1741 1313 1886 1359 quam
1914 1295 2075 1343 scribit
2094 1295 2344 1361 epistolassz
2373 1316 2396 1340 ι(
2416 1299 2491 1343 Se-

362 1380 485 1439 nior,
508 1399 532 1424 »
561 1381 736 1444 inquit,
767 1400 789 1424 «
808 1380 966 1427 electae
986 1379 1215 1439 dominae,
1239 1390 1285 1427 et
1312 1380 1434 1426 natis
1451 1379 1575 1442 ejus,
1598 1388 1689 1424 etc.
1712 1396 1735 1421 »
1766 1380 1800 1424 A
1821 1393 1915 1441 qua
1936 1377 2079 1423 etiam
2104 1394 2153 1423 se
2185 1376 2314 1440 diligi
2333 1387 2492 1442 postu-

362 1459 463 1507 lans
492 1461 685 1507 inferius
717 1461 931 1525 adjunxit
955 1480 963 1508 :
997 1480 1020 1506 «
1041 1464 1098 1509 Et
1129 1479 1259 1509 nunc
1287 1477 1407 1525 rogo
1433 1471 1501 1519 te,
1531 1459 1753 1518 domina,
1776 1468 1829 1505 ut
1854 1458 2105 1522 diligamus
2138 1458 2433 1506 alterutrum.
2463 1479 2485 1502 »

359 1541 504 1604 Cujus
536 1558 730 1607 quoque
759 1543 904 1590 fretus
929 1544 1208 1591 auctoritate
1245 1544 1593 1608 Hieronymus,
1635 1540 1693 1588 ad
1723 1550 1885 1587 vestrae
1916 1540 2223 1605 professionis
2257 1541 2487 1604 virginem

363 1623 673 1671 Eustochium
711 1625 957 1685 scribens'·,
993 1643 1098 1673 earn
1135 1627 1374 1692 appellare
1412 1625 1659 1672 dominam
1699 1640 1798 1670 non
1837 1621 2026 1669 erubuit
2055 1641 2065 1668 z
2106 1623 2203 1669 imo
2232 1639 2317 1669 cur
2346 1623 2488 1669 etiam

363 1702 602 1764 debuerit,
651 1706 809 1752 statim
855 1707 1078 1772 opposuit
1126 1707 1291 1755 dicens
1321 1726 1330 1752 :
1370 1727 1392 1752 «
1415 1710 1517 1753 Hoc
1549 1705 1727 1752 idcirco
1765 1703 1963 1750 domina
2004 1719 2111 1749 mea
2148 1702 2484 1762 Eustochium,

363 1782 608 1831 dominam
634 1786 812 1850 quippe
837 1773 1190 1835 debeo'vocare
1215 1805 1442 1853 sponsam
1461 1786 1656 1833 Domini
1679 1785 1868 1843 nostri⁵,
1899 1794 1988 1831 etc.
2009 1803 2032 1827 »
2066 1784 2160 1841 Qui
2190 1784 2332 1831 etiam
2356 1793 2487 1848 post-

362 1863 563 1910 modum
599 1865 648 1911 in
678 1865 848 1913 eadem
879 1867 1077 1932 epistol-a
1105 1867 1247 1931 hujus
1283 1869 1431 1914 sancti
1464 1865 2082 1932 propositipraerogativam
2123 1865 2257 1910 omni
2296 1874 2490 1911 terrenae

362 1943 592 1991 felicitatis
614 1944 772 2009 gloriae
790 1963 1121 2012 superponens
1134 1950 1163 2007 ⁶,
1193 1949 1258 1994 ait
1280 1967 1289 1993 :
1318 1968 1341 1992 «
1364 1947 1485 1995 Nolo
1505 1946 1682 1993 habeas
1703 1945 1966 1992 consortia⁷
1992 1954 2318 1991 matronarum
2336 1980 2348 2004 ,
2375 1944 2492 2005 nolo
2529 1969 2540 1988 o

361 2022 423 2069 ad
448 2023 681 2071 nobilium
708 2026 906 2073 accedas
939 2027 1139 2086 domos,
1173 2027 1288 2074 nolo
1315 2028 1587 2092 frequenter
1617 2026 1799 2084 videas,
1838 2024 1971 2089 quod
2007 2035 2322 2072 contemnens
2361 2026 2493 2089 virgo

362 2119 463 2150 esse
481 2103 687 2151 voluisti.
713 2106 760 2151 Si
786 2106 847 2152 ad
868 2107 1165 2172 imperatoris
1189 2124 1387 2155 uxorem
1413 2106 1709 2154 concurrerit
1735 2104 1932 2152 ambitio
1959 2104 2288 2165 salutantium,
2328 2122 2413 2152 cur
2445 2115 2494 2151 tu

362 2181 473 2229 facis
491 2184 713 2247 injuriam
733 2187 835 2233 viro
856 2187 972 2233 tuo?
1001 2187 1070 2234 Ad
1097 2188 1306 2235 hominis
1331 2188 1585 2251 conjugem
1611 2203 1788 2252 sponsa
1813 2186 1899 2233 Dei
1923 2185 2040 2250 quid
2062 2185 2322 2251 properas?
2357 2186 2495 2233 Disce

361 2264 411 2310 in
428 2263 519 2312 hac
544 2276 676 2330 parte
697 2268 970 2333 superbiam
998 2279 1227 2316 sanctam.
1256 2270 1383 2316 Scito
1405 2279 1450 2316 te
1469 2286 1571 2316 esse
1590 2268 1680 2315 illis
1706 2267 1970 2314 meliorem.
2000 2287 2023 2310 »
2046 2267 2139 2325 Qui
2163 2268 2307 2314 etiam
2325 2267 2387 2314 ad
2406 2268 2497 2314 vir-

361 2343 521 2407 ginem
553 2349 655 2393 Deo
691 2347 897 2396 dicatam
931 2348 1142 2396 scribens
1173 2349 1234 2396 de
1269 2350 1558 2397 consecratis
1587 2351 1688 2397 Deo
1720 2347 2002 2412 virginibus,
2038 2357 2267 2412 quantam
2299 2348 2348 2394 in
2374 2347 2495 2395 coelo

362 2423 739 2485 beatitudinem⁸‚
762 2438 810 2475 et
838 2428 886 2475 in
914 2438 1038 2476 terra
1065 2429 1340 2494 possideant
1365 2430 1670 2494 dignitatem,
1694 2430 1758 2475 ita
1778 2445 1976 2476 exorsus
1991 2428 2101 2474 ait⁹z
2135 2447 2157 2472 «
2179 2431 2418 2486 Quantam
2446 2429 2493 2474 in

362 2505 629 2554 coelestibus
648 2507 993 2556 beatitudinem
1013 2510 1253 2574 virginitas
1272 2521 1434 2557 sancta
1451 2510 1709 2575 possideat,
1732 2519 1903 2574 praeter
1920 2509 2270 2574 Scripturarum
2291 2509 2496 2555 testimo-

364 2585 441 2631 nia
471 2586 688 2634 Ecclesiae
716 2588 859 2634 etiam
883 2589 1232 2636 consuetudine
1261 2589 1538 2648 edocemur,
1558 2605 1653 2653 qua
1680 2588 1971 2636 addiscimus
1999 2587 2237 2653 peculiare
2267 2587 2357 2634 illis
2390 2587 2495 2634 sub-

363 2665 525 2713 sistere
549 2667 796 2726 meritum,
826 2685 1030 2732 quarum
1059 2669 1279 2733 spiritalis
1304 2680 1374 2716 est
1391 2670 1703 2717 consecratio.
1727 2672 1846 2715 Nam
1865 2685 2015 2733 quum
2042 2684 2337 2733 unaquaeque
2357 2668 2496 2716 turba

362 2747 659 2794 credentium
684 2750 816 2813 paria
837 2750 994 2813 gratiae
1012 2749 1140 2796 dona
1161 2750 1427 2815 percipiant
1443 2786 1455 2808 ,
1479 2760 1525 2796 et
1545 2749 1714 2796 iisdem
1733 2766 1901 2796 omnes
1920 2759 2329 2796 sacramentorum
2354 2749 2495 2797 bene-

363 2825 652 2875 dictionibus
677 2828 955 2892 glorientur,
979 2830 1076 2876 istae
1103 2830 1352 2895 proprium
1391 2829 1571 2894 aliquid
1599 2846 1696 2894 prae
1720 2829 1898 2876 caeteris
1924 2827 2130 2888 habent,
2166 2828 2284 2875 dum
2318 2829 2379 2876 de
2412 2830 2493 2877 illo

364 2917 528 2954 sancto
568 2918 616 2955 et
642 2909 948 2957 immaculato
981 2910 1199 2958 Ecclesiae
1233 2927 1373 2975 grege
1404 2911 1539 2975 quasi
1572 2910 1831 2957 sanctiores
1870 2910 2182 2974 purioresque
2210 2910 2375 2958 hostiae
2404 2929 2493 2977 pro

364 2989 622 3038 voluntatis
653 3008 747 3039 suae
782 2993 960 3039 meritis
988 3008 1016 3039 a
1046 2993 1220 3058 Spiritu
1263 3002 1427 3039 sancto
1456 2993 1712 3057 eliguntur,
1743 3002 1790 3039 et
1813 3009 1900 3057 per
1919 3008 2160 3038 summum
2197 2993 2492 3042 sacerdotem

365 3070 451 3117 Dei
470 3071 736 3119 offeruntur
750 3072 934 3119 altario.
957 3092 980 3116 υ
1003 3074 1174 3120 ltem¹⁰:
1200 3093 1224 3118 «
1247 3072 1460 3120 Possidet
1479 3090 1592 3137 ergo
1609 3073 1851 3137 virginitas
1871 3081 1918 3119 et
1939 3071 2071 3135 quod
2090 3071 2280 3119 aliinon
2294 3072 2489 3134 habent,

365 3149 482 3198 dum
499 3162 547 3199 et
561 3153 851 3217 peculiarem
869 3152 1053 3200 obtinet
1070 3154 1286 3216 gratiani,
1304 3163 1351 3200 et
1367 3155 1583 3218 proprio,
1606 3164 1659 3200 ut
1678 3154 1741 3200 ita
1766 3152 1984 3211 dixerim,
2007 3153 2380 3201 consecrationis
2398 3155 2493 3219 pri-

413 3324 424 3343 ·
454 3328 588 3361 Timoth.
618 3330 651 3368 I,
675 3340 707 3362 v.
737 3332 769 3363 3.
788 3347 829 3354 —
847 3330 859 3347 ¹
880 3331 988 3369 Rom„
1021 3340 1095 3375 cap.
1129 3342 1202 3371 xvi,
1232 3341 1264 3364 v,
1296 3332 1349 3364 13.
1370 3349 1408 3354 -
1456 3331 1552 3364 Amb.
1570 3350 1603 3355 —
1621 3330 1633 3348 ⁸
1655 3333 1757 3371 Quam
1777 3333 1905 3364 beatam
1923 3333 1956 3364 in
1975 3334 2062 3365 coelis
2079 3339 2195 3365 sortem
2210 3331 2360 3365 RMS.—
2375 3329 2389 3348 ⁰
2412 3332 2496 3372 opp.⁴

367 3382 380 3399 ⁸
397 3382 507 3423 Joan.,
526 3384 575 3424 11,
590 3394 665 3429 cap.
679 3397 708 3428 ι,
726 3397 758 3419 v.
780 3386 876 3421 1.—⁴
891 3387 996 3430 Epist.
1010 3398 1107 3426 xvui,
1124 3390 1169 3420 ad
1184 3389 1408 3427 Eustochium,
1455 3395 1477 3420 t.
1501 3388 1538 3426 V,
1558 3388 1621 3420 col.
1643 3390 1718 3420 ¹08.
1737 3407 1773 3412 -
1794 3386 1823 3404 ¹⁰
1844 3387 1942 3426 ibid„
1961 3389 2025 3421 001.
2043 3389 2119 3421 109.
2139 3387 2234 3421 Falso
2258 3388 2327 3421 haec
2355 3388 2490 3432 epistola

370 3440 451 3481 Opp.
474 3440 569 3482 t.1v-‚
584 3442 650 3475 col.
668 3442 786 3477 27.—⁸
802 3444 929 3478 Domini
943 3447 1004 3477 mei
1021 3444 1133 3477 1).—⁰
1151 3444 1251 3485 ibid..
1267 3445 1331 3478 col.
1352 3446 1409 3477 33.
1455 3445 1618 3488 adscripta
1633 3444 1732 3478 fuisse
1749 3445 1946 3488 Hieronymo
1966 3444 2110 3478 videtur.

368 3513 391 3520 -
405 3497 607 3538 Anteponem
621 3524 632 3538 ,
656 3499 729 3533 hoec
751 3502 877 3544 profert
902 3501 998 3535 RMS.
1026 3519 1063 3526 —
1086 3501 1098 3519 ³
1123 3503 1322 3536 Consortium
1342 3501 1409 3534 MS.

528 3566 541 3595 1
862 3571 871 3577 .
2283 3561 2331 3598 18
