2970 4152
524 448 621 496 462
1323 443 1495 491 PETRI
1530 445 1846 495 ABAELARDI

523 540 669 588 veluti
694 555 842 604 quum
866 536 996 601 quod
1021 536 1220 584 mortale
1244 547 1344 584 erat
1370 537 1424 585 fit
1455 537 1747 601 immortale,
1775 551 1822 589 et
1851 540 1981 606 quod
2016 541 2324 606 corruptibile
2354 551 2400 590 et
2428 542 2646 607 passibile

525 625 621 671 sive
644 619 869 670 mutabile
887 619 936 664 in
961 618 1253 665 contrarium
1275 619 1488 666 vertitur.

591 706 727 749 Hunc
747 698 941 763 quidem
959 698 1208 745 transitum
1224 706 1270 746 et
1289 699 1583 763 Evangelista
1602 701 1952 748 considerans¹:
1982 720 2005 745 α
2022 702 2201 763 Sciens,
2222 719 2245 746 »
2264 701 2434 767 inquit,
2454 720 2477 746 «
2494 704 2644 762 JesuS,

525 785 636 848 quia
650 782 779 829 venit
794 780 914 828 hora
933 780 1056 842 ejus,
1083 789 1136 826 ut
1155 789 1360 829 transeat
1384 800 1438 831 ex
1458 783 1553 830 hoc
1577 782 1761 830 mundo
1781 781 1843 829 ad
1867 785 2071 842 Patrem,
2100 793 2190 830 etc.
2213 802 2236 828 »
2259 783 2388 841 Quid
2411 784 2541 831 enim
2560 799 2648 831 no-

525 866 653 911 mine
679 863 852 922 Patris,
880 862 972 908 nisi
1006 863 1220 926 potentia
1245 863 1415 912 divinae
1440 864 1695 928 majestatis
1722 863 2031 929 exprimitur?
2064 867 2116 911 In
2140 864 2235 912 hoc
2259 875 2418 912 autem
2442 865 2644 926 mundo,

524 948 618 994 hoc
643 955 713 992 est
740 945 789 991 in
819 944 1037 1009 praesenti
1061 944 1155 991 vita
1178 961 1442 993 aerumnosa
1466 956 1513 993 et
1531 946 1702 992 misera
1717 981 1729 1005 ,
1752 946 1887 1009 quasi
1911 944 2150 1012 impotens
2174 957 2220 993 et
2243 946 2461 994 infirmus
2480 963 2649 995 secun-

525 1027 641 1073 dum
672 1024 967 1089 fragilitatem
986 1035 1237 1089 assumptae
1259 1025 1564 1074 humanitatis
1590 1027 1828 1085 extiterat,
1856 1036 1903 1074 et
1936 1027 2071 1091 quasi
2092 1044 2120 1074 a
2151 1030 2312 1087 Patre,
2338 1027 2434 1074 hoc
2457 1037 2548 1087 est,
2577 1025 2649 1074 di·

523 1108 642 1152 vinae
666 1105 890 1170 potentiae
914 1105 1086 1152 virtute
1119 1121 1169 1152 se
1200 1105 1500 1153 humiliando
1525 1105 1857 1165 descenderat,
1888 1122 1943 1152 ac
1970 1106 2332 1170 quodammodo
2364 1116 2646 1166 recesserat,

524 1189 683 1235 minor
707 1188 850 1235 etiam
881 1187 1057 1251 angelis
1079 1187 1127 1232 in
1153 1187 1248 1234 hoc
1280 1187 1487 1234 effectus.
1516 1189 1653 1233 Nunc
1674 1197 1833 1234 autem
1857 1187 1906 1233 in
1937 1188 2283 1235 resurrectione
2307 1204 2503 1236 omnem
2523 1177 2651 1236 hanc

523 1268 844 1316 infirmitatem
869 1267 1139 1332 deponens,
1161 1267 1222 1313 ad
1242 1271 1430 1314 Patrem
1450 1266 1706 1314 ascendere
1724 1266 1800 1314 vel
1821 1268 2020 1315 transire
2039 1267 2228 1327 dicitur,
2250 1285 2401 1332 quum
2414 1268 2514 1332 jam
2535 1269 2585 1316 in
2602 1284 2651 1315 se

523 1350 641 1397 nihil
665 1349 950 1395 infirmitatis
968 1348 1043 1395 vel
1067 1347 1290 1412 potentiae
1312 1348 1509 1394 retinet:
1531 1347 1616 1394 sed
1631 1356 1785 1409 totum
1807 1347 1941 1412 quod
1958 1347 2124 1408 habet,
2147 1349 2370 1414 potentiae
2388 1365 2444 1396 ac
2467 1349 2652 1396 virtutis

524 1440 613 1488 est,
636 1438 686 1475 ut
709 1428 843 1492 quasi
862 1427 961 1490 jam
986 1436 1113 1473 totus
1137 1426 1186 1472 in
1212 1429 1367 1473 Deum
1391 1427 1580 1486 transit,
1603 1427 1686 1491 qui
1705 1427 1805 1491 jam
1830 1443 1948 1487 non,
1978 1438 2030 1474 ut
2053 1429 2207 1475 caeteri
2235 1428 2473 1489 homines,
2499 1428 2651 1476 homo

522 1510 741 1575 proprie,
760 1508 810 1554 id
831 1517 901 1555 est
916 1507 1092 1554 animal.
1108 1507 1336 1554 rationale
1360 1508 1560 1555 mortale
1586 1507 1818 1555 dicendus
1841 1518 1928 1555 est.
1958 1509 2102 1566 Quod
2132 1519 2176 1555 et
2206 1508 2373 1556 beatus
2402 1509 2652 1575 Apostolus

523 1591 771 1655 diligenter
795 1589 1069 1647 attendens,
1094 1605 1243 1652 quum
1263 1589 1544 1636 electionem
1568 1605 1704 1636 suam
1729 1606 1756 1636 a
1785 1591 1961 1637 caeteris
1985 1589 2213 1656 apostolis
2237 1590 2567 1656 distingueret,
2591 1590 2654 1638 ad

523 1671 710 1718 Galatas
728 1670 953 1725 scribens,
979 1669 1043 1715 ita
1061 1685 1256 1716 exorsus
1282 1672 1405 1715 est²t
1435 1669 1648 1716 «Paulus
1675 1686 1777 1716 non
1802 1669 1863 1716 ab
1887 1669 2163 1717 hominibus
2178 1707 2190 1730 ,
2213 1688 2370 1735 neque
2388 1688 2475 1736 per
2495 1671 2651 1719 homi-

523 1767 661 1810 nem,
700 1749 785 1797 sed
823 1766 907 1814 per
940 1752 1100 1796 Jesum
1137 1748 1401 1808 Christum,
1439 1758 1486 1795 et
1521 1752 1679 1796 Deum
1717 1752 1905 1798 Patrem
1939 1752 2020 1814 qui
2056 1752 2296 1798 suscitavit
2332 1768 2443 1798 eum
2474 1768 2502 1799 a
2523 1768 2654 1799 mor-

526 1832 639 1890 tuis,
671 1841 760 1878 etc.
788 1850 812 1875 »
841 1831 1005 1878 Caeteri
1036 1830 1215 1895 quippe
1245 1829 1478 1894 apostoli,
1515 1839 1566 1876 ut
1596 1828 1763 1876 beatus
1794 1831 2011 1877 meminit
2044 1832 2366 1895 Augustinus³,
2405 1848 2432 1878 a
2466 1831 2654 1879 Christo

525 1923 751 1977 tanquam
796 1911 1023 1970 homine,
1065 1910 1114 1956 id
1157 1919 1226 1957 est
1268 1908 1427 1955 adhuc
1476 1909 1694 1969 mortali,
1736 1919 1846 1956 sunt
1875 1909 2027 1957 electi.
2049 1911 2154 1976 *Hic
2188 1927 2302 1958 vero
2342 1910 2654 1976 postmodum

526 1993 711 2040 Christo
737 1992 836 2056 jam
867 1991 1003 2055 quasi
1037 2000 1139 2037 toto
1172 1992 1274 2036 Deo
1309 1989 1458 2049 facto,
1485 1989 1533 2036 id
1553 1999 1623 2036 est
1648 1989 1748 2053 jam
1772 1989 1998 2037 divinitus
2022 1991 2171 2055 magis
2201 2008 2347 2055 quam
2379 1991 2656 2038 humanitus

524 2075 572 2120 in
591 2084 876 2138 perpetuum
895 2073 1106 2131 vivente,
1129 2070 1418 2135 singularem
1441 2071 1633 2118 sortitus
1663 2081 1733 2118 est
1764 2071 2062 2119 electionem.
2092 2072 2236 2130 Quod
2261 2073 2479 2137 quidem,
2508 2082 2561 2119 ut
2593 2073 2663 2119 ita·

525 2153 708 2214 dicam,
732 2153 1109 2212 deificationem,
1134 2162 1179 2199 et
1202 2150 1569 2198 immortalitatis
1594 2151 1794 2214 gloriam
1816 2152 1974 2198 statim
1994 2152 2248 2217 Apostolus
2266 2169 2512 2217 exponens
2526 2188 2538 2212 ,
2561 2152 2650 2199 ait:

531 2236 664 2293 «Qui
686 2234 923 2281 suscitavit
947 2250 1058 2280 eum
1086 2249 1113 2279 a
1135 2231 1351 2278 mortuis.
1374 2249 1397 2275 »
1428 2233 1484 2277 Et
1511 2230 1703 2277 attende
1731 2231 1864 2295 quod
1886 2231 2019 2295 juxta
2044 2231 2170 2279 hanc
2194 2231 2586 2279 immutabilitatis
2610 2243 2657 2279 et

526 2316 788 2363 stabilitatis
811 2314 1036 2379 gloriam,
1060 2330 1204 2377 quam
1230 2330 1256 2359 a
1280 2312 1357 2359 die
1382 2312 1740 2359 resurrectionis
1764 2313 1813 2359 in
1842 2313 2030 2360 Christo
2053 2314 2325 2361 humanitas
2356 2324 2425 2361 est
2455 2314 2652 2379 adepta,

528 2414 627 2444 non
656 2399 917 2461 incongrue
947 2406 1044 2442 tam
1078 2395 1178 2441 dies
1212 2394 1312 2459 ipsa
1339 2394 1697 2440 resurrectionis
1721 2404 1956 2457 quantum
1985 2395 2276 2441 ascensionis
2307 2395 2529 2453 Domini,
2553 2410 2658 2459 quae

522 2478 621 2540 jam
657 2496 755 2525 non
786 2479 846 2525 de
877 2477 1067 2524 mortali
1092 2486 1138 2523 et
1171 2475 1411 2534 mutabili,
1450 2474 1534 2521 sed
1565 2474 1625 2521 de
1659 2476 1918 2522 immortali
1950 2486 1996 2523 et
2023 2475 2306 2523 immutabili
2337 2475 2653 2533 celebrantur,

526 2560 747 2607 feriarum
777 2560 1087 2608 variationem
1122 2574 1220 2604 non
1250 2556 1453 2614 habent,
1480 2555 1564 2603 sed
1589 2557 1638 2602 in
1668 2556 1837 2603 eadem
1860 2557 1974 2604 feria
1999 2574 2187 2622 semper
2210 2557 2540 2604 observantur.
2564 2558 2659 2602 Cae-

527 2650 635 2688 terae
668 2659 782 2689 vero
814 2641 984 2689 Christi
1019 2640 1340 2687 solemnitates
1371 2655 1398 2685 a
1434 2638 1511 2685 die
1545 2639 1874 2703 conceptionis
1910 2639 2010 2702 ejus
2046 2655 2196 2703 usque
2220 2638 2282 2686 ad
2309 2638 2509 2698 Pascha,
2538 2638 2659 2684 sicut

528 2733 574 2770 et
598 2734 872 2771 sanctorum
891 2721 1110 2787 quaelibet
1130 2721 1398 2768 festivitates
1417 2737 1503 2784 per
1522 2719 1658 2766 ferias
1674 2720 1933 2780 variantur,
1955 2730 2006 2767 ut
2027 2720 2174 2767 modo
2194 2719 2412 2767 videlicet
2431 2720 2479 2765 in
2504 2719 2658 2783 prima

530 2805 640 2852 feria
655 2842 667 2865 ,
693 2805 842 2851 modo
867 2805 915 2850 in
936 2802 1146 2850 secunda
1162 2801 1236 2849 vel
1261 2802 1309 2847 in
1328 2800 1416 2847 alia
1435 2800 1752 2847 celebrentur.

594 2886 723 2933 Solet
753 2884 1012 2933 nonnullos
1045 2899 1265 2942 movere,
1293 2899 1378 2928 cur
1405 2881 1506 2928 dies
1525 2881 1776 2928 dominicae
1796 2881 2057 2946 passionis,
2085 2898 2190 2945 quae
2217 2881 2423 2927 maxime
2446 2890 2657 2927 nostram

530 2977 723 3031 operata
747 2977 816 3014 est
838 2966 1063 3024 salutem,
1087 2964 1369 3011 celebritatis
1387 2979 1487 3009 non
1513 2961 1691 3010 habeat
1705 2961 2070 3022 exultationem,
2094 2963 2178 3011 sed
2203 2963 2252 3009 in
2272 2977 2476 3008 moerore
2501 2961 2660 3027 potius

530 3062 673 3110 quam
710 3048 759 3094 in
791 3047 947 3095 laetitia
981 3055 1266 3111 peragatur:
1308 3044 1570 3109 praesertim
1609 3061 1760 3108 quum
1800 3043 2096 3108 singulorum
2138 3041 2438 3108 passionibus
2469 3051 2659 3089 sancto-

529 3144 637 3173 rum
661 3127 875 3175 festivam
894 3126 1242 3191 jocunditatem
1265 3123 1473 3171 Ecclesia
1504 3123 1753 3188 persolvat.
1784 3124 1855 3171 Ad
1880 3125 2013 3189 quod
2038 3122 2431 3189 respondendum
2456 3121 2660 3168 arbitror

529 3224 619 3271 pro
649 3208 898 3256 dominicae
921 3207 1279 3255 resurrectionis
1308 3204 1482 3270 gloria,
1511 3221 1616 3268 quae
1645 3205 1783 3252 tertio
1815 3204 1893 3252 die
1918 3205 2128 3271 passioni
2150 3202 2385 3272 succedit,
2412 3201 2662 3266 diligenter

532 3286 592 3334 ab
612 3288 819 3335 Ecclesia
849 3288 898 3335 id
927 3305 1027 3335 esse
1053 3288 1386 3344 constitutum,
1418 3293 1470 3330 ut
1497 3300 1595 3348 quo
1624 3285 1778 3348 major
1806 3285 2095 3350 praecesserit
2116 3284 2165 3330 in
2188 3282 2326 3329 nobis
2351 3282 2412 3329 de
2441 3281 2661 3347 passione

532 3369 727 3416 Domini
751 3370 1043 3434 compassio,
1073 3370 1248 3433 gratior
1279 3357 1340 3415 de
1370 3365 1728 3413 resurrectionis
1754 3366 1902 3431 gloria
1932 3376 2156 3431 sequatur
2179 3364 2420 3413 exultatio.
2452 3362 2591 3410 Unde
2615 3371 2661 3408 et

582 3546 590 3561 ¹
617 3545 725 3585 Joan.‚
739 3556 811 3590 cap.
825 3557 884 3586 ,xm
900 3572 908 3587 ,
928 3556 958 3579 v.
981 3549 1009 3578 1.
1034 3565 1065 3570 -—-
1082 3544 1095 3562 ²
1114 3546 1238 3586 Galat„
1253 3556 1326 3589 cap.
1345 3558 1376 3587 1,
1395 3556 1423 3578 v.
1442 3549 1472 3579 1.
1486 3563 1531 3573 —-
1544 3545 1557 3564 ⁸
1576 3547 1697 3588 Expos.
1715 3547 1819 3588 Epist.
1842 3547 1886 3577 ad
1901 3545 2026 3582 Galae„
2046 3544 2127 3584 opp.
2146 3549 2170 3575 t.
2190 3541 2253 3581 ΙΙΙ,
2271 3548 2356 3585 part.
2373 3541 2425 3580 11,
2444 3540 2507 3573 col.
2526 3539 2603 3570 943.
