2970 4152
496 402 593 448 304
1293 404 1464 452 PETRI
1499 406 1813 455 ABAELARDI

499 494 543 528 In
561 493 641 530 Noe
658 495 785 542 primae
803 494 843 529 fit
858 494 974 529 aetatis
990 494 1194 537 terminus,

499 554 620 589 Instar
636 553 799 589 infantiae
815 564 927 602 quam
944 560 1044 589 recte
1062 554 1260 601 ponimus;

499 612 753 649 Similitudine
771 612 932 661 quadam
949 625 970 647 a
989 612 1134 661 singula

502 674 577 708 Lux
598 673 718 720 prima
743 672 910 709 continet
924 670 1064 709 horum
1081 674 1269 721 mysteria.

500 760 608 794 Tunc
624 758 870 806 incomposita
884 758 981 794 facta
997 760 1192 807 materies,

498 818 708 854 Formanda
724 818 899 867 deinceps
916 826 996 856 erat
1012 820 1052 856 in
1066 821 1206 869 species
1218 850 1233 869 ,

499 879 543 914 Et
560 878 653 914 rude
671 878 836 914 seculum
854 878 975 928 legem
993 892 1070 916 non
1091 888 1259 926 noverat,

499 938 575 973 Nec
593 945 676 974 aetas
692 946 841 975 terrena
857 946 1002 976 rectum
1021 940 1114 990 quid
1130 942 1281 990 cogitat.

498 1037 624 1072 Deleta
643 1039 747 1084 prior
765 1045 821 1074 est
839 1046 921 1075 aetas
938 1038 1098 1084 diluvio,

497 1098 555 1133 Sic
573 1105 610 1132 et
627 1098 820 1135 infantiam
840 1098 939 1135 delet
957 1099 1118 1144 oblivio;

497 1157 542 1194 In
561 1158 683 1206 primo
702 1158 763 1194 die
783 1158 847 1195 lux
862 1166 1035 1196 narratur
1051 1160 1200 1196 condita

499 1219 547 1253 Et
564 1218 672 1254 istam
691 1219 844 1256 inchoat
861 1220 982 1256 lucem
1002 1220 1174 1257 infantia.

498 1320 563 1355 Est
577 1326 615 1355 et
631 1319 693 1355 lux
716 1319 802 1356 fidei
820 1319 986 1368 quaedam
1005 1319 1234 1362 minoribus,

499 1379 623 1425 Quam
641 1379 748 1427 quasi
765 1379 907 1427 parvuli
925 1380 1091 1428 primum
1107 1378 1350 1426 suscepimus.

498 1439 606 1475 Hanc
621 1451 772 1488 quoque
790 1440 929 1487 species
946 1440 1024 1488 ipsa
1042 1438 1214 1483 diluerit,

498 1499 647 1545 Quum,
669 1500 724 1536 vel
741 1513 840 1536 nunc
857 1500 1061 1544 credimus,
1080 1498 1198 1535 videri
1217 1498 1384 1546 coeperit.

497 1597 657 1634 Perenni
674 1598 835 1635 Domino
845 1627 855 1645 ,
873 1606 942 1650 etc.

956 1712 1048 1748 XIX
1055 1740 1063 1749 .

498 1818 666 1855 Secunda
682 1818 822 1854 desinit
840 1824 923 1854 aetas
948 1819 986 1854 in
1005 1817 1218 1863 Abraham,

497 1881 552 1915 Ac
572 1879 601 1914 si
614 1878 693 1925 jam
710 1885 864 1914 ventum
881 1878 928 1914 sit
943 1878 990 1914 ad
1008 1878 1230 1926 pueritiam,

497 1939 583 1974 Non
599 1938 697 1974 hanc
715 1937 898 1974 diluvium
913 1945 1057 1975 aetatem
1075 1938 1205 1982 diluit,

497 1998 624 2044 Quum
644 1998 813 2046 pueritiae
829 1998 987 2047 quisque
1004 1999 1233 2035 meminerit.

498 2106 576 2141 Hac
595 2105 870 2142 firmamentum
888 2113 943 2142 est
960 2107 999 2142 in
1017 2106 1078 2142 die
1094 2106 1316 2150 conditum,

498 2166 551 2202 Ut
569 2178 682 2214 aquas
694 2167 705 2187 ¹
726 2165 868 2203 dividat
887 2167 946 2202 his
959 2167 1243 2215 interpositum,

496 2228 529 2263 A
548 2226 848 2275 compluentibus
863 2233 901 2263 et
919 2226 1194 2263 inundantibus

497 2287 615 2335 Aquis
633 2286 819 2323 consuluit
837 2299 919 2322 arca
942 2286 1125 2323 fidelibus.

498 2398 582 2434 Non
600 2398 668 2434 Dei
686 2398 867 2446 populum
884 2398 961 2434 haec
981 2405 1065 2434 aetas
1083 2399 1230 2446 genuit,

497 2460 604 2507 Legis
620 2459 818 2495 instructio
836 2470 954 2508 quum
971 2458 1140 2494 nondum
1157 2458 1294 2503 fuerit,

498 2519 575 2555 Nec
591 2519 686 2555 vires
703 2525 909 2568 suppetunt
929 2518 1108 2567 gignendi
1126 2531 1245 2567 puero
1256 2547 1266 2563 ,

499 2580 575 2615 Etsi
593 2580 812 2616 memoriam
826 2579 903 2627 jam
924 2579 1047 2616 firmet
1068 2579 1207 2615 animo.

499 2692 588 2727 Post
598 2691 720 2728 lucem
739 2692 843 2738 fidei,
865 2705 946 2741 spes
961 2704 1028 2728 nos
1049 2691 1292 2735 corroborat,

501 2752 547 2787 Et
563 2752 639 2799 jam
656 2751 703 2788 ad
717 2752 829 2789 sortia
847 2753 1062 2789 credentem
1079 2752 1237 2796 animat,

500 2812 552 2847 Ut
567 2825 629 2861 spe
648 2812 852 2849 coelestium
873 2819 911 2849 et
930 2825 1022 2849 verae
1040 2812 1164 2860 gloriae

498 2873 520 2908 J
523 2885 580 2908 am
598 2881 731 2909 cuncta
748 2872 896 2909 tolleret
913 2873 1025 2920 hujus
1041 2872 1209 2908 miseriae.

500 2967 657 3002 Perenni
677 2967 838 3003 Domino
848 2995 858 3012 ,
877 2973 947 3003 etc.

965 3077 1052 3113 XX.
1107 3075 1128 3096 '¹

501 3178 602 3213 AEtas
620 3177 840 3225 perducitur
857 3177 904 3214 ad
918 3177 1038 3214 David
1055 3179 1177 3214 tertia.

502 3238 600 3274 Huic
617 3244 672 3273 est
689 3238 819 3274 similis
835 3238 1096 3276 adolescentia.

500 3298 691 3345 Interpres
708 3298 852 3346 sapiens
870 3298 944 3335 diei
962 3300 1075 3336 tertio

502 3357 710 3406 Utramque
728 3364 918 3406 comparat
935 3366 1076 3396 aetatem
1096 3359 1246 3396 merito.

550 3502 557 3518 ¹
585 3501 666 3534 Cod.
689 3501 785 3534 Brux.
813 3511 908 3540 aqua.

1584 501 1710 547 Aquas
1723 498 1770 535 ab
1786 498 1891 534 arida
1909 498 1973 534 lux
1992 498 2061 533 ista
2075 504 2248 535 removet
2260 526 2271 543 ‚

1584 559 1631 595 Et
1648 559 1744 595 fluxa
1765 558 1885 594 saeculi
1906 557 1991 593 data
2006 556 2063 593 lex
2079 556 2228 594 inhibet
2240 586 2250 602 ‚

1584 619 1658 670 Ne,
1675 617 1978 667 deprimentibus
1995 629 2060 653 nos
2077 616 2297 653 libidinibus
2309 645 2319 662 ,

1584 678 1904 726 Concupiscentiis
1922 689 1959 713 se
1977 683 2121 725 mergat
2139 676 2301 712 animus.

1584 775 1670 810 Haec
1688 780 1770 809 aetas
1787 772 1965 820 populum
1981 783 2048 819 per
2062 770 2183 818 legem
2204 771 2352 818 genuit,

1585 834 1632 869 Et
1648 840 1792 881 patrem
1810 832 1998 868 Abraham
2017 830 2221 868 multorum
2243 831 2392 876 statuit,

1584 894 1631 929 Et
1647 893 1750 942 quasi
1769 892 1889 940 prima
1907 892 1953 928 sit
1971 892 2048 927 haec
2066 899 2170 927 terrae
2187 891 2350 936 soboles,

1585 955 1798 989 Nascuntur
1817 952 1929 988 hodie
1948 965 2034 988 cum
2051 952 2180 988 herbis
2197 952 2359 989 arbores.

1587 1048 1747 1083 Perenni
1765 1047 1928 1083 Domino
1939 1074 1948 1090 ‚
1968 1054 2039 1083 etc.

2046 1158 2152 1194 XXI.

1583 1260 1673 1295 Post
1692 1258 1803 1293 fidem
1822 1265 1934 1306 atque
1949 1269 2071 1305 spem,
2091 1257 2205 1292 timor
2223 1257 2421 1298 incutitur,

1585 1320 1671 1366 Quo
1691 1319 1943 1355 mercenarius
1961 1324 2024 1353 aut
2043 1329 2168 1353 servus
2188 1318 2334 1366 agitur,

1585 1380 1685 1415 Dum
1701 1379 1804 1415 hunc
1820 1377 2021 1414 sollicitant
2037 1384 2181 1425 sperata
2196 1377 2391 1413 commoda

1586 1440 1659 1476 Vel
1676 1439 1782 1475 illum
1800 1438 1993 1474 stimulant
2008 1437 2152 1486 flagella
2167 1437 2329 1473 condita.

1586 1535 1796 1582 Antiquam
1815 1533 1928 1569 timor
1950 1533 2012 1568 hic
2028 1532 2194 1581 possedit
2209 1531 2391 1580 populum

1585 1595 1694 1642 Legis
1712 1592 1886 1642 pollicitis
1903 1599 1941 1628 et
1957 1592 2070 1628 minis
2090 1591 2302 1635 subditum,

1586 1655 1685 1690 Dum
1701 1653 1761 1689 lex
1777 1653 2013 1700 promitteret
2027 1652 2106 1687 haec
2121 1651 2220 1688 bona
2236 1649 2402 1699 cupidis,

1587 1714 1686 1750 Reos
1703 1713 1867 1751 afficeret
1882 1712 2003 1761 poenis
2021 1712 2258 1760 gravissimis.

1586 1810 1639 1845 Ex
1656 1816 1755 1850 terra
1773 1807 1895 1844 vivere
1920 1807 2064 1855 plantas
2080 1808 2316 1855 agnoscimus

1587 1870 1736 1907 Creatas
1751 1867 1866 1904 hodie
1882 1879 1974 1916 quas
1990 1879 2067 1903 esse
2079 1866 2258 1914 legimus3

1586 1930 1633 1966 Et
1658 1929 1770 1965 vitam
1789 1927 1903 1964 Israel
1918 1934 2106 1964 terrenam
2123 1926 2272 1963 duxerit

1589 1992 1703 2039 Cujus
1719 1991 1916 2040 promissio
1933 1998 2082 2027 terrena
2098 1989 2226 2025 fuerit.

1587 2077 1751 2114 Perenni
1767 2077 1930 2112 Domino
1942 2104 1951 2120 ‚
1973 2082 2045 2113 etc.

2037 2171 2163 2207 XXII.

1590 2263 1732 2307 Quarta
1750 2260 1811 2297 lux
1827 2260 1980 2296 decorat
1998 2259 2133 2295 coelum
2150 2258 2357 2304 sideribus,

1589 2322 1763 2368 Quorum
1782 2327 1985 2369 perpetuus
2003 2321 2108 2367 vigor
2126 2326 2181 2355 est
2200 2319 2331 2367 igneus
2345 2347 2354 2364 ,

1593 2386 1680 2429 Quae
1701 2394 1894 2430 nunquam
1913 2380 2070 2425 excidit3
2091 2380 2144 2415 sic
2161 2380 2277 2416 fervet
2294 2373 2408 2415 carita

1588 2443 1679 2488 Quae
1698 2442 1768 2478 sibi
1785 2441 1946 2478 vindicat
1964 2440 2068 2477 sedes
2087 2440 2274 2488 aethereas.

1589 2536 1706 2583 Cujus
1725 2535 1935 2585 quadrifida
1949 2535 2009 2571 lex
2024 2533 2267 2581 Evangelium

1579 2597 1744 2633 ‘Constat
1759 2596 1805 2632 ad
1822 2603 2001 2645 quattuor
2018 2595 2167 2633 dierum
2184 2605 2382 2629 numerum
2394 2621 2405 2638 ‚

1591 2657 1776 2705 Quadrati
1798 2658 1966 2706 corporis
1984 2664 2040 2693 est
2058 2667 2193 2704 magna
2210 2655 2367 2690 firmitas

1593 2718 1640 2754 Et
1656 2725 1790 2754 cuncta
1806 2718 1966 2754 sustinet
1985 2717 2123 2754 invicta
2137 2716 2287 2751 caritas.

1595 2814 1792 2851 Virtutum
1807 2813 1941 2848 caritas
1957 2819 2011 2848 est
2026 2811 2299 2848 consummatio
2309 2837 2320 2856 ‚

1591 2874 1725 2911 Virilis
1742 2873 1879 2909 virium
1894 2879 1977 2909 aetas
1994 2872 2190 2921 perfectio.

1593 2935 1646 2971 Ut
1662 2945 1796 2982 corpus
1813 2933 1979 2969 hominis
1994 2933 2066 2969 hoc
2083 2931 2215 2980 implet
2233 2930 2393 2973 viribus,

1592 2995 1652 3030 Sic
1670 3001 1834 3031 mentem
1850 2994 1984 3030 caritas
2001 2998 2234 3029 consummat
2252 2990 2418 3027 moribus

2030 3090 2179 3126 XXIII.
2228 3121 2231 3124 .

1594 3177 1728 3213 AEtatis
1745 3175 1865 3212 saeculi
1888 3183 2028 3225 quartae
2044 3173 2294 3224 primordium

1594 3237 1747 3273 Ponunt
1763 3235 1932 3283 theologi
1946 3246 2106 3284 regnum
2123 3231 2342 3270 Davidicum
2359 3246 2369 3275 ;

1591 3298 1708 3333 Istius
1726 3308 1874 3345 vespera
1892 3297 1939 3332 sit
1956 3292 2236 3343 transmigratio

1592 3357 1790 3393 Israelitici
1813 3357 1882 3393 sub
1901 3354 2117 3405 Babylonio.
