2970 4152
1257 328 1517 377 CARMlNA
1528 361 1539 372 .

392 427 446 463 Te
465 431 594 462 contra
611 425 816 461 Dominum
834 424 955 472 pactio
972 423 1074 459 nulla
1091 423 1228 459 trahat.

342 486 447 533 Quos
467 486 558 522 alios
573 484 750 521 damnare
767 483 868 520 vides
886 495 1037 533 seseque
1056 482 1187 528 beare,

389 546 468 582 Hos
482 545 590 594 fuge,
608 545 638 581 si
659 545 786 593 cupias
801 555 1051 593 approperare
1065 543 1158 580 Deo.

342 606 446 652 Quos
463 605 623 654 populus
639 603 784 650 laudat,
803 616 897 653 quos
912 603 1014 653 vulgi
1031 602 1197 647 sublevat
1211 613 1300 639 aura
1313 630 1322 646 ‚

387 666 508 702 Miror
526 666 556 702 si
575 665 744 714 placeant
764 665 853 700 huic
867 664 979 701 simul
995 671 1109 713 atque
1127 663 1218 699 Deo.

340 727 423 764 Hoc
439 733 531 774 puto
546 755 556 771 ‚
575 733 694 775 tuque
711 732 820 773 putes
835 726 935 762 inter
950 724 1129 761 miracula
1146 735 1309 768 summa,

388 786 429 824 Si
446 798 674 836 quemquam
691 784 816 821 videas
832 785 910 821 haec
929 785 1092 821 retinere
1109 783 1232 820 simul.

341 846 398 883 Ne
418 845 685 894 superinducta
701 845 845 881 crucies
867 856 983 880 uxore
999 850 1172 893 parentes
1187 860 1193 879 :

388 906 467 943 Hos
485 905 599 953 sepeli
613 905 755 953 primo,
778 905 808 940 si
827 916 1017 952 superesse
1034 915 1161 952 queas.

339 967 434 1002 Laus
447 972 552 1003 vetus
569 964 717 1010 obruit,
728 964 812 1011 ,nisi
827 963 908 999 laus
929 975 1023 1000 nova
1036 963 1165 1000 fulciat
1177 963 1279 999 illam
1291 990 1301 1008 ,

386 1025 693 1076 Spectandasque
711 1025 831 1072 magis
847 1023 932 1060 finis
948 1024 988 1060 in
1003 1023 1180 1060 omnibus
1196 1030 1266 1060 est.

338 1085 416 1132 Qui
433 1084 609 1134 prodesse
625 1084 696 1121 sibi
714 1084 869 1133 proprio
887 1083 1136 1120 medicamine
1152 1083 1293 1130 nescit,

387 1146 561 1194 Languor
579 1157 667 1181 eum
682 1145 819 1181 frustra
837 1143 1000 1192 postulat
1022 1142 1187 1179 alterius.

339 1206 477 1245 Vivere
496 1206 549 1243 sic
568 1205 715 1242 studeas
727 1212 771 1241 ut
789 1204 837 1241 de
852 1211 891 1240 te
907 1215 1018 1240 nemo
1031 1210 1212 1253 queratur
1229 1219 1236 1238 :

385 1267 425 1305 Si
444 1267 621 1316 prodesse
636 1267 789 1316 nequis,
812 1265 885 1302 hoc
897 1276 966 1313 age
981 1277 1029 1301 ne
1047 1275 1192 1301 noceas.

339 1326 438 1364 Bella
464 1339 573 1372 cave3
594 1337 780 1375 sensuque
799 1332 866 1362 tuo
884 1324 969 1374 plus
995 1324 1117 1361 nitere
1136 1336 1250 1374 quam
1267 1326 1301 1362 vi
1317 1340 1327 1370 3

386 1387 503 1424 Utere
519 1387 690 1433 fortuna,
713 1385 777 1423 sed
800 1386 946 1423 ratione
964 1386 1096 1435 magis.

337 1447 518 1484 Vestibus
532 1454 685 1484 ornatos
701 1447 835 1483 alienis
854 1458 947 1495 saepe
967 1445 1138 1483 videmus

386 1507 434 1543 Et
449 1519 513 1543 sua
532 1507 658 1543 metiri
675 1519 756 1556 quae
774 1506 929 1543 minime
945 1517 1010 1543 sua
1027 1512 1127 1543 sunt.

339 1567 441 1604 Talis
454 1575 535 1604 erat
551 1568 680 1605 cornix
697 1567 827 1603 alienis
846 1565 1042 1615 splendida
1057 1565 1196 1614 plumis

386 1628 490 1675 Quas
507 1628 667 1665 mentita
682 1639 766 1664 suas
783 1627 823 1663 in
840 1638 904 1663 sua
920 1626 1057 1675 probra
1077 1625 1176 1663 tulit.

337 1687 415 1724 Cor
431 1688 611 1725 miserum
628 1687 737 1733 livor,
755 1685 940 1724 detractio
960 1685 1126 1735 possidet
1142 1698 1207 1723 ora
1219 1714 1230 1731 ‚

384 1747 484 1783 Dum
504 1759 582 1784 non
600 1747 780 1795 majorem
796 1747 895 1784 serre
907 1759 1081 1796 paremve
1092 1753 1228 1796 potest.

336 1807 529 1857 Turgidus
548 1809 590 1845 in
607 1808 750 1854 verbis,
770 1808 876 1844 factis
892 1809 1115 1845 temerarius
1136 1820 1265 1845 omnes

382 1868 506 1917 Urget
519 1897 529 1914 ,
559 1875 598 1906 et
616 1869 656 1905 in
672 1868 849 1917 jugulum
875 1875 1052 1917 provocat
1070 1869 1149 1917 ipse
1172 1880 1295 1906 suum.

335 1928 612 1966 Intolerabilius
629 1928 727 1965 nihil
743 1935 800 1965 est
814 1940 928 1978 quam
944 1928 1021 1965 vita
1035 1927 1208 1977 superbi,

293 1982 302 1989 '
381 1988 600 2038 Cunctaque
619 1988 853 2026 transcendit
870 1987 1022 2026 sordida
1039 1988 1206 2035 luxuria,

337 2048 495 2086 Viribus
508 2049 586 2085 haec
602 2061 738 2098 corpus
750 2077 759 2095 ‚
781 2055 945 2085 mentem
963 2049 1165 2086 virtutibus
1182 2049 1323 2086 haurit.

336 2167 621 2219 Qualiacunque
642 2169 731 2207 velis
749 2170 796 2206 da
811 2170 950 2208 fercula
964 2168 1161 2219 relligiosis
1173 2199 1184 2216 ,

381 2228 596 2266 Dummodo
616 2231 699 2266 vina
716 2242 849 2279 neges,
869 2242 1012 2267 summa
1030 2230 1193 2267 fomenta
1215 2230 1316 2267 mali.

336 2288 392 2324 Ne
408 2290 493 2338 quis
510 2289 665 2327 consilio
681 2290 851 2327 mulieris
866 2290 991 2328 tradat
1005 2290 1167 2327 habenas
1183 2307 1190 2326 z

382 2350 415 2386 A
432 2349 556 2397 primo
571 2350 714 2387 cunctis
729 2357 816 2387 sunt
829 2350 1053 2387 documenta
1072 2351 1164 2387 viro.

336 2407 421 2444 Non
437 2415 493 2445 est
506 2410 628 2446 vicino
644 2416 768 2446 tutum
782 2410 948 2447 dormire
961 2410 1119 2447 culubro
1135 2426 1141 2445 :

382 2470 556 2518 Anguem
575 2470 804 2507 transcendit
820 2470 958 2507 semina
973 2470 1152 2519 nequitia.

338 2527 442 2564 Vivit
463 2528 503 2564 in
518 2527 666 2565 occulto
685 2530 742 2564 vir
759 2529 940 2566 honestus
957 2536 999 2565 ut
1021 2529 1062 2565 in
1086 2529 1284 2567 manifesto
1300 2547 1306 2566 ε

383 2588 585 2638 Nunquam
602 2588 784 2637 deprendi
803 2601 841 2626 se
860 2589 956 2626 bona
974 2590 1049 2626 vita
1067 2589 1189 2626 timet.

335 2647 406 2684 Cui
419 2649 520 2685 venit
536 2648 583 2685 ad
600 2660 747 2685 causam
763 2648 869 2685 tarde
887 2648 1024 2686 diffidit
1039 2649 1086 2686 ab
1104 2649 1166 2686 illa
1181 2678 1191 2696 ,

382 2708 575 2746 Accelerat
589 2722 734 2746 causam
749 2711 815 2760 qui
829 2710 924 2747 bene
941 2710 1023 2748 fidit
1037 2712 1085 2749 ei.

334 2769 502 2806 Consilio
515 2769 629 2820 longo
648 2783 757 2809 causa
770 2783 856 2820 pars
875 2771 989 2808 altera
1006 2771 1118 2809 ducta

381 2829 467 2866 Non
487 2830 685 2867 minimum
701 2844 820 2880 pravae
837 2833 1057 2882 suspicionis
1074 2833 1201 2871 habet.

332 2889 473 2926 Orator
489 2889 737 2940 honus.atque
750 2891 856 2941 pugil
869 2892 1003 2929 fiducia
1016 2905 1127 2942 parva
1144 2901 1200 2931 est
1215 2910 1223 2931 :

378 2949 466 2996 Quo
485 2950 604 2998 major
616 2951 718 2987 fraus
733 2959 789 2988 est
802 2981 812 2998 ,
839 2953 999 3001 amplius
1017 2962 1123 3004 optat
1138 2967 1212 2992 eos.

333 3009 389 3046 Ne
406 3009 558 3047 dubites
572 3010 672 3047 illam
692 3013 852 3061 propriae
867 3012 1035 3051 diffidere
1051 3014 1177 3053 formae

378 3069 471 3117 Quae
488 3078 591 3108 eavet
605 3078 795 3120 aspectum
809 3101 818 3119 ,
837 3081 987 3123 compta
1006 3075 1110 3126 prius
1127 3077 1199 3115 nisi
1217 3078 1279 3117 sit.

330 3131 406 3176 Qui
436 3142 514 3168 non
540 3130 612 3170 dat,
628 3132 730 3182 quod
749 3140 876 3180 amat,
910 3147 986 3172 non
1013 3137 1247 3188 accipitipse
1264 3140 1368 3189 quod

373 3190 433 3229 Ut
448 3197 512 3228 tua
530 3204 615 3232 cara
630 3193 720 3239 tibi„
735 3195 792 3235 'sic
808 3207 890 3235 mea
903 3209 987 3237 cara
1003 3197 1116 3237 mihi.
1213 3199 1338 3249 [optat
1354 3217 1361 3237 :

335 3251 434 3290 Vilia
450 3265 520 3302 pro
534 3253 630 3292 caris
650 3255 767 3304 recipi
783 3268 860 3294 non
878 3259 1051 3297 convenit·
1068 3271 1172 3309 aequo
1186 3288 1199 3308 ,

377 3313 456 3350 Nec
473 3316 696 3352 commercia
713 3323 800 3354 sunt
817 3317 903 3355 talia
917 3319 1085 3367 justitiae.

330 3373 384 3409 Ut
399 3372 526 3423 largus
545 3375 669 3424 largo,
691 3377 742 3413 sic
761 3379 810 3414 sis
826 3385 864 3415 et
880 3392 1009 3417 avarus
1025 3393 1132 3418 avaro
1146 3410 1156 3426 ,

376 3434 508 3480 Qualis
525 3435 588 3472 hic
602 3443 658 3474 est
675 3437 756 3474 aliis
768 3466 777 3484 ‚
794 3438 842 3476 sis
856 3452 1007 3490 quoque
1023 3441 1108 3478 talis
1124 3443 1171 3479 ei.

2371 332 2465 381 3227

1428 422 1467 458 Si
1487 434 1648 471 nequeas
1661 430 1780 470 caste,
1795 435 1864 460 nec
1880 434 2029 472 spernas
2046 424 2166 461 vivere
2179 431 2285 461 caute
2300 439 2307 459 ε

1474 482 1520 518 In
1537 483 1677 531 populo
1696 483 1770 521 vita
1786 483 1870 532 plus
1884 484 1954 521 tibi
1972 484 2069 521 sama
2081 491 2203 521 nocet.

1408 582 1413 584 ,
1429 541 1478 580 Id
1489 542 1592 590 justo
1611 543 1734 591 pudor
1746 550 1801 580 est
1817 544 2016 581 hominum
2035 543 2222 593 complere
2235 544 2387 588 timore,

1476 602 1536 639 Ad
1549 602 1652 652 quod
1666 616 1743 639 non
1758 604 1873 641 suerit
1891 611 2032 642 tractus
2046 616 2173 642 amore
2189 605 2272 641 Dei.

1430 664 1522 702 Vim
1537 664 1674 700 metuit
1686 665 1848 713 sapiens,
1867 665 2002 702 stultus
2014 665 2170 704 confidit
2182 666 2221 702 in
2234 665 2322 702 illa:

1474 723 1612 760 Audiri
1625 724 1730 772 cupit
1741 724 1823 769 hic,
1843 724 1905 761 ille
1919 724 2033 762 ferire
2045 733 2164 774 parat.

1427 784 1592 821 Infirmis
1609 784 1730 832 legem
1747 785 1905 833 positam
1921 798 1997 822 non
2009 798 2087 822 esse
2098 787 2272 831 fatemur,

1476 845 1555 881 Nec
1571 844 1733 881 tolerant
1745 844 1892 893 pondus
1909 857 2020 882 sanus
2037 853 2075 883 et
2089 858 2184 895 aeger
2203 845 2316 883 idem.

1429 904 1614 940 Finitimae
1634 904 1734 940 vitiis
1752 904 1909 941 virtutes
1930 905 2059 942 fallere
2073 913 2215 942 norunt
2227 934 2238 952 ,

1477 964 1673 1013 Saepeque,
1696 976 1815 1014 quum
1832 976 1908 1001 non
1927 964 2020 1009 sint,
2036 977 2114 1003 esse
2132 972 2307 1014 putamus
2322 977 2391 1002 eas.

1429 1025 1512 1062 Hoc
1527 1025 1647 1074 igitur
1661 1024 1787 1061 nullus
1803 1024 1889 1062 data
1905 1032 2051 1063 censeat
2061 1053 2073 1074 ‚
2090 1026 2206 1063 immo
2219 1026 2366 1071 relicta,

1478 1086 1570 1132 Quae
1584 1092 1768 1134 quantum
1783 1086 1907 1135 potuit
1924 1087 2076 1124 strinxit
2092 1099 2199 1124 avara
2211 1099 2356 1124 manus.

1431 1147 1553 1194 Quem
1567 1146 1730 1183 Domino
1742 1147 1883 1196 placuit
1894 1159 2085 1185 servorum
2102 1147 2290 1185 absolvere
2304 1148 2417 1196 gratis
2427 1176 2437 1193 ,

1479 1207 1519 1245 Si
1535 1207 1584 1244 sit
1602 1206 1773 1255 ingratus
1786 1236 1796 1254 ,
1817 1208 1934 1256 gratia
1949 1220 2026 1245 non
2041 1214 2200 1245 maneat.

1430 1268 1571 1305 Contra
1588 1267 1784 1303 consilium
1801 1268 1832 1305 si
1848 1267 1965 1305 nubat
1983 1269 2089 1318 virgo
2105 1275 2304 1318 parentum
2319 1297 2330 1313 ,

1478 1328 1625 1364 Horum
1639 1339 1713 1364 non
1727 1327 1839 1365 debet
1855 1329 2080 1378 participare
2092 1329 2214 1366 bonis.

1430 1388 1607 1437 Armiger
1621 1400 1700 1424 esse
1713 1389 1817 1437 prius
1833 1401 1948 1439 quam
1967 1389 2074 1426 miles
2088 1389 2220 1426 debuit
2236 1391 2376 1434 omnis,

1478 1448 1695 1498 Quiffiuam
1712 1456 1840 1498 ageret
1850 1449 1982 1487 doctor
1998 1449 2141 1487 discere
2160 1449 2379 1499 discipulus.

1430 1510 1469 1548 Si
1487 1510 1636 1560 quando
1653 1509 1742 1547 dare
1754 1510 1846 1561 quid
1866 1511 2041 1561 cuiqua‘m
2056 1511 2250 1561 contingat
2261 1522 2390 1548 avarus
2402 1539 2411 1554 ‚

1477 1571 1559 1608 Hoc
1574 1571 1661 1620 quia
1674 1582 1750 1608 non
1765 1570 1919 1617 didicit,
1941 1572 2062 1609 nescit
2073 1571 2213 1608 habere
2229 1570 2394 1609 modum.

1430 1630 1591 1680 Relligio
1601 1630 1748 1678 juvenis
1761 1631 1851 1669 levis
1862 1638 1919 1669 est
1931 1630 2108 1681 impulsio
2127 1632 2265 1668 mentis
2277 1660 2286 1676 ‚

1478 1691 1524 1728 Et
1543 1698 1719 1741 tanquam
1739 1698 1885 1729 torrens
1903 1692 2135 1740 impetuosus
2152 1704 2266 1741 aquae.

1430 1753 1516 1799 Quo
1533 1752 1789 1789 vehementior
1803 1759 1875 1799 est,
1899 1752 2011 1789 citius
2027 1751 2227 1788 siccabitur
2241 1752 2319 1801 ipse
2329 1780 2338 1796 ‚

1476 1812 1737 1861 Excedensque
1754 1812 1908 1849 modum
1924 1811 2072 1860 deperit
2088 1810 2149 1848 illa
2169 1812 2257 1848 cito.

1429 1872 1597 1909 Daedalus
1613 1872 1661 1909 ad
1676 1873 1835 1921 patriam
1850 1871 2030 1909 mediocri
2048 1871 2138 1909 calle
2155 1871 2312 1916 redivit3

1476 1935 1602 1970 Icarus
1616 1933 1688 1970 alta
1706 1939 1835 1982 petens
1853 1931 1977 1981 lapsus
1993 1931 2040 1968 ad
2058 1932 2133 1968 ima
2150 1933 2241 1969 ruit.
2296 1923 2301 1927 ¹

1427 1993 1636 2042 Jejunando
1652 1992 1805 2029 modum
1823 2004 2001 2041 superans
2015 1992 2205 2041 superabit
2219 1992 2383 2037 edendo,

1476 2053 1627 2102 Quique
1644 2053 1755 2089 nimis
1774 2051 1903 2101 vigilat
1918 2051 2083 2089 dormiet
2100 2053 2179 2101 ipse
2198 2053 2323 2090 nimis.

1428 2114 1506 2150 Nec
1524 2121 1627 2150 catus
1645 2114 1784 2162 poterit
1798 2113 1934 2149 servari
1953 2112 2047 2162 pelle
2064 2113 2228 2158 nitente,

1474 2175 1552 2211 Nec
1569 2173 1704 2211 mulier
1723 2173 1847 2210 cultus
1862 2174 1892 2210 si
1909 2174 2094 2222 pretiosus
2110 2174 2196 2211 erit.

1427 2236 1561 2285 Magna
1579 2235 1646 2271 Dei
1666 2234 1855 2284 reprobis,
1876 2247 1994 2284 quum
2014 2246 2088 2272 non
2105 2234 2290 2281 irascitur,
2309 2235 2364 2271 ira
2379 2242 2453 2279 est,

1472 2297 1576 2344 Quos
1591 2296 1681 2333 sinit
1696 2295 1743 2332 ad
1759 2308 1906 2344 poenam
1924 2295 2175 2344 multiplicare
2197 2295 2288 2333 dies.

1422 2357 1512 2395 Plus
1530 2357 1663 2394 famam
1679 2369 1793 2406 quam
1807 2368 1866 2394 res
1881 2357 2053 2393 amittere
2069 2357 2161 2394 vitat
2178 2357 2367 2402 honestas,

1471 2419 1518 2455 Et
1535 2431 1671 2455 nomen
1690 2418 1838 2467 praesert
1855 2418 2029 2455 omnibus
2045 2418 2124 2467 ipsa
2139 2418 2294 2455 bonum.

1425 2478 1487 2515 Nil
1504 2478 1623 2527 magis
1640 2477 1795 2515 offendit
1811 2490 1923 2527 quam
1942 2489 2075 2526 pravus
2093 2490 2216 2515 sermo
2232 2485 2424 2527 potentem
2447 2495 2453 2513 z

1478 2538 1568 2574 Plus
1583 2538 1719 2587 probra
1730 2538 1828 2575 liber
1838 2538 1954 2575 homo
1971 2550 2083 2588 quam
2101 2550 2165 2574 sua
2182 2538 2317 2575 damna
2331 2538 2452 2576 timet.

1424 2598 1478 2634 Ut
1492 2598 1652 2647 pecudes
1668 2610 1744 2648 quo
1761 2598 1840 2635 vult
1857 2598 1975 2635 trahit
1993 2599 2200 2647 impetuosa
2214 2599 2382 2648 voluptas
2394 2627 2403 2643 ,

1470 2659 1530 2696 Sic
1547 2659 1718 2697 homines
1735 2660 1850 2708 agitat
1867 2658 2078 2696 luxuriosus
2095 2671 2212 2695 amor.

1424 2721 1593 2757 Luxuriae
1609 2719 1801 2766 stimulus,
1823 2731 2018 2769 supremus
2033 2726 2071 2757 et
2086 2719 2240 2757 intimus
2253 2719 2386 2766 hostis,

1475 2781 1585 2818 Civili
1605 2780 1702 2818 bello
1722 2793 1789 2818 nos
1809 2793 1918 2830 grave
1937 2781 2188 2830 persequitur.

1424 2841 1497 2878 Cui
1511 2840 1630 2877 malus
1648 2841 1785 2877 assistit
1798 2840 1961 2887 vicinus,
1977 2840 2111 2878 damna
2129 2840 2403 2890 propinquant,

1471 2901 1518 2937 Et
1535 2901 1594 2937 cui
1613 2900 1748 2937 damna
1763 2907 1906 2947 vacant,
1923 2913 2027 2939 mens
2040 2901 2119 2937 sine
2135 2912 2224 2950 pace
2240 2908 2379 2938 manet.

1422 2961 1662 3011 Displicuisse
1681 2961 1788 2998 bonis
1808 2973 1883 2997 non
1900 2968 1955 2998 est
1967 2961 2119 2998 infamia
2135 2973 2265 3010 parva,

1470 3022 1549 3060 Nec
1567 3022 1748 3070 placuisse
1764 3021 1871 3060 malis
1889 3021 2099 3070 suspicione
2115 3027 2230 3058 caret.

1423 3083 1582 3132 Quaque
1597 3081 1659 3118 die
1675 3093 1751 3132 quo
1764 3080 1935 3130 proficias
1954 3087 2018 3117 tua
2036 3093 2124 3117 cura
2137 3080 2318 3127 revolvat,

1469 3142 1524 3179 Ut
1536 3154 1611 3191 quo
1629 3141 1777 3190 longior
1789 3148 1863 3185 est,
1881 3141 1955 3177 vita
1973 3140 2021 3177 sit
2036 3147 2075 3177 et
2086 3141 2232 3178 melior.

1422 3203 1552 3240 Libera
1573 3214 1676 3239 mens
1695 3202 1746 3238 ita
1764 3200 1959 3250 provideat
1975 3213 2055 3251 quae
2073 3201 2148 3238 sint
2161 3200 2328 3239 facienda
2340 3230 2350 3247 ,

1468 3263 1525 3300 Ne
1541 3262 1635 3313 quid
1655 3274 1845 3300 servorum
1861 3274 1967 3299 more
1985 3268 2109 3299 coacta
2129 3269 2245 3311 gerat.

1419 3324 1626 3361 Emendare
1639 3323 1782 3360 bonum
1800 3329 1873 3368 est,
1889 3321 2023 3360 melius
2035 3335 2187 3371 peccare
2202 3335 2329 3360 cavere
2344 3339 2351 3359 :

1467 3385 1602 3423 Victus
1615 3383 1662 3420 ab
1674 3383 1783 3420 hoste
1798 3382 1911 3420 semel
1923 3383 2003 3431 jam
2020 3383 2145 3419 minus
2161 3382 2284 3420 obstat
2301 3385 2348 3420 ei.

1423 3446 1654 3494 Extorquere
1668 3451 1772 3494 potes
1786 3443 1873 3481 fidei
1892 3443 2085 3481 mendacia
2102 3443 2239 3481 frustra
2253 3459 2263 3488 3
