2970 4152
485 418 581 466 254
1179 418 1481 467 HELOISSAE
1514 419 1908 469 PROBLEMATA

481 524 675 580 agente,
717 530 860 578 quam
897 529 1040 579 super
1070 514 1330 578 nonaginta
1354 530 1530 562 novem
1552 515 1718 580 justis,
1748 516 1830 580 qui
1858 531 1957 562 non
1992 514 2206 579 indigent
2229 518 2540 582 poenitentia?
2570 539 2594 564 »

480 596 627 642 Multo
666 594 843 659 quippe
887 593 1054 641 melius
1091 603 1161 641 est
1198 610 1253 642 ae
1288 595 1553 665 perfectius*
1575 606 1824 661 peccatum
1864 611 2029 643 cavere
2046 631 2058 655 ‚
2100 600 2595 660 quameommissum

485 673 766 732 emendare,
805 683 861 721 »et
904 673 1079 721 multos
1104 680 1437 738 ·quam·unum
1473 674 1596 723 bene
1623 692 1761 739 agere
1801 675 1983 722 funde
2013 674 2108 722 hoc
2133 676 2281 741 magis
2300 678 2596 741 vquam’illud

482 757 583 800 Deo
626 763 811 800 constat
847 753 1050 818 placere.
1091 741 1219 812 Quid
1249 765 1318 802 est
1353 770 1464 820 ergo
1495 755 1780 820 quodDeus
1809 757 1948 803 unius
1983 756 2244 821 peccatoris
2269 758 2596 823 poenitentiam
2620 821 2626 826 ⁸

480 833 586 896 plus
612 833 870 897 approbat,
899 849 1043 897 quam
1076 833 1337 881 multorum
1360 835 1600 899 justorum
1624 835 2061 902 perseverantiam?

1297 978 1333 1021 S
1333 968 1476 1023 oldtio
1509 975 1766 1024 Aboelardc'.

542 1103 651 1157 Quo
677 1099 876 1162 quisque
901 1097 1103 1164 amplius
1129 1097 1189 1145 de
1214 1109 1410 1164 peccato
1438 1099 1635 1163 alicujus
1671 1099 1803 1147 dolet
1819 1137 1831 1160 ‚
1862 1101 2010 1165 magis
2035 1100 2096 1147 de
2123 1102 2428 1167 correptione
2451 1101 2598 1167 ipsius

479 1180 680 1245 gaudet3
709 1184 755 1226 et
786 1195 882 1244 quo
908 1174 1048 1225 dolor
1075 1178 1239 1225 damni
1261 1179 1416 1243 maj0r
1441 1179 1678 1239 extiterat,
1707 1189 1755 1227 et
1777 1179 1837 1227 de
1862 1180 2132 1246 reparando
2157 1181 2417 1229 commodo
2441 1169 2599 1228 minus

478 1260 768 1325 sperandum
794 1251 1067 1318 videbatur,
1127 1269 1174 1305 et
1212 1260 1398 1323 gravius
1436 1269 1487 1306 ut
1513 1260 1746 1320 eveniret,
1788 1260 1967 1324 majore
2018 1278 2167 1325 quum
2207 1262 2399 1309 evenit¹
2443 1261 2598 1326 laetitia

478 1340 754 1406 suscipitur,
784 1339 831 1387 e't
859 1339 1027 1404 majori
1054 1338 1361 1386 sollicitudini
1391 1338 1452 1386 de
1478 1338 1656 1387 damno
1690 1340 1842 1404 majus
1877 1340 2104 1404 gaudium
2137 1340 2346 1388 succedit
2376 1341 2437 1389 de
2469 1357 2600 1388 com-

478 1420 643 1467 modo.
679 1423 750 1467 De
769 1420 906 1489 justis
931 1429 1090 1467 autem
1117 1435 1238 1484 quos
1262 1417 1311 1465 in
1337 1418 1469 1466 hono
1495 1437 1799 1484 perseverare
1827 1419 2143 1480 confidimus,
2168 1420 2339 1468 etideo
2357 1421 2516 1468 minus
2533 1403 2598 1468 illi

477 1500 801 1559 intendimus,
836 1500 896 1547 de
935 1499 1108 1564 quibus
1140 1500 1400 1546 securiores
1439 1516 1626 1559 sumus,
1672 1500 1858 1546 minore
1892 1500 2065 1564 gaudio
2103 1500 2216 1548 hinc
2255 1496 2594 1562 accendimur,

477 1597 621 1644 quam
650 1581 710 1628 de
748 1573 1060 1628 conversione
1095 1580 1386 1645 peccatoris,
1423 1596 1528 1644 quae
1563 1579 1839 1627 difficillima
1874 1580 2141 1627 videbatur.
2171 1582 2278 1627 Non
2304 1590 2463 1646 tamen
2487 1579 2598 1628 ideo

475 1662 581 1725 plus
608 1660 734 1708 valet
757 1661 898 1724 hujus
923 1661 1201 1720 conversio,
1241 1676 1386 1724 quam
1410 1659 1603 1707 illorum
1627 1660 2017 1726 perseverantia:
2051 1659 2134 1707 sed
2161 1659 2267 1724 plus
2290 1659 2403 1707 inde
2427 1651 2599 1738 gaude.-

476 1757 582 1788 mus
610 1758 761 1805 quum
785 1736 1036 1800 acciderit,
1066 1739 1195 1787 unde
1218 1739 1480 1805 plurimum
1498 1739 1687 1787 solliciti
1710 1737 1952 1787 fueramus
1972 1749 2023 1786 ut
2047 1739 2298 1806 accideret.
2323 1739 2468 1798 Quod
2485 1739 2598 1815 ergo

475 1820 646 1868 dicitur
681 1840 690 1866 :
741 1841 763 1865 «
797 1820 1036 1868 Gaudium
1075 1820 1164 1867 erit
1198 1820 1247 1866 in
1275 1818 1422 1878 coelo,
1464 1838 1486 1863 »
1528 1820 1576 1865 in
1606 1819 1814 1867 Ecclesia
1841 1818 2061 1885 praesenti
2086 1817 2299 1867 fidelium
2326 1809 2599 1893 intelligitur

477 1901 728 1961 exultatio,
756 1919 860 1970 quae
882 1918 1232 1966 nonnunquam
1258 1902 1399 1948 etiam
1425 1917 1625 1964 regnum
1651 1900 1883 1969 coelorum
1907 1918 1935 1948 a
1961 1901 2172 1948 Domino
2198 1891 2520 1968 nuncupatur.

1228 2057 1470 2087 PROBLEMA
1503 2056 1726 2087 HELOISSAE
1761 2058 1826 2087 XII
1833 2076 1840 2085 .

541 2165 663 2212 lllud
685 2180 878 2229 quoque
904 2163 1126 2212 nonnihil
1150 2165 1422 2228 quaestionis
1446 2164 1589 2212 habet
1612 2165 1746 2230 quod
1770 2166 1818 2212 in
1843 2166 2064 2230 Matthaeo
2080 2169 2094 2191 ²
2117 2165 2318 2230 legimus
2344 2166 2599 2230 (1309813-

477 2247 556 2293 riis
582 2247 629 2292 in
663 2246 851 2292 vineam
877 2245 1030 2292 missis
1053 2263 1063 2290 :
1093 2261 1303 2309 quorum
1328 2245 1514 2310 priores
1540 2255 1725 2293 tantum
1749 2246 2018 2294 novissimis
2036 2246 2262 2294 invidisse
2276 2246 2523 2307 videntur,
2551 2256 2597 2293 et

477 2327 702 2373 adversus
725 2325 1108 2391 patremfamilias
1134 2342 1478 2386 murmurasse,
1498 2337 1551 2373 ut
1575 2327 1666 2374 tale
1686 2338 1984 2376 mererentur
2003 2343 2288 2393 responsum
2311 2345 2322 2374 z
2355 2331 2470 2379 «An
2489 2341 2601 2375 ocu-

474 2406 548 2452 lus
572 2417 680 2453 tuus
702 2422 910 2469 nequam
935 2415 1025 2464 est,
1054 2406 1164 2469 quia
1180 2422 1279 2469 ,ego
1304 2405 1462 2453 bonus
1487 2422 1595 2453 sum
1610 2406 1676 2456 P.»
1714 2410 1766 2455 In
1793 2407 1950 2454 futura
1977 2407 2154 2471 quippe
2187 2407 2283 2454 vita
2299 2441 2312 2465 ‚
2329 2407 2400 2460 1ita
2418 2407 2600 2469 cuique.

475 2485 724 2532 beatorum
751 2484 1190 2532 sufficietbravium
1204 2496 1509 2550 susceptum,
1540 2496 1593 2533 ut
1616 2503 1761 2534 nemo
1786 2486 1893 2551 plus
1919 2485 1986 2534 ihi
2011 2486 2189 2534 hahere
2212 2496 2430 2552 appetat,
2450 2501 2601 2550 quam.

475 2566 671 2629 accipiet
693 2583 703 2610 :
733 2564 816 2611 ubi
840 2565 928 2611 erit
951 2574 1082 2611 tanta
1108 2566 1325 2618 omnium
1352 2567 1520 2612 caritas
1536 2601 1548 2625 ,
1584 2576 1637 2613 ut
1661 2567 1989 2630 unusquisque
2011 2566 2203 2620 alterius
2223 2565 2408 2614 bonum
2436 2565 2598 2630 diligat

476 2654 702 2709 tanquam
737 2661 901 2704 suum,
935 2660 1024 2699 nec
1049 2660 1078 2691 a
1104 2644 1350 2692 voluntate
1382 2646 1576 2692 Domini
1610 2646 1863 2710 quisquam
1890 2647 2159 2712 discrepare
2187 2648 2363 2711 possit,
2392 2663 2490 2700 nec,
2511 2664 2597 2712 per

476 2726 653 2773 malum
677 2725 865 2773 invidiae
882 2724 1109 2772 adversus
1124 2724 1359 2788 aliquem,
1373 2726 1531 2789 possit
1549 2742 1758 2790 nequam
1777 2726 1973 2774 oculum
1988 2726 2166 2780 habere
2188 2745 2198 2773 z
2224 2727 2426 2778 maxime
2444 2734 2595 2791 qu'um

476 2805 653 2852 invidia
675 2806 767 2852 hos
782 2842 795 2864 ‚
823 2807 873 2852 in
899 2804 1072 2869 quibus
1097 2814 1191 2861 est,
1219 2813 1406 2851 tantum
1432 2804 1607 2868 affligat
1631 2815 1677 2852 et
1705 2806 1900 2864 cruciet,
1934 2815 1986 2853 ut
2008 2805 2070 2853 de
2095 2807 2195 2870 ipsa
2211 2816 2354 2872 poeta
2372 2806 2565 2858 dixerit⁸
2581 2824 2599 2852 ε·-

983 2935 1141 2977 Invidia
1159 2912 1283 2977 Siculi
1303 2948 1387 2977 non
1406 2937 1596 2979 invenere
1615 2912 1792 2991 tyranni
1830 2917 1855 2942 f*

988 3005 1117 3057 Majus
1136 3010 1423 3045 tormentum.
1397 3003 1410 3026 ⁴

480 3133 534 3176 Et
559 3132 668 3177 alibi
693 3152 700 3177 ε

1002 3249 1167 3291 Invidus
1184 3249 1351 3291 alterius
1368 3249 1492 3292 rebus
1511 3253 1725 3294 macrescit
1745 3254 1896 3304 opimis
1907 3252 1935 3293 Β.
1967 3257 1973 3266 “

526 3430 643 3520 ‘bssod.
674 3430 755 3463 Vict.
773 3433 920 3465 -Evenit
947 3433 1038 3467 deest
1055 3435 1138 3468 Edd.
1154 3453 1197 3460 —-
1213 3436 1226 3453 ⁹
1244 3436 1372 3478 matth„
1399 3448 1472 3481 cap.
1500 3449 1557 3470 xx.
1580 3457 1617 3462 —-
1633 3439 1645 3456 ³
1670 3438 1806 3472 Diiserat
1831 3438 1914 3472 Cod.
1930 3454 1974 3464 --
1990 3438 2003 3457 ⁴
2024 3438 2135 3473 Horat.
2154 3441 2274 3481 Epist„
2295 3441 2330 3480 1,
2355 3452 2377 3474 n
2391 3465 2399 3480 ,
2419 3451 2448 3473 v.
2474 3442 2528 3473 ⁵8.
2549 3458 2590 3464 -

484 3488 522 3519 ἰ
549 3488 612 3529 id„
631 3500 663 3522 v.
685 3490 739 3522 57.
