2970 4152
518 411 575 459 ΙΝ
607 410 798 458 SEXTA
831 411 1010 458 FERIA
1045 411 1192 456 POST
1215 410 1483 457 OCTAVAS
1517 408 1887 458 ASCENSIONIS
1920 407 2136 455 SERMO.
2290 409 2375 455 484

272 504 420 552 corda
442 516 597 554 vestra
617 506 904 553 clamantem
928 524 938 553 :
968 525 992 551 «
1009 505 1144 553 Abba
1162 543 1173 565 ,
1199 515 1384 571 pater.»
1410 509 1575 569 Itaque
1592 505 1692 568 jam
1714 521 1815 551 non
1838 513 1908 550 est
1928 520 2114 562 servus,
2139 502 2224 549 sed
2247 502 2385 550 filius.

273 584 417 641 Quod
437 585 476 631 si
506 584 651 645 filius,
677 596 724 633 et
751 586 900 633 haeres
921 602 1007 651 per
1027 588 1239 632 Deum.»
1266 589 1358 632 Iste
1381 595 1451 632 est
1472 584 1696 649 Spiritus,
1729 601 1785 630 ex
1812 599 1910 647 quo
1933 583 1980 628 in
2004 582 2244 647 baptismo
2266 598 2393 645 rege-

274 665 448 723 nerati,
475 675 521 712 et
543 665 852 731 abepiscopo
875 665 1169 725 confirmati,
1193 666 1400 712 'nitimur
1420 666 1470 711 in
1493 664 1683 711 Christo
1707 663 1951 710 christiani
1981 662 2151 709 effecti.
2185 666 2289 727 Ipse
2323 673 2393 709 est

274 744 496 808 Spiritus,
533 746 666 809 cujus
688 746 829 793 donis
856 747 906 792 in
935 747 1069 793 omni
1096 746 1389 811 perfectione
1416 746 1647 791 virtutum
1680 735 2076 790 consummantur
2104 742 2255 789 electi.
2282 743 2393 806 Ejus

273 839 479 887 praesens
495 825 768 873 solemnitas
782 827 1063 872 caeterarum'
1081 828 1300 873 omnium
1322 824 1675 872 consummatio
1699 833 1791 882 est,
1810 833 1856 869 et
1875 822 2145 869 divinarum
2167 822 2394 887 perfectio

274 904 664 967 promissionum.
695 906 834 953 Unde
856 916 902 953 et
923 908 1107 954 Veritas
1130 906 1357 972 apostolis
1381 906 1465 953 ait¹
1492 925 1502 952 :
1533 905 1709 952 «Mitto
1738 905 2029 969 promissum
2056 904 2201 968 patris
2230 904 2323 950 mei
2345 904 2394 950 in

275 1001 378 1031 vos.
398 988 495 1032 Vos
511 996 688 1045 autem,
710 986 871 1034 sedete
890 987 939 1033 in
962 988 1170 1047 civitate,
1191 988 1348 1034 donec
1364 986 1632 1034 induamini
1648 986 1822 1032 virtute
1845 1002 1901 1031 ex
1917 984 2071 1031 alto.»
2096 987 2167 1030 De
2187 983 2283 1029 hoc
2304 984 2397 1049 spi·

275 1063 399 1111 ritali
441 1065 627 1113 virtutis
669 1066 802 1114 dono
838 1067 1086 1115 Psalmista
1120 1068 1361 1133 praecinit²
1398 1085 1409 1113 ε
1448 1087 1470 1111 «
1493 1070 1551 1113 Et
1584 1065 1751 1131 spiritu
1786 1066 1882 1111 oris
1919 1065 2019 1128 ejus
2058 1065 2214 1111 omnis
2248 1064 2397 1111 virtus

276 1160 461 1191 eorum.
481 1163 504 1188 »
530 1148 589 1192 Et
609 1148 820 1193 rursum³
840 1166 850 1193 :
875 1147 1147 1194 «Dominus
1162 1147 1296 1194 dabit
1311 1146 1514 1193 verbum
1536 1145 1971 1210 evangelizantibus
1992 1145 2167 1191 virtute
2190 1142 2354 1190 multa.
2373 1162 2394 1186 n

276 1226 400 1271 Vera
419 1225 597 1290 quippe
618 1226 811 1286 caritas,
836 1243 941 1291 quae
964 1228 1129 1274 omnia
1149 1226 1338 1286 suffert,
1370 1227 1535 1274 omnia
1555 1226 1778 1285 sustinet,
1810 1235 1857 1273 et
1885 1225 2019 1289 cujus
2043 1224 2238 1271 flamma
2259 1222 2399 1270 nullis

276 1305 664 1368 persecutionum
677 1305 901 1353 fluctibus
915 1308 1122 1371 extingui
1143 1317 1318 1372 potest,
1338 1308 1474 1371 juxta
1491 1307 1608 1354 illud
1624 1308 1812 1354 Cantici
1826 1308 2127 1352 Canticos-um
2139 1306 2152 1329 ⁴
2171 1324 2180 1351 :
2206 1325 2228 1349 α
2247 1304 2399 1351 Fortis

277 1394 348 1432 est
362 1395 416 1432 ut
437 1402 566 1433 mors
585 1386 795 1446 dilectio,
817 1387 938 1435 dura
958 1389 1080 1435 sicut
1101 1387 1314 1435 infernus
1335 1387 1592 1435 aemulatio.
1611 1390 1754 1452 Aquae
1774 1386 1932 1433 multae
1954 1403 2055 1434 non
2077 1394 2304 1451 poterunt
2326 1401 2402 1431 ex-

277 1465 510 1530 tinguere,
529 1483 619 1514 nec
638 1467 837 1516 flumina
854 1467 1062 1515 obruent
1076 1457 1258 1516 illam.»
1277 1470 1446 1516 Omnis
1463 1468 1808 1534 discipulorum
1826 1468 1976 1514 virtus
2000 1467 2119 1515 facta
2142 1476 2229 1525 est,
2254 1482 2403 1530 quum

279 1563 360 1593 eos
383 1548 583 1613 Spiritus
605 1558 797 1597 sanctus
818 1539 984 1597 amore
1005 1560 1141 1597 tanto
1165 1551 1458 1617 scientiaque
1485 1550 1738 1617 repleverit
1753 1587 1764 1608 ,
1797 1559 1848 1595 ut
1877 1565 1977 1596 non
2006 1548 2163 1595 solum
2191 1547 2402 1613 pruden-

278 1637 372 1688 tes,
397 1631 712 1677 verumetiam
729 1631 907 1695 justos,
934 1649 1023 1679 nec
1046 1649 1146 1679 non
1170 1642 1216 1679 et
1238 1632 1384 1680 fortes
1406 1649 1489 1680 seu
1513 1641 1834 1697 temperantes
1856 1630 2051 1677 effectos
2079 1630 2127 1676 in
2150 1627 2405 1675 virtutibus

279 1721 486 1773 quatuor
519 1723 893 1760 consummaret.
932 1717 1061 1771 Quas
1094 1714 1291 1778 quidem
1323 1715 1524 1761 virtutes
1559 1730 1727 1760 omnes
1755 1713 1803 1759 in
1833 1712 2031 1759 caritate
2060 1708 2406 1776 comprehendi

279 1783 447 1838 beatus
468 1791 632 1838 asserit
653 1794 957 1856 Augustinus,
981 1804 1032 1840 ut
1051 1794 1153 1859 ipsa
1170 1794 1394 1842 videlicet
1412 1794 1584 1841 caritas
1603 1794 1662 1840 sit
1681 1793 1912 1858 sapientia
1926 1808 2040 1838 vera
2058 1790 2280 1850 dicenda,
2305 1790 2407 1855 ipsa

280 1869 424 1917 etiam
444 1870 504 1916 sit
519 1870 724 1934 justitia,
749 1872 852 1937 ipsa
875 1872 1106 1920 fortitudo
1129 1874 1307 1939 pariter
1335 1875 1385 1921 in
1408 1873 1642 1938 adversis,
1675 1890 1730 1920 ac
1752 1871 2068 1937 temperantia
2095 1871 2144 1917 in
2167 1868 2407 1935 prosperis

280 1958 495 2009 vocetur,
515 1951 782 1998 secundum
801 1951 988 2001 diversa
1006 1969 1111 2017 quae
1130 1954 1178 2001 in
1200 1953 1342 2001 nobis
1360 1963 1603 2019 operatur.
1628 1953 1767 1999 Unde
1788 1951 1913 1999 bene
1936 1951 2119 1998 dictum
2142 1949 2408 1997 ostenditur

281 2030 450 2078 caritas
471 2048 557 2096 per
578 2031 713 2079 illum
735 2032 909 2082 diffusa
929 2034 979 2081 in
1003 2034 1117 2094 illis,
1142 2035 1275 2100 quia¹⁵
1302 2054 1311 2082 :
1342 2035 1559 2101 «Spiritu
1582 2035 1679 2082 oris
1701 2034 1801 2098 ejus
1824 2034 1981 2080 omnis
2005 2032 2152 2079 virtus
2174 2047 2361 2078 eorum.
2382 2051 2405 2074 »

345 2112 496 2158 Tanto
513 2128 627 2175 ergo
645 2111 746 2159 haec
768 2113 1028 2162 solennitas
1044 2115 1223 2162 caeteris
1238 2116 1533 2181 praeeminet,
1553 2124 1736 2180 quanto
1760 2114 1955 2178 majoris
1978 2113 2137 2176 gratiae
2159 2109 2409 2178 plenitudo

282 2188 422 2236 donis
450 2191 668 2238 omnium
696 2193 928 2241 virtutum
956 2194 1217 2260 discipulos
1245 2195 1622 2254 consummavit,
1655 2194 1830 2259 quibus
1853 2211 1936 2240 eos
1958 2193 2094 2258 quasi
2122 2189 2411 2256 quibusdam

282 2269 425 2317 armis
446 2270 625 2331 induit;
650 2281 704 2321 ut
724 2272 799 2320 his
821 2275 1091 2339 praemuniti
1115 2276 1391 2323 universum
1416 2275 1657 2323 debellare
1680 2274 1941 2333 mundum,
1971 2283 2018 2322 et
2040 2272 2286 2337 acquirere
2307 2273 2410 2318 Deo

280 2348 568 2398 sufficerent.
610 2352 755 2409 Quod
792 2354 989 2418 quidem
1023 2355 1362 2403 indumentum
1397 2356 1617 2403 Christus
1646 2356 1712 2402 eis
1740 2355 2025 2421 promittens
2055 2354 2139 2401 ait⁶
2164 2371 2174 2399 :
2205 2355 2411 2399 «Donec

282 2428 550 2477 induamini
576 2432 751 2479 virtute
773 2450 829 2480 ex
852 2434 1001 2481 alto.»
1025 2438 1272 2500 Tanquam
1300 2437 1339 2483 si
1367 2436 1577 2483 diceret:
1604 2439 1771 2483 Donec
1795 2436 2001 2482 inermes
2025 2442 2339 2492 armaturam,
2365 2442 2412 2479 et

283 2508 543 2556 imbecilles
565 2512 805 2576 accipiatis
834 2513 1183 2562 fortitudinem.
1218 2515 1356 2562 Unde
1378 2526 1425 2562 et
1452 2533 1603 2580 quum
1625 2515 1853 2581 baptizati
1876 2531 1903 2561 a
1925 2513 2213 2580 presbyteris
2241 2511 2414 2559 confir·

284 2599 478 2637 mantur
505 2592 818 2656 postmodum
849 2594 910 2641 ab
940 2596 1199 2661 episcopis,
1233 2606 1279 2643 et
1301 2613 1387 2661 per
1416 2596 1776 2662 impositionem
1794 2612 1969 2647 ,manus
1991 2594 2195 2641 traditur
2217 2593 2283 2639 eis
2304 2592 2410 2658 Spi-

284 2670 402 2718 ritus
439 2682 653 2731 sanctus,
694 2673 795 2720 haec
832 2675 935 2739 ipsa
972 2693 1141 2723 eorum
1180 2675 1484 2724 confirmatio
1527 2676 1747 2741 quaedam
1787 2686 1858 2723 est
1901 2676 2131 2722 virtutum
2172 2683 2412 2721 armatura

282 2752 503 2818 spiritalis
538 2753 600 2800 ad
633 2754 951 2802 resistendum
988 2757 1136 2815 vitiis,
1175 2758 1251 2804 vel
1286 2757 1691 2823 perseverandum
1727 2758 1775 2803 in
1811 2756 1890 2803 illa
1920 2772 2067 2820 quam
2096 2755 2144 2800 in
2172 2754 2411 2819 baptismo

285 2843 601 2897 perceperunt
623 2834 860 2882 munditia
880 2835 1021 2900 plena
1044 2836 1111 2883 ibi
1144 2838 1424 2884 remissione
1446 2847 1754 2903 peccatorum
1777 2845 2018 2902 percepta.
2044 2834 2262 2898 Legimus
2284 2843 2330 2879 et
2352 2832 2412 2879 de

285 2912 503 2971 caritate,
530 2929 635 2976 quae
655 2914 798 2960 vestis
820 2914 899 2962 illa
922 2917 1146 2981 nuptialis
1169 2917 1368 2977 dicitur,
1390 2918 1503 2982 quia
1525 2918 1681 2983 operit
1703 2915 2061 2963 multitudinem
2084 2922 2409 2979 peccatorum,

286 3002 332 3039 et
354 2993 467 3057 quia
489 2993 732 3059 discipulis
755 3011 782 3041 a
804 2996 1015 3043 Domino
1038 2997 1220 3045 dictum
1243 3001 1333 3045 est⁷
1354 3017 1363 3045 :
1386 3002 1524 3046 «Vos
1543 3006 1704 3046 autem
1720 2997 2031 3063 baptizamini
2048 2995 2224 3060 Spiritu
2246 3003 2412 3040 sancto

288 3089 387 3119 non
410 3083 519 3138 post
549 3073 725 3121 multos
753 3074 843 3122 hos
871 3076 1034 3123 dies.»
1074 3078 1213 3126 Unde
1240 3089 1460 3144 patenter
1489 3079 1685 3143 intelligi
1714 3079 1878 3137 datur,
1910 3078 2022 3142 quia
2044 3075 2244 3141 Spiritus
2267 3073 2411 3121 adve-

290 3153 425 3199 niens
459 3153 718 3219 discipulos
755 3156 895 3202 simul
933 3167 979 3203 et
1013 3173 1040 3204 a
1079 3159 1286 3223 peccatis
1324 3159 1603 3218 mundavit,
1644 3170 1691 3206 et
1729 3157 2023 3206 ornamentis
2059 3155 2290 3202 virtutum
2331 3169 2414 3200 eos

289 3242 519 3296 tanquam
557 3244 697 3281 antea
725 3235 883 3283 nudos
913 3236 1091 3296 induit,
1124 3248 1355 3303 tanquam
1384 3239 1525 3287 simul
1553 3240 1911 3305 baptizarentur
1940 3248 1986 3284 et
2014 3234 2415 3283 confirmarentur

337 3434 345 3450 ¹
374 3434 467 3474 Luc.,
489 3446 562 3479 cap.
579 3449 670 3478 xxiv,
689 3450 721 3471 v.
739 3440 848 3473 ⁴9.—-
865 3440 877 3457 ²
897 3441 1015 3479 Psalm.
1042 3453 1155 3484 xxxu,
1174 3454 1205 3476 v.
1230 3444 1261 3476 6.
1285 3462 1323 3467 --
1381 3444 1393 3461 ⁵
1414 3444 1535 3477 Psalm.
1558 3454 1649 3476 xxxn
1668 3469 1675 3483 ,
1697 3453 1725 3475 v.
1749 3445 1783 3475 6.
1802 3461 1839 3466 —-
1862 3442 1875 3460 ⁸
1897 3443 1991 3482 Luc.,
2012 3452 2087 3485 cap.
2108 3450 2185 3473 xxiv
2202 3464 2210 3479 ,
2240 3451 2271 3471 v.
2305 3436 2359 3468 49.
2377 3453 2414 3459 —

291 3489 303 3506 ³
326 3489 445 3524 Psalm.
476 3503 581 3533 nvn,
610 3505 639 3526 v.
669 3496 721 3528 12.
738 3513 782 3522 -
798 3495 811 3514 ⁴
832 3498 942 3535 Cant„
971 3508 1044 3541 cap.
1072 3510 1125 3531 vm
1142 3525 1150 3539 ,
1176 3511 1206 3532 v.
1233 3501 1266 3532 6.
1283 3518 1327 3525 -
1383 3500 1394 3517 ⁷
1412 3502 1484 3534 Ace.
1502 3502 1627 3542 Apost„
1645 3511 1717 3543 cap.
1738 3510 1766 3541 ι,
1783 3510 1814 3532 v·
1829 3500 1860 3532 5·

454 3561 467 3588 1
2205 3554 2250 3591 61
