2970 4152
839 360 917 405 DE
950 359 1174 407 SANCTO
1206 360 1432 407 JOANNE
1466 358 1744 408 BAPTlSTA
1778 360 1994 407 SERMO.
2283 377 2294 385 ·
2376 366 2459 411 574

356 453 481 501 ultro
500 463 626 501 terra
648 453 808 512 dabat,
829 454 1208 513 contentus,'nec
1229 470 1371 519 pane,
1392 471 1482 502 nec
1505 455 1650 515 olere,
1672 472 1762 502 nec
1785 455 1945 519 aliquo
1968 465 2108 502 cocto
2130 457 2257 502 vesci
2280 457 2465 520 legitur,

354 533 441 582 sed
462 544 649 581 tantum
673 535 812 582 melle
833 535 1066 600 sylvestri,
1092 545 1139 582 et
1160 531 1372 594 locustis,
1390 545 1437 582 et
1459 551 1581 599 aqua
1603 532 1908 583 sustentatur.
1928 536 2050 583 Elias
2074 552 2171 583 non
2197 536 2353 584 solum
2377 539 2470 585 cibi

355 602 623 677 monastici,
651 617 963 664 verumetiam
985 616 1202 664 carnium
1225 616 1510 663 alimentum
1527 617 1683 664 corvis
1706 615 2083 664 ministrantibus
2102 617 2286 664 habuit.
2305 621 2341 664 A
2361 620 2467 682 qui-

353 694 556 743 busnon
580 697 725 744 semel
746 698 796 744 in
820 697 914 757 die,
937 696 1021 744 sed
1042 706 1141 744 tam
1163 692 1305 744 mane
1324 713 1470 761 quam
1481 713 1678 761 vespere
1700 697 1762 744 ad
1784 714 1895 744 eum
1916 697 1990 744 hae
2011 698 2188 762 pariter
2211 715 2321 744 cum
2343 715 2468 763 pane

353 774 706 824 deserebantur.
744 778 839 834 Qui
868 787 915 824 et
942 777 1003 824 de
1029 787 1242 841 torrente
1265 776 1428 824 Charit
1448 776 1678 841 poculum
1704 776 1910 835 habens,
1937 778 1985 823 in
2015 777 2167 824 tribus
2191 778 2312 837 istis,
2345 794 2469 843 pane

352 854 595 915 videlicet,
622 855 868 915 carnibus,
894 867 942 903 et
963 872 1111 921 aqua,
1135 847 1237 903 non
1260 858 1466 920 magnae¹
1495 855 1792 903 abstinentiae
1814 873 2068 919 gravamen
2091 858 2342 904 sentiebat.
2368 857 2470 905 Filii

350 950 545 999 quoque
573 935 765 983 Rechab
794 935 975 983 nullam
999 936 1292 1000 jejuniorum
1314 935 1507 983 laudem
1529 936 1714 1001 adepti,
1740 936 1802 982 de
1825 936 2110 984 abstinentia
2132 947 2320 985 tantum
2342 925 2464 997 vini,

348 1030 451 1074 non
497 1016 736 1075 carnium,
782 1016 857 1063 vel
898 1033 1293 1082 quarumcunque
1338 1017 1640 1076 deliciarum,
1687 1017 2090 1064 commendantur
2133 1034 2161 1065 a
2203 1019 2414 1065 Domino
2435 1022 2464 1065 ².

348 1097 557 1144 Joannes
578 1113 692 1144 vero
715 1097 911 1162 ejusque
942 1098 1163 1163 discipuli
1190 1100 1239 1145 in
1270 1098 1556 1146 abstinentia
1578 1097 1818 1163 corporali
1845 1099 2150 1162 quotidiana,
2182 1115 2283 1145 non
2313 1099 2469 1146 solum

347 1178 531 1242 priores
564 1188 723 1243 patres
737 1216 749 1238 ‚
776 1179 1090 1226 verumetiam
1117 1180 1275 1244 ipsum
1303 1180 1568 1238 Christum,
1598 1179 1674 1226 vel
1706 1179 1804 1243 ejus
1833 1179 2090 1244 discipulos
2121 1180 2469 1227 transcendisse

344 1254 532 1323 legitur,
559 1258 680 1304 sicut
700 1258 922 1305 Matthaeo
944 1258 1177 1306 referente
1200 1258 1478 1306 didicimus⁸
1505 1277 1516 1305 ε
1546 1277 1569 1303 «
1584 1261 1910 1316 Accesserunt,
1933 1277 1956 1303 »
1987 1259 2158 1322 inquit,
2183 1278 2206 1303 «
2226 1259 2287 1306 ad
2309 1263 2469 1306 Jesum

346 1335 567 1402 discipuli
587 1338 784 1384 Joannis
807 1337 1019 1385 dicentes
1046 1356 1056 1384 ε
1087 1357 1110 1382 «
1129 1341 1287 1395 Quare
1309 1354 1399 1384 nos
1422 1347 1469 1384 et
1490 1338 1707 1402 pharisaei
1723 1338 1994 1401 jejunamus
2018 1338 2307 1403 frequenter,
2334 1339 2470 1385 disci-

349 1432 372 1459 α
398 1413 499 1479 puli
521 1426 681 1463 autem
696 1417 766 1462 tui
785 1433 885 1463 non
897 1416 1142 1479 jejunmt?
1163 1420 1261 1462 »Et
1282 1417 1346 1462 ait
1368 1416 1457 1462 illis
1479 1419 1611 1462 Jesus
1630 1435 1640 1462 :
1663 1435 1687 1460 «
1705 1417 1932 1480 Nunquid
1959 1427 2160 1482 possunt
2182 1416 2265 1463 filii
2287 1418 2464 1481 lugere,

349 1513 372 1539 α
398 1494 615 1559 quandiu
636 1512 748 1542 cum
770 1495 859 1542 illis
881 1505 952 1542 est
974 1497 1205 1559 sponsus?
1229 1514 1252 1539 >2
1288 1496 1382 1552 Qui
1410 1496 1554 1542 etiam
1583 1506 1762 1559 quanta
1783 1497 1987 1543 vestium
2017 1498 2291 1563 asperitate,
2326 1515 2387 1544 ne
2419 1499 2465 1544 in

344 1574 445 1623 istis
467 1574 674 1639 aliquam
697 1575 893 1622 sentiret
915 1575 1183 1634 mollitiem,
1210 1591 1300 1622 nec
1322 1574 1492 1622 eadem
1514 1575 1787 1638 Evangelia,
1810 1592 1900 1622 nec
1923 1577 2023 1640 ipse
2045 1578 2280 1624 Dominus
2304 1578 2467 1625 reticet

295 1680 299 1682 <
343 1653 394 1700 in
428 1653 571 1701 laude
600 1655 716 1718 ejus.
754 1654 994 1719 Scriptum
1022 1654 1200 1719 quippe
1233 1656 1329 1700 est⁴
1356 1672 1367 1700 ε
1397 1673 1420 1699 «
1440 1657 1544 1719 Ipse
1566 1664 1725 1701 autem
1752 1657 1961 1701 Joannes
1981 1655 2190 1702 habehat
2211 1657 2466 1703 vestimen-

342 1743 447 1781 tum
474 1733 536 1781 de
562 1734 670 1799 pilis
697 1734 1015 1794 camelorum,
1041 1744 1088 1781 et
1111 1750 1286 1781 zonam
1307 1734 1555 1799 pelliceam
1578 1734 1704 1781 circa
1724 1733 1917 1781 lumbos
1939 1752 2069 1782 suos.
2099 1754 2122 1779 »
2155 1739 2248 1782 Pro
2271 1728 2467 1783 cucullis

341 1813 536 1878 quidem
565 1814 713 1862 laneis
735 1814 923 1879 hispida
951 1815 1012 1862 de
1033 1815 1140 1879 pilis
1162 1815 1455 1863 camelorum
1477 1815 1686 1862 habebat
1710 1814 2008 1863 indumenta.
2044 1819 2135 1863 Pro
2158 1816 2466 1864 femoralibus

340 1893 495 1952 lineis,
520 1911 644 1942 zona
658 1894 857 1959 pellicea
869 1895 996 1942 circa
1011 1895 1202 1942 lumbos
1224 1894 1464 1954 utebatur,
1482 1905 1535 1942 ut
1554 1894 1777 1942 videlicet
1793 1890 2048 1959 frigiditate
2066 1906 2114 1943 et
2135 1896 2310 1944 duritia
2332 1896 2466 1961 pellis

342 1972 552 2021 calorem
574 1984 622 2021 et
642 1974 892 2022 mollitiem
915 1975 1195 2039 reprimeret
1217 1975 1446 2022 libidinis.
1479 1974 1620 2021 Filius
1642 1974 1743 2038 ipse
1764 1974 2005 2039 pontificis
2028 1976 2110 2039 qui
2131 1985 2247 2022 tunc
2267 1975 2466 2022 haeredi-

339 2053 462 2100 tario
479 2053 587 2116 jure
608 2056 732 2119 patri
754 2054 1065 2115 succedebat,
1091 2055 1273 2120 populo
1296 2055 1585 2119 contempsit
1606 2070 1805 2118 praeesse
1827 2051 1876 2100 in
1900 2055 2090 2102 civitate
2105 2092 2116 2113 ,
2136 2065 2190 2101 ut
2211 2055 2463 2119 perfectius

339 2137 444 2182 Deo
470 2134 662 2183 vacaret
690 2137 739 2182 in
769 2136 1045 2183 solitudine.
1078 2136 1228 2199 Hujus
1256 2136 1424 2199 onagri
1454 2135 1645 2182 suerunt
1667 2145 1856 2182 montes
1878 2134 2123 2199 pascuales
2139 2136 2230 2182 viri
2252 2135 2463 2200 praedicti

339 2213 588 2262 altitudine
609 2216 715 2263 vitae
743 2217 792 2262 in
822 2217 1020 2280 antiquo
1049 2215 1231 2280 populo
1260 2216 1617 2280 praeminentes,
1644 2214 1706 2262 ad
1727 2231 1850 2279 quos
1878 2215 2157 2262 intentionis
2180 2231 2275 2262 suae
2297 2215 2462 2263 oculos

336 2293 517 2354 levans,
538 2294 672 2357 juxta
696 2295 860 2344 illud⁵2
882 2316 904 2341 α
925 2296 1097 2343 Levavi
1120 2295 1286 2342 oculos
1309 2312 1444 2342 meos
1462 2296 1511 2342 in
1536 2306 1742 2355 montes,
1764 2314 1787 2339 »
1811 2305 1932 2359 quot
1954 2295 2067 2342 inde
2083 2295 2313 2342 virtutum
2338 2311 2462 2342 sum-

336 2375 430 2439 psit
464 2375 704 2439 exempla,
746 2376 882 2439 quasi
918 2385 991 2422 tot
1017 2376 1214 2422 virentis
1247 2375 1407 2422 herbae
1436 2375 1658 2422 habuerit
1680 2375 1872 2439 pabula.
1906 2379 2012 2422 Non
2042 2376 2172 2422 enim
2193 2376 2243 2421 in
2265 2374 2460 2438 singulis

336 2455 500 2502 omnia
521 2454 693 2502 divinae
716 2456 874 2518 gratiae
894 2455 1025 2502 dona
1047 2454 1330 2519 reperiebat,
1356 2455 1440 2502 sed
1464 2471 1519 2501 ex
1542 2455 1741 2502 diversis
1763 2455 1951 2502 diversa
1972 2454 2218 2518 colligens,
2244 2455 2378 2519 quasi
2401 2471 2457 2502 ex

335 2534 495 2582 multis
516 2551 669 2582 unum
689 2535 939 2582 hominem
961 2535 1226 2599 perfectum
1247 2551 1541 2599 componere
1563 2525 1801 2582 studebat.
1836 2535 1984 2598 Hujus
2007 2536 2167 2600 itaque
2188 2536 2335 2582 vitam
2357 2545 2454 2582 tam

334 2614 395 2662 de
430 2616 726 2662 continentia
767 2631 912 2679 quam
947 2614 1007 2662 de
1042 2615 1329 2662 abstinentia
1372 2615 1607 2662 Dominus
1647 2615 1900 2679 praeferens
1940 2615 2195 2674 universis,
2231 2632 2321 2662 nec
2355 2625 2454 2662 tam

333 2694 596 2743 humanam
615 2712 760 2760 quam
777 2695 1039 2759 angelicam
1061 2711 1260 2742 censens
1277 2711 1401 2754 eam,
1418 2712 1568 2759 quum
1590 2695 1890 2760 praemisisset
1912 2695 1959 2741 in
1984 2695 2084 2758 ejus
2103 2695 2295 2742 laude':
2318 2715 2341 2739 «
2358 2696 2451 2743 Sed

334 2776 452 2841 quid
474 2777 631 2824 existis
652 2776 842 2824 videre?
872 2776 1187 2841 prophetam?
1208 2777 1328 2823 Dico
1350 2777 1488 2823 vobis
1510 2777 1616 2841 plus
1639 2793 1785 2841 quam
1807 2776 2111 2841 prophetam,
2133 2794 2155 2820 »
2180 2777 2338 2823 statim
2366 2777 2452 2824 ad-

329 2857 443 2920 jecit
470 2875 480 2903 :
510 2877 533 2902 «
554 2858 641 2904 Hic
664 2867 750 2916 est,
777 2857 838 2904 de
859 2874 957 2922 quo
980 2858 1209 2923 scriptum
1232 2867 1303 2904 est
1329 2876 1339 2903 :
1370 2876 1394 2902 «
1410 2860 1532 2905 Ecce
1554 2858 1693 2904 mitto
1715 2857 1937 2921 angelum
1956 2873 2135 2915 meum,
2162 2867 2253 2903 etc.
2275 2875 2298 2901 >2

399 2937 527 2995 Quid
549 2947 725 2996 autem,
753 2938 936 2996 fratres,
962 2938 1081 2986 tanti
1099 2938 1327 3002 principis
1350 2938 1502 2984 nostri
1515 2938 1663 2985 vitam
1685 2937 2028 2984 commendare
2050 2937 2263 3002 prodest,
2283 2938 2450 3003 sicam

334 3017 507 3064 imitari
529 3018 907 3064 contemnimus?
938 3018 1068 3065 Sicut
1089 3018 1153 3065 ait
1174 3017 1455 3083 Apostolus⁷
1481 3036 1490 3064 :
1521 3037 1545 3062 «
1563 3021 1870 3082 Quaecunque
1898 3017 2073 3082 scripta
2101 3027 2234 3076 sunt,
2267 3017 2327 3064 ad
2358 3034 2447 3064 no-

332 3107 479 3145 stram
502 3097 773 3145 doctrinam
795 3099 968 3163 scripta
993 3108 1120 3158 sunt,
1143 3108 1196 3145 ut
1219 3114 1306 3162 per
1327 3098 1606 3163 patientiam
1627 3108 1675 3145 et
1696 3097 2076 3145 consolationem
2099 3098 2448 3161 Scripturarum

332 3193 466 3242 spem
496 3178 776 3226 habeamus.
798 3197 821 3222 »
856 3181 1100 3235 Quantum
1131 3178 1272 3226 nobis
1307 3179 1526 3227 imminet
1558 3177 1846 3243 periculum,
1885 3178 1923 3225 si
1951 3194 2008 3225 ea
2039 3194 2139 3224 non
2169 3178 2449 3242 impleamus

379 3378 389 3396 '
416 3378 518 3412 Aliter
537 3389 700 3421 maynum.
718 3378 940 3416 —'Jerem..
965 3389 1039 3422 cap.
1056 3389 1156 3419 xxxv,
1174 3389 1205 3412 v.
1230 3380 1242 3410 1
1263 3384 1295 3411 et
1309 3389 1360 3422 sq.
1417 3377 1560 3410 ⁸Psalm.
1591 3388 1655 3410 cxx
1675 3402 1684 3416 ,
1710 3387 1740 3409 v.
1780 3379 1809 3410 1,
1840 3395 1876 3401 -
1901 3376 1915 3394 ⁸
1941 3376 2076 3418 Manli„
2107 3386 2179 3420 cap.
2214 3388 2247 3409 xi
2263 3402 2272 3417 ,
2301 3388 2332 3409 v.
2355 3378 2386 3409 9.
2409 3394 2441 3400 —-

333 3451 370 3457 -
391 3433 404 3451 ⁸
416 3433 545 3476 matth„
568 3445 642 3479 cap,
665 3446 718 3476 ix,
735 3445 765 3468 ν.
789 3435 841 3467 1⁴.
854 3450 897 3460 -
911 3433 1037 3471 ⁴1bid..
1054 3445 1127 3478 cap.
1154 3445 1206 3475 in,
1223 3445 1254 3469 v.
1272 3437 1304 3470 4.
1321 3452 1360 3459 -
1419 3434 1431 3452 '¹
1444 3436 1553 3473 Rom„
1568 3444 1642 3477 cap.
1658 3444 1713 3475 xv,
1731 3444 1760 3465 v.
1778 3434 1812 3469 4.
