2970 4152
1288 410 1606 456 EPISTOLAE.
2416 408 2510 453 223

393 505 568 553 litteras
588 542 600 565 ,
633 504 707 553 vel
732 522 819 571 per
846 504 1158 552 sufficientem
1183 520 1440 551 numerum
1468 504 1663 551 fratrum
1685 540 1696 563 ,
1730 514 1896 569 utpote
1922 520 2008 569 per
2031 512 2239 567 quatuor
2263 502 2339 548 vel
2369 503 2513 565 quin--

393 602 516 650 que,
552 585 685 649 quod
708 586 950 633 concessio
976 585 1116 641 fuerit
1140 583 1260 632 facta
1287 585 1354 632 eis
1378 594 1491 633 ante
1519 583 1852 631 inhibitionem
1880 584 2062 631 ordinis
2084 600 2172 648 per
2195 581 2416 629 abbatem
2444 583 2515 629 vel

392 675 700 712 conventum.

454 749 529 791 De
559 745 830 793 mulieribus
858 762 953 792 non
970 743 1322 810 permutandir.
1339 743 1661 804 -Mulieres,
1692 757 1797 809 quae
1821 744 1882 791 ab
1906 745 2103 809 antiquo
2134 745 2240 792 loca
2263 744 2441 792 habent
2463 746 2512 790 in

390 823 616 872 domibus
645 826 819 872 nostris
835 860 848 885 ,
876 835 928 872 ut
950 826 1238 891 recipiantur
1262 825 1310 872 in
1338 841 1527 873 sorores
1542 857 1559 885 ,
1584 824 1726 871 nullis
1751 824 1853 872 aliis
1877 824 1981 872 loca
2007 842 2094 873 sua.
2116 826 2362 873 conferant
2379 862 2390 884 ,
2426 843 2514 872 nec

390 903 471 952 fiat
495 907 619 954 circa
641 906 860 953 mulieres
883 906 1042 970 aliqua
1068 907 1266 954 mutatio
1291 923 1622 972 personarum.

453 989 527 1032 De
545 986 725 1050 puellis*
754 1003 851 1033 non
877 985 1143 1033 nutriendis
1170 988 1223 1033 in
1251 985 1461 1034 domibus
1494 988 1684 1034 nostrie.
1704 989 1944 1045 —Quum
1969 988 2176 1053 propriis
2200 988 2420 1035 fratribus
2460 1006 2514 1036 ac

388 1065 633 1114 sororibus
655 1067 828 1114 nostris
856 1067 999 1114 etiam
1026 1067 1157 1114 tenui
1180 1067 1307 1114 victu
1331 1066 1548 1116 sufficere
1564 1068 1640 1114 vix
1664 1068 1903 1133 possimus
1920 1105 1932 1128 ,
1961 1068 2221 1116 absurdum
2246 1069 2510 1129 videretur,

387 1147 424 1192 si
450 1146 633 1195 alienos
653 1148 707 1195 in
726 1147 904 1195 deliciis
931 1148 1219 1195 nutriremus
1234 1183 1246 1207 ,
1276 1157 1323 1195 et
1345 1147 1460 1195 tales
1485 1148 1708 1208 maxime,
1737 1148 1798 1196 de
1820 1165 2029 1213 quorum
2046 1150 2210 1196 fratres
2230 1160 2312 1197 aut
2329 1167 2516 1197 sorores

388 1237 560 1275 nostrae
582 1238 776 1294 possent
798 1229 1162 1276 conversatione
1183 1230 1443 1294 corrumpi.
1475 1232 1739 1295 Eapropter
1762 1230 2034 1277 censuimus
2057 1230 2146 1277 sub
2165 1231 2375 1278 districta
2392 1230 2516 1277 inhi-

386 1306 567 1356 bitione
592 1308 860 1357 cavendum
875 1345 887 1367 ,
907 1318 976 1370 ut,
1006 1309 1188 1356 emissis
1209 1311 1411 1356 omnino
1436 1309 1730 1357 secularibus
1745 1346 1757 1370 ,
1781 1327 1886 1374 quae
1911 1310 1972 1357 ad
1998 1310 2305 1358 nutriendum
2327 1311 2373 1357 in
2395 1310 2517 1356 clau-

386 1389 492 1436 stris
519 1405 742 1437 sororum
771 1400 1043 1437 nostrarum
1070 1389 1303 1438 haetenus
1325 1400 1436 1437 sunt
1466 1401 1666 1457 receptae
1683 1427 1694 1449 ‚
1724 1390 1855 1438 nulla
1880 1391 1970 1437 alia
1995 1408 2192 1457 prorsus
2215 1391 2277 1438 ad
2302 1392 2516 1438 nutrien-

385 1468 502 1516 dum
519 1469 579 1517 de
595 1479 765 1518 caetero
783 1470 1075 1518 admittatur.
1097 1470 1242 1528 Quod
1259 1471 1298 1518 si
1313 1470 1471 1535 aliqua
1493 1471 1696 1519 voluerit
1713 1472 1840 1520 exire
1852 1472 1950 1535 jam
1969 1481 2173 1537 recepta,
2199 1471 2272 1519 vel
2297 1472 2337 1518 si
2354 1509 2364 1528 ‚
2388 1470 2456 1535 [ut
2470 1471 2515 1535 Ρ]

384 1549 446 1596 ad
469 1550 779 1601 nutriendum
800 1551 1080 1617 recipiatur,
1108 1567 1196 1616 per
1227 1567 1278 1598 se
1308 1551 1383 1599 vel
1409 1569 1495 1617 per
1521 1552 1640 1599 alios
1664 1553 1904 1600 intruserit
1937 1552 2169 1600 violenter
2188 1588 2200 1611 ,
2235 1562 2444 1600 cessetur
2465 1553 2512 1598 in

385 1632 557 1680 eodem
581 1633 691 1681 loco
708 1670 721 1695 ,
750 1650 1003 1699 quousque
1027 1633 1192 1681 exierit
1208 1669 1220 1693 ,
1251 1634 1441 1699 penitus
1466 1651 1494 1682 a
1522 1634 1710 1682 divinis.

453 1713 594 1774 Quod
615 1731 802 1762 sorores
825 1725 1002 1762 nostroe
1031 1731 1127 1761 non
1159 1713 1365 1762 habeant
1386 1717 1550 1780 nigras
1589 1717 1788 1762 tunicas.
1805 1743 1872 1752 -·
1887 1716 2123 1764 Praedictis
2148 1733 2357 1781 namque
2385 1717 2516 1764 duxi-

383 1808 490 1840 mus
503 1794 891 1854 annectendum,
920 1804 1180 1842 statuentes
1206 1794 1296 1842 sub
1318 1812 1463 1860 poena
1488 1796 1998 1844 excommunicationis
2017 1796 2215 1844 firmiter
2240 1797 2510 1855 observari,

383 1881 436 1919 ut
464 1886 653 1920 sorores
685 1883 859 1921 nostrae
890 1874 1084 1921 nonnisi
1110 1874 1160 1920 in
1187 1875 1358 1922 tunicis
1389 1874 1509 1922 albis
1533 1885 1580 1922 et
1609 1876 1752 1940 nigris
1777 1876 2128 1942 superpelliceis
2153 1877 2428 1924 induantur.
2460 1880 2512 1924 In

381 1951 555 2017 quibus
598 1952 819 2002 videlicet
853 1953 1231 2020 superpelliceis,
1264 1954 1394 2002 nulla
1420 1955 1496 2003 vel
1527 1957 1830 2022 superfluitas
1866 1956 1939 2004 vel
1975 1958 2222 2004 curiositas
2261 1957 2479 2005 videatur
2499 1996 2510 2016 ,

381 2042 428 2080 et
451 2049 513 2080 ne
540 2033 600 2080 sit
623 2033 846 2082 notabilis
872 2034 1064 2082 habitus
1091 2035 1369 2082 earumdem
1389 2071 1400 2095 ,
1434 2052 1495 2083 ne
1520 2046 1675 2084 vestes
1704 2037 1863 2103 potius
1887 2037 2139 2085 videantur
2159 2055 2303 2103 quam
2323 2055 2513 2086 morum

382 2111 572 2160 delicias
597 2112 832 2162 affectare.

444 2197 518 2240 De
540 2193 778 2242 sororibus*
800 2196 851 2242 in
872 2195 1009 2260 lapsa
1027 2198 1189 2243 carnis
1222 2196 1539 2261 deprehensir.
1558 2199 1683 2245 —Si
1709 2198 1867 2263 aliqua
1891 2215 2030 2246 soror
2053 2196 2350 2265 deprehensa
2377 2201 2515 2249 fuerit

380 2274 428 2320 in
465 2273 601 2340 lapsu
637 2275 820 2331 carnis,
866 2276 1025 2323 statim
1052 2277 1295 2324 emittatur
1329 2294 1356 2324 a
1385 2277 1534 2325 domo
1554 2314 1566 2338 ,
1611 2288 1658 2325 et
1690 2278 2000 2339 nullomodo,
2044 2281 2226 2328 etiamsi
2255 2280 2514 2329 obtinuerit

381 2353 782 2416 misericordiam,
808 2355 869 2403 de
894 2366 1066 2404 caetero
1099 2366 1387 2414 revertatur,
1418 2359 1510 2405 nisi
1535 2358 1624 2405 sub
1652 2358 1731 2406 tali
1756 2359 1858 2423 lege
1884 2360 2018 2424 quod
2044 2359 2149 2407 velo
2169 2371 2326 2408 careat
2345 2362 2392 2407 in
2412 2379 2514 2426 per-

379 2444 604 2498 petuum,
633 2445 679 2483 et
706 2435 795 2483 sub
823 2435 904 2483 vili
928 2446 1059 2485 veste
1084 2446 1132 2484 et
1158 2438 1287 2484 tenui
1311 2438 1465 2498 victu,
1495 2438 1768 2486 nullatenus
1793 2456 2037 2504 egressura
2065 2440 2126 2488 de
2151 2440 2384 2500 claustro,
2421 2459 2514 2489 ser-

380 2513 474 2559 viat
503 2524 553 2561 ut
583 2514 768 2562 ancilla.
806 2517 1010 2576 Verur'n,
1037 2517 1077 2563 si
1106 2516 1322 2564 secundo
1348 2518 1668 2578 commiserit,
1700 2519 1937 2583 ejiciatur,
1971 2530 2019 2567 et
2043 2520 2239 2567 nullum
2256 2520 2317 2567 de
2341 2532 2511 2568 caetero

380 2594 664 2659 receptionis
689 2611 785 2642 suae
812 2594 1027 2643 debitum
1055 2595 1115 2643 ab
1139 2596 1309 2644 ordine
1338 2597 1651 2662 praestoletur.
1685 2599 1808 2646 Sane
1831 2600 1866 2645 si
1892 2599 2047 2664 aliqua
2073 2610 2202 2647 extra
2227 2610 2358 2666 septa
2378 2617 2512 2648 soro-

378 2690 484 2722 rum
509 2675 700 2735 exierit,
730 2675 864 2722 omni
891 2685 1021 2723 sexta
1049 2675 1167 2724 feria
1196 2693 1283 2741 per
1309 2693 1491 2724 annum
1517 2678 1565 2724 in
1593 2693 1718 2743 pane
1750 2689 1796 2726 et
1820 2695 1944 2743 aqua
1971 2679 2232 2739 abstineat,
2263 2697 2438 2745 porro;
2473 2683 2512 2728 si

377 2764 507 2801 extra
530 2756 814 2803 exteriorem
842 2765 1031 2821 portam
1055 2755 1230 2804 domus
1257 2757 1449 2817 exierit,
1482 2757 1604 2804 infra
1623 2768 1734 2805 octo
1760 2759 1862 2806 dies
1888 2760 1926 2806 si
1943 2777 2129 2807 reversa
2156 2760 2312 2819 fuerit,
2334 2763 2512 2826 poterit

376 2834 544 2898 recipi,
574 2844 627 2881 ut
652 2834 873 2899 fugitiva3
901 2835 966 2883 ita
989 2845 1148 2883 tamen
1170 2845 1220 2882 ut
1247 2853 1333 2901 per
1359 2836 1673 2901 quadraginta
1693 2837 1794 2885 dies
1813 2838 2089 2902 subjiciatur
2113 2857 2265 2905 poenae
2283 2841 2508 2905 gravioris

374 2913 525 2979 culpae
543 2950 555 2974 ,
584 2924 631 2962 et
653 2915 787 2962 omni
814 2925 943 2963 sexta
973 2916 1087 2963 feria
1113 2933 1200 2982 per
1223 2933 1403 2964 annum
1435 2917 1674 2966 reficiatur
1694 2919 1741 2965 in
1762 2936 1885 2984 pane
1911 2930 1957 2967 et
1980 2937 2119 2985 aqua.
2147 2924 2257 2968 Post
2276 2922 2376 2968 dies
2395 2932 2504 2969 octo

374 2996 627 3043 revertenti
652 2995 900 3059 adjiciatur
921 2995 983 3043 ad
1016 3013 1239 3061 poenam,
1268 3007 1321 3045 ut
1346 3015 1496 3062 usque
1527 2998 1588 3045 ad
1626 3016 1830 3063 sequens
1860 3000 2078 3064 generale
2109 3001 2370 3066 capitulum
2400 3002 2505 3050 velo

374 3085 561 3135 careat,
588 3086 634 3123 et
659 3076 831 3124 serviat
857 3086 908 3123 ut
937 3076 1103 3123 ancilla
1122 3112 1134 3136 ,
1167 3094 1266 3124 non
1293 3088 1453 3125 tamen
1483 3078 1573 3126 hac
1602 3080 1855 3127 occasione
1879 3098 2121 3145 egressura
2149 3098 2176 3128 a
2203 3081 2424 3130 claustro.

441 3159 513 3203 De
530 3159 791 3222 egressione
807 3174 1041 3205 sororum.
1058 3184 1126 3195 —-
1138 3158 1382 3217 Quasdam
1401 3159 1622 3208 ecclesias
1642 3161 1790 3208 nostri
1812 3162 1993 3208 ordinis
2015 3161 2075 3209 de
2095 3162 2216 3210 facili
2235 3165 2504 3228 egressione

372 3252 595 3284 sororum
629 3237 898 3285 audivimus
935 3238 1167 3285 infamari.
1197 3239 1291 3287 Sed
1316 3241 1427 3304 quia
1452 3240 1566 3288 inde
1589 3241 1738 3288 multa
1766 3241 1975 3306 pericula
2003 3243 2268 3291 animarum
2301 3257 2502 3310 possunt

370 3332 634 3382 emergere,
666 3328 714 3366 et
745 3318 937 3366 forsitan
964 3329 1285 3380 emerserunt;
1315 3320 1626 3385 prohibemus
1656 3337 1716 3368 ne
1744 3321 1921 3368 amodo
1950 3322 2011 3369 ad
2036 3323 2229 3388 aliquod
2255 3326 2499 3390 negotium

370 3395 445 3442 vel
467 3395 706 3458 laborem,
737 3398 835 3445 sive
860 3398 1002 3466 etjam
1026 3398 1074 3445 in
1100 3398 1253 3445 causis
1282 3398 1342 3446 ad
1368 3400 1692 3468 testimonium
1711 3400 2087 3466 perhibendum,
2117 3404 2419 3468 egrediantur
2439 3405 2498 3452 de

369 3485 539 3524 caetero
547 3513 556 3523 .
