2970 4152
468 417 565 466 242
1164 411 1469 459 HELOlSSAE
1498 411 1896 461 PROBLEMATA

420 563 421 566 Ἴ
464 520 573 558 tuus
595 509 745 567 venit3
770 526 795 551 »
824 505 957 570 quod
975 514 1132 551 tamen
1151 504 1255 569 ipso
1280 504 1356 552 die
1384 504 1558 554 Pilatus
1573 507 1742 572 saepius
1763 507 1921 554 verbis
1942 489 2164 567 asseruit,
2193 516 2241 554 et
2257 507 2306 554 in
2324 508 2433 572 ipso
2448 508 2586 557 titulo

465 590 616 637 crucis
641 588 816 652 scripto
836 584 1151 633 confirmavit.
1174 587 1236 631 Ut
1260 586 1389 632 enim
1412 586 1684 639 Matthaeus}
1707 588 1923 635 meminit
1938 622 1950 646 ,
1976 586 2148 634 Judaeis
2174 587 2238 634 ait
2261 605 2271 634 :
2298 606 2323 632 «
2346 588 2494 636 Vultis
2516 589 2588 637 dt-

465 671 644 716 mittam
671 667 805 714 vobis
829 682 988 729 regem
1014 664 1287 712 Judaeorum
1306 665 1353 711 ²?
1376 684 1398 710 η
1429 676 1474 713 et
1498 652 1723 714 iterum&
1748 687 1771 712 α
1796 670 1970 731 Regem
1986 677 2199 715 vestrum
2220 667 2529 732 crucifigam?
2559 688 2584 712 »

466 751 557 806 Qui
581 749 723 795 etiam
742 763 891 811 quum
917 746 1133 811 superius
1158 745 1398 810 quaesisset
1425 763 1451 793 a
1476 748 1706 794 Domino⁴
1730 766 1739 793 :
1771 767 1794 792 «
1814 751 1880 794 Tu
1905 764 1955 795 es
1974 763 2056 795 rex
2074 746 2383 795 Judaeorum?
2404 766 2428 792 »
2448 758 2496 795 et
2509 748 2588 796 ille

463 828 812 894 respondisset:
847 829 928 874 «A
952 826 1203 891 temetipso
1234 826 1329 873 hoc
1358 827 1502 887 dicis,
1535 844 1595 874 an
1630 827 1708 874 alii
1742 827 1827 874 tibi
1854 827 2078 874 dixerunt
2104 827 2165 874 de
2197 827 2308 874 me?
2331 846 2354 871 »
2384 830 2588 877 Rursum

464 911 527 956 ait
547 909 721 956 Pilatus
755 927 765 955 :
794 927 817 953 «
838 907 1064 972 Nunquid
1090 924 1180 972 ego
1205 908 1392 955 Judaeus
1419 908 1559 955 sum?
1595 911 1722 956 Gens
1752 918 1833 955 tua
1857 918 1902 955 et
1930 907 2182 973 pontifices
2212 907 2508 956 tradiderunt
2539 919 2587 958 te

463 989 595 1036 mihi.
625 1009 648 1033 »
677 992 798 1037 Ecce
823 989 1010 1053 quoties
1046 998 1093 1035 et
1120 1005 1266 1051 quam
1293 989 1537 1036 manifeste
1570 989 1746 1035 Pilatus
1772 1006 1884 1036 eum
1911 1005 2071 1052 regem
2098 987 2379 1054 profiteatur
2400 989 2587 1037 Judaeo-

462 1087 567 1116 rum
586 1107 598 1129 ,
637 1080 684 1117 et
706 1071 863 1135 ipsum
887 1068 1122 1134 populum
1149 1068 1421 1115 Judaeorum
1453 1079 1643 1132 gentem
1673 1068 1774 1132 ejus
1807 1068 2014 1134 appellet
2037 1087 2047 1115 :
2077 1069 2155 1116 cui
2179 1086 2331 1133 quum
2351 1070 2591 1118 Dominus

462 1151 632 1198 dixerit
652 1169 662 1197 :
691 1170 715 1194 «
738 1153 774 1197 A
799 1150 1051 1214 temetipso
1069 1148 1162 1195 hoc
1191 1148 1330 1208 dicis,
1355 1160 1468 1210 etc.,
1496 1168 1519 1194 »
1547 1149 1640 1196 tale
1666 1158 1759 1209 est,
1785 1165 1841 1196 ac
1865 1149 1905 1197 si
1922 1149 2102 1197 diceret
2126 1168 2136 1195 :
2170 1150 2350 1207 Quaeris
2375 1149 2470 1197 hoc
2497 1167 2587 1215 pro

460 1242 507 1278 te
526 1232 630 1297 ipso
654 1241 707 1278 ut
731 1231 977 1277 veritatem
1000 1245 1283 1292 cognoscaS,
1315 1246 1375 1276 an
1403 1229 1517 1276 dolo
1550 1229 1851 1289 Judaeorum,
1878 1240 2106 1293 tanquam
2133 1246 2258 1277 unus
2283 1246 2340 1276 ex
2364 1230 2501 1294 ipsis,
2535 1240 2588 1277 ut

461 1327 539 1357 me
572 1309 889 1357 interficiendi
915 1309 1214 1357 occasionem
1243 1308 1356 1355 hinc
1384 1309 1575 1356 sumas?
1599 1309 1818 1373 Denique
1846 1319 1892 1356 et
1922 1309 2111 1357 titulum
2137 1309 2313 1357 Pilatus
2338 1309 2584 1370 scribens,

459 1391 553 1437 hoc
583 1390 717 1455 quod
747 1390 928 1437 dixerat
960 1388 1140 1448 verbis,
1177 1389 1353 1454 scripto
1379 1388 1680 1436 confirmavit
1705 1390 1850 1436 trium
1869 1390 2165 1454 linguarum,
2195 1400 2248 1437 ut
2268 1389 2329 1436 ab
2363 1390 2589 1439 omnibus

459 1471 837 1535 Hierosolymam
859 1469 1253 1517 convenientibus
1277 1469 1368 1532 legi
1395 1479 1580 1534 posset,
1617 1480 1665 1518 et
1689 1487 1828 1517 verus
1847 1470 2043 1534 intelligi
2062 1486 2146 1516 rex
2163 1469 2588 1518 Judaeorum..Erat

460 1552 638 1615 quippe
676 1551 906 1616 scriptum
936 1552 948 1574 ⁵
982 1568 991 1595 ε
1041 1569 1063 1593 «
1097 1552 1229 1596 Jesus
1255 1552 1552 1608 Nazarenus,
1586 1566 1669 1596 rex
1694 1549 1984 1597 Judaeorum.
2027 1568 2050 1594 »
2085 1549 2177 1596 Ubi
2204 1549 2401 1614 quidem
2436 1564 2589 1613 quum

459 1631 629 1693 adjecit
649 1649 658 1677 ε
693 1650 715 1675 «
740 1634 1006 1676 Nazarenus
1020 1624 1038 1688 ,'
1053 1648 1076 1671 »
1105 1628 1353 1692 diligenter
1374 1628 1505 1675 hunc
1527 1632 1687 1676 Jesum
1713 1628 1925 1675 distinxit
1947 1645 1976 1676 a
1991 1629 2192 1689 caeteris,
2219 1629 2369 1693 quiin
2389 1629 2590 1692 antiquo

458 1710 664 1774 populo,
695 1710 789 1756 hoc
814 1725 1006 1773 quoque
1034 1709 1231 1755 nomine
1248 1744 1260 1768 ,
1289 1724 1389 1754 non
1423 1719 1522 1754 tam
1550 1709 1745 1773 proprie
1775 1725 1922 1773 quam
1949 1709 2272 1774 nuncupative
2297 1709 2483 1756 fuerant
2513 1705 2612 1756 in-'

459 1790 614 1853 signiti
645 1807 654 1835 :
690 1799 854 1854 utpote
882 1792 1023 1835 Josue
1046 1823 1058 1846 ,
1090 1791 1222 1835 Jesus
1263 1787 1510 1847 sacerdos,
1552 1787 1627 1835 vel
1654 1791 1788 1835 Jesus
1824 1787 1949 1835 filius
1980 1788 2160 1836 Sirach.
2197 1791 2269 1835 De
2299 1787 2395 1836 hoc
2426 1798 2587 1837 autem

457 1869 642 1916 honore
666 1870 814 1929 tituli,
843 1868 1095 1934 pontifices
1119 1868 1393 1915 Judaeorum
1421 1868 1728 1914 vehementer
1752 1868 1983 1932 indignati
2008 1879 2238 1933 tanquam
2256 1868 2306 1915 in
2325 1867 2587 1915 damnatio-

458 1970 571 2000 nem
606 1970 741 2000 suam
773 1953 1028 2017 conscripti
1059 1952 1141 2016 qui
1159 1953 1172 1976 ⁶
1205 1968 1365 2015 regem
1399 1951 1650 2016 proprium
1687 1951 2058 2010 crucifixissent,
2105 1952 2329 2000 dixerunt
2363 1951 2541 2000 Pilato⁷
2569 1971 2581 1998 :

461 2054 482 2078 «
506 2034 612 2081 Noli
636 2034 842 2082 scribere
864 2049 1026 2097 regem
1049 2033 1346 2091 Judaeorum,
1374 2032 1458 2079 sed
1483 2033 1595 2095 quia
1618 2032 1718 2097 ipse
1738 2033 1884 2093 dixit,
1913 2050 1997 2080 rex
2020 2050 2128 2080 sum
2151 2033 2442 2081 Judaeorum.
2470 2051 2494 2077 »
2528 2036 2587 2080 At

457 2131 570 2161 vero
587 2115 815 2178 quoniam
832 2113 1171 2178 prophetatum
1185 2113 1335 2159 fuerat
1349 2115 1387 2159 ⁸:
1415 2115 1518 2158 «Ne
1534 2128 1814 2177 corrumpas
1832 2114 1987 2161 David
2005 2114 2056 2160 in
2074 2114 2196 2161 tituli
2210 2114 2538 2179 inscriptione,
2562 2134 2583 2158 »

458 2205 684 2259 tanquam
719 2195 815 2242 hoc
851 2193 913 2241 ad
949 2210 999 2240 se
1038 2193 1220 2239 dictum
1258 2192 1432 2239 Pilatus
1470 2192 1766 2254 intenderet,
1809 2193 2085 2259 respondit⁹
2119 2212 2129 2241 :
2162 2193 2350 2251 «Quod
2384 2194 2582 2258 scripsi,

457 2276 671 2340 scripsi.»
689 2278 936 2338 Tanquam
954 2274 994 2320 si
1011 2273 1188 2320 diceret
1206 2290 1217 2318 :
1242 2272 1387 2330 Quod
1403 2272 1709 2320 scribendum
1725 2274 1915 2338 providi
1931 2275 2033 2321 sine
2058 2273 2155 2321 ulla
2174 2274 2489 2338 correptionis
2510 2290 2584 2321 re-

458 2357 735 2402 tractatione
770 2354 982 2413 firmavi;
1009 2364 1239 2418 tanquam
1263 2353 1310 2400 in
1338 2353 1439 2416 ejus
1459 2364 1620 2401 mente
1644 2354 1739 2402 hoc
1768 2355 1998 2420 scriptum
2021 2355 2242 2419 primitus
2272 2364 2421 2413 esset,
2449 2354 2585 2418 quod

456 2435 668 2482 secundo
687 2435 851 2482 litteris
876 2433 1136 2482 exhiberet.
1163 2436 1273 2480 Haec
1292 2450 1405 2497 ergo
1425 2434 1681 2498 geminatio
1707 2433 1837 2481 verbi
1860 2452 1871 2481 :
1902 2454 1926 2479 «
1947 2434 2092 2492 Quod
2117 2434 2308 2498 scripsi,
2334 2434 2529 2498 scripsi,
2555 2453 2580 2478 »

455 2515 855 2577 perseverantiam
887 2513 964 2563 vel
994 2512 1521 2561 incommutabilitatem
1555 2512 1785 2577 significat
1818 2514 1952 2574 facti,
1992 2514 2112 2562 sicut
2145 2513 2263 2561 illud
2294 2532 2304 2559 :
2344 2532 2368 2558 «
2405 2516 2583 2562 Euntes

456 2593 600 2642 ibant.
636 2615 658 2639 »

1211 2711 1456 2742 PROBLEMA
1490 2710 1714 2742 HELOISSAE
1747 2711 1796 2741 lv
1803 2731 1812 2741 .

518 2818 777 2878 Quomodo
801 2828 924 2866 stare
948 2828 1106 2885 potest
1130 2818 1264 2882 quod
1288 2819 1524 2866 Dominus
1554 2818 1728 2866 Judaeis
1748 2819 1881 2883 signa
1903 2817 2221 2884 quaerentibus
2250 2817 2495 2884 respondit
2516 2818 2579 2867 de

455 2904 669 2965 tempore
692 2899 945 2964 sepulturae
969 2915 1063 2946 suae
1080 2901 1105 2923 ¹⁰
1126 2917 1137 2945 ι
1161 2918 1185 2944 «
1206 2899 1335 2946 Sicut
1360 2899 1445 2946 fuit
1470 2902 1613 2946 Jonas
1635 2900 1683 2946 in
1709 2909 1874 2947 ventre
1899 2900 1991 2946 ceti
2015 2898 2163 2946 tribus
2179 2898 2347 2946 diebus
2365 2909 2411 2947 et
2427 2897 2580 2947 tribus

456 2981 701 3041 noctibus,
731 2982 797 3028 sic
823 2982 910 3028 erit
934 2991 980 3028 et
1003 2980 1126 3028 filius
1150 2980 1360 3028 hominis
1385 2981 1433 3028 in
1460 2981 1606 3028 corde
1637 2991 1774 3029 terrae
1799 2981 1951 3033 tribus
1980 2980 2148 3029 diebus
2173 2991 2219 3029 et
2246 2980 2396 3028 tribus
2420 2981 2577 3031 nocti-

456 3059 575 3106 bus?
597 3080 619 3104 υ
648 3064 844 3108 Constat
865 3061 1043 3127 quippe
1068 3061 1330 3108 Dominum
1356 3070 1485 3109 sexta
1508 3061 1622 3108 feria
1647 3060 1707 3108 de
1733 3078 1874 3109 cruce
1898 3061 2171 3126 depositum
2193 3077 2293 3109 esse
2312 3059 2571 3125 sepultum,

457 3149 501 3185 et
534 3139 728 3187 sabbato
760 3141 993 3204 quievisse
1015 3142 1064 3188 in
1089 3141 1333 3207 sepulcro,
1363 3151 1410 3188 et
1433 3142 1653 3206 sequenti
1677 3152 1829 3189 noctae
1857 3141 2109 3189 dominicae
2139 3140 2234 3187 diei
2265 3140 2572 3187 resurrexisse

499 3323 510 3340 ¹
536 3322 589 3356 Sic
603 3320 685 3355 Cod.
702 3321 906 3356 Vict.-Male
924 3331 1030 3358 autem
1049 3325 1167 3369 legitur
1188 3326 1220 3359 in
1247 3326 1391 3363 editione
1405 3325 1487 3362 Am·
1532 3336 1607 3369 cap.
1626 3337 1703 3366 xix,
1720 3336 1753 3359 v.
1780 3326 1828 3360 19.
1841 3344 1884 3351 -
1900 3325 1913 3344 ⁸
1929 3325 1984 3363 Sic
1998 3324 2113 3362 C0d=-
2127 3325 2189 3367 Qui
2205 3323 2297 3361 dem!
2315 3323 2402 3359 Edit·
2419 3323 2515 3359 Amb·
2527 3341 2568 3349 ·-·

454 3378 628 3412 boesiana:
646 3378 689 3410 Et
705 3381 737 3411 in
752 3381 819 3420 ipso
834 3381 924 3413 titulo
938 3384 1042 3414 crucis
1056 3385 1175 3423 scripto
1191 3385 1350 3422 meminit,
1363 3383 1492 3418 Judaeisi
1533 3381 1546 3400 ‘¹
1562 3383 1677 3424 .Ῐοειιι.,7
1687 3392 1762 3427 cap.
1779 3394 1856 3423 xix,
1872 3393 1902 3415 v.
1919 3383 2028 3415 21.--
2039 3380 2052 3398 ⁸
2067 3380 2190 3417 psalm.
2201 3390 2272 3425 un„
2286 3390 2319 3416 v·
2335 3382 2418 3413 1--·
2428 3378 2441 3396 ⁹
2455 3378 2565 3419 10²⁰„

455 3438 513 3468 ait.
529 3450 572 3461 -—-
585 3433 598 3451 ²
612 3434 722 3474 Joam,
745 3444 817 3477 cap.
842 3446 919 3468 xviu
931 3460 940 3475 ,
961 3447 994 3469 v.
1012 3438 1068 3470 39.
1081 3453 1125 3461 -
1139 3438 1152 3455 ³
1166 3438 1276 3481 Joan„
1305 3449 1379 3483 cap.
1407 3450 1465 3474 xix
1478 3464 1487 3481 ,
1531 3448 1603 3483 cap.
1618 3449 1696 3481 xix,
1711 3448 1743 3472 v.
1762 3439 1818 3472 22.
1838 3457 1874 3464 —
1891 3437 1921 3456 ¹⁰
1940 3437 2071 3479 Manli„
2086 3447 2162 3482 cap.
2177 3448 2242 3477 ιιι.
2260 3447 2292 3472 v,-
2310 3436 2365 3471 40.

453 3502 484 3525 v.
517 3492 567 3524 15.
584 3508 625 3515 —
639 3488 654 3507 ⁴
669 3490 779 3531 Joan.‚
798 3500 872 3533 cap.
904 3502 1000 3534 xviii,
1028 3503 1061 3526 v.
1089 3495 1131 3526 23
1158 3501 1191 3528 et
1218 3505 1268 3538 sq.
1288 3513 1329 3520 —
1345 3495 1358 3513 ³
1378 3495 1486 3536 Joam,
